2080 2990
779 218 994 251 Gratiarum
1020 217 1118 251 aetio
1143 221 1231 259 post
1256 215 1422 249 Missam.

306 317 476 352 Laudate
512 327 598 352 eum
629 317 667 351 in
697 317 884 361 cymbalis
912 317 1072 352 beneso-

257 368 452 402 nantibus:
475 367 628 402 laudate
653 378 738 402 eum
758 367 797 401 in
815 367 1002 412 cymbalis
1019 367 1071 410 ju-

257 417 468 452 bilationis:
481 417 501 441 *
515 417 638 452 omnis
653 417 809 461 spiritus
821 417 952 452 laudet
961 417 1070 451 Dfim.

309 467 440 503 Gloria
462 466 577 501 Patri.

310 528 394 560 Ant.
420 525 549 559 Trium
571 526 775 569 puerorum
795 526 987 560 cantemus
1004 525 1071 568 hy-

256 586 398 610 mnum:
427 585 540 619 quem
569 576 774 611 cantabant
796 575 926 611 Sancti
949 574 988 608 in
1012 584 1071 608 ca·

257 627 357 661 mino
382 625 493 673 ignis,
516 625 784 660 benedicentes
807 625 1020 660 Dominum.

310 684 428 729 Kyrie
452 683 607 718 eleison.
639 683 789 718 Christe
810 683 964 717 eleison.
995 682 1071 727 Ky-

257 735 310 769 rie
336 734 490 769 eleison.
529 733 637 768 Pater
658 737 796 767 noster.

312 781 353 826 Y‘.
369 784 415 819 Et
432 795 479 818 nc
495 794 567 818 nos
584 783 742 818 inducas
760 783 799 816 in
815 782 1070 817 tentationem.

260 837 300 879 R».
327 835 402 870 Sed
425 834 544 869 libera
566 844 638 868 nos
662 844 683 867 a
707 833 818 868 malo.

310 881 353 926 Y'.
372 884 630 919 Confiteantur
640 883 710 918 tibi
720 882 803 917 Dfie
817 883 943 917 omnia
954 883 1071 926 <Spera

256 940 331 970 tua.
362 939 403 981 R·⁷
430 933 477 968 Et
493 932 615 968 sancti
634 932 689 967 tui
705 932 932 967 benedicant
947 932 1027 967 tibi.

312 982 353 1026 Y'.
397 984 652 1019 Exsultabunt
694 983 817 1017 sancti
859 983 897 1017 in
939 983 1070 1027 gleria.

260 1035 300 1077 Ix‘g.
322 1033 569 1068 Laetabuntur
590 1033 629 1066 in
652 1033 841 1067 cubilibus
864 1034 955 1068 suis.

310 1080 351 1125 Y'.
379 1083 466 1118 Non
494 1083 607 1118 nobis
634 1082 811 1127 Demine,
842 1093 919 1118 non
947 1083 1070 1118 nobis.

260 1135 299 1168 R
324 1133 399 1168 Sed
423 1133 566 1168 nemini
589 1137 655 1168 tuo
679 1133 728 1167 da
752 1133 921 1177 gloriam.

310 1181 352 1227 Y
376 1183 536 1218 Demine
555 1182 694 1217 exaudi
711 1183 922 1217 orationem
937 1193 1070 1218 meam.

262 1235 301 1268 lx
318 1234 366 1269 Et
386 1234 530 1269 clamor
549 1244 655 1268 meus
673 1234 723 1268 ad
738 1238 774 1268 te
791 1234 928 1268 veniat.

310 1279 341 1324 Y
347 1312 351 1316 .
377 1284 563 1318 Dominus
583 1284 793 1318 vobiscum.

310 1333 351 1375 R.
371 1334 418 1368 Et
434 1344 519 1368 cum
536 1333 672 1377 spiritu
687 1338 763 1368 tuo.

582 1391 747 1426 Oremus.

260 1444 390 1518 Deus,
409 1442 474 1486 qui
490 1442 611 1477 tribus
627 1443 757 1486 pueris
770 1442 954 1486 mitigasti
966 1443 1070 1477 flam-

340 1503 421 1527 mas
439 1493 595 1536 ignium:
618 1493 784 1528 concede
801 1493 1005 1537 propitius;
1030 1498 1070 1527 ut

254 1552 325 1576 nos
354 1542 516 1577 famulos
544 1547 631 1577 tuos
658 1552 736 1577 non
762 1544 897 1577 exurat
919 1542 1071 1576 flamma

255 1592 443 1627 vitiorum.

259 1648 450 1730 Actienes
470 1654 633 1692 nostras,
658 1650 877 1693 quaesumus
898 1648 1069 1690 Demine‚

340 1699 547 1742 aspirando
570 1699 756 1742 praeveni,
790 1704 827 1734 ct
850 1698 1069 1742 adjuvando

254 1749 500 1792 prosequere;
523 1752 565 1783 ut
589 1753 723 1784 cuncta
744 1754 875 1784 nostra
893 1749 1016 1784 oratio
1034 1753 1071 1783 et

255 1798 427 1841 operatio
452 1809 473 1833 a
497 1803 533 1834 te
558 1809 709 1843 semper
732 1799 908 1843 incipiat,
941 1803 978 1834 et
1001 1809 1071 1843 per

253 1851 289 1882 te
313 1852 439 1892 coepta
462 1849 622 1884 finiatur.

262 1909 333 1983 Da
355 1905 483 1948 nobis,
512 1906 731 1949 quaesumus
754 1906 932 1949 Demine,
960 1905 1070 1940 vitie-

336 1965 419 1989 rum
434 1957 650 1990 nostrorum
668 1957 802 1991 flamas
819 1956 1069 1999 exstinguere,

255 2004 320 2048 qui
347 2005 459 2040 beato
484 2005 688 2041 Laurentio
717 2006 885 2041 tribuisti
907 2010 1070 2041 tormen-

254 2055 377 2088 terum
394 2056 548 2090 suorum
569 2056 745 2091 incendia
769 2057 959 2100 superare.
997 2056 1071 2091 Per

255 2104 448 2140 Christum
460 2106 665 2141 Deminum
680 2110 862 2142 nostrum.
886 2105 926 2148 R„
936 2106 1069 2141 Amen.

309 2163 454 2188 <dccx-m.-
473 2172 507 2195 ιιι]
514 2163 569 2196 ipe·
566 2167 638 2188 muti
642 2168 693 2188 ιιῑι
687 2164 744 2189 'ced
748 2169 806 2189 nte.
802 2165 851 2189 (¹
853 2163 915 2189 ιιιιίι.
911 2171 977 2191 um.
1000 2164 1044 2188 PS
1038 2163 1072 2188 ‘'i-l

259 2211 345 2227 mum.
373 2203 432 2227 Λιιι.
456 2203 492 2227 Υι-
511 2203 555 2228 ·ic.
576 2209 600 2229 ct
625 2205 770 2230 Orationes
791 2212 818 2230 re
821 2205 884 2230 citat
909 2214 921 2229 s
924 2213 984 2238 c.qu
1005 2205 1073 2230 duas

258 2243 414 2271 (ιιιίιιίιιιυς,
436 2251 514 2308 quari
571 2244 639 2269 uerit
674 2244 698 2269 S.
716 2245 764 2270 Th
760 2253 829 2271 omn:
848 2247 977 2301 Λιιιιιιιω
980 2250 1017 2276 5,(
1037 2246 1073 2271 al

259 2290 313 2309 ιιτιι
339 2284 364 2308 S.
391 2283 465 2309 nom
506 2290 589 2309 ιιιιιιιι
601 2305 605 2314 ,
631 2252 672 2310 ΙιΊιι
676 2291 751 2311 ratur
775 2286 801 2311 ln
806 2287 834 2311 dl
835 2287 884 2317 ilus,
889 2287 971 2312 ιιιῐιιιι
994 2296 1058 2311 unm

257 2325 331 2351 αιυιί.
351 2324 420 2350 «Leo
437 2324 511 2350 XIII.
529 2328 567 2351 ΖΜ
586 2326 638 2351 Des.
642 2328 694 2351 .·l'
696 2328 748 2352 *al

336 2427 478 2468 Oratio
501 2427 542 2467 S.
566 2427 728 2467 Thomae
751 2427 987 2478 Aquinatis.

261 2487 424 2562 Gratias
447 2493 518 2527 tibi
539 2502 627 2536 ago,
650 2492 812 2527 Demine
833 2498 977 2537 sancte,
1000 2494 1070 2529 Pa-

339 2545 397 2576 ter
420 2542 674 2586 omnipotens,
699 2543 837 2577 aeterne
860 2542 980 2586 Deus,
1004 2544 1070 2588 qui

255 2601 313 2625 me
337 2592 575 2635 peccaterem
598 2591 796 2636 indignum
816 2591 997 2627 famulum
1014 2598 1070 2628 tu-

254 2650 333 2683 um,
362 2640 477 2675 nullis
500 2641 595 2675 meis
618 2642 778 2684 meritis,
810 2642 879 2676 sed
908 2643 991 2677 sola
1015 2643 1070 2677 di-

255 2692 432 2734 gnatiene
454 2692 727 2727 misericordiae
743 2697 834 2735 tuae,
858 2693 997 2728 satiare
1016 2694 1070 2728 di-

254 2744 391 2785 gnatus
415 2751 455 2777 es
479 2742 648 2786 pretioso
673 2744 831 2787 cerporc
860 2748 896 2778 et
919 2744 1070 2788 sangui-

1122 326 1170 350 ne
1185 314 1274 350 Filii
1289 314 1345 349 tui
1359 313 1516 349 Domini
1532 312 1656 348 nostri
1671 312 1696 347 J
1697 322 1766 348 esu
1781 312 1941 348 Christi:

1124 370 1160 400 et
1174 375 1312 409 precor
1326 368 1368 399 ut
1385 364 1470 398 haec
1486 367 1619 398 sancta
1635 363 1851 398 communio
1864 372 1942 397 non

1123 414 1173 449 sit
1194 414 1290 448 mihi
1312 415 1440 448 reatus
1465 413 1515 448 ad
1534 422 1704 457 poenam,
1737 412 1807 448 sed
1828 412 1942 447 inter·

1123 463 1248 499 cessio
1280 463 1460 498 salutatis
1493 462 1543 497 ad
1567 461 1734 497 veniam:
1769 461 1820 497 sit
1845 461 1942 496 mihi

1124 514 1315 548 armatura
1331 513 1439 556 fidei,
1463 516 1499 547 et
1515 515 1664 546 scutum
1678 511 1793 547 bonae
1808 512 1942 547 volun—

1123 563 1229 598 tatis:
1259 563 1309 598 sit
1332 563 1513 598 vitierum
1536 562 1706 596 meorum
1729 561 1942 606 evacuatio,

1124 613 1446 658 concupiscentiae
1470 617 1507 647 et
1529 611 1702 646 libidinis
1719 611 1943 647 extermina-

1123 664 1193 707 tio,
1222 662 1391 698 caritatis
1416 666 1453 697 et
1474 661 1685 706 patientiae,
1716 661 1942 697 humilitatis

1124 719 1160 750 et
1194 713 1441 757 obedientiae,
1479 712 1723 757 omniumque
1760 713 1944 749 virtutum

1124 763 1397 809 augmentatio,
1428 767 1561 797 contra
1584 762 1746 797 insidias
1772 757 1943 798 inimice-

1123 826 1208 851 rum
1229 815 1398 850 omnium
1419 818 1497 848 tam
1516 813 1728 848 visibilium
1752 823 1867 857 quam
1889 813 1944 848 in-

1122 865 1334 902 visibilium
1350 865 1457 899 firma
1475 863 1662 907 defensio,
1682 864 1852 898 metuum
1866 873 1942 898 me-

1123 918 1232 951 orum
1265 919 1344 950 tarn
1377 914 1587 949 camanum
1621 923 1736 957 quam
1767 913 1944 957 spiritua-

1123 967 1217 1001 lium
1240 965 1409 1009 perfecta
1432 963 1638 1008 quietatiO,
1672 962 1711 997 in
1738 967 1775 998 te
1798 973 1875 998 uno
1899 973 1945 998 ac

1123 1026 1216 1052 vero
1245 1016 1328 1050 Deo
1357 1015 1465 1049 firma
1492 1012 1683 1055 adhaesio,
1713 1017 1827 1057 atque
1855 1013 1943 1048 finis

1123 1066 1198 1101 mei
1221 1066 1315 1100 felix
1338 1063 1626 1100 consummatio.
1671 1063 1719 1098 Et
1747 1073 1885 1107 precor
1906 1068 1943 1099 te

1123 1121 1164 1153 ut
1196 1116 1246 1151 ad
1277 1115 1375 1150 illud
1406 1114 1598 1149 ineffabile
1633 1114 1853 1149 convivium
1883 1125 1943 1149 me

1122 1167 1364 1213 peccatorem
1380 1165 1590 1210 perducere
1608 1164 1793 1209 digneris,
1816 1164 1883 1200 ubi
1902 1169 1944 1200 tu

1123 1229 1208 1253 cum
1224 1217 1322 1252 Filio
1345 1221 1412 1251 tuo
1436 1219 1473 1250 et
1488 1214 1632 1259 Spiritu
1648 1219 1782 1250 sancto
1799 1214 1943 1250 sanctis

1122 1268 1198 1303 tuis
1220 1277 1260 1302 es
1281 1267 1349 1301 lux
1365 1276 1467 1308 vera,
1489 1265 1644 1300 satietas
1665 1264 1790 1308 plena,
1810 1263 1943 1308 gaudi-

1122 1328 1187 1353 um
1210 1316 1499 1361 sempiternum,
1529 1314 1745 1358 jucunditas
1769 1324 1943 1349 consum-

1121 1370 1233 1411 mata,
1251 1372 1287 1403 et
1303 1367 1465 1402 felicitas
1481 1365 1660 1410 perfecta.
1682 1364 1757 1400 Per
1769 1365 1943 1400 eumdem

1123 1419 1318 1454 Christum
1338 1416 1545 1452 Dominum
1566 1419 1749 1450 nostrum.
1787 1415 1920 1450 Amen.

1255 1517 1398 1557 Oratio
1425 1515 1467 1556 S.
1494 1515 1811 1556 Bonaventurae.

1128 1585 1364 1660 Transfige,
1398 1586 1618 1621 dulcissime
1645 1584 1809 1620 Demine
1837 1583 1942 1628 Jesu,

1197 1638 1403 1681 medullas,
1437 1642 1474 1672 et
1502 1637 1652 1672 viscera
1681 1635 1820 1671 animae
1845 1645 1943 1670 meae

1123 1688 1355 1723 suavissimo
1379 1698 1424 1723 ac
1447 1686 1699 1722 saluberrimo
1724 1685 1865 1721 amoris
1886 1685 1943 1720 tui

1122 1739 1290 1782 vulnere,
1313 1749 1416 1781 vera,
1441 1739 1652 1781 serenaque
1673 1740 1710 1771 et
1726 1735 1943 1780 apost61ica

1123 1789 1365 1824 sanctissima
1397 1788 1570 1831 caritate,
1601 1790 1644 1822 ut
1673 1786 1870 1830 langueat,
1905 1789 1943 1821 et

1122 1839 1296 1883 liquefiat
1319 1839 1446 1874 anima
1468 1848 1554 1873 mea
1573 1838 1658 1873 solo
1674 1846 1826 1881 semper
1840 1836 1943 1872 amd-

1122 1900 1162 1924 re
1187 1894 1224 1925 et
1246 1888 1438 1924 desiderio
1461 1887 1533 1931 tui,
1561 1891 1598 1922 te
1620 1885 1881 1930 concupiscat,
1905 1889 1943 1920 et

1123 1940 1277 1975 deficiat
1306 1939 1346 1974 in
1376 1938 1472 1973 atria
1498 1942 1582 1979 tua,
1614 1937 1744 1981 cupiat
1766 1935 1941 1979 dissolvi,

1123 1996 1159 2027 et
1188 2001 1273 2027 esse
1297 1995 1431 2026 tecum.
1479 1988 1539 2024 Da
1568 1992 1610 2023 ut
1638 1987 1764 2023 anima
1790 1997 1876 2022 mea
1903 1990 1940 2022 te

1123 2042 1280 2085 esuriat,
1315 2051 1454 2086 panem
1483 2039 1734 2084 Angelorum,
1769 2037 1942 2073 refectio-

1121 2102 1208 2127 nem
1232 2091 1444 2126 animarum
1467 2091 1694 2132 sanctarum,
1716 2097 1857 2132 panem
1874 2097 1941 2122 no-

1122 2147 1242 2177 strum
1273 2141 1558 2186 quotidianum,
1594 2137 1940 2183 supersubstantia-

1121 2193 1206 2236 lem,
1229 2192 1433 2228 habentem
1455 2200 1606 2226 omnem
1629 2188 1880 2231 dulcedinem,
1904 2191 1941 2222 et

1122 2243 1313 2286 saperem,
1337 2246 1375 2277 et
1396 2251 1507 2277 omne
1524 2240 1840 2276 delectamentum
1855 2248 1941 2273 sua-

1064 2298 1073 2309 ““
1121 2293 1268 2328 vitatis:
1291 2297 1345 2337 te,
1369 2292 1411 2327 in
1431 2302 1544 2336 quem
1564 2289 1784 2326 desiderant
1799 2288 1941 2333 Angeli

1121 2343 1357 2387 prospicere,
1395 2351 1547 2386 semper
1580 2340 1738 2384 esuriat,
1775 2343 1812 2375 et
1842 2340 1941 2374 com-

1122 2393 1211 2428 edat
1238 2403 1305 2428 cor
1332 2403 1473 2435 meum,
1503 2394 1540 2426 et
1562 2390 1764 2425 dulcedine
1788 2388 1939 2433 saporis

1121 2444 1177 2478 tui
1196 2443 1416 2487 repleantur
1435 2442 1584 2477 viscera
1608 2440 1746 2475 animae
1768 2449 1880 2474 meae:
1903 2442 1940 2474 te

1122 2504 1274 2537 semper
1297 2493 1401 2528 sitiat
1422 2491 1566 2526 fontem
1590 2491 1693 2533 vitae,
1716 2490 1860 2525 fontem
1882 2498 1940 2523 sa-

1122 2544 1277 2588 pientiae
1301 2547 1337 2578 et
1361 2541 1542 2584 scientiae,
1566 2541 1710 2576 fontem
1733 2539 1864 2574 aeterni
1885 2539 1940 2573 lu-

1122 2594 1246 2636 minis,
1270 2593 1476 2628 torrentem
1490 2591 1713 2635 voluptatis,
1729 2590 1940 2625 ubertatem

1123 2644 1259 2679 domus
1276 2643 1362 2678 Dei:
1382 2647 1419 2678 te
1436 2652 1587 2686 semper
1606 2641 1763 2684 embiat,
1785 2644 1822 2675 te
1838 2649 1940 2684 quae-

1122 2699 1190 2737 rat,
1206 2698 1243 2728 te
1261 2692 1441 2735 inveniat,
1458 2692 1508 2727 ad
1523 2696 1559 2726 te
1574 2691 1716 2733 tendat,
1738 2689 1789 2725 ad
1803 2694 1840 2725 te
1856 2699 1940 2733 per-

1122 2744 1265 2787 veniat,
1295 2747 1332 2778 te
1363 2742 1578 2786 meditetur,
1608 2745 1645 2776 te
1675 2741 1868 2785 loquatur,
1904 2743 1941 2775 et
