2080 2990
259 218 331 253 Die
355 219 402 252 14.
421 218 530 253 Febr.
556 219 590 253 S.
608 219 805 253 Valentini
823 220 953 255 I'rcsb.
971 220 1017 254 M.
1037 226 1073 255 ct
1092 221 1140 254 15.
1158 221 1214 255 Ss.
1233 222 1408 256 Faustini
1427 228 1462 257 ct
1479 223 1622 257 ‹lox-itte
1639 224 1722 257 Min

1793 224 1861 259 487

450 315 601 356 Lectio
621 315 673 355 vi.

151 370 386 479 Cumque
411 378 481 420 die
507 379 646 420 altero
670 378 826 420 eadem
851 391 977 420 vene-

246 434 398 477 rabilis
426 435 586 476 femina
614 435 670 477 ad
699 435 854 477 cellam
880 437 978 487 pre-

147 493 287 545 priam
311 495 580 542 recessisset,
610 492 676 533 vir
702 492 786 533 Dei
810 491 867 533 ad
888 504 978 533 mo-

147 549 384 591 nasterium
414 547 553 591 rediit.
607 548 716 590 Cum
745 560 849 590 ecce
876 553 980 600 post

147 605 339 647 triduum
363 606 407 646 in
432 605 542 647 cella
561 607 817 653 consistens,
838 604 977 646 eleva-

146 662 202 704 tis
238 662 283 703 in
320 665 422 704 aera
458 661 611 711 oculis,
643 661 753 702 vidit
785 659 979 712 ejusdem

148 719 312 760 sororis
349 731 441 760 suae
479 718 669 759 animam
703 716 759 759 de
791 719 978 769 cerpore

148 777 370 826 egressam
397 775 440 815 in
465 774 682 816 columbae
706 774 854 826 specie
879 774 979 815 coeli

147 834 318 874 secreta
338 833 580 885 penetrare.
614 831 708 881 Qui,
733 835 866 872 tantae
888 831 978 882 ejus

147 887 300 939 gleriae
341 886 641 938 congaudens,
687 887 979 939 omnipotenti

147 944 245 986 Deo
268 945 314 985 in
333 943 506 996 hymnis
531 948 575 985 et
593 943 797 985 laudibus
815 943 978 994 gratias

148 1000 351 1051 reddidit,
375 1002 556 1052 ejusque
581 999 748 1042 ebitum
773 999 978 1042 fratribus

149 1057 432 1100 denuntiavit.
469 1057 591 1107 Quos
620 1056 751 1098 etiam
778 1057 978 1109 pretinus

148 1113 276 1163 misit,
295 1118 344 1155 ut
372 1114 463 1166 ejus
491 1125 653 1165 corpus
680 1112 736 1154 ad
761 1115 977 1154 monaste·

147 1170 258 1211 rium
278 1169 508 1219 deferrent,
525 1175 658 1222 atque
673 1170 716 1210 in
731 1169 978 1221 sepulchro,

147 1226 268 1279 quod
288 1226 372 1269 sibi
389 1226 475 1279 ipsi
490 1228 732 1279 paraverat,
753 1228 978 1278 ponerent.

147 1283 246 1333 Quo
289 1283 406 1325 facto
454 1282 654 1333 centigit,
699 1286 747 1323 ut
794 1295 979 1334 quorum

145 1352 268 1381 mens
297 1352 383 1380 una
411 1351 586 1391 semper
620 1339 665 1379 in
692 1339 789 1380 Deo
826 1338 978 1387 fuerat,

147 1397 301 1437 eorum
320 1408 497 1448 quoque
522 1397 712 1448 cerpora
730 1407 811 1436 nec
836 1395 978 1447 sepul-

146 1455 244 1494 tura
264 1454 503 1504 separaret.

202 1508 254 1558 R.
280 1508 531 1550 Afferentur
550 1507 672 1559 Regi.
700 1506 777 1559 [91]

203 1572 248 1607 In
270 1572 336 1607 III.
360 1571 559 1606 Nocturno
582 1570 754 1605 Homilia
776 1570 814 1604 in
831 1571 976 1614 Evang.

150 1620 282 1656 Simile
315 1621 387 1656 erit
417 1630 578 1665 regnum
610 1620 804 1655 coelerum.
836 1618 883 1653 de
917 1629 978 1653 eo-

151 1668 238 1703 dem
267 1667 411 1702 Comm.
438 1667 465 1700 1.
487 1666 585 1701 loco.
608 1667 680 1711 [93]

341 1756 426 1798 Die
454 1758 513 1797 14.
543 1755 781 1797 Februarii.

161 1816 204 1857 S.
225 1815 484 1857 Valentini
504 1816 754 1868 Presbyteri
776 1820 819 1857 et
838 1815 962 1856 Mart.

204 1882 303 1922 Ant.
344 1883 432 1924 Iste
461 1886 638 1922 sanctus
663 1892 746 1932 pro
772 1880 870 1931 lege
895 1880 979 1921 Dei

148 1938 215 1979 sui
233 1938 418 1980 certavit
436 1949 577 1989 usque
596 1937 653 1978 ad
672 1941 870 1986 mortem,
891 1941 934 1977 et
954 1949 979 1976 a

148 1993 294 2035 verbis
321 1994 555 2047 impiorum
582 2006 671 2034 non
698 1992 857 2035 timuit:
888 1992 978 2032 fun-

148 2048 277 2092 datus
297 2051 411 2092 enim
437 2054 531 2092 erat
555 2062 687 2101 supra
712 2048 883 2090 firmam
904 2061 977 2101 pe-

147 2110 270 2148 tram.

204 2158 256 2210 V.
289 2163 442 2204 Gloria
478 2167 522 2204 et
554 2162 723 2203 honere
757 2160 979 2202 coronasti

149 2231 249 2260 eum
284 2219 485 2261 Demine.
541 2221 591 2274 R.
616 2218 673 2260 Et
715 2217 979 2259 constituisti

149 2288 249 2317 eum
263 2289 397 2329 super
416 2277 553 2328 opera
567 2277 774 2316 manuum
794 2275 979 2315 tuarum.

488 2346 653 2387 Oratio.

236 2411 381 2456 raesta,
416 2407 667 2458 quaesumus
700 2405 979 2456 omnipotens

261 2462 395 2504 Deus:
428 2466 476 2503 ut
511 2461 583 2513 qui
611 2460 729 2502 beati
757 2459 977 2501 Valentini

151 2518 357 2570 Martyris
390 2518 454 2561 tui
490 2517 686 2559 natalitia
722 2516 919 2564 colimus,
954 2528 978 2556 a

152 2575 319 2616 cunctis
351 2574 478 2616 malis
514 2572 854 2622 imminentibus,
889 2572 979 2622 ejus

150 2631 464 2673 intercessione
482 2629 726 2672 liberemur.
755 2629 839 2670 Per
854 2629 979 2669 Dfim.

207 2682 359 2726 Lectio
379 2684 434 2725 iii.
462 2685 754 2738 'stiumphalis
775 2685 903 2727 beati.
926 2684 980 2725 de

156 2738 396 2781 Communi.
417 2745 500 2797 [26]

1084 320 1135 360 ln
1154 319 1389 361 Laudibus.
1423 322 1521 363 Ant.
1555 319 1637 371 Qui
1657 317 1751 360 odit
1772 321 1858 360 ani-

1029 386 1147 414 mam
1165 386 1289 414 suam
1308 373 1352 414 in
1371 373 1454 415 hoc
1474 374 1648 425 mundo,
1664 375 1706 416 in
1727 376 1861 418 vitam

1032 431 1241 472 aeternam
1260 429 1454 472 custodit
1473 444 1580 472 eam.

1084 483 1134 535 V.
1184 486 1335 528 Justus
1387 491 1435 528 ut
1479 488 1627 539 palma
1675 489 1860 531 florebit.

1034 545 1113 641 Βῆ)
1126 543 1247 585 Sicut
1281 543 1441 585 cedrus
1473 544 1627 586 Libani
1654 545 1860 598 multipli-

1032 602 1083 641 ca
1115 600 1211 641 itur.

1238 686 1320 728 Die
1341 688 1399 727 15.
1419 686 1654 728 Februarii.

1031 746 1100 787 Ss.
1115 746 1346 788 Faustim‘
1362 755 1404 789 ct
1414 747 1445 788 J
1448 746 1599 788 ovitae
1610 749 1859 800 Martyrum.

1087 814 1185 855 Ant.
1218 814 1407 854 Istorum
1441 817 1508 854 est
1537 813 1651 854 enim
1679 826 1859 864 regnum

1032 868 1261 919 coelerum,
1300 869 1374 922 qui
1409 871 1768 922 contempserunt
1802 871 1860 911 vi-

1030 930 1122 966 tam
1136 925 1297 976 mundi,
1314 930 1357 968 et
1372 927 1665 979 pervenerunt
1681 926 1737 968 ad
1751 929 1860 979 prae-

1031 983 1117 1024 mia
1141 982 1277 1035 regni,
1304 987 1348 1024 et
1373 983 1573 1025 laverunt
1598 983 1734 1025 stolas
1760 997 1860 1025 suas

1030 1039 1074 1080 in
1093 1039 1303 1090 sanguine
1323 1039 1448 1090 Agni.

1087 1092 1136 1143 V.
1165 1096 1396 1137 Laetamini
1423 1096 1467 1136 in
1493 1095 1695 1145 Demino,
1721 1101 1765 1137 et
1790 1110 1859 1138 ex-

1032 1152 1191 1194 sultate
1219 1152 1331 1204 justi.
1383 1154 1432 1205 R.
1459 1152 1516 1193 Et
1543 1152 1787 1203 gloriamini
1816 1167 1859 1195 o-

1031 1221 1154 1250 mnes
1172 1209 1281 1250 recti
1300 1208 1446 1250 corde.

1370 1269 1533 1310 Oratio.

1124 1337 1212 1374 eus,
1240 1325 1313 1377 qui
1338 1338 1419 1366 nos
1443 1327 1585 1366 annua
1610 1328 1861 1367 sanctarum

1146 1381 1389 1433 Martyrum
1407 1384 1584 1423 tuorum
1603 1383 1798 1424 Faustini
1819 1387 1862 1425 et

1031 1438 1056 1477 J
1059 1440 1190 1479 ovitae
1216 1438 1494 1480 solemnitate
1519 1439 1732 1481 laetificas:
1761 1453 1860 1481 con-

1033 1494 1141 1535 cede
1159 1495 1392 1547 propitius3
1419 1500 1476 1544 ut,
1497 1508 1683 1546 quorum
1702 1496 1860 1547 gaude-

1031 1563 1127 1591 mus
1142 1551 1319 1601 meritis,
1335 1551 1626 1593 accendamur
1640 1553 1861 1604 exemplis.

1032 1607 1115 1648 Per
1134 1607 1382 1649 Deminum.

1086 1666 1135 1716 Ra
1156 1666 1194 1705 ii.
1224 1666 1332 1706 Haec
1351 1670 1419 1707 est
1438 1677 1553 1706 vera.
1582 1664 1665 1716 [43]

1332 1725 1483 1765 Lectio
1505 1724 1560 1763 iii.

1039 1788 1098 1855 1ῐῇ
1119 1783 1313 1822 austinus
1333 1786 1377 1823 et
1391 1782 1415 1821 J
1418 1783 1537 1823 ovita
1554 1781 1721 1829 fratres,
1742 1780 1861 1821 nebi-

1044 1838 1107 1885 (εἴ
1143 1837 1207 1879 les
1236 1838 1446 1886 Brixiani,
1476 1838 1519 1878 in
1546 1837 1694 1878 multis
1722 1837 1861 1878 Italiae

1032 1893 1224 1943 urbibus,
1254 1906 1342 1945 quo
1369 1894 1502 1935 vincti
1528 1893 1738 1934 saeviente
1757 1893 1860 1934 Tra—

1032 1949 1117 2001 jani
1130 1950 1438 2002 persecutione
1453 1949 1736 1999 ducebantur,
1753 1962 1862 1990 acer-

1032 2005 1212 2047 bissima
1239 2005 1455 2058 supplicia
1482 2006 1696 2059 perpessi,
1725 2005 1860 2047 fortes
1906 2017 1911 2029 ⁸

1031 2062 1075 2102 in
1090 2061 1339 2103 christianae
1354 2061 1459 2104 fidei
1475 2062 1752 2104 confessione
1766 2074 1860 2114 per-

1033 2118 1245 2161 stiterunt.
1272 2118 1387 2160 Nam
1406 2119 1570 2160 Brixiae
1585 2118 1659 2160 diu
1678 2118 1861 2159 vinculis

1033 2176 1274 2224 constricti,
1309 2175 1411 2216 feris
1443 2175 1574 2217 etiam
1609 2174 1783 2226 objecti,
1818 2174 1861 2214 in

1033 2231 1265 2283 ignemque
1286 2232 1481 2283 conjecti,
1501 2236 1545 2273 et
1563 2244 1589 2272 a
1607 2231 1759 2272 bestiis
1775 2236 1818 2272 et
1837 2243 1862 2271 a

1033 2288 1208 2329 flamma
1239 2288 1396 2340 integri
1428 2294 1471 2330 et
1506 2287 1747 2329 incelumes
1775 2300 1861 2328 ser-

1034 2345 1123 2386 vati
1149 2350 1264 2394 sunt3
1291 2344 1392 2386 inde
1421 2357 1526 2386 vero
1553 2343 1720 2385 eisdem
1748 2345 1859 2384 cate-

1033 2401 1099 2441 nis
1115 2401 1309 2452 colligati
1323 2399 1622 2442 Mediolanum
1637 2401 1861 2441 venerunt:

1033 2458 1108 2499 ubi
1128 2460 1279 2499 cerum
1297 2457 1409 2499 fides
1429 2459 1596 2499 tentata
1616 2456 1860 2508 exquisitis-

1034 2514 1154 2555 simis
1172 2513 1413 2563 tormentiS,
1432 2518 1656 2565 tamquam
1674 2512 1771 2563 igne
1790 2524 1860 2552 au-

1033 2583 1139 2620 rum,
1166 2570 1209 2610 in
1239 2569 1503 2611 cruciatibus
1530 2568 1668 2619 magis
1697 2567 1860 2610 enituit.

1032 2627 1193 2668 Postea
1218 2627 1406 2668 Romam
1423 2625 1557 2674 missi,
1581 2624 1637 2666 ab
1657 2624 1858 2665 Evaristo

1032 2682 1247 2724 Pontifice
1283 2681 1548 2730 confirmati,
1587 2680 1647 2721 ibi
1685 2691 1859 2731 quoque

1033 2739 1333 2780 crudelissime
1353 2738 1624 2789 torquentur.
1658 2734 1859 2786 Denique
