2080 2990
790 198 997 232 Commune
1024 197 1233 239 Virgilium.

395 298 443 336 In
463 298 512 336 II.
537 297 570 335 N
573 298 757 336 octurno.

221 367 318 407 Ant.
350 365 504 418 Specie
531 361 606 406 tua
633 364 656 390 *
685 369 727 405 et
754 362 989 416 pulchritu-

169 420 268 462 dine
291 425 366 462 tua
389 421 579 471 intende,
607 424 819 474 prospere
838 421 989 472 proce-

169 476 234 527 de,
254 482 298 519 et
315 491 458 529 regna.

432 561 628 601 Psalmus
649 562 713 600 44.

178 649 185 716 ’ἕ
203 648 273 700 ῃ
284 633 469 731 Γὲιοῒέινὶῒ
509 629 990 739 ὶοῑᾰὲιξηέηὲονεέἒὲἓ

172 726 174 731 ,
207 708 278 740 ,2242-
331 702 480 730 onum:
614 701 628 728 1

172 741 185 762 '¹
207 737 255 772 '3²4
299 758 396 787 mea
423 745 544 796 Regi.

217 802 385 853 Lingua
414 814 512 842 mea
545 799 735 842 calamus
768 798 938 848 scribae,
966 799 989 824 *

166 858 377 900 velociter
400 857 639 902 scribentis.

218 915 453 967 Speciosus
472 913 611 955 forma
624 925 718 965 prae
735 911 834 952 filiis
852 911 988 952 homi-

165 984 280 1020 num,
295 970 452 1012 diffusa
467 974 534 1012 est
547 969 687 1021 gratia
700 969 744 1009 in
754 967 879 1009 labiis
891 968 989 1008 tuis:

165 1027 189 1053 *
217 1029 451 1080 propterea
475 1025 698 1067 benedixit
730 1030 774 1066 te
800 1025 921 1065 Deus
946 1024 989 1064 in

170 1085 391 1125 aetemum.

220 1139 462 1190 Accingere
489 1138 635 1190 gladio
668 1143 744 1179 tuo
774 1150 906 1190 super
932 1137 988 1179 fe-

166 1209 262 1238 mur
280 1200 413 1245 tuum,
433 1196 456 1222 *
477 1195 792 1248 potentissime,

217 1253 371 1305 Specie
398 1257 473 1294 tua
501 1256 544 1293 et
568 1250 891 1304 pulchritudine
915 1255 990 1292 tua

165 1309 189 1335 *
224 1308 416 1359 intende,
451 1311 664 1361 prospere
701 1307 907 1360 procede,
947 1312 990 1349 et

165 1378 309 1417 regna.

215 1422 403 1474 Propter
421 1421 661 1471 veritatem,
681 1425 725 1462 et
742 1422 988 1461 mansuetu-

166 1477 327 1528 dinem,
362 1482 405 1519 et
431 1478 651 1530 justitiam:
678 1477 701 1502 *
729 1482 783 1518 et·
801 1475 989 1518 deducet

167 1539 212 1576 te
230 1533 483 1576 mirabiliter
502 1533 681 1575 dextera
699 1538 784 1575 tua.

217 1590 395 1641 Sagittae
422 1595 510 1632 tuae
539 1593 695 1639 acutae,
727 1589 881 1642 populi
908 1589 988 1631 sub

164 1651 208 1688 te
237 1646 403 1696 cadent,
431 1648 455 1672 *
485 1647 529 1687 in
557 1646 691 1688 corda
718 1646 989 1687 inimicorum

168 1703 313 1754 Regis.

218 1759 354 1801 Sedes
377 1763 452 1800 tua
469 1759 591 1801 Deus
613 1760 657 1800 in
681 1758 889 1800 saeculum
912 1761 988 1799 sae-

166 1815 264 1856 culi:
287 1816 311 1841 *
339 1815 460 1867 virga
492 1815 741 1857 directionis
771 1816 893 1866 virga
925 1828 988 1856 re—

164 1872 238 1923 gni
259 1872 333 1913 tui.

217 1927 422 1970 Dilexisti
443 1928 663 1980 justitiam,
692 1933 735 1969 et
760 1927 891 1969 odisti
915 1927 988 1967 ini-

167 1984 395 2036 quitatem:
431 1985 456 2011 *
500 1986 736 2037 propterea
779 1984 902 2024 unxit
945 1988 989 2024 te

165 2040 301 2090 Dem,
329 2041 449 2082 Deus
473 2045 573 2082 tuus
593 2039 691 2082 oleo
715 2040 877 2081 laetitiae
897 2052 989 2093 prae

166 2097 443 2139 consortibus
462 2098 559 2139 tuis.
599 2136 601 2139 ,

216 2152 409 2205 Myrrha,
437 2159 480 2196 et
499 2158 638 2205 gutta,
667 2158 710 2194 et
734 2153 852 2194 casia
876 2166 900 2193 a
919 2166 989 2194 ve—

167 2209 378 2251 stimentis
392 2211 490 2260 tuis,
509 2223 534 2251 a
553 2209 757 2252 domibus
773 2209 989 2251 eburneis:

166 2265 190 2291 *
209 2277 263 2307 ex
289 2266 445 2318 quibus
471 2266 798 2308 delectaverunt
820 2271 864 2308 te
887 2266 988 2307 ffliae

167 2333 317 2373 regum
333 2323 377 2364 in
395 2322 562 2364 honore
581 2328 669 2364 tuo.

217 2377 369 2420 Astitit
402 2382 550 2430 regina
583 2392 607 2420 a
641 2379 805 2421 dextris
833 2379 919 2420 tuis
946 2378 989 2419 in

167 2436 326 2476 vestitu
345 2435 570 2477 deaurato:
589 2436 613 2462 *
633 2435 902 2477 circumdata
919 2447 989 2477 va-

168 2489 331 2532 rietate.

218 2545 335 2587 Audi
352 2547 456 2597 filia,
480 2552 523 2589 et
541 2547 655 2597 vide,
680 2552 723 2589 et
741 2547 900 2588 inclina
919 2560 988 2588 au-

168 2614 260 2642 rem
286 2606 420 2643 tuam:
443 2603 467 2629 *
494 2608 538 2645 et
565 2603 822 2645 obliviscere
852 2606 988 2655 popu-

166 2657 255 2698 lum
275 2663 407 2709 tuum,
424 2664 468 2700 et
486 2659 664 2701 domum
683 2661 819 2713 patris
839 2660 912 2700 tui.

217 2715 274 2755 Et
294 2717 576 2768 concupiscet
590 2717 687 2758 Rex
702 2716 907 2758 decorem
925 2720 988 2757 tu-

1042 304 1130 332 um:
1152 290 1176 316 *
1203 290 1407 342 quoniam
1434 291 1529 342 ipse
1558 295 1624 331 est
1650 290 1864 331 Dominus

1041 347 1162 390 Deus
1181 351 1291 395 tuus,
1312 351 1355 388 et
1374 346 1619 388 adorabunt
1637 359 1745 387 eum.

1093 404 1150 444 Et
1168 403 1270 443 filiae
1286 403 1393 454 Tyri
1409 403 1453 443 in
1472 402 1722 444 muneribus
1736 403 1760 428 *
1775 403 1864 443 vul-

1041 465 1135 501 tum
1164 464 1286 501 tuum
1318 458 1681 511 deprecabuntur:
1714 471 1864 500 omnes

1043 516 1199 558 divites
1219 515 1372 568 plebis.

1095 573 1246 614 Omnis
1268 572 1407 623 gloria
1426 572 1515 622 eius
1535 571 1635 612 filiae
1654 572 1789 623 Regis
1809 571 1863 613 ab

1042 630 1174 678 intus,
1193 629 1217 655 *
1236 629 1279 669 in
1307 627 1489 669 fimbriis
1517 628 1659 669 aureis
1687 628 1864 669 circum-

1042 688 1200 727 amicta
1218 684 1512 726 varietatibus.

1095 741 1381 783 Adducentur
1409 741 1521 792 Regi
1547 741 1735 791 virgines
1763 745 1866 793 post

1043 811 1157 840 eam:
1193 799 1216 824 *
1252 798 1464 851 proximae
1506 798 1596 849 ejus
1633 796 1866 838 afferentur

1041 855 1131 897 tibi.

1094 911 1342 953 Afferentur
1366 911 1409 950 in
1432 910 1585 951 laetitia
1610 915 1653 951 et
1682 909 1864 950 exsulta-

1041 970 1175 1010 tione:
1205 969 1228 994 *
1265 967 1536 1009 adducentur
1573 967 1616 1007 in
1655 965 1866 1018 templum

1042 1026 1186 1076 Regis.

1093 1083 1178 1123 Pro
1206 1080 1404 1134 patribus
1432 1080 1518 1120 tuis
1544 1079 1636 1120 nati
1661 1083 1760 1119 sunt
1787 1078 1866 1120 tibi

1042 1138 1132 1179 filii:
1151 1139 1174 1163 *
1195 1139 1434 1179 constitues
1459 1148 1535 1177 eos
1559 1135 1778 1188 principes
1798 1148 1864 1176 su-

1042 1208 1121 1248 per
1141 1207 1315 1236 omnem
1333 1198 1505 1234 terram.

1093 1252 1309 1292 Memores
1330 1253 1455 1291 erunt
1474 1248 1660 1289 nominis
1684 1248 1762 1289 tui:
1780 1248 1803 1273 *
1823 1248 1865 1287 in

1043 1308 1160 1349 omni
1174 1306 1454 1359 generatione
1472 1310 1514 1347 et
1531 1305 1865 1355 generationem.

1092 1365 1333 1417 Propterea
1359 1362 1512 1415 populi
1544 1360 1866 1403 confitebuntur

1041 1421 1120 1462 tibi
1147 1421 1190 1461 in
1218 1422 1442 1461 aeternum:
1466 1419 1490 1444 *
1516 1423 1559 1459 et
1586 1418 1628 1458 in
1657 1417 1866 1458 saeculum

1043 1477 1200 1519 saeculi.
1484 1515 1487 1518 ,

1090 1533 1186 1573 Ant.
1214 1534 1367 1586 Specie
1386 1537 1461 1574 tua
1481 1535 1523 1573 et
1543 1529 1865 1583 pulchritudine

1041 1594 1115 1631 tua
1133 1589 1324 1640 intende,
1353 1591 1566 1642 prospere
1588 1586 1795 1640 procede,
1824 1590 1866 1627 et

1042 1660 1184 1698 regna.

1089 1704 1186 1743 Ant.
1218 1702 1449 1755 Adjuvabit
1466 1701 1595 1743 eam*
1606 1701 1726 1742 Deus
1742 1700 1865 1741 vultu

1042 1773 1136 1802 suo:
1155 1761 1276 1801 Deus
1294 1760 1336 1800 in
1355 1758 1500 1800 medio
1523 1759 1623 1810 ejus,
1642 1770 1730 1798 non
1750 1769 1863 1798 com—

1040 1817 1296 1858 movebitur.

1303 1869 1499 1909 Psalmus
1528 1871 1593 1909 45.

1036 1921 1204 2026 Deus
1228 1932 1377 1970 noster
1396 1927 1623 1977 refugium,
1650 1931 1692 1967 et
1711 1925 1864 1966 virtus:

1147 1985 1171 2010 *
1207 1984 1379 2036 adjutor
1414 1984 1458 2024 in
1497 1981 1865 2031 tribulationibus,

1043 2054 1141 2094 quae
1161 2042 1418 2082 invenerunt
1435 2052 1517 2081 nos
1535 2039 1673 2079 nimis.

1092 2098 1331 2152 Propterea
1362 2109 1450 2137 non
1481 2095 1729 2137 timebimus
1762 2094 1866 2136 dum

1041 2153 1287 2195 turbabitur
1314 2158 1445 2194 terra:
1472 2153 1495 2178 *
1525 2157 1570 2194 et
1605 2152 1864 2193 transferen-

1040 2215 1111 2252 tur
1128 2214 1300 2251 montes
1320 2210 1363 2250 in
1384 2222 1459 2250 cor
1478 2209 1621 2250 maris.

1092 2267 1348 2315 Sonuerunt‚
1364 2270 1407 2307 et
1421 2265 1609 2307 turbetae
1626 2269 1725 2306 sunt
1739 2277 1865 2316 aquae

1043 2325 1208 2364 eorum:
1237 2322 1261 2348 *
1289 2321 1536 2364 conturbati
1566 2326 1667 2363 sunt
1691 2326 1863 2362 montes

1041 2379 1084 2419 in
1103 2378 1357 2420 fortitudine
1378 2379 1478 2430 eius.

1091 2434 1301 2476 Fluminis
1328 2437 1517 2487 impetus
1544 2434 1738 2475 laetificat
1766 2433 1865 2475 civi-

1041 2493 1178 2532 tatem
1198 2491 1294 2532 Dei:
1314 2491 1337 2516 *
1358 2490 1643 2532 sanctificavit
1666 2489 1865 2532 taberna-

1042 2547 1186 2588 culum
1207 2560 1332 2588 suum
1352 2546 1610 2588 Altissimus.

1092 2604 1212 2644 Deus
1231 2603 1274 2643 in
1293 2602 1438 2644 medio
1455 2603 1555 2654 ejus,
1571 2615 1658 2644 non
1676 2615 1865 2653 commo-

1041 2659 1226 2701 vebitur:
1244 2659 1268 2684 *
1288 2658 1509 2710 adjuvabit
1529 2672 1624 2700 eam
1638 2659 1760 2700 Deus
1778 2671 1865 2700 ma-

1040 2729 1094 2758 ne
1114 2715 1316 2758 diluculo.
