2040 2990
172 178 219 214 86
744 180 850 213 Ferit:
876 188 981 214 sexta
1011 181 1055 213 ad
1087 180 1320 214 Maximinum.

222 274 363 327 Imple
381 273 514 315 facies
535 275 687 315 eorum
707 274 959 325 ignominia:
975 275 998 300 *

173 341 217 377 et
240 339 438 387 quaerent
462 347 622 376 nomen
650 339 773 375 tuum
797 334 998 376 Domine.

221 391 506 441 Erubescant,
535 397 579 433 et
607 390 925 433 conturbentur
953 391 997 431 in

171 448 379 489 saeculum
408 447 576 490 saeculi:
603 450 628 475 *
656 453 700 490 et
731 447 997 489 confundan-

170 510 251 553 tur,
280 511 324 546 et
351 507 546 557 pereant

221 562 277 602 Et
306 564 575 612 cognoscant
603 550 704 612 quia
732 572 890 601 nomen
915 559 996 601 tibi

169 618 400 659 Dominus:
420 621 442 645 *
464 623 512 660 tu
533 618 654 659 solus
678 617 963 658 Altissimus·
952 630 995 657 m

170 675 289 715 omni
318 680 445 716 terra.

444 732 637 772 l’sulmus
666 734 728 771 833.

255 801 355 829 uam
399 787 559 829 dilecta
601 786 883 829 tabernacula
920 792 995 829 tua

271 845 461 886 Domine
488 844 718 886 virtutum:
743 846 767 871 *
791 846 994 896 concupi-

170 901 263 952 scit,
288 907 332 943 et
359 901 506 942 deficit
527 901 671 942 anima
692 913 790 943 mea
812 901 857 941 in
883 901 995 942 atria

170 958 357 999 Domini.

221 1014 309 1056 Cor
327 1027 482 1064 meum,
503 1019 546 1056 et
564 1026 667 1055 caro
689 1026 787 1055 mea
806 1016 829 1041 ²⁸¹
853 1014 994 1056 exsul-

167 1073 371 1112 taverunt
398 1071 442 1112 in
470 1071 613 1112 Deum
640 1071 798 1112 vivum.

220 1128 394 1170 Etenim
421 1140 573 1181 passer
605 1128 771 1169 invenit
802 1127 886 1169 sibi
919 1127 994 1169 do-

168 1198 302 1225 mum:
327 1187 350 1212 *
374 1190 417 1226 et
444 1189 588 1226 turtur
616 1183 767 1226 nidum
796 1184 891 1235 sibi,
920 1184 993 1226 ubi

168 1247 304 1293 ponat
330 1240 476 1294 pullos
503 1254 618 1283 suos.

219 1298 389 1339 Altaria
413 1303 489 1339 tua
507 1298 697 1340 Domine
721 1298 948 1340 virtutum:
971 1301 993 1325 *

167 1354 263 1395 Rex
290 1367 424 1405 meus,
453 1360 496 1397 et
525 1355 645 1396 Deus
674 1367 808 1396 meus.

218 1410 354 1461 Beati,
380 1412 454 1463 qui
480 1411 680 1454 habitant
700 1412 743 1453 in
763 1411 897 1454 domo
917 1417 992 1453 tua

167 1467 368 1509 Domine:
401 1470 425 1495 *
456 1469 501 1509 in
536 1469 698 1511 saecula
731 1469 992 1510 saeculorum

167 1523 407 1567 laudabunt
433 1530 488 1567 te.

218 1581 380 1622 Beatus
413 1582 494 1633 vir,
530 1584 651 1634 cujus
685 1588 751 1625 est
784 1583 993 1624 auxilium

168 1636 247 1678 abs
265 1642 326 1679 te:
349 1640 373 1665 *
392 1640 672 1681 ascensiones
691 1641 736 1681 in
758 1640 893 1682 corde
913 1653 993 1681 suo

168 1692 401 1746 disposuit,
429 1695 472 1736 in
501 1696 614 1738 valle
643 1696 921 1738 lacrimarum
949 1698 992 1738 in

167 1749 266 1791 loco
295 1763 425 1802 quem
452 1753 613 1804 posuit.

219 1807 392 1848 Etenim
418 1808 773 1852 benedictionem
794 1810 917 1853 dabit
936 1811 992 1853 le-

168 1863 366 1913 gislator,
403 1865 528 1907 ibunt
564 1866 620 1909 de
647 1867 809 1909 virtute
838 1868 883 1909 in
911 1869 992 1910 vir—

168 1922 325 1960 tutem:
352 1923 376 1949 *
404 1921 624 1965 videbitur
651 1924 773 1966 Deus
808 1924 993 1967 deorum

168 1975 210 2015 in
238 1975 352 2017 Sion.

219 2028 408 2071 Domine
435 2030 556 2072 Deus
587 2032 798 2075 virttitum
834 2035 991 2078 exaudi

168 2085 412 2127 orationem
445 2100 604 2129 meam:
632 2091 655 2116 *
683 2091 860 2133 auribus
898 2095 992 2146 per-

168 2141 266 2194 cipe
293 2141 415 2184 Deus
442 2143 591 2186 Jacob.

218 2197 451 2240 Protector
475 2206 625 2243 noster
649 2203 797 2255 aspice
816 2205 992 2247 Deusz*

169 2259 213 2296 et
235 2255 406 2307 respice
434 2257 477 2297 in
505 2257 661 2299 faciem
689 2258 850 2302 Christi
879 2264 957 2304 tui:

220 2311 331 2361 Quia
346 2312 499 2354 melior
515 2319 582 2355 est
597 2314 691 2356 dies
707 2329 793 2357 una
808 2318 852 2358 in
868 2320 991 2361 atriis

168 2367 266 2415 tuis,
294 2370 318 2395 *
345 2381 477 2421 super
503 2370 648 2412 millia.

219 2423 343 2474 Elegi
363 2425 558 2477 abjectus
579 2440 675 2469 esse
694 2429 738 2469 in
758 2429 890 2472 domo
908 2432 991 2474 Dei

168 2480 272 2521 mei:
308 2483 332 2507 *
367 2483 506 2532 magis
543 2496 674 2535 quam
710 2485 908 2529 habitare
949 2490 991 2530 in

167 2536 462 2579 tabernaculis
489 2542 784 2591 peccatorum.

220 2593 331 2643 Quia
363 2595 724 2647 misericerdiam,
758 2605 802 2640 et
838 2602 991 2643 verita—

168 2654 257 2691 tem
276 2649 418 2700 diligit
436 2651 572 2693 Deus:
591 2656 614 2680 *
636 2655 819 2703 gratiam
840 2662 884 2698 et
902 2658 991 2705 glo-

168 2706 277 2747 riam
307 2706 429 2749 dabit
458 2708 683 2751 DOminus.

1101 273 1202 315 Non
1222 274 1415 326 privabit
1438 275 1565 317 bonis
1585 288 1673 326 eos,
1699 270 1774 329 qui
1793 280 1879 319 am-

1051 330 1203 372 bulant
1240 330 1283 371 in
1321 331 1590 374 innocentia:
1631 335 1655 360 *
1690 333 1879 377 Domine

1051 387 1273 451 virtutum,
1292 386 1448 430 beatus
1468 388 1613 440 homo,
1635 390 1709 442 qui
1729 398 1880 444 sperat

1050 457 1093 484 1n
1121 449 1176 486 te.

1108 513 1205 552 Ant.
1234 511 1295 550 'l‘u
1325 510 1447 551 solus
1465 510 1719 554 Altissimus
1747 526 1879 568 super

1050 578 1225 608 omnem
1253 571 1427 608 terram.

1108 633 1204 674 Ant.
1237 631 1517 674 Benedixisti.

1323 717 1520 758 lr‘salmus
1548 719 1614 758 84.

1052 782 1562 887 BenedixistiDomine
1572 791 1879 831 terramtuam:

1152 843 1176 868 *
1196 841 1395 883 avertisti
1412 843 1717 895 captivitatem
1729 845 1879 888 Jacob.

1090 898 1318 940 Remisisti
1333 899 1611 951 iniquitatem
1620 901 1764 954 plebis
1775 907 1878 946 tuae:

1048 957 1070 982 *
1095 956 1310 1007 operuisti
1337 956 1483 997 omnia
1505 960 1691 1010 peccata
1715 961 1879 1002 eorum

1098 1011 1310 1064 Mitigasti
1346 1025 1522 1055 omnem
1549 1014 1660 1056 iram
1686 1020 1827 1058 tuam.
1855 1019 1879 1044 *

1047 1069 1246 1110 avertisti
1270 1068 1325 1111 ab
1350 1069 1415 1111 ira
1439 1069 1754 1123 indignationis
1778 1078 1877 1116 tuae.

1103 1125 1322 1168 Converte
1372 1139 1453 1168 nos
1502 1127 1624 1170 Deus
1674 1129 1879 1173 salutaris

1047 1188 1210 1224 noster:
1244 1185 1267 1210 *
1301 1189 1344 1225 et
1377 1185 1527 1227 averte
1557 1185 1667 1227 iram
1700 1191 1821 1229 tuam
1853 1201 1879 1230 a

1047 1239 1186 1281 nobis.

1097 1296 1326 1349 Numquid
1360 1298 1404 1338 in
1434 1299 1647 1340 aeternum
1674 1300 1878 1343 irasceris

1047 1353 1201 1396 nobis?
1225 1356 1249 1381 *
1273 1358 1349 1396 aut
1377 1355 1591 1398 extendes
1618 1356 1730 1398 iram
1757 1362 1878 1400 tuam

1047 1424 1072 1452 a
1099 1412 1384 1462 generatione
1411 1412 1456 1452 in
1483 1414 1836 1464 generationem?

1097 1468 1219 1509 Deus
1259 1473 1308 1509 tu
1352 1470 1593 1511 conversus
1633 1470 1878 1514 vivificabis

1047 1537 1144 1566 nos:
1163 1526 1187 1551 *
1209 1529 1253 1566 et
1270 1524 1398 1577 plebs
1419 1531 1496 1567 tua
1514 1526 1740 1569 laetabitur
1758 1528 1803 1570 in
1822 1533 1878 1571 te.

1097 1582 1288 1624 Ostende
1322 1582 1452 1624 nobis
1486 1583 1677 1626 Domine
1713 1585 1878 1627 miseri-

1047 1639 1246 1681 cordiam
1268 1644 1408 1682 tuam:
1425 1642 1449 1667 *
1470 1645 1514 1682 et
1538 1640 1730 1683 salutare
1753 1646 1877 1684 tuum

1047 1696 1102 1739 da
1131 1696 1271 1738 nobis.

1098 1753 1291 1796 Audiam
1306 1753 1415 1806 quid
1427 1754 1634 1806 loquatur
1649 1755 1694 1796 in
1708 1768 1779 1798 me
1789 1756 1877 1798 Do-

1045 1811 1190 1852 minus
1215 1811 1355 1853 Deus:
1382 1813 1406 1838 *
1435 1811 1644 1864 quoniam
1670 1811 1878 1865 loquetur

1046 1880 1200 1920 pacem
1227 1868 1273 1909 in
1300 1867 1477 1921 plebem
1505 1881 1640 1910 suam.

1097 1925 1154 1966 Et
1182 1938 1316 1978 super
1350 1930 1527 1967 sanctos
1557 1938 1682 1967 suos:
1709 1927 1733 1954 *
1762 1930 1806 1968 et
1833 1927 1877 1968 in

1047 1994 1134 2033 eos,
1163 1982 1239 2034 qui
1266 1986 1585 2024 convertuntur
1612 1982 1670 2025 ad
1697 1995 1783 2024 cor.

1097 2039 1415 2081 Verumtamen
1472 2052 1615 2093 prope
1671 2040 1877 2082 timentes

1047 2109 1146 2137 eum
1170 2095 1364 2138 salutare
1391 2097 1547 2149 ipsius:
1578 2099 1603 2124 *
1634 2102 1684 2139 ut
1709 2096 1876 2139 inhabi-

1045 2157 1110 2194 tet
1137 2151 1278 2203 gloria
1306 2153 1350 2193 in
1377 2158 1496 2195 terra
1523 2158 1688 2195 nostra.

1097 2209 1421 2259 Misericordia,
1457 2215 1501 2252 et
1533 2211 1696 2252 veritas
1724 2211 1872 2253 obvia-

1047 2267 1202 2307 verunt
1229 2265 1333 2306 sibi:
1360 2268 1384 2293 *
1412 2267 1592 2319 justitia,
1621 2273 1666 2310 et
1692 2281 1780 2321 pax
1806 2281 1872 2309 os-

1046 2322 1204 2364 culatae
1232 2327 1344 2363 sunt.

1096 2378 1274 2420 Veritas
1308 2378 1363 2420 de
1390 2385 1509 2422 terra
1543 2386 1641 2423 orta
1669 2386 1752 2423 est:
1779 2383 1803 2408 ’⁸‘
1831 2386 1874 2423 et

1046 2435 1209 2486 justitia
1238 2434 1293 2476 de
1321 2436 1436 2478 coelo
1465 2439 1707 2491 prospexit.

1100 2491 1274 2533 Etenim
1293 2492 1510 2535 Dominus
1531 2494 1655 2536 dabit
1678 2494 1873 2545 benigni-

1045 2550 1196 2589 tatem:
1215 2550 1239 2575 *
1259 2554 1302 2590 et
1325 2554 1443 2590 terra
1466 2556 1619 2593 nostra
1644 2551 1767 2594 dabit
1790 2551 1874 2592 fru-

1045 2610 1166 2646 ctum
1193 2618 1330 2646 suum.

1097 2661 1274 2703 Justitia
1306 2667 1409 2703 ante
1438 2675 1536 2704 eum
1564 2664 1824 2706 ambulabit:
1851 2666 1875 2691 *

1047 2722 1089 2758 et
1117 2723 1253 2770 ponet
1282 2718 1323 2759 in
1355 2719 1422 2759 via
1449 2733 1626 2769 gressus
1655 2734 1772 2763 suos.
