2040 2990
695 177 870 212 Rubrica:
894 181 1091 220 generales
1116 181 1314 215 Breviarii.

205 275 230 301 7.
252 273 282 302 Si
299 274 382 308 plura
400 274 483 302 Festa
501 274 630 309 Duplicia
648 282 682 302 ex
700 274 734 302 iis
751 283 815 310 quae
833 274 979 302 transferri

153 316 283 348 possunt,
301 313 495 341 transferenda
511 314 579 348 sint,
597 314 674 348 quod
691 318 733 342 est
750 314 838 349 magis
856 314 979 341 solemne

153 359 264 387 semper
282 352 360 387 prius
379 353 564 380 transferatur
583 356 610 380 et
628 354 706 388 prius
725 354 892 388 celebretur,
913 353 979 380 alio-

153 391 222 426 quin
239 390 263 418 si
280 394 345 419 sunt
364 392 494 427 aequalia,
511 400 598 419 unum
617 396 681 420 ante
699 393 776 420 aliud
794 393 980 421 transferatur

153 438 186 458 eo
204 430 314 465 ordine,
332 439 389 466 quo
407 435 487 459 erant
503 432 670 459 celebranda
687 433 716 460 in
734 433 855 468 propriis
872 433 978 459 diebus,

203 474 228 501 8.
245 474 359 502 Festum
372 475 495 510 Simplex
510 475 615 510 pariter
629 484 782 511 numquam
797 476 976 503 transfertur:

152 513 202 541 sed
220 513 244 540 si
258 513 294 541 de
311 521 345 541 eo
359 514 419 541 fieri
437 522 492 541 non
505 518 598 549 potest
612 514 755 550 Officium,
775 515 824 542 fiat
841 517 978 542 comemo-

151 552 231 587 ratio,
244 556 276 580 ut
286 553 390 580 dictum
404 556 446 580 est
459 553 488 580 in
498 553 622 581 Rubrica
631 554 666 581 de
676 554 978 588 Comemorationibus3

151 592 175 619 si
189 595 282 619 autem
295 593 402 620 venerit
415 593 443 620 in
457 593 510 620 illis
524 593 635 628 diebus,
648 594 677 620 in
691 594 793 628 quibus
807 594 842 621 de
856 593 979 628 Simplici

150 631 227 658 nulla
241 631 272 658 fit
285 632 492 666 comemoratio,
505 639 538 659 eo
552 640 625 660 anno
639 641 695 660 non
710 633 742 660 fit
755 633 790 660 de
803 641 836 660 eo
851 633 977 667 amplius.

203 677 227 703 9.
251 675 280 703 Si
299 675 414 710 aliquod
432 676 544 703 Festum
563 676 675 711 Duplex
695 685 710 704 e
731 685 817 712 supra
836 676 978 704 recensitis

151 723 215 750 quae
232 714 447 749 transferuntur,
463 715 492 742 in
507 723 564 750 quo
582 719 708 743 notatum
727 720 769 743 est
784 716 844 743 fieri
862 723 979 743 comme-

150 754 332 781 morationem
351 754 466 788 alicujus
480 754 582 789 Sancti,
601 755 787 782 transferatur
803 758 919 790 propter
932 755 978 781 ad-

150 793 306 820 venientem
320 793 505 827 Dominicam,
523 793 568 820 vel
586 794 662 820 aliud
675 794 787 821 Festum
807 794 904 828 majus,
922 801 978 820 non

150 835 243 859 tamen
260 832 429 859 transfertur
441 840 505 860 eum
518 833 565 859 illo
583 834 811 860 commemoratio
824 833 897 860 illius
911 833 978 861 San-

150 871 187 899 cti
204 871 234 898 in
251 879 284 898 eo
303 871 455 906 assignata3
478 872 528 899 sed
546 872 620 899 dicta
639 873 865 900 commemoratio
884 873 915 899 fit
934 873 978 899 die

150 918 202 938 suo
220 909 249 937 in
268 910 423 945 Dominica,
441 911 486 938 vel
505 911 559 938 alio
572 911 663 946 Festo,
682 911 711 938 in
728 919 785 946 quo
802 912 863 939 fieri
881 912 977 946 possit⁷

149 957 214 977 cum
240 957 314 977 nona
336 950 469 978 Lectione
490 951 628 985 ejusdem,
654 951 678 978 si
699 951 842 986 propriam
864 951 899 978 de
921 950 978 977 vita

150 989 243 1017 Sancti
256 990 396 1017 habuerit:
410 990 523 1017 Festum
535 998 603 1018 vero
613 991 726 1025 Duplex
738 990 907 1018 transfertur
918 990 978 1017 sine

149 1028 206 1055 ulla
228 1028 348 1063 amplius
371 1030 633 1057 commemoratione
652 1030 727 1057 Festi
748 1030 886 1064 Simplicis
907 1038 977 1064 prae-

150 1067 224 1095 dicti.
261 1068 344 1102 Quod
364 1068 446 1095 etiam
469 1072 598 1096 servatur
618 1069 646 1096 in
668 1069 977 1096 commemorationibus

150 1107 359 1134 occurrentibus
377 1107 406 1134 in
419 1107 535 1142 Vigiliis,
553 1116 616 1136 cum
635 1109 669 1135 de
683 1109 784 1143 Vigilia
802 1108 930 1135 veniente
948 1108 977 1135 in

150 1146 299 1173 Dominica
313 1146 344 1173 fit
358 1146 386 1173 in
400 1146 523 1174 Sabbato
538 1148 719 1182 praecedenti:
738 1152 804 1175 tunc
817 1148 890 1175 enim
903 1155 976 1175 com-

150 1185 312 1212 memoratio
331 1186 405 1213 Festi
422 1186 560 1221 Simplicis
578 1195 634 1214 non
654 1188 685 1215 fit
702 1188 731 1215 in
747 1188 847 1215 Officio
861 1187 976 1222 Vigiliae,

150 1224 200 1251 sed
217 1224 247 1251 in
265 1224 419 1252 Dominica.

295 1286 355 1319 XI.
375 1287 425 1318 De
449 1286 685 1318 concurrentia
707 1286 826 1319 Officii.

152 1342 371 1405 concurrentia
388 1342 481 1370 Officii
505 1343 673 1370 attendenda
695 1346 737 1370 est
758 1351 868 1378 semper
889 1344 917 1370 in
935 1352 975 1371 se-

206 1381 305 1408 cundis
323 1381 467 1416 Vesperis,
489 1382 630 1415 quomodo
649 1382 684 1409 sit
702 1382 888 1410 ordinandum
908 1383 975 1410 Offi-

149 1421 223 1448 cium
238 1428 301 1447 cum
317 1420 443 1454 sequenti
457 1420 509 1447 die.
537 1421 636 1455 Itaque
650 1429 713 1448 cum
730 1421 831 1448 dicitur
844 1422 974 1449 Officium

150 1459 263 1494 aliquod
283 1467 345 1486 cnm
369 1459 423 1486 alio
442 1467 620 1494 concurrere,
642 1460 804 1494 intelligitur
821 1461 857 1488 de
874 1469 975 1496 praece-

150 1498 226 1526 denti
247 1498 277 1525 in
296 1498 425 1526 secundis
444 1499 575 1533 Vesperis
597 1507 661 1526 cum
683 1500 810 1534 sequenti
832 1500 860 1527 in
878 1501 975 1535 primis

149 1538 288 1572 vesperis.

199 1576 224 1603 2.
243 1575 355 1611 Duplici
371 1583 436 1611 ergo
455 1576 484 1604 in
501 1577 630 1604 secundis
644 1577 774 1612 Vesperis
793 1582 975 1606 concurrente

148 1623 213 1643 cum
231 1615 285 1642 allo
303 1616 429 1650 sequenti
443 1616 554 1651 Duplici
571 1617 599 1643 in
618 1617 723 1652 primis,
741 1618 765 1644 si
783 1621 902 1652 utraque
919 1619 975 1646 sint

149 1654 272 1689 ejusdem
285 1654 477 1689 solemnitatis,
491 1656 655 1690 regulariter
668 1664 684 1683 a
698 1657 826 1691 Capitulo
840 1657 872 1684 fit
885 1658 921 1684 de
934 1666 974 1685 se-

149 1694 245 1728 quenti
260 1702 323 1720 cum
341 1695 604 1722 commemoratione
618 1696 809 1730 praecedentis,
827 1696 880 1723 nisi
895 1697 975 1724 aliter

149 1733 179 1760 in
191 1733 313 1767 propriis
326 1733 395 1760 locis
409 1734 564 1761 adnotetur.
587 1734 616 1762 Si
631 1742 698 1761 vero
712 1742 768 1762 non
782 1735 838 1762 sint
850 1735 974 1770 ejusdem

149 1771 338 1806 solemnitatis,
351 1776 478 1800 servetur
491 1773 647 1800 differentia
659 1774 688 1800 in
702 1774 832 1802 Rubricis
846 1775 881 1802 de
894 1775 974 1802 Com-

149 1811 403 1846 memorationibus,
415 1815 443 1839 et
455 1812 651 1840 Translatione
662 1813 809 1840 Festorum
823 1814 973 1848 assignata:

149 1853 180 1876 ut
197 1850 302 1877 scilicet
314 1850 397 1877 Festa
414 1851 520 1885 majora
536 1851 658 1879 habeant
672 1852 776 1886 primas
795 1856 822 1880 et
837 1853 974 1880 secundas

149 1888 288 1924 Vcsperas
308 1889 442 1924 integras,
463 1898 527 1917 cnm
545 1891 808 1919 commemoratione
826 1892 973 1926 minorum,

149 1927 262 1962 quando
281 1928 317 1956 de
338 1928 378 1955 eis
399 1929 460 1956 fieri
483 1929 573 1957 debet.
607 1930 637 1958 Si
659 1934 751 1958 autern
773 1934 838 1966 post
859 1931 973 1965 aliquod

148 1967 262 1994 Festum
279 1967 378 2001 exiis,
401 1976 464 2002 quac
486 1968 514 1995 in
536 1969 659 1996 secundo
681 1970 779 1996 ordine
800 1970 889 2004 posita
908 1973 974 1997 sunt

147 2005 176 2032 in
192 2006 316 2033 Rubrica
334 2007 369 2033 de
387 2007 711 2043 commemorationibus,
729 2012 863 2043 sequatur
880 2009 973 2036 imme-

148 2045 222 2072 diate
241 2045 316 2072 aliud
331 2054 366 2073 ex
382 2046 552 2074 solemnibus
567 2048 727 2082 majoribus,
745 2049 877 2083 Vesperae
892 2051 974 2075 erunt

148 2084 183 2110 de
196 2085 322 2118 sequenti
335 2093 399 2112 cum
412 2086 675 2114 commemoratione
686 2087 876 2121 praecedentis.
897 2087 974 2114 Inter

147 2123 230 2150 Festa
243 2124 359 2158 aequalis
370 2125 552 2152 solemnitatis
566 2129 692 2153 servetur
700 2126 745 2153 hic
758 2126 837 2160 ordo,
851 2129 882 2152 ut
891 2126 973 2153 Festa

148 2162 262 2189 Domini
276 2164 462 2198 praeferantur
476 2165 606 2191 omnibus
621 2165 691 2199 aliis,
709 2167 737 2192 et
749 2165 870 2192 habeant
885 2168 973 2191 utras-

147 2209 202 2235 que
224 2202 362 2236 Vesperas
388 2203 523 2238 integras3
550 2203 629 2230 sicuti
650 2204 733 2231 Festa
756 2204 846 2231 beatae
869 2204 972 2237 Marise,

147 2240 236 2267 Festis
263 2240 444 2269 Sanctorum:
476 2242 542 2269 item
565 2243 649 2270 Festa
672 2243 858 2277 Angelorum,
884 2243 973 2269 sancti

147 2279 252 2314 Joseph
274 2280 376 2315 Sponsi
398 2282 488 2308 beatae
506 2282 602 2308 Mariae
620 2282 755 2316 Virginis,
779 2286 806 2309 et
823 2282 972 2316 Apostolo-

146 2326 222 2353 rum,
240 2320 339 2347 ceteris
356 2319 430 2354 aliis;
453 2324 481 2347 et
498 2321 581 2348 Festa
599 2321 710 2348 illorum
728 2321 906 2355 Sanctorum,
924 2321 972 2355 qui

146 2357 175 2383 in
191 2358 312 2392 propriis
326 2358 394 2386 locis
410 2359 454 2386 vel
468 2359 598 2387 Ecclesiis
614 2360 774 2388 solemniter
788 2360 972 2393 celebrantur,

146 2396 208 2423 aliis
224 2397 254 2423 in
271 2398 442 2425 Kalendario
461 2398 614 2434 descriptis.

197 2436 222 2462 3.
244 2436 357 2471 Duplici
375 2444 441 2464 vero
464 2441 646 2465 concurrente
664 2446 728 2465 cum
745 2438 829 2465 Festo
846 2437 971 2465 Semidu-

145 2474 222 2508 plici,
242 2483 306 2502 cum
325 2475 484 2510 Dominica,
504 2484 568 2503 cum
587 2477 632 2504 die
651 2477 724 2504 infra
742 2477 889 2510 Octavam,
907 2485 971 2504 cum

146 2513 228 2540 Festo
246 2514 378 2549 Simplici,
396 2518 424 2542 et
441 2523 505 2542 cum
521 2515 621 2543 Officio
639 2516 729 2543 beatae
747 2517 843 2543 Mariae
860 2516 889 2542 in
904 2515 970 2543 Sab-

146 2552 224 2587 bato,
247 2554 341 2580 omnia
362 2554 391 2581 in
412 2554 541 2581 secundis
564 2555 695 2589 Vesperis
717 2555 753 2582 de
774 2555 884 2590 Duplici
907 2562 970 2581 cum

145 2593 407 2620 commemoratione
420 2593 542 2620 illorum:
561 2594 614 2621 nisi
630 2594 699 2621 illud
712 2595 823 2628 Duplex
838 2594 921 2620 fuerit
935 2593 971 2620 de

145 2629 187 2663 iis,
203 2638 266 2664 quae
280 2632 456 2666 excipiuntur
467 2633 496 2659 in
510 2633 633 2660 Rubrica
648 2634 683 2660 de
696 2632 969 2661 Commemorationi-

146 2669 207 2702 bus,
224 2669 253 2695 in
267 2670 369 2703 quibus
387 2671 487 2705 aliquae
505 2673 782 2699 commemorationes
797 2672 978 2711 omittuntur.¹

146 2707 257 2742 Duplici
275 2709 366 2743 etiam,
385 2714 412 2738 et
430 2718 606 2745 quocumque
625 2711 726 2738 Officio
744 2719 844 2738 novem
862 2710 969 2738 Lectio-

297 2833 360 2858 Pars
376 2834 509 2859 Hiemalis.

1030 283 1097 302 num
1121 279 1303 303 concurrente
1329 283 1392 303 cum
1415 277 1509 311 Feria,
1536 278 1580 305 vel
1603 278 1696 312 potius
1723 282 1856 313 sequente

1029 315 1118 349 Feria,
1137 315 1229 342 omnia
1248 314 1283 342 de
1301 315 1420 349 Duplici,
1438 318 1466 342 ct
1482 316 1551 343 nihil
1569 317 1604 343 de
1623 317 1703 345 Feria
1721 318 1855 352 sequenti.

1029 354 1086 382 Sed
1103 354 1126 382 si
1146 354 1258 381 Festum
1276 354 1431 381 celebretur
1448 356 1476 381 in
1494 355 1634 390 Adventu,
1653 360 1680 383 et
1697 358 1854 391 Quadrage-

1030 394 1112 428 sima,
1136 394 1168 420 fit
1187 401 1297 428 semper
1318 394 1545 421 commemoratio
1564 395 1599 422 de
1616 396 1709 430 Feria,
1732 400 1763 423 ut
1781 397 1855 423 infra

1030 433 1145 460 dicetur.
1164 433 1242 459 Idem
1257 433 1404 460 dicendum
1416 433 1451 459 de
1460 433 1549 460 Festis
1559 433 1734 469 Simplicibus
1748 436 1856 463 venien-

1030 471 1105 498 tibus
1121 479 1184 499 cum
1200 471 1326 506 sequenti
1340 472 1423 499 Festo
1442 479 1542 499 novem
1556 473 1728 509 Lectionum,
1747 475 1782 501 de
1797 476 1855 509 qui-

1030 511 1082 537 bus
1101 511 1183 538 etiam
1201 511 1429 538 commemoratio
1444 511 1484 545 fit,
1502 519 1558 539 non
1574 513 1680 540 ratione
1694 522 1855 548 concursuS,
1908 547 1914 554 ·

1030 550 1080 576 sed
1095 550 1159 584 quia
1178 550 1277 577 eodem
1293 551 1337 577 die
1355 554 1512 585 occurrunt,
1531 555 1562 578 ut
1577 552 1681 579 dictum
1696 557 1738 580 est
1755 554 1783 580 in
1798 554 1854 581 Ru-

1030 589 1106 616 brica
1125 590 1160 616 de
1179 589 1503 618 Commemorationibus.

1080 629 1105 655 4.
1124 628 1302 663 Semiduplici
1316 629 1407 662 Festo,
1421 629 1575 664 Dominica,
1591 633 1616 657 et
1631 631 1677 657 die
1690 630 1763 658 infra
1777 631 1855 658 Octa-

1030 675 1094 693 vam
1112 667 1342 695 concurrentibus
1356 675 1419 695 cum
1436 669 1563 702 sequenti
1577 670 1696 704 Duplici,
1714 670 1806 697 omnia
1820 671 1855 697 de

1030 706 1141 740 Duplici
1163 714 1227 733 cum
1246 707 1509 734 commemoratione
1527 708 1650 742 illorum,
1672 709 1725 736 nisi
1745 710 1855 743 Duplex

1031 746 1113 772 fuerit
1136 754 1170 772 ex
1190 754 1306 773 numero
1324 747 1472 780 majorum,
1496 755 1559 781 quae
1578 755 1663 782 supra
1685 748 1714 775 in
1733 749 1855 776 Rubrica

1030 785 1065 811 de
1087 785 1404 812 commemorationibus
1427 790 1572 813 numerata
1596 791 1675 821 sunt,
1702 788 1730 814 in
1755 788 1855 821 quibus

1030 824 1104 851 nulla
1132 824 1164 851 fit
1191 825 1418 852 commemoratio
1446 826 1636 859 praecedentis.
1678 826 1856 861 Semiduplici

1030 863 1112 890 Festo
1139 867 1322 891 concurrente
1348 872 1411 891 cum
1435 865 1562 898 sequenti
1589 865 1645 892 alio
1670 865 1855 900 Semiduplici,

1029 910 1092 929 cum
1111 903 1266 937 Dominica,
1284 903 1328 930 vel
1345 911 1410 931 cum
1429 903 1474 931 die
1492 904 1565 931 infra
1583 905 1726 938 Octavam,
1744 913 1760 932 a
1776 906 1855 939 Capi-

1029 941 1088 968 tulo
1108 942 1139 968 fit
1158 942 1192 969 de
1210 943 1350 977 sequenti,
1372 946 1400 970 et
1417 944 1644 971 commemoratio
1664 945 1855 978 praecedentis,

1029 981 1082 1007 nisi
1100 981 1180 1008 aliter
1198 982 1329 1016 signetur.
1365 982 1544 1017 Semiduplici
1563 986 1655 1010 autem
1673 988 1855 1011 concurrente

1029 1028 1092 1047 cum
1110 1021 1237 1054 sequenti
1255 1021 1338 1048 Festo
1356 1021 1487 1056 Simplici,
1505 1023 1550 1049 vel
1568 1030 1631 1049 cum
1647 1023 1747 1050 Officio
1767 1024 1854 1050 beatae

1029 1060 1124 1086 Mariae
1142 1060 1170 1086 in
1186 1060 1318 1094 Sabbato,
1336 1061 1428 1087 omnia
1447 1061 1481 1087 de
1496 1061 1682 1096 Semiduplici,
1700 1070 1764 1089 cum
1782 1070 1854 1089 com-

1028 1099 1229 1126 memoratione
1247 1100 1395 1134 sequentis.

1081 1139 1104 1165 5.
1120 1138 1266 1166 Dominica
1277 1142 1459 1166 concurrente
1468 1147 1531 1166 cum
1541 1140 1667 1174 sequenti
1677 1140 1759 1167 Festo
1769 1139 1854 1168 Semi-

1029 1177 1144 1211 duplici,
1167 1181 1194 1204 et
1213 1186 1276 1204 cum
1297 1178 1341 1205 die
1363 1178 1437 1205 infra
1457 1179 1603 1212 Octavam,
1626 1179 1670 1206 vel
1689 1187 1753 1206 cum
1771 1181 1853 1207 Festo

1028 1216 1164 1250 Simplici,
1183 1217 1276 1243 omnia
1295 1217 1329 1244 de
1348 1217 1494 1244 Dominica
1511 1226 1574 1245 cum
1592 1219 1854 1246 commemoratione

986 1290 988 1293 .
1028 1255 1176 1289 sequentis.

1079 1295 1103 1322 6.
1125 1295 1178 1322 Die
1197 1295 1270 1322 infra
1289 1295 1422 1323 Octavam
1442 1299 1624 1323 concurrente
1645 1305 1709 1324 cum
1727 1297 1853 1332 sequenti

1028 1334 1182 1368 Dominica,
1198 1335 1241 1361 vel
1253 1335 1439 1370 Semiduplici,
1455 1343 1472 1361 a
1483 1335 1611 1370 Capitulo
1625 1336 1655 1362 fit
1670 1336 1704 1363 de
1718 1336 1852 1370 sequenti,

1027 1381 1091 1400 cum
1108 1374 1371 1401 commemoratione
1390 1374 1509 1401 Octavae.
1540 1375 1607 1402 Dies
1626 1375 1699 1401 infra
1718 1375 1851 1402 Octavam

1026 1420 1090 1439 cum
1103 1412 1227 1447 Simplici
1244 1413 1357 1447 proprie
1375 1421 1430 1440 non
1449 1414 1532 1441 habet
1548 1422 1723 1449 concursum,
1741 1415 1806 1449 quia
1824 1415 1852 1441 in

1027 1451 1153 1486 sequenti
1171 1452 1216 1478 die
1234 1452 1308 1479 insta
1326 1452 1459 1479 Octavam
1477 1461 1533 1480 non
1553 1454 1583 1480 fit
1601 1454 1636 1480 de
1650 1453 1781 1488 Simplici,
1799 1454 1852 1481 nisi

1026 1491 1261 1525 commemoratio,
1278 1499 1341 1526 quae
1357 1495 1384 1518 et
1402 1493 1498 1519 eadem
1517 1493 1624 1520 ratione
1641 1493 1670 1519 in
1685 1493 1852 1527 praecedenti

1027 1530 1072 1557 die
1089 1530 1163 1557 infra
1181 1530 1315 1557 Octavam
1334 1531 1394 1558 fieri
1413 1532 1503 1559 debet.

1078 1575 1101 1601 7.
1120 1574 1173 1600 Die
1188 1574 1294 1601 Octava
1307 1579 1489 1602 concurrente
1502 1583 1566 1603 cum
1580 1576 1634 1602 alia
1647 1575 1692 1602 die
1706 1575 1819 1609 Octava,
1835 1584 1851 1603 a

1027 1613 1156 1647 Capitulo
1170 1613 1201 1639 fit
1215 1613 1250 1640 de
1268 1614 1403 1649 sequenti,
1421 1623 1484 1642 cum
1502 1615 1764 1642 commemoratione
1781 1623 1850 1649 prae-

1026 1652 1158 1686 cedentis,
1171 1656 1287 1687 excepta
1297 1653 1403 1680 Octava
1412 1654 1545 1689 Corporis
1555 1654 1658 1681 Christi
1671 1658 1852 1681 concurrente

1026 1699 1090 1718 cum
1108 1692 1214 1718 Octava
1233 1693 1320 1719 sancti
1338 1693 1456 1720 Joannis
1474 1693 1619 1728 Baptistae,
1638 1693 1666 1719 in
1685 1700 1741 1727 qua
1759 1693 1794 1720 de
1811 1701 1851 1720 se-

1026 1731 1122 1765 quenti
1136 1731 1167 1758 fit
1185 1734 1292 1758 tantum
1307 1733 1542 1766 commemoratio,
1559 1736 1587 1759 et
1600 1732 1713 1766 quando
1728 1732 1808 1759 aliter
1823 1733 1851 1758 in

1025 1770 1146 1804 propriis
1163 1770 1231 1797 locis
1248 1774 1368 1798 notatur.
1396 1771 1449 1798 Die
1464 1772 1569 1799 Octava
1588 1774 1768 1798 concurrente
1785 1779 1849 1798 cum

1026 1809 1152 1843 sequenti
1170 1809 1281 1844 Duplici
1298 1810 1408 1845 minori,
1425 1810 1509 1838 etiam
1527 1810 1670 1843 translato,
1688 1817 1704 1836 a
1721 1810 1850 1844 Capitulo

1026 1848 1057 1875 fit
1076 1848 1111 1875 de
1133 1849 1273 1883 sequenti,
1295 1857 1359 1876 cum
1378 1849 1640 1876 commemoratione
1660 1849 1774 1876 Octavae
1794 1851 1850 1882 (ex—

1025 1887 1112 1922 ceptis
1129 1887 1226 1914 diebus
1241 1888 1353 1915 Octavis
1367 1889 1559 1915 Festivitatum
1578 1889 1667 1915 beatae
1681 1889 1776 1915 Mariae
1790 1889 1850 1916 Vir-

1025 1926 1103 1960 ginis,
1121 1926 1204 1952 etiam
1217 1926 1431 1960 particularibus
1443 1927 1558 1961 alicujus
1571 1927 1731 1962 Religionis,
1749 1928 1777 1954 in
1791 1928 1849 1962 qui-

1025 1966 1078 1991 bus
1091 1964 1126 1991 de
1143 1965 1270 1999 sequenti
1284 1966 1315 1992 fit
1329 1969 1437 1993 tantum
1455 1966 1700 1999 commemoratio).
1729 1967 1849 1994 Concur-

1024 2006 1103 2030 rente
1116 2011 1183 2030 vero
1197 2011 1260 2031 cum
1276 2005 1402 2039 sequenti
1415 2006 1529 2040 Duplici
1542 2006 1647 2040 majori,
1665 2006 1747 2033 etiam
1762 2009 1849 2033 trans-

1025 2043 1089 2077 lato,
1107 2045 1196 2069 totum
1210 2043 1341 2071 Officium
1355 2044 1386 2071 fit
1400 2044 1435 2072 de
1453 2044 1588 2079 sequenti,
1605 2052 1669 2072 cum
1685 2052 1849 2072 commemo—

1024 2082 1131 2108 ratione
1149 2082 1270 2116 Octavae,
1288 2086 1404 2118 excepta
1422 2083 1467 2110 die
1485 2084 1590 2111 Octava
1609 2083 1779 2118 Epiphaniae,
1797 2084 1849 2110 Pa-

1025 2121 1107 2154 schae,
1124 2121 1312 2156 Ascensionis,
1332 2126 1360 2150 et
1378 2123 1510 2158 Corporis
1524 2122 1634 2157 Christi,
1652 2123 1680 2150 in
1697 2123 1799 2157 quibus
1813 2123 1848 2149 de

1024 2160 1150 2194 sequenti
1164 2161 1195 2187 fit
1209 2164 1316 2188 tantum
1330 2162 1563 2189 commemoratio.
1583 2161 1612 2189 Si
1624 2165 1715 2189 autem
1729 2170 1847 2196 sequens

1024 2200 1137 2226 Festum
1160 2200 1243 2227 etiam
1267 2201 1446 2235 translatum,
1473 2201 1558 2228 fuerit
1579 2209 1614 2228 ex
1636 2200 1848 2228 solemnioribus

1024 2246 1107 2273 supra
1121 2239 1290 2266 enumeratis
1302 2240 1331 2266 in
1340 2240 1464 2267 Rubrica
1477 2240 1512 2267 de
1524 2240 1848 2273 Commemorationibus,

1023 2278 1052 2304 in
1069 2278 1192 2305 secundo
1210 2278 1308 2305 ordine
1325 2286 1442 2306 numero
1460 2280 1492 2313 6.,
1510 2282 1599 2306 totum
1613 2278 1744 2306 Officium
1763 2278 1794 2305 fit
1813 2278 1847 2305 de

1023 2317 1158 2351 sequenti,
1175 2325 1239 2344 cum
1257 2318 1519 2345 commemoratione
1537 2318 1658 2345 Octavoe.

1074 2361 1099 2387 8.
1117 2360 1241 2395 Simplex
1257 2369 1322 2389 cum
1340 2361 1394 2388 alio
1412 2369 1468 2388 non
1482 2364 1574 2396 potest
1586 2368 1752 2388 concurrere
1765 2361 1793 2387 in
1807 2368 1847 2388 se-

1022 2400 1121 2427 cundis
1135 2400 1266 2434 Vesperis
1280 2401 1355 2434 (licet
1369 2408 1433 2428 cum
1446 2401 1508 2435 ipso
1521 2400 1608 2435 possit
1621 2408 1682 2427 esse
1695 2407 1846 2427 concursus

1023 2439 1050 2466 in
1066 2439 1162 2473 primis
1176 2439 1328 2474 Vesperis),
1345 2439 1411 2474 quia
1426 2447 1482 2466 non
1496 2439 1579 2466 habet
1595 2439 1731 2466 secundas
1744 2439 1846 2473 Vespe-

1021 2485 1076 2511 ras,
1090 2478 1140 2504 sed
1153 2478 1212 2512 ejus
1226 2478 1356 2506 Officium
1371 2478 1535 2506 terminatur
1548 2478 1585 2505 ad
1598 2478 1716 2511 Nonam,
1730 2480 1758 2504 et
1771 2477 1845 2504 dein-

1022 2525 1087 2551 ceps
1102 2517 1169 2543 nihil
1184 2517 1215 2544 fit
1228 2517 1263 2544 de
1278 2525 1320 2551 eo,
1337 2525 1388 2544 nec
1405 2517 1640 2544 commemoratio.
1666 2517 1696 2545 Si
1713 2519 1846 2550 sequatur

1022 2556 1098 2582 aliud
1113 2555 1248 2590 Simplex,
1266 2557 1372 2583 Psalmi
1390 2560 1471 2583 erunt
1489 2556 1524 2583 de
1541 2555 1620 2583 Feria
1638 2558 1800 2583 occurrente
1816 2555 1844 2580 in

1022 2595 1157 2622 Psalterio
1175 2595 1212 2621 ad
1230 2595 1380 2630 Vespems,
1398 2598 1426 2622 et
1443 2603 1459 2622 a
1475 2594 1602 2629 Capitulo
1619 2594 1650 2621 fit
1667 2594 1703 2621 de
1719 2593 1844 2627 sequenti

1021 2633 1145 2668 Simplici
1162 2633 1222 2661 sine
1239 2634 1295 2661 ulla
1313 2635 1576 2661 commemoratione
1592 2632 1781 2668 praecedentis.
1813 2631 1844 2658 Si

1021 2676 1153 2706 sequatur
1170 2673 1301 2700 Officium
1319 2681 1420 2700 novem
1437 2672 1612 2706 Lectionum,
1631 2672 1760 2706 Vesperae
1777 2673 1843 2697 totae

1021 2715 1102 2738 erunt
1111 2711 1146 2738 de
1155 2719 1188 2738 eo
1198 2712 1258 2739 sine
1267 2712 1322 2739 ulla
1332 2712 1458 2739 similiter
1466 2711 1699 2738 comemoratione
1705 2708 1843 2743 Simplicis
