2040 2990
678 193 717 226 In
746 194 888 236 vigilia
916 194 1140 228 Nativitutis
1166 194 1332 227 Domini.

172 285 296 326 Mens
315 285 400 336 jam
419 287 620 335 resurgat
637 284 827 337 torpida,

220 341 323 382 Non
343 340 530 392 amplius
549 341 693 391 jacens
712 340 846 382 humi:

221 395 351 437 Sidus
370 396 557 448 refulget
576 398 661 448 jam
679 410 853 448 novum,

222 452 281 494 Ut
298 452 426 494 tollat
445 466 574 494 omne
593 454 783 494 noxium.

171 521 235 560 En
255 521 409 572 Agnus
429 520 486 562 ad
502 534 584 563 nos
603 523 789 563 mittitur

219 577 391 618 Laxare
409 577 545 627 gratis
565 577 777 619 debitum:

221 632 386 674 Omnes
405 632 533 674 simu]
553 646 652 674 cum
672 634 861 676 lacrimis

218 689 454 730 Precemur
473 689 798 740 indulgentiam.

170 758 235 807 Vt,
255 770 355 799 cum
373 758 570 800 secundo
590 758 770 809 fulserit,

218 814 429 866 Metaque
448 815 661 856 mundum
682 817 877 866 cinxerit,

218 870 320 911 Non
340 883 422 922 pro
442 873 568 912 reatu
587 872 751 923 puniat,

218 926 306 968 Sed
324 939 405 968 nos
425 927 524 979 pius
543 932 647 969 tunc
666 931 881 980 protegat.

170 995 331 1045 Virtus,
351 995 504 1046 honor,
523 996 628 1046 laus,
650 996 790 1047 gloria

217 1052 315 1093 Deo
335 1052 457 1093 Patri
477 1065 576 1093 cum
595 1053 717 1102 Filio,

216 1109 376 1150 Sancto
397 1108 525 1150 simul
544 1109 775 1159 Paraclito,

215 1165 266 1204 In
286 1164 549 1205 saeculorum
568 1165 740 1206 saecula.
774 1167 927 1207 Amen.

194 1223 243 1274 V.
263 1228 464 1273 Crastina
489 1229 560 1271 die
581 1229 798 1272 delebitur
817 1231 969 1283 iniqui-

136 1289 205 1325 tas
219 1289 360 1326 terrae.
389 1286 439 1337 R.
450 1286 507 1327 Et
522 1286 724 1337 regnabit
739 1299 872 1339 super
887 1301 969 1329 nos

136 1340 338 1382 Salvator
357 1341 520 1383 mundi.

193 1405 262 1445 Ad
299 1405 460 1446 Bened.
505 1407 604 1447 Ant.
652 1406 826 1448 Orietur
858 1407 971 1449 sicut

137 1460 204 1501 sol
232 1461 436 1502 Salvator
462 1462 629 1504 mundi:
658 1468 701 1504 et
730 1462 970 1505 descendet

136 1516 180 1556 in
200 1519 372 1558 uterum
386 1518 591 1568 Virginis,
611 1519 724 1560 sicut
743 1518 884 1561 imber
903 1533 970 1561 su-

137 1585 217 1624 per
236 1585 427 1623 gramen,
448 1574 630 1626 alleluja.

480 1638 642 1680 Oratio.

139 1692 322 1797 Deum
350 1698 424 1750 qui
448 1711 530 1740 nos
554 1699 871 1752 redemptionis
895 1715 969 1743 no-

242 1759 347 1795 strae
373 1756 516 1796 annua
542 1756 873 1808 exspectatione
897 1758 969 1799 lae-

137 1810 294 1851 tificas:
319 1815 497 1863 praesta3
527 1816 576 1853 ut
598 1811 881 1862 Unigenitum
905 1819 969 1856 tu-

137 1879 221 1916 um,
242 1879 372 1918 quem
391 1867 742 1921 Redemptorem
763 1869 854 1911 laeti
878 1883 969 1911 sus-

138 1922 339 1974 cipimus,
372 1923 621 1965 venientem
654 1931 831 1977 quoque
863 1926 968 1978 judi-

138 1990 235 2018 cem
270 1978 415 2019 securi
454 1979 698 2030 videamus,
730 1982 970 2024 Dominum

138 2038 338 2075 nostrum
368 2034 393 2074 J
396 2046 518 2076 esum
557 2036 777 2079 Christum
812 2038 971 2080 Filium

138 2093 277 2130 tuum:
312 2089 397 2139 Qui
428 2095 574 2133 tecum
601 2093 708 2135 vivit
741 2099 785 2136 et
817 2100 970 2146 regnat

138 2145 181 2185 in
208 2145 375 2188 unitate
400 2147 597 2199 Spiritus.

79 2206 82 2209 ⁴
193 2207 237 2240 Et
259 2206 403 2240 (licitur
428 2218 495 2250 pcr
523 2208 649 2242 Horas
677 2211 763 2244 (lici.

192 2257 318 2292 Prima
345 2259 486 2293 dicitur
508 2260 607 2294 sicut
633 2261 669 2294 in
700 2262 825 2305 Dupl.
860 2271 894 2298 ct
921 2266 968 2299 ad

140 2306 437 2340 Absolutionem
460 2307 629 2350 Capituli
656 2309 796 2344 dicitur
814 2312 968 2355 Cupitu-

139 2353 215 2387 lum
242 2353 375 2387 Nonae.

407 2421 474 2457 Ad
498 2421 702 2460 Tertiam.

192 2475 290 2533 Ant.
324 2476 465 2518 liodje
484 2478 641 2520 scietis.

1085 285 1346 336 Capitulum.
1402 285 1559 326 Paulus
1604 299 1768 328 servus.
1818 294 1865 328 ut

1032 354 1177 391 supra.
1202 342 1290 382 175.
1698 380 1702 383 .

1087 406 1132 456 R.
1152 404 1214 445 br.
1238 406 1385 448 Hodie
1410 407 1573 456 scietiS,
1609 409 1631 432 ¹*
1653 408 1766 458 Quia
1790 410 1860 449 ve-

1028 463 1119 504 niet
1139 463 1367 504 Dominus.
1399 463 1559 504 Hodie.
1591 459 1640 511 V.
1657 464 1714 506 Et
1731 477 1860 506 mane

1028 519 1234 560 videbitis
1258 519 1443 569 gloriam
1467 519 1568 570 ejus.
1601 520 1723 570 Quia.
1757 519 1860 561 Glo-

1028 576 1091 616 ria
1109 575 1240 616 Patri.
1268 575 1427 616 Hodie.

1084 627 1133 678 Ys-
1164 635 1429 677 Constantes
1453 639 1608 678 estote.
1658 636 1708 688 Κ.
1728 637 1860 679 Vide—

1026 691 1129 733 bitis
1147 691 1355 732 auxilium
1375 693 1553 733 Domini
1572 706 1705 746 super
1726 706 1818 734 vos.

1301 778 1368 813 Ad
1392 777 1581 815 Sextam.

1083 843 1181 883 Ant.
1206 843 1411 884 Crastina
1432 842 1513 884 die.

1134 906 1395 959 Capitulum.
1591 910 1714 949 Rom.
1730 911 1759 949 1.

1027 951 1155 1075 Qui
1174 966 1516 1019 praedestinatus
1537 973 1604 1010 est
1619 968 1756 1010 Filius
1775 969 1860 1010 Dei

1128 1023 1172 1063 in
1198 1024 1359 1066 virtute
1389 1024 1631 1066 secundum
1658 1025 1860 1077 spiritum

1025 1079 1401 1130 sanctificationis,
1446 1093 1500 1122 ex
1537 1081 1859 1122 resurrectione

1024 1138 1299 1177 mortuorum
1335 1137 1439 1178 Jesu
1466 1137 1641 1179 Christi
1681 1137 1859 1178 Domini

1023 1192 1174 1233 nostri.

1083 1257 1133 1308 R.
1160 1257 1221 1298 br.
1252 1257 1453 1299 Crastina
1481 1257 1553 1299 die
1587 1260 1610 1283 *
1629 1258 1860 1300 Delebitur

1024 1313 1230 1365 iniquitas
1245 1318 1387 1354 terrae.
1416 1314 1630 1356 Crastina.
1659 1309 1709 1361 V.
1723 1315 1781 1356 Et
1795 1327 1859 1356 re-

1022 1368 1176 1419 gnabit
1202 1381 1335 1421 super
1360 1382 1442 1411 nos
1467 1369 1671 1412 Salvator
1696 1370 1859 1412 mundi.

1023 1424 1266 1466 Delebitur.
1297 1425 1449 1466 Gloria
1467 1426 1596 1467 Patri.
1625 1426 1838 1468 Crastina.

1081 1479 1131 1530 Y.
1179 1485 1382 1528 Crastina
1428 1486 1511 1528 erit
1555 1487 1682 1529 vobis
1728 1487 1858 1529 salus.

1030 1542 1078 1582 Η.
1119 1541 1238 1582 Dicit
1277 1542 1492 1583 Dominus
1533 1543 1655 1585 Deus
1696 1546 1858 1585 exerci-

1023 1601 1157 1637 tuum.

1305 1667 1373 1703 Ad
1396 1667 1581 1704 Nonam.

1080 1730 1179 1769 Ant.
1207 1727 1411 1770 Crastina
1430 1728 1522 1770 erit.

1131 1793 1390 1845 Capitulum.
1582 1796 1708 1835 Rom.
1727 1797 1757 1835 1.

1027 1846 1157 1952 Per
1177 1871 1308 1910 quem
1327 1859 1578 1911 accepimus
1597 1860 1795 1911 gratiam,
1814 1866 1859 1903 et

1128 1914 1427 1966 apostolatum
1467 1915 1525 1957 ad
1561 1915 1858 1958 obediendum

1024 1969 1127 2011 fidei
1151 1970 1195 2010 in
1220 1970 1422 2012 omnibus
1443 1972 1660 2014 Gentibus
1680 1985 1762 2025 pro
1782 1975 1857 2014 no-

1023 2026 1138 2067 mine
1168 2026 1275 2077 ejus,
1312 2027 1356 2067 in
1386 2027 1544 2080 quibus
1572 2029 1676 2070 estis
1705 2033 1749 2070 et
1776 2041 1856 2070 vos

1023 2082 1169 2123 vocati
1192 2082 1216 2121 J
1220 2095 1299 2123 esu
1323 2082 1485 2126 Christi
1503 2085 1683 2125 Domini
1706 2085 1857 2126 nostri.

1081 2144 1130 2194 Ru
1158 2143 1218 2184 br.
1246 2146 1446 2189 Crastina
1475 2147 1497 2169 *
1516 2149 1613 2191 Erit
1638 2149 1766 2191 vobis
1790 2162 1855 2191 sa·

1023 2202 1102 2243 lus.
1154 2202 1364 2244 Crastina.
1416 2198 1463 2248 Y.
1492 2205 1612 2246 Dicit
1641 2205 1857 2247 Dominus

1022 2258 1144 2299 Deus
1165 2261 1447 2300 exercituum.
1475 2261 1583 2302 Erit.
1612 2261 1763 2302 Gloria
1777 2262 1856 2302 Pa-

1023 2314 1089 2355 tri.
1118 2314 1330 2355 Crastina.

1079 2370 1127 2421 W.
1150 2374 1352 2416 Crastina
1377 2375 1448 2418 die
1468 2375 1685 2418 delebitur
1704 2377 1856 2428 iniqui-

1022 2434 1090 2471 tas
1123 2435 1265 2471 terrae.
1318 2432 1367 2482 Rv.
1397 2432 1455 2473 Et
1487 2432 1688 2483 regnabit
1721 2445 1855 2485 super

1024 2498 1104 2527 nos
1123 2486 1325 2528 Salvator
1343 2487 1506 2529 mundi.
