2040 2990
202 180 245 215 74
744 183 853 217 Fcria
877 183 1008 226 quinta
1034 182 1081 216 ad
1107 182 1340 216 Matutinum.

251 275 319 317 Ne
342 275 542 327 projicias
570 290 638 318 me
661 277 703 317 in
726 278 925 330 tempore
953 291 1015 319 se-

200 331 400 373 nectutis:
436 332 459 357 *
496 344 593 373 cum
634 332 839 375 defecerit
880 334 1015 376 virtus

201 400 307 437 mea,
333 400 387 429 ne
416 388 692 442 derelinquas
719 403 799 432 me.

252 444 361 494 Quia
385 443 585 486 dixerunt
608 446 769 488 inimici
793 446 877 488 mei
896 446 1015 487 mihi:

198 501 220 525 *
240 505 284 541 et
304 501 377 552 qui
396 501 700 544 custodiebant
725 503 911 543 animam
929 515 1014 544 me-

198 569 278 605 am,
307 558 534 599 consilium
561 558 754 600 fecerunt
780 559 823 599 in
850 572 992 600 unum.

249 612 474 655 Dicentes:
501 614 620 656 Deus
649 614 879 667 dereliquit
907 628 1014 665 eum,

198 671 526 720 persequimini,
574 676 616 713 et
660 671 1015 723 comprehendite

199 736 313 765 eum:
341 727 364 751 *
392 726 493 778 quia
520 740 606 768 non
635 732 701 768 est
730 728 803 779 qui
830 729 994 780 eripiat.

250 781 368 822 Deus
388 795 442 823 ne
461 782 674 834 elongeris
700 797 725 825 a
749 797 834 825 me:
853 785 876 810 *
894 786 1015 826 Deus

198 850 319 878 meus
338 838 381 878 in
400 839 604 880 auxilium
622 852 765 881 meum
784 841 963 893 respice.

251 893 587 944 Confundantur,
603 901 646 937 et
661 895 864 938 deficiant
875 896 1013 939 detra-

198 948 349 990 hentes
379 950 532 992 animae
559 964 685 1002 meae3
712 954 735 978 *
764 954 1014 1006 operiantur

198 1005 460 1055 confusione,
480 1013 523 1049 et
541 1008 709 1060 pudere
726 1010 800 1061 qui
816 1015 1015 1062 quaerunt

197 1061 309 1102 mala
332 1062 445 1103 mihi.

248 1117 342 1168 Ego
361 1124 504 1160 autem
519 1132 690 1173 semper
706 1122 909 1174 sperabo:
928 1125 951 1150 *
971 1128 1014 1165 et

196 1173 392 1225 adjiciam
441 1188 571 1227 super
620 1190 792 1220 omnem
840 1178 1013 1221 laudem

196 1235 323 1271 tuam.

248 1287 309 1328 Os
341 1301 483 1330 meum
515 1290 783 1333 annuntiabit
810 1292 1013 1343 justitiam

197 1347 331 1384 tuam:
359 1346 382 1370 *
408 1350 502 1386 tota
530 1345 599 1387 die
627 1347 815 1389 salutare
843 1353 975 1390 tuum.

247 1399 461 1448 Quoniam
484 1414 571 1442 non
595 1404 780 1453 cognevi
804 1404 1012 1447 litteratu-

195 1467 297 1504 ram,
316 1456 504 1498 introibo
523 1458 566 1498 in
584 1460 802 1510 potentias
821 1461 1012 1502 Demini:

196 1511 218 1537 *
237 1511 422 1554 D6mine
441 1514 718 1556 memorabor
735 1517 909 1567 justitiae
924 1524 1011 1559 tuae

197 1566 341 1608 solius.

246 1623 367 1665 Deus
403 1624 587 1667 docuisti
626 1639 695 1669 me
732 1640 756 1669 a
791 1629 1011 1679 juventute

195 1691 306 1728 mea;
324 1681 348 1705 *
368 1686 411 1722 et
429 1694 567 1732 usque
590 1695 702 1724 nunc
719 1686 1009 1736 pronuntiabo

196 1735 405 1777 mirabilia
432 1743 516 1778 tua.

247 1791 303 1833 Et
322 1805 458 1844 usque
478 1794 520 1834 in
540 1796 757 1837 senectam
772 1802 815 1839 et
829 1798 1010 1839 senium:

195 1847 218 1872 *
246 1847 364 1888 Deus
392 1862 445 1890 ne
473 1849 746 1904 derelinquas
772 1866 853 1895 me.

246 1903 399 1946 Donec
425 1907 673 1949 annantiem
699 1908 923 1951 brachium
946 1916 1009 1953 tu-

195 1971 267 1999 um
290 1961 313 1985 *
337 1962 602 2010 generatidni
629 1965 756 2014 omni,
785 1980 882 2019 quae
911 1981 1008 2010 ven-

195 2017 293 2055 11113
318 2021 399 2058 est:

245 2070 489 2113 Potentiam
507 2079 636 2124 tuam,
660 2081 703 2117 et
723 2077 926 2127 justitiam
945 2085 1007 2122 111-

195 2137 265 2166 3111
287 2126 406 2168 Ι)0118
432 2142 568 2181 usque
594 2130 636 2171 in
661 2131 883 2184 altissima,
910 2149 1007 2188 quae

194 2180 336 2279 {geisa}
352 2185 578 2268 magnalia:
597 2188 620 2214 *
638 2187 757 2229 1)0118
777 2190 873 2240 quis
896 2193 1006 2234 simi-

273 2238 306 2278 ti
339 2238 370 2278 i.

246 2294 437 2343 Quantas
461 2298 687 2340 ostendisti
711 2300 811 2342 mihi
834 2303 1007 2346 tribula-

194 2348 335 2391 1101108
354 2351 510 2393 111111138
534 2359 577 2394 01
595 2355 746 2396 malas:
771 2363 813 2399 et
832 2362 1006 2401 conver-

195 2417 267 2445 sus
291 2405 518 2449 vivificasti
541 2422 626 2450 me:
648 2412 668 2435 *
694 2418 737 2453 et
762 2412 816 2454 de
842 2414 1007 2467 abyssis

194 2465 322 2502 terrae
350 2464 503 2504 iterum
531 2464 741 2508 reduxisti
768 2483 855 2511 me:

245 2516 540 2569 Multiplicasti
562 2523 921 2572 magnificentiam
944 2533 1006 2569 tu-

194 2585 278 2613 am:
306 2575 329 2600 *
357 2579 400 2615 01
428 2578 662 2619 conversus
687 2581 936 2623 consolatus
961 2597 1006 2625 es

193 2641 272 2670 me.

244 2685 356 2726 Nam
391 2692 433 2728 et
467 2700 548 2738 ego
583 2690 822 2733 confitebor
855 2694 933 2736 tibi
964 2696 1006 2737 in

1068 277 1184 318 vasis
1223 277 1379 329 psalmi
1419 277 1647 319 veritatem
1687 281 1825 319 tuam:
1864 279 1888 304 *

1068 334 1187 375 Deus
1211 333 1396 386 psallam
1418 333 1498 376 tibi
1523 334 1567 374 in
1591 332 1768 386 cithara,
1795 348 1888 377 san-

1068 395 1163 431 ctus
1191 390 1339 431 Israel.

1117 446 1408 488 Exsultabunt
1425 446 1539 488 labia
1558 459 1656 489 mea
1674 460 1773 490 cum
1790 461 1887 490 can-

1067 504 1219 545 tavero
1238 503 1333 545 tibi:
1353 505 1376 531 *
1396 509 1439 546 et
1462 503 1605 545 anima
1626 517 1733 555 mea,
1758 517 1889 558 quam

1067 558 1300 601 redemisti.

1119 615 1205 657 Sed
1229 620 1272 657 et
1296 615 1442 667 lingua
1467 629 1565 658 mea
1589 621 1683 658 tota
1708 615 1778 659 die
1801 631 1887 660 me-

1068 671 1276 714 ditabitur
1316 673 1521 724 justitiam
1556 678 1694 714 tuam:
1729 674 1753 699 *
1790 687 1888 716 011111

1068 728 1236 769 confasi
1252 734 1296 770 et
1310 729 1485 770 reveriti
1498 729 1668 780 fuerint,
1684 730 1757 782 qui
1773 744 1887 783 quae-

1067 790 1167 826 runt
1193 785 1306 826 mala
1332 785 1446 827 mihi.

1342 883 1538 924 Psalmus
1558 883 1613 923 71.

1064 950 1236 1055 Deus
1264 958 1468 1010 judicium
1494 963 1618 1001 tuum
1644 960 1737 1012 regi
1763 960 1838 1002 da:
1864 962 1887 987 ¹⁸¹

1187 1019 1230 1056 et
1257 1015 1463 1066 justitiam
1492 1020 1613 1058 tuam
1637 1016 1728 1058 silio
1755 1017 1888 1068 regis:

1116 1070 1318 1112 Judicare
1349 1072 1562 1124 populum
1597 1077 1721 1115 tuum
1754 1073 1799 1114 in
1828 1074 1887 1126 ju-

1067 1127 1193 1177 stitia,
1208 1127 1231 1153 *
1249 1132 1293 1170 et
1310 1131 1528 1181 pauperes
1546 1133 1647 1171 tuos
1659 1129 1886 1182 injudicio.

1116 1183 1362 1236 Suscipiant
1402 1190 1574 1228 montes
1615 1199 1770 1239 pacem
1811 1189 1887 1240 po-

1065 1239 1186 1291 pulo:
1204 1240 1228 1266 *
1248 1245 1292 1282 et
1311 1241 1446 1283 colles
1465 1243 1682 1294 justitiam.

1116 1295 1141 1336 J
1142 1295 1335 1339 udicabit
1374 1302 1591 1351 pauperes
1625 1300 1798 1353 pepuli,
1843 1305 1888 1342 et

1067 1352 1212 1394 salvos
1235 1353 1365 1396 faciet
1387 1354 1502 1396 filios
1525 1359 1782 1408 pauperum:
1800 1357 1824 1383 *
1843 1362 1887 1399 et

1066 1407 1311 1451 humiliabit
1331 1410 1699 1454 calumniatdrem.

1115 1465 1172 1506 Et
1189 1466 1461 1517 permanebit
1479 1480 1577 1509 cum
1596 1468 1707 1519 sole,
1727 1473 1771 1511 et
1786 1473 1886 1511 ante

1063 1520 1226 1571 lunam,
1245 1523 1269 1550 *
1287 1523 1331 1564 in
1349 1524 1628 1575 generatione
1649 1530 1692 1567 et
1709 1537 1886 1576 genera—

1063 1577 1238 1619 110110111.

1114 1633 1365 1677 Descendet
1383 1635 1495 1678 sicut
1513 1636 1662 1689 plavia
1674 1637 1719 1678 in
1733 1637 1886 1680 vellus:

1062 1690 1086 1715 ’⁸¹
1106 1694 1149 1731 et
1167 1690 1280 1732 sicut
1299 1691 1517 1734 stillicidia
1533 1692 1740 1736 stillantia
1753 1707 1885 1748 super

1062 1750 1234 1787 terram.

1115 1802 1289 1845 Orietur
1307 1804 1350 1844 in
1370 1803 1522 1847 diebus
1542 1806 1632 1858 ejus
1651 1807 1821 1859 justitia,
1841 1811 1885 1850 et

1063 1857 1329 1902 abundantia
1351 1861 1487 1913 pacis:
1506 1862 1530 1888 *
1553 1862 1694 1905 donec
1719 1863 1884 1906 aufera-

1062 1919 1132 1956 tur
1150 1915 1262 1957 luna.

1112 1971 1168 2012 Et
1185 1971 1478 2015 dominabitur
1497 1987 1522 2016 a
1542 1975 1653 2016 mari
1670 1988 1808 2028 usque
1826 1975 1884 2018 ad

1062 2039 1196 2069 mare:
1214 2028 1238 2054 *
1258 2033 1301 2070 01
1321 2042 1346 2070 3
1365 2030 1540 2072 flumine
1564 2044 1703 2084 usque
1723 2031 1780 2074 ad
1798 2033 1882 2074 ter—

1060 2083 1204 2125 minos
1225 2083 1343 2126 orbis
1361 2089 1586 2128 terrarum.

1114 2139 1272 2181 Coram
1316 2141 1390 2183 illo
1439 2143 1670 2195 procident
1713 2143 1881 2186 AEthio-

1060 2207 1157 2247 pes:
1183 2196 1206 2221 *
1235 2201 1279 2238 et
1310 2197 1469 2240 inimici
1502 2200 1592 2251 ejus
1618 2205 1780 2242 terram
1806 2200 1882 2242 lin-

1060 2256 1172 2301 gent.

1111 2307 1256 2358 Reges
1270 2309 1460 2361 Tharsis,
1479 2316 1521 2354 et
1535 2312 1687 2354 insulae
1701 2316 1880 2355 manera

1061 2362 1259 2405 offerent:
1282 2367 1305 2392 *
1330 2379 1455 2417 reges
1480 2368 1676 2410 Arabum
1700 2374 1743 2411 et
1766 2369 1880 2411 Saba

1061 2418 1175 2460 dona
1195 2419 1427 2464 addacent:

1111 2475 1166 2516 Et
1190 2475 1436 2521 adorabunt
1460 2492 1558 2522 eum
1582 2493 1733 2523 omnes
1752 2494 1878 2534 reges

1059 2534 1202 2572 terrae:
1217 2532 1240 2557 *
1262 2545 1412 2575 omnes
1433 2535 1596 2578 Gentes
1616 2538 1806 2580 servient
1826 2539 1878 2580 ei:

1111 2587 1220 2637 Quia
1251 2587 1454 2632 liberabit
1485 2596 1723 2645 pauperem
1750 2608 1775 2636 a
1801 2607 1877 2648 po-

1058 2644 1190 2685 tente:
1210 2644 1232 2669 *
1252 2650 1296 2685 et
1314 2649 1567 2699 paaperem‚
1591 2649 1661 2690 cui
1678 2663 1767 2692 non
1785 2656 1879 2693 erat

1057 2698 1237 2751 adjutor.
