2040 2990
206 226 272 261 366
640 228 704 261 lm·
729 230 757 260 2.
789 229 870 261 Dec,

210 332 321 370 rum,
348 325 392 361 et
414 320 457 361 in
479 320 589 363 fines
612 320 729 362 orbis
748 314 879 362 terrae
897 319 1030 362 verba

209 379 371 418 cerum.
808 379 821 392 ⁹

264 441 306 490 lea
343 441 399 479 br.
458 438 597 480 Nimis
632 438 836 480 honorati
871 442 971 479 sunt
1003 446 1022 467 *

206 492 349 535 Amici
373 494 436 535 tui
460 495 591 536 Deus.
628 495 777 536 Nimis.
818 496 861 545 XC
890 494 1028 535 Nimis

206 551 478 593 confortatus
498 557 564 594 est
581 553 850 605 principatus
866 554 1028 593 eorum.

204 606 356 648 Amici.
385 608 535 650 (ileria
553 609 682 651 Patri.
710 609 860 650 Nimis.

258 664 303 715 δ”.
350 669 727 711 Annuntiaverunt
765 672 899 722 <Spera
933 668 1027 709 Dei.

204 728 252 777 Rf.
271 723 328 766 Et
347 724 461 767 facta
481 727 571 777 ejus
590 726 904 768 intellexerunt.

408 807 469 847 In
490 806 548 847 11.
572 805 821 857 vesperis.

254 876 339 907 Ant.
366 883 399 907 ct
423 876 543 918 (Iapis.
570 877 615 909 cic
642 876 755 909 Laud.
783 872 858 915 364,
881 876 1019 909 I’sulmi

204 927 238 953 ιιι
269 923 300 954 ln
332 923 371 955 11.
395 924 503 965 vesp.
532 924 577 957 (ic
605 926 746 957 Nomm.
773 925 907 966 Apost.
934 918 1002 962 [13]

259 978 289 1016 11
296 992 460 1028 ymnus.
493 976 691 1018 Exsultet
711 975 840 1018 orbis.
859 976 952 1017 365.

257 1035 301 1085 δ”.
346 1036 723 1079 Annuntiaverunt
760 1039 895 1090 (Spera
931 1036 1025 1078 Dei.

206 1094 249 1143 Ιζι.
270 1093 326 1134 Et
345 1093 459 1135 facta
479 1094 568 1146 ejus
589 1094 904 1136 intellexerunt.

256 1159 320 1198 ,xd
345 1159 514 1206 Magnis.
547 1162 640 1201 Ant.
672 1163 782 1200 (lum
806 1161 1023 1212 pervenis-

201 1219 268 1256 set
286 1214 441 1256 beatus
462 1214 660 1256 Andreas
685 1215 742 1257 ad
764 1216 925 1267 locum,
950 1215 1024 1257 ubi

200 1284 307 1312 crux
325 1273 479 1324 parata
499 1276 605 1322 erat,
625 1272 883 1314 exclamavit
902 1277 945 1314 et
964 1271 1024 1314 di-

199 1328 276 1369 xit:
309 1328 347 1369 O
372 1328 488 1370 bona
514 1341 637 1379 crux,
666 1329 741 1371 diu
767 1329 1023 1379 desiderata,

200 1389 243 1425 et
258 1385 342 1435 jam
357 1385 683 1437 concupiscenti
699 1386 841 1427 animo
854 1398 1023 1438 praepa-

198 1442 308 1482 rata:
332 1445 511 1483 securus
537 1446 580 1483 et
603 1441 797 1493 gaudens
816 1443 943 1484 venio
968 1442 1024 1484 ad

198 1502 253 1546 te,
271 1498 332 1539 ita
351 1503 395 1539 et
413 1503 461 1540 tu
481 1498 703 1540 exsultans
723 1499 936 1552 suscipias
953 1511 1023 1540 me

199 1552 460 1607 discipulum
476 1556 577 1607 ejus,
598 1555 672 1607 qui
686 1555 895 1608 pependit
908 1556 953 1596 in
968 1560 1022 1596 te.

254 1618 295 1651 Et
323 1619 359 1651 tit
386 1629 579 1652 wmmem.
607 1619 736 1653 Feriae.

445 1691 805 1714 κήκ»,-

268 1767 495 1828 1³155'1'A
530 1766 957 1829 DMEMRRIS.

534 1853 597 1865 ——0
601 1853 689 1866 00—-

401 1900 485 1942 Die
503 1901 539 1941 2.
558 1900 825 1943 Decembris.

284 1964 327 2004 S.
351 1963 578 2007 Bibianae
603 1966 719 2014 virg.
745 1972 786 2006 ct
815 1966 933 2006 Mart.

482 2027 739 2070 semiduplex.

255 2080 388 2115 Omnia
415 2082 591 2117 dicuntur
619 2084 664 2118 dc
691 2084 891 2117 Communi
920 2083 1020 2124 Virg.

199 2128 271 2172 [83]
295 2137 434 2171 practer
459 2142 563 2174 sequ.

535 2188 696 2227 Oratio.

285 2257 362 2286 eus
387 2246 577 2287 omnium
596 2245 776 2297 largitor
795 2247 1021 2297 bonorum,

303 2302 376 2354 qui
395 2301 438 2342 in
457 2301 617 2343 famula
633 2309 707 2344 tua
722 2304 904 2345 Bibiana
923 2317 1021 2346 cum

198 2357 459 2406 virginitatis
483 2358 593 2400 flore
616 2360 811 2411 martyrii
831 2360 1022 2413 palmam

198 2414 473 2464 conjunxisti:
516 2420 684 2456 mentes
721 2422 893 2458 nostras
931 2418 1021 2468 ejus

197 2469 505 2511 intercessione
533 2470 611 2512 tibi
639 2472 818 2513 caritate
847 2473 1018 2524 conjun-

197 2538 265 2576 ge;
285 2531 331 2567 ut
346 2527 502 2567 amotis
516 2527 720 2579 periculis
735 2529 914 2580 praemia
929 2541 1022 2570 con-

197 2584 430 2634 sequamur
450 2585 622 2624 aeterna.
650 2584 734 2625 Per
748 2584 993 2625 Deminum.

251 2648 295 2682 Et
319 2650 357 2682 iit
383 2659 576 2683 commem.
603 2650 732 2684 Fcriae.

251 2705 291 2738 In
325 2706 347 2738 I.
382 2706 577 2739 Noenu-no
613 2707 809 2741 Lectiones
843 2709 888 2741 (ic
921 2709 1017 2742 Scri-

199 2759 307 2793 ptum
333 2762 561 2788 occurrente.

918 231 951 261 ὃ.
983 230 1152 262 lzibianat·
1182 230 1280 271 Yiru.
1308 238 1342 264 ct
1369 231 1472 264 Mart.

1310 327 1358 364 In
1379 327 1428 366 II.
1449 327 1669 366 Nocturno.

1392 383 1541 423 Lectio
1562 383 1613 421 iv.

1090 430 1335 483 :gi-fiibiana
1361 431 1486 483 virgo
1513 431 1730 481 Romana,
1765 431 1902 473 nobili

1176 475 1185 527 ‘l
1207 489 1365 538 genere
1396 492 1512 537 nata,
1553 487 1784 529 christiana
1814 487 1902 529 fide

1089 533 1185 569 ³32²—
1206 543 1394 586 nobilior
1421 543 1510 585 fuit.
1555 544 1658 596 Ejus
1687 544 1801 586 enim
1828 557 1901 597 pa·

1079 604 1145 642 ter
1165 600 1395 642 Flavianus
1419 600 1499 642 sub
1523 601 1548 642 J
1549 600 1695 642 uliano
1716 601 1902 654 Aposta-

1079 662 1124 698 ta
1166 658 1420 710 impiissimo
1466 660 1650 711 tyranno
1694 657 1902 710 expraefe-

1079 721 1192 764 ctus,
1218 714 1534 767 servilibusque
1560 715 1674 756 notis
1694 717 1901 767 compun-

1079 775 1191 820 ctuS,
1218 770 1275 812 ad
1301 783 1439 823 aquas
1462 771 1675 812 Taurinas
1701 770 1901 824 deporta-

1078 832 1162 877 tus,
1194 833 1359 880 martyr
1392 827 1608 870 occubuit.
1652 827 1792 870 Mater
1817 827 1901 869 Da-

1077 884 1210 935 fresa,
1248 889 1292 926 et
1328 884 1431 926 ffliae
1464 885 1650 937 primum
1683 883 1901 926 conclusae

1079 940 1208 991 domi,
1226 946 1274 983 ut
1288 941 1432 983 inedia
1449 942 1779 992 conficerentur3
1797 954 1901 983 mox

1077 997 1270 1050 relegata
1288 1003 1427 1040 mater
1442 1003 1565 1040 extra
1581 998 1742 1041 Urbem
1757 998 1901 1051 capite

1077 1054 1206 1106 plexa
1232 1059 1308 1096 est.
1342 1054 1526 1096 Mortuis
1550 1060 1695 1097 autem
1718 1055 1803 1108 piis
1826 1067 1899 1107 pa-

1076 1110 1287 1161 rentibus,
1312 1111 1496 1153 Bibiana
1521 1124 1620 1153 cum
1644 1113 1798 1153 sorore
1822 1123 1901 1153 sua

1075 1167 1299 1210 Demetria
1317 1167 1446 1209 bonis
1466 1168 1667 1210 Omnibus
1687 1167 1899 1221 exspolia-

1076 1229 1161 1275 tur;
1180 1223 1458 1277 Apronianus
1476 1224 1607 1267 Urbis
1625 1229 1807 1277 praetor,
1826 1237 1899 1277 pe-

1077 1281 1213 1322 cuniis
1244 1281 1430 1330 inhians,
1469 1282 1646 1323 soreres
1678 1280 1899 1334 persequi-

1076 1341 1160 1387 tur;
1186 1350 1294 1390 quas
1317 1337 1505 1379 humana
1523 1350 1703 1390 prorsus
1723 1349 1808 1390 ope
1827 1336 1898 1379 de-

1076 1394 1266 1443 stitutas,
1297 1394 1394 1435 Deo
1421 1393 1689 1444 mirabiliter,
1722 1393 1796 1446 qui
1823 1391 1901 1435 dat

1077 1462 1222 1491 escam
1275 1450 1582 1501 esurientibus,
1639 1450 1899 1500 enutriente,

1077 1519 1176 1547 cum
1191 1506 1432 1548 vivaciores
1448 1506 1779 1559 vegetioresque
1799 1518 1899 1548 con-

1075 1565 1307 1615 spexisset,
1348 1563 1629 1605 vehementer
1665 1567 1731 1605 est
1767 1562 1899 1604 admi-

1075 1621 1207 1661 ratus.

1131 1677 1178 1727 151.
1207 1675 1397 1728 Propter
1427 1675 1674 1726 veritatem,
1706 1679 1750 1718 et
1780 1688 1896 1717 man-

1075 1731 1364 1782 suetudinem,
1392 1736 1435 1774 et
1458 1732 1682 1784 justitiam:
1705 1734 1727 1759 *
1742 1732 1800 1774 Et
1825 1731 1897 1774 de-

1075 1787 1207 1830 ducet
1236 1792 1281 1830 te
1312 1787 1568 1830 mirabiliter
1600 1787 1781 1831 dextera
1811 1793 1898 1830 tua.

1077 1840 1127 1891 Y.
1151 1844 1306 1897 Specie
1324 1850 1400 1887 tua
1418 1850 1462 1887 et
1481 1843 1805 1897 pulchritudine
1823 1850 1899 1887 tua

1075 1901 1267 1951 intende,
1295 1904 1508 1956 prospere
1533 1901 1727 1954 procede
1762 1906 1807 1944 et
1833 1915 1897 1944 re-

1073 1971 1169 2009 gna.
1204 1959 1261 2000 Et
1280 1958 1481 2001 deducet.

1381 2015 1531 2056 Lectio
1552 2028 1587 2054 v.

1078 2066 1276 2174 Suadet
1300 2072 1581 2130 nihilominus
1605 2073 1895 2126 Apronianus,

1164 2132 1212 2169 ut
1247 2130 1507 2170 venerentur
1538 2129 1646 2171 deos
1679 2130 1896 2179 Gentium,

1074 2186 1256 2225 amissas
1300 2184 1400 2226 ideo
1446 2198 1571 2238 opeS,
1620 2186 1896 2239 imperaturis

1073 2241 1273 2291 gratiam,
1317 2241 1675 2294 praeclarissimas
1719 2242 1896 2295 nuptias

1074 2301 1386 2339 consecuturae.
1446 2298 1491 2339 Si
1536 2311 1662 2340 secus
1706 2299 1895 2349 fecerint,

1073 2353 1260 2394 minatur
1284 2356 1497 2404 carceres,
1522 2355 1681 2405 virgas,
1708 2358 1894 2397 secures.

1074 2409 1134 2451 At
1152 2409 1238 2450 illae
1257 2422 1399 2462 neque
1415 2410 1646 2460 blanditiis,
1665 2423 1806 2463 neque
1821 2411 1895 2452 mi-

1073 2466 1139 2506 nis
1165 2479 1190 2506 a
1214 2471 1334 2508 recta
1353 2466 1440 2508 fide
1459 2467 1742 2517 declinanteS,
1770 2469 1894 2521 para-

1073 2527 1130 2564 tae
1150 2522 1296 2575 petius
1315 2523 1442 2572 mori,
1472 2536 1601 2575 quam
1624 2524 1782 2566 foedari
1804 2526 1894 2565 me-

1073 2578 1191 2620 ribus
1211 2578 1499 2629 ethnicorum,
1524 2580 1727 2632 praeteris
1747 2581 1894 2633 impie-

1073 2637 1208 2676 tatem
1236 2637 1584 2678 constantissime
1613 2637 1893 2679 detestantur.

1074 2691 1216 2741 Quare
1239 2691 1463 2733 Demetria
1489 2692 1546 2734 ob
1573 2692 1724 2734 oculos
1749 2692 1892 2734 Bibia-

1073 2759 1140 2787 nae
1164 2749 1341 2799 repente
1366 2750 1589 2798 cerruens,
1617 2748 1725 2790 Obiit
1743 2749 1787 2789 in
1804 2748 1891 2789 De-
