2080 2990
750 218 924 252 Officium
948 195 1231 252 De'functorum.

153 314 250 364 tuis,
268 312 325 355 ad.
338 314 562 366 perpetuae
576 311 857 354 beatitudinis
872 324 970 353 con-

153 369 335 412 sortium
352 371 580 422 pervenire
600 368 827 410 concedas.

148 430 404 536 Fidelium
421 433 543 475 Deus
562 433 755 474 omnium
772 432 972 475 conditor

242 494 286 532 et
303 489 569 542 redemptor,
594 488 820 530 animabus
839 489 970 531 famu-

151 547 293 588 lorum
329 546 673 597 famularumque
703 547 875 587 tuarum
906 558 969 587 re—

150 603 401 644 missionem
426 603 683 643 cunctorum
706 601 849 643 tribue
871 614 970 654 pec-

152 661 361 703 catorum:
404 663 453 700 ut
491 657 804 709 indulgentiam
841 670 971 709 quam

152 727 325 769 semper
343 716 623 767 optaverunt,
646 714 731 767 piis
755 714 969 767 supplica-

150 771 341 824 tionibus
374 772 712 823 consequantur:
746 770 829 821 Qui
860 770 970 811 vivis

151 832 196 869 et
230 840 386 879 regnas
424 828 468 868 in
503 826 664 868 saecula
700 825 970 868 saeculorum.

150 887 200 940 Rr.
223 884 375 926 Amffl1.

200 947 242 981 In
268 947 329 982 die
352 957 443 982 vero
466 947 632 982 Coffiem.
658 946 824 981 omnium
850 945 967 980 Fidei,

149 994 323 1030 Defunct.
365 996 518 1039 quando
555 995 626 1028 die.
664 994 747 1028 haec
784 994 846 1028 ult.
879 998 968 1028 tant.

150 1042 282 1078 Oratio
306 1043 394 1078 dic:
426 1038 500 1080 Qui
522 1038 625 1074 vivis
654 1042 691 1072 et
718 1047 856 1081 regnas
885 1047 971 1072 cum

150 1087 233 1122 Deo
261 1087 374 1122 Patre
405 1087 446 1122 in
474 1086 620 1122 unitate
651 1086 816 1130 Spiritus
847 1085 970 1121 sancti

149 1135 272 1179 Deus,
299 1145 374 1179 ,per
401 1135 529 1170 omnia
559 1134 702 1169 saecula
731 1134 969 1169 saeculorum.

150 1185 193 1230 R.
217 1183 352 1219 Amen.

217 1239 266 1279 In
287 1237 356 1279 die
377 1237 664 1290 depositionis
683 1238 897 1278 Defuncti.

479 1295 642 1336 Oratio.

222 1348 387 1399 bsolve,
403 1349 651 1400 quaesumus
667 1346 865 1395 Domine,
882 1345 969 1386 ani-

258 1418 375 1446 mam
399 1404 549 1445 famuli
572 1404 635 1446 tui
657 1406 722 1453 N.,
750 1407 798 1444 ut
822 1402 969 1444 defun-

150 1465 246 1503 ctus
265 1460 427 1503 saeculo
446 1460 525 1503 tibi
543 1460 674 1502 vivat:
700 1464 744 1501 et
770 1471 867 1512 quae
891 1471 970 1511 per

147 1517 428 1569 fragilitatem
468 1516 607 1559 carnis
647 1516 835 1557 humana
870 1527 969 1556 con-

148 1574 395 1616 versatione
419 1574 650 1623 commisit,
677 1578 725 1614 tu
748 1572 873 1614 venia
895 1571 969 1612 mi-

150 1630 505 1673 sericordissimae
543 1630 718 1684 pietatis
758 1628 970 1679 absterge.

150 1687 235 1729 Per
252 1687 498 1729 Dominum.

204 1747 246 1784 Si
276 1748 390 1783 fuerit
421 1749 582 1791 femina,
618 1747 690 1783 dic.
721 1745 886 1780 animam
918 1744 970 1779 fa-

149 1796 363 1843 mulaeqtuae
382 1795 442 1839 N„
462 1799 506 1830 ut
528 1794 717 1830 defuncta.

313 1848 362 1887 In
392 1846 699 1888 Anniversario
729 1844 810 1886 die.

483 1903 645 1944 Oratio.

237 1970 313 1999 eus
359 1955 725 2008 indulgentiarum
766 1955 968 1996 Domine:

252 2013 309 2056 da
351 2012 576 2055 animabus
617 2012 877 2053 famulorum
911 2011 969 2053 fa-

150 2070 452 2123 mularumque
471 2071 660 2119 tuarum,
689 2081 872 2122 quorum
899 2081 969 2109 an-

151 2127 437 2169 niversarium
503 2125 787 2178 depositionis
855 2124 970 2166 diem

152 2184 558 2232 commemoramus,
581 2181 789 2233 refrigerii
809 2179 969 2231 sedem,

153 2239 308 2292 quietis
343 2238 674 2288 beatitudinem,
718 2242 762 2279 et
796 2237 970 2278 luminis

153 2295 403 2338 claritatem.
429 2296 514 2337 Per
531 2295 778 2336 Dominum.

159 2363 161 2365 ’
206 2355 247 2390 Si
280 2365 351 2399 pro
382 2365 459 2390 uno
490 2359 638 2390 tantum
671 2354 712 2389 fit
739 2355 972 2390 Anniversa-

155 2403 262 2446 rium,
286 2403 357 2438 dic.
383 2403 422 2437 in
446 2403 633 2446 singulari
656 2413 823 2438 numero.

218 2456 304 2497 Pro
332 2468 419 2496 uno
447 2457 668 2508 Episcopo
697 2455 914 2497 defuncto.

199 2526 202 2527 ⁷
488 2512 650 2553 Oratio.

153 2566 334 2672 DeuS,
367 2572 440 2624 qui
470 2572 582 2614 inter
611 2570 878 2624 apostolicos
906 2582 969 2610 sa-

271 2626 473 2669 cerdotes
514 2628 723 2669 famulum
762 2631 884 2668 tuum
923 2625 972 2665 N.

153 2683 393 2736 pontificali
416 2684 556 2726 fecisti
582 2684 792 2735 dignitate
811 2682 971 2733 vigere:

1023 315 1202 363 praesta,
1221 314 1482 364 quaesumus;
1501 318 1549 355 ut
1568 316 1718 355 eorum
1738 326 1841 365 quo-

1026 380 1109 420 que
1136 370 1350 420 perpetuo
1383 372 1639 422 aggregetur
1667 372 1841 411 consor-

1023 424 1095 466 tio.
1123 424 1206 466 Per
1224 424 1468 467 Dominum.

1073 487 1111 521 Si
1147 487 1259 521 fucrit
1291 487 1493 525 Sacerdos,
1534 488 1681 521 dicatur
1717 496 1839 520 sacer-

1025 531 1146 566 dotali
1168 532 1303 575 fecisti,
1327 536 1395 567 etc.

1072 582 1147 617 Pro
1181 583 1362 617 fratribus
1391 594 1482 618 vero
1511 588 1546 618 ct
1575 583 1837 621 familiaribus,

1020 631 1083 664 vel
1108 631 1433 669 benefactoribus,
1465 632 1534 666 dic.
1560 631 1700 665 Oratio.
1727 630 1840 672 Deus,

1022 675 1148 710 veniae
1171 675 1338 719 largitor.
1361 686 1400 713 ut
1425 690 1550 722 supra.
1578 675 1667 719 [176]

1192 739 1277 779 Pro
1307 745 1428 791 patre
1458 745 1500 781 et
1527 743 1673 779 matre.

1354 801 1517 842 Oratio.

1108 866 1196 904 eus,
1219 853 1292 906 qui
1308 866 1390 895 nos
1408 858 1579 907 patrem
1598 858 1642 896 et
1659 859 1842 896 matrem

1118 909 1336 952 honorare
1353 910 1617 963 praecepisti:
1636 910 1842 952 miserere

1024 966 1259 1009 clementer
1283 966 1507 1008 animabus
1530 966 1666 1019 patris
1690 971 1733 1009 et
1754 980 1841 1009 ma-

1023 1024 1101 1065 tris
1132 1036 1259 1073 meae,
1297 1026 1535 1075 eorumque
1567 1026 1749 1075 peccata
1781 1023 1840 1065 di-

1022 1082 1159 1130 mitte;
1186 1093 1342 1132 meque
1367 1092 1443 1122 eos
1466 1080 1510 1120 in
1529 1081 1703 1122 aeternae
1723 1079 1841 1121 clari-

1022 1137 1126 1177 tatis
1149 1136 1310 1187 gaudio
1333 1137 1401 1178 fac
1423 1136 1581 1178 videre.
1614 1136 1698 1178 Per
1716 1136 1841 1177 Dfim.

1075 1198 1114 1232 Si
1148 1198 1189 1232 fit
1222 1208 1291 1241 pro
1327 1198 1501 1241 pluribus
1536 1197 1606 1231 dic.
1641 1195 1840 1232 animabus

1021 1244 1222 1288 parentum
1256 1245 1491 1287 nostrorum,
1531 1250 1567 1279 et
1601 1245 1667 1279 ubi
1704 1244 1842 1278 dicitur

1020 1303 1167 1336 meque,
1193 1294 1342 1328 dicatur
1362 1302 1520 1336 nosque.

1076 1341 1114 1375 Si
1137 1352 1207 1385 pro
1229 1347 1336 1385 patre
1353 1345 1513 1384 tantum,
1537 1341 1686 1375 dicatur
1702 1340 1840 1375 animae

1023 1389 1144 1432 patris
1165 1388 1254 1432 mei,
1277 1390 1339 1424 vel
1358 1388 1490 1423 nostri.

1074 1437 1114 1472 Si
1131 1447 1201 1480 pro
1218 1442 1337 1472 matre
1354 1442 1515 1481 tantum,
1538 1438 1686 1472 dicatur
1704 1436 1840 1471 animae

1023 1484 1155 1519 matris
1172 1494 1278 1527 meae,
1302 1487 1365 1521 vel
1380 1488 1533 1519 nostrae.

1206 1542 1292 1582 Pro
1321 1555 1407 1583 uno
1435 1542 1663 1583 Defuncto.

1356 1604 1519 1646 Oratio.

1022 1651 1213 1759 Inclina
1236 1656 1423 1698 Domine
1455 1669 1604 1697 aurem
1634 1660 1753 1697 tuam
1785 1655 1842 1697 ad

1094 1725 1249 1765 preces
1275 1717 1465 1763 nostras,
1499 1711 1654 1764 quibus
1680 1712 1841 1754 miseri-

1024 1769 1216 1810 cordiam
1243 1774 1362 1810 tuam
1390 1768 1610 1821 supplices
1638 1766 1839 1820 depreca-

1023 1838 1133 1866 mur:
1159 1830 1208 1867 ut
1230 1825 1417 1866 animam
1437 1824 1585 1865 famuli
1602 1824 1682 1873 tui,
1712 1836 1841 1876 quam

1025 1881 1080 1922 de
1102 1881 1187 1923 hoc
1209 1881 1370 1923 saeculo
1394 1881 1579 1932 migrare
1598 1880 1772 1932 jussisti,
1796 1879 1839 1920 in

1023 1937 1145 1989 pacis
1173 1950 1224 1979 ac
1250 1937 1358 1979 lucis
1385 1937 1561 1988 regione
1589 1938 1838 1985 constituas,

1023 1998 1067 2034 et
1089 1993 1347 2035 Sanctorum
1370 1995 1546 2035 tuorum
1570 1992 1719 2044 jubeas
1744 2003 1839 2033 esse

1023 2051 1282 2091 consortem.
1307 2051 1391 2091 Per
1409 2049 1654 2090 Dominum.

1210 2115 1296 2155 Pro
1324 2126 1409 2154 una
1435 2113 1660 2154 Defuncta.

1355 2174 1516 2215 Oratio.
1792 2208 1794 2210 ,

1027 2209 1326 2333 Quaesumus
1342 2230 1541 2279 Domine,
1559 2242 1641 2282 pro
1660 2234 1734 2270 tua
1752 2229 1839 2282 pie-

1124 2290 1213 2329 tate
1244 2287 1450 2328 miserere
1483 2286 1636 2327 animae
1667 2285 1838 2326 famulae

1021 2349 1124 2386 tuae:
1168 2348 1212 2385 et
1252 2355 1278 2384 a
1316 2342 1529 2394 contagiis
1563 2341 1838 2383 mortalitatis

1022 2403 1207 2449 exutam,
1225 2399 1270 2440 in
1286 2401 1461 2441 aeternae
1479 2397 1730 2440 salvationis
1742 2409 1838 2450 par-

1021 2461 1111 2498 tem
1129 2457 1321 2497 restitue.
1346 2455 1430 2497 Per
1449 2454 1693 2496 Dominum.

1078 2509 1127 2560 V.
1154 2512 1369 2564 Requiem
1399 2512 1605 2552 aeternam
1634 2508 1750 2551 dona
1777 2508 1838 2550 eis

1022 2568 1220 2609 Domine.
1251 2570 1300 2621 Rt·
1311 2568 1369 2608 Et
1381 2567 1456 2608 lux
1469 2566 1684 2619 perpetua
1695 2564 1840 2606 luceat

1023 2637 1095 2666 eis.

1077 2677 1127 2728 V.
1137 2680 1430 2732 Requiescant
1439 2678 1483 2719 in
1491 2690 1612 2731 pace.
1629 2679 1678 2730 R.
1687 2677 1848 2719 Amen.

787 2759 1203 2787 ——maao-w—

305 2880 369 2905 Pam
383 2879 516 2905 Hiemalis.
