2080 2990
189 202 260 237 498

481 203 550 236 1)18
574 202 602 236 7.
630 202 766 236 Martii.
814 203 847 236 S.
874 202 1035 235 Thomae
1063 202 1109 236 dc
1135 202 1292 245 Aquino
1318 202 1427 236 Conf.
1453 208 1488 235 et
1514 202 1621 235 Doet.

190 299 304 338 vinae
328 296 437 346 legis
458 299 644 345 amator,
674 294 914 348 deprecare
939 307 1022 347 pro

190 353 318 395 nobis
338 352 497 393 Filium
515 352 609 394 Dei.

529 417 690 457 Oratio.

278 487 371 523 euS,
401 474 475 526 qui
494 474 738 515 Ecclesiam
763 478 884 515 tuam
905 471 1023 512 beati

293 530 480 571 Thomae
514 529 790 572 Confessoris
821 529 884 570 tui
915 528 1023 568 mira

193 586 437 628 eruditione
453 587 676 636 clarificas,
697 591 740 627 et
755 590 905 626 sancta
921 596 1022 636 ope-

192 644 361 685 ratione
381 643 624 684 foeci'mdas:
652 641 709 684 da
734 641 877 689 nobis,
907 641 1022 692 quae-

193 713 360 748 sumus,
393 704 436 741 et
470 713 568 751 quae
602 698 769 747 docuit,
801 696 1024 738 intellectu

191 758 460 809 conspicere,
485 761 528 797 et
548 768 647 807 quae
668 754 765 805 egit,
783 753 1024 795 imitatione

193 812 427 865 complere.
456 812 540 852 Per
558 811 806 852 Dominum.

245 884 283 917 In
312 883 503 924 Ouadrag.
531 892 726 915 commem.
754 881 799 914 dc
827 881 948 915 Feria.

245 940 385 973 l'ostea
412 941 466 971 Ss.
495 939 601 971 Mart.
632 938 835 980 Perpetuam
867 942 902 971 ct
928 937 1023 971 Feli-

193 988 330 1021 citatis.

250 1040 295 1078 In
320 1039 452 1090 Vcsp.
474 1046 514 1079 ct
536 1038 668 1078 Laud.
708 1039 802 1076 Ant.
841 1036 1025 1076 [starum

192 1098 260 1134 est
293 1093 407 1134 enim
439 1105 621 1143 regnum
654 1091 884 1139 coelorum,
927 1103 1026 1142 quae

194 1151 553 1201 contempserunt
588 1148 724 1189 vitam
760 1146 928 1197 mundi,
983 1153 1027 1189 et

192 1208 488 1258 pervenerunt
517 1204 573 1246 ad
600 1204 783 1257 praemia
811 1204 950 1254 regni,
984 1208 1027 1244 et

191 1262 392 1303 laverunt
428 1262 565 1303 stolas
602 1273 704 1302 suas
740 1260 783 1300 in
817 1260 1026 1311 sanguine

140 1319 143 1321 ’
192 1318 318 1369 Agni.

247 1376 293 1421 Y.
342 1374 493 1415 Gloria
527 1380 570 1416 et
602 1375 771 1416 honore
805 1373 1028 1416 coronasti

194 1443 268 1471 eas
288 1431 487 1472 Domine.
522 1433 570 1483 Rg.
591 1431 648 1473 Et
668 1430 933 1472 constituisti
953 1442 1027 1470 eas

194 1500 328 1540 super
349 1489 485 1539 opera
503 1490 711 1528 manuum
729 1489 914 1529 tuarum.

532 1553 604 1592 Or
596 1554 694 1593 itio

282 1621 307 1648 a
353 1608 495 1657 nobis,
543 1611 794 1661 quaesumus
839 1607 1027 1648 Domine

300 1665 422 1705 Deus
446 1671 614 1714 noster,
639 1667 890 1706 sanctarum
914 1664 1026 1704 Mar-

192 1726 338 1773 tyrum
362 1723 537 1762 tuarum
554 1722 788 1774 Perpetuae
814 1726 857 1762 et
876 1719 1026 1761 Felici-

194 1777 298 1819 tatis
321 1777 491 1829 palmas
515 1777 767 1819 incessabili
792 1776 1027 1818 devotione

195 1833 409 1874 venerari:
428 1839 486 1883 ut,
509 1847 618 1886 quas
634 1833 765 1884 digna
779 1838 924 1874 mente
939 1845 1026 1873 non

194 1892 431 1942 possumus
446 1890 681 1939 celebrare,
697 1889 932 1931 humilibus
945 1888 1026 1930 sal-

193 1951 283 1987 tem
313 1946 639 1998 frequentemus
667 1945 902 1998 obsequiis.
942 1945 1027 1986 Per

195 2002 431 2044 Dominum
453 2008 662 2045 nostrum.

247 2068 285 2101 In
313 2068 337 2100 1.
356 2068 553 2102 Nocturno
581 2070 680 2103 Lcct.
706 2071 952 2115 Sapientiam.
977 2072 1023 2106 dc

194 2117 338 2149 (jomm.
366 2115 471 2150 Doct.
500 2119 569 2162 [62]

428 2186 475 2223 In
496 2187 545 2224 II.
567 2187 788 2227 Nocturno.

496 2256 677 2296 Lectio'
669 2270 720 2295 ix

203 2342 206 2347 ‚
232 2337 267 2380 (ᾗ
271 2316 542 2359 raeclarum
568 2316 792 2358 christiani
816 2316 936 2358 orbis
956 2315 1028 2358 de-

232 2372 896 2478 ...32

196 2426 363 2538 dalpho
389 2485 549 2527 comite
573 2485 794 2537 Aquinate
818 2491 862 2527 et
884 2485 1028 2527 Theo-

196 2541 307 2584 dora
318 2541 622 2594 Neapolitana,
640 2540 860 2583 nobilibus
876 2544 1029 2594 paren-

195 2598 313 2640 tibus
345 2603 492 2647 natus,
526 2598 685 2640 futarae
716 2597 759 2637 in
791 2598 1029 2651 Deiparam

198 2654 447 2696 devotionis
480 2655 685 2696 affectum
717 2653 861 2695 adhuc
895 2655 1028 2695 infan-

195 2711 313 2753 tulus
334 2710 537 2753 ostendit.
571 2711 685 2752 Nam
710 2710 954 2752 chartulam
974 2711 1029 2753 ab

1076 307 1129 335 eo
1154 294 1392 344 inventam,
1415 294 1459 334 in
1485 306 1572 346 qua
1594 294 1799 336 salutatio
1820 294 1907 335 An-

1076 350 1217 400 gelica
1249 350 1413 403 scripta
1445 356 1556 400 erat,
1595 350 1757 392 frustra
1788 349 1907 392 adni-

1076 409 1196 448 tente
1215 408 1393 456 nutrice,
1413 408 1668 459 compressa
1685 419 1816 448 manu
1835 409 1907 448 va-

1077 462 1164 503 lide
1193 463 1389 511 retinuit,
1423 468 1466 504 et
1494 476 1519 503 3
1546 467 1686 503 matre
1712 475 1793 515 per
1819 463 1909 504 vim

1078 518 1323 571 abreptam,
1356 519 1534 571 ploratu
1562 523 1606 560 et
1634 524 1762 570 gestu
1785 522 1908 572 repe-

1078 575 1160 623 tiit,
1197 589 1249 617 ac
1280 588 1386 616 mox
1418 573 1637 616 redditam
1670 575 1910 626 deglutivit.

1079 631 1286 681 Quintum
1314 644 1474 672 annum
1501 643 1651 681 agens,
1683 631 1910 672 monachis

1079 687 1218 728 sancti
1246 686 1476 728 Benedicti
1506 686 1804 728 Cassinatibus
1840 700 1909 728 cu-

1080 743 1338 784 stodiendus
1365 743 1563 785 traditur.
1599 742 1707 784 Inde
1733 743 1910 796 Neapo-

1078 799 1154 840 lim
1183 799 1429 841 studiorum
1458 812 1590 841 causa
1616 799 1791 849 missus,
1827 800 1912 851 jam

1078 855 1338 897 adolescens
1360 856 1544 898 fratrum
1564 855 1912 897 Praedicatorum

1079 911 1279 953 ordinem
1312 913 1516 965 suscepit.
1567 913 1656 954 Sed
1687 918 1827 954 matre
1861 925 1912 954 38

1079 968 1286 1010 fratribus
1304 968 1350 1010 id
1366 968 1543 1019 indigne
1558 969 1810 1019 ferentibus,
1828 968 1911 1010 Lu-

1079 1025 1231 1066 tetiam
1249 1025 1519 1067 Parisiorum
1536 1026 1734 1067 mittitur.
1771 1026 1913 1076 Quem

1080 1081 1237 1123 fratres
1265 1083 1308 1122 in
1331 1082 1486 1123 itinere
1510 1095 1590 1135 per
1614 1082 1703 1123 vim
1727 1087 1912 1134 raptum,

1079 1138 1122 1178 in
1142 1151 1288 1180 arcem
1309 1139 1442 1180 castri
1461 1139 1601 1180 sancti
1616 1139 1640 1179 J
1643 1138 1797 1180 oannis
1815 1151 1911 1191 per-

1080 1194 1258 1235 ducunt:
1297 1194 1373 1236 ubi
1404 1194 1526 1236 varie
1564 1194 1826 1245 exagitatus,
1865 1200 1913 1237 ut

1080 1255 1280 1292 sanctum
1298 1252 1579 1303 propesitum
1598 1252 1803 1300 mutaret,
1821 1264 1912 1292 mu-

1081 1307 1231 1348 lierem
1256 1308 1406 1357 etiam,
1441 1320 1540 1360 quae
1566 1307 1624 1349 ad.
1648 1306 1912 1348 labefactan-

1080 1362 1181 1404 dam
1215 1364 1305 1415 ejus
1339 1363 1630 1404 constantiam
1661 1362 1914 1405 introducta

1081 1419 1233 1469 fuerat,
1252 1419 1407 1461 titione
1427 1420 1604 1470 fugavit.
1631 1419 1737 1460 Mox
1755 1419 1913 1461 beatus

1081 1476 1257 1526 jamnis,
1278 1476 1403 1517 flexis
1422 1475 1606 1527 genibus
1625 1480 1727 1517 ante
1743 1475 1914 1526 signum

1081 1531 1225 1573 crucis
1245 1545 1393 1582 orans,
1418 1532 1567 1583 ibique
1591 1543 1747 1573 somno
1770 1534 1912 1573 corre-

1080 1593 1194 1640 ptus,
1212 1601 1293 1640 per
1313 1588 1503 1640 quietem
1524 1590 1686 1629 sentire
1706 1587 1826 1629 visus
1846 1592 1914 1630 est

1082 1644 1164 1685 sibi
1184 1644 1239 1686 ab
1259 1644 1442 1696 Angelis
1466 1645 1706 1696 constringi
1724 1644 1913 1686 lumbos:

1083 1713 1169 1752 quo
1197 1713 1251 1742 ex
1274 1702 1475 1753 tempore
1502 1701 1621 1743 omni
1644 1703 1803 1754 postea
1820 1700 1913 1742 libi-

1081 1756 1194 1798 dinis
1212 1770 1342 1798 sensu
1358 1758 1509 1798 caruit.
1536 1757 1782 1807 Sororibus,
1803 1770 1914 1809 quae,

1082 1819 1128 1855 ut
1153 1826 1252 1855 eum
1275 1827 1301 1854 a
1323 1814 1398 1866 pio
1419 1813 1603 1855 consilio
1625 1814 1914 1863 removerent,

1080 1870 1123 1910 in
1144 1875 1337 1911 castrum
1355 1871 1577 1919 venerant,
1600 1870 1832 1922 persuasit,
1855 1874 1914 1920 ut,

1081 1926 1347 1978 contemptis
1376 1926 1492 1967 curis
1520 1925 1822 1976 saecularibus,
1857 1926 1914 1968 ad

1082 1982 1443 2024 exercitationem
1488 1982 1682 2024 coelestis
1719 1982 1823 2024 vitae
1866 1995 1913 2024 58

1081 2038 1340 2080 conferrent.

1134 2110 1183 2161 R.
1218 2109 1466 2150 Honestum
1492 2108 1596 2150 fecit
1618 2107 1740 2149 illum
1763 2108 1912 2150 Domi-

1081 2177 1178 2214 nus,
1204 2169 1248 2206 et
1267 2164 1505 2206 custodivit
1522 2177 1622 2206 eum
1641 2163 1696 2205 ab
1715 2164 1914 2215 inimicis,

1082 2225 1127 2261 et
1154 2233 1180 2261 a
1207 2220 1514 2262 seductoribus
1541 2221 1701 2261 tutavit
1726 2219 1864 2261 illum:
1890 2220 1912 2244 ¹⁸

1080 2277 1137 2318 Et
1170 2275 1292 2318 dedit
1323 2276 1385 2317 illi
1418 2276 1663 2318 claritatem
1691 2277 1913 2318 aeternam.

1082 2325 1131 2377 V.
1163 2333 1338 2374 Justum
1372 2331 1555 2374 deduxit
1586 2332 1801 2374 Dominus
1833 2347 1914 2386 per

1080 2389 1174 2430 vias
1194 2393 1355 2438 rectas,
1376 2393 1419 2430 et
1437 2388 1632 2430 ostendit
1651 2389 1711 2429 illi
1731 2402 1914 2440 regnum

1081 2445 1175 2487 Dei.
1203 2446 1260 2487 Et
1279 2444 1411 2486 dedit.

1393 2521 1545 2561 Lectio
1569 2534 1604 2560 v,

1166 2599 1325 2638 missus
1350 2609 1374 2637 e
1398 2601 1542 2637 castro
1566 2608 1647 2649 per
1667 2597 1914 2646 fenestram,

1172 2652 1407 2705 Neapolim
1426 2652 1665 2693 reducitur:
1690 2652 1806 2694 unde
1827 2653 1913 2694 Ro-

1081 2724 1208 2760 mam,
1230 2711 1388 2762 postea
1406 2709 1621 2750 Parisium
1646 2723 1671 2751 a
1690 2709 1824 2750 fratre
1842 2709 1868 2749 J
1870 2721 1913 2750 o-
