2040 2990
186 200 210 233 8
758 199 954 233 hominu-:1
982 196 1027 229 ad
1055 192 1287 227 Matutinuni.

241 294 320 343 Qui
340 290 544 333 tribulant
563 302 647 337 me,
673 286 947 329 exsultabunt
967 285 999 324 si

190 356 330 392 motus
350 348 486 388 fuero:
510 347 532 371 *
557 358 637 394 ego
657 349 798 386 autem
820 343 859 383 in
879 342 1002 382 mise-

192 404 374 447 ricerdia
394 409 466 444 tua
486 402 668 454 speravi.

245 458 484 502 Exsultabit
504 471 579 499 cor
598 471 739 498 meum
766 457 807 497 in
827 454 1001 496 salutari

191 525 279 560 tuo:
299 515 484 558 cantabo
500 514 687 554 Dumino
709 513 778 565 qui
800 512 912 553 bona
933 512 1003 551 tri-

191 574 282 615 buit
302 572 418 613 mihi:
436 572 458 595 *
479 577 520 612 et
540 569 719 622 psallam
740 568 898 609 nomini
920 567 1003 607 Do-

192 630 291 671 mini
313 627 517 670 altissimi.

461 691 651 731 l’salinus
682 691 734 728 13.

279 742 355 782 ixit
387 739 589 791 insipiens
621 739 661 778 in
690 738 820 779 corde
853 749 950 778 suo:
982 738 1003 761 *

308 797 403 838 Non
425 802 490 837 est
513 796 637 836 Deus.

247 853 447 905 Corrupti
476 858 589 893 sunt.
623 857 665 891 et
696 849 1005 891 abominabiles

197 911 294 952 facti
316 915 412 950 sunt
431 910 472 949 in
492 907 645 949 studiis
665 908 765 948 suis:
789 908 811 931 *
837 919 920 947 non
941 911 1006 947 est

197 968 268 1020 qui
301 967 428 1007 faciat
454 965 631 1011 bonum,
663 977 748 1006 non
777 969 842 1005 est
870 975 1006 1014 usque

196 1028 251 1069 ad
273 1040 411 1068 unum.

248 1083 458 1124 Dominus
484 1082 537 1122 de
559 1081 670 1122 coelo
696 1077 918 1131 prospexit
942 1088 1006 1116 su-

196 1153 273 1192 per
300 1139 411 1179 filios
439 1138 675 1185 hominum,
694 1137 716 1160 *
745 1139 790 1175 ut
810 1133 953 1174 videat
973 1132 1005 1172 si

197 1202 262 1237 est
277 1195 525 1243 intelligens.
541 1199 613 1234 aut
625 1194 847 1244 requirens
859 1190 1007 1230 Deum.

249 1252 409 1292 Omnes
434 1250 773 1296 declinaverunt,
802 1245 927 1287 simul
950 1245 1008 1285 in-

197 1308 323 1349 utiles
346 1307 445 1347 facti
466 1311 579 1346 sunt:
606 1306 628 1330 ¹⁸¹
656 1318 741 1345 non
766 1308 832 1344 est
856 1302 927 1354 qui
953 1302 1008 1342 fa-

198 1364 282 1404 ciat
321 1363 500 1410 bonum,
545 1374 627 1402 non
671 1367 736 1402 est
777 1372 913 1410 usque
955 1358 1009 1399 ad

199 1433 338 1460 unum.

249 1475 532 1527 Sepulchrum
576 1479 728 1526 patens
765 1477 830 1513 est
865 1476 1011 1521 guttur

201 1534 366 1573 cerum:
380 1531 532 1580 linguis
548 1531 635 1571 suis
650 1529 801 1570 dolese
817 1527 1011 1577 agebant,

201 1589 223 1613 *
269 1589 477 1628 venenum
521 1586 719 1639 aspidum
765 1584 844 1625 sub
888 1583 1012 1625 labiis

203 1646 362 1685 eurum.

254 1700 447 1749 Quorum
461 1712 510 1740 os
528 1698 830 1740 maledictic'me
846 1702 888 1738 et
903 1709 1014 1737 ama-

204 1756 388 1797 ritudine
408 1756 580 1808 plenum
602 1762 681 1796 est:
705 1756 727 1780 *
753 1754 925 1795 veloces
945 1766 1015 1805 pe-

205 1812 282 1854 des
313 1815 462 1853 eorum
499 1812 554 1853 ad
586 1811 890 1853 effundendum
924 1812 1016 1850 sun·

205 1869 384 1917 guinem.

258 1925 468 1965 Contritio
489 1930 531 1965 et
550 1924 773 1965 infelicitas
792 1924 833 1964 in
851 1924 929 1964 viis
949 1926 1018 1965 eo-

209 1994 320 2028 rum,
349 1986 390 2021 et
414 1981 525 2021 viam
553 1981 672 2032 pacis
700 1993 784 2020 non
809 1982 1018 2029 cognove-

210 2042 321 2077 runt:
339 2037 360 2061 *
381 2048 466 2076 non
486 2042 551 2077 est
570 2037 696 2077 timor
712 2037 791 2077 Dei
808 2043 905 2077 ante
921 2039 1019 2077 ucu—

210 2092 275 2134 los
297 2094 455 2133 eurum.

260 2148 413 2189 Nonne
454 2150 718 2197 cognoscent
758 2161 907 2190 omnes
949 2150 1019 2201 qui

211 2206 443 2256 operantur
470 2205 756 2256 iniquitatem.
789 2206 812 2229 '⁶‘
847 2205 917 2257 qui
951 2205 1020 2246 de-

213 2265 364 2301 vorant
389 2260 557 2312 plebem
583 2274 721 2302 meam
747 2261 855 2302 sicut
879 2274 1021 2302 escam

212 2314 356 2368 panis?

264 2372 494 2412 Deminum
526 2384 611 2413 non
644 2373 968 2422 invocaverunt,
1001 2375 1022 2398 *

212 2427 298 2468 illic
317 2427 638 2479 trepidaverunt
658 2429 827 2475 timere,
848 2429 918 2470 ubi
939 2442 1022 2470 non

214 2490 306 2524 erat
326 2484 463 2524 timor.

266 2539 475 2589 Queniam
497 2541 705 2581 Duminus
729 2541 768 2581 in
789 2542 1024 2589 generatio-

214 2608 267 2636 ne
287 2596 395 2645 justa
415 2602 498 2638 est.
527 2597 748 2637 consilium
769 2598 908 2649 inopis
929 2610 1025 2638 con-

215 2650 398 2715 fudistis:
418 2653 440 2675 *
467 2653 666 2703 queniam
693 2653 902 2694 Dominus
928 2666 1026 2705 spes

217 2720 305 2757 ejus
324 2713 398 2748 est.

1103 282 1208 332 Quis
1236 279 1357 321 dabit
1384 292 1437 319 ex
1465 277 1567 318 Sion
1595 275 1784 316 salutare
1812 275 1871 315 Is-

1052 336 1164 380 rael?
1185 338 1207 362 *
1232 349 1328 378 cum
1349 333 1555 376 averterit
1574 331 1787 372 Dominus
1806 343 1872 372 ca-

1052 394 1294 448 ptivitatem
1328 391 1468 444 plebis
1496 401 1606 437 suae,
1639 386 1874 429 exsultabit

1052 450 1199 495 Jacob.
1220 455 1262 491 et
1281 447 1498 490 laetabitur
1518 445 1664 486 Israel.

1323 514 1520 554 Psalmus
1550 513 1607 552 14.

1056 571 1286 676 Domine
1299 572 1393 624 quis
1404 570 1616 612 habitabit
1626 570 1668 610 in
1678 568 1875 610 taberna-

1166 630 1262 672 culo
1277 627 1377 670 tuo?
1393 629 1415 653 *
1431 633 1506 668 aut
1522 627 1616 679 quis
1633 625 1876 678 requiescet

1055 689 1095 728 in
1117 692 1263 728 monte
1283 690 1434 726 sancto
1453 682 1552 725 tuo?

1108 745 1188 794 Qui
1209 741 1448 793 ingreditur
1468 741 1559 782 sine
1578 738 1763 787 macula,
1786 739 1809 763 *
1834 742 1876 780 et

1057 803 1264 854 operatur
1284 798 1502 850 justitiam:

1109 858 1189 908 Qui
1213 857 1405 909 lequitur
1425 854 1650 896 veritatem
1675 853 1718 892 in
1743 850 1877 894 corde

1058 928 1155 959 suo.
1182 915 1205 939 *
1236 913 1306 966 qui
1335 925 1420 953 non
1447 911 1533 961 egit
1560 909 1709 952 dolum
1736 909 1778 950 in
1803 908 1878 950 lin-

1057 984 1141 1021 gua
1161 983 1253 1011 sua:

1109 1028 1202 1069 Nec
1223 1027 1322 1068 fecit
1340 1026 1542 1078 preximo
1562 1036 1641 1064 suo
1660 1022 1837 1071 malum,
1855 1023 1879 1047 *

1059 1090 1102 1126 ct
1126 1083 1409 1136 oppr6brium
1434 1094 1520 1122 non
1541 1080 1709 1134 accepit
1729 1078 1878 1121 adver-

1060 1154 1132 1182 sus
1152 1140 1376 1193 preximos
1395 1151 1508 1180 suos.

1112 1197 1181 1238 Ad
1202 1196 1378 1237 nihilum
1399 1195 1613 1237 deductus
1634 1198 1700 1235 est
1718 1193 1762 1233 in
1782 1203 1880 1233 con-

1061 1256 1213 1307 spectu
1242 1254 1331 1304 ejus
1360 1252 1591 1302 malignus:
1623 1251 1647 1276 *
1679 1250 1880 1291 timentes

1062 1315 1206 1351 autem
1225 1309 1460 1350 Deminum
1479 1307 1711 1358 glorificat:

1113 1367 1195 1417 Qui
1223 1367 1333 1418 jurat
1360 1365 1561 1418 preximo
1590 1375 1690 1412 suo,
1722 1366 1767 1404 et
1794 1373 1882 1402 non

1063 1423 1239 1475 decipit,
1263 1424 1286 1447 *
1315 1422 1388 1475 qui
1406 1421 1637 1474 pecuniam
1655 1431 1778 1460 suam
1796 1430 1883 1459 non

1064 1479 1184 1521 dedit
1204 1479 1259 1520 ad
1278 1482 1468 1528 usuram,
1492 1483 1535 1520 et
1553 1480 1733 1518 munera
1753 1486 1885 1529 super

1064 1537 1337 1577 innocentem
1356 1547 1442 1577 non
1462 1534 1641 1587 accepit.

1116 1593 1199 1643 Qui
1218 1593 1318 1633 facit
1337 1592 1451 1641 haec,
1479 1593 1502 1617 *
1529 1603 1615 1632 non
1639 1587 1886 1632 movebitur

1066 1650 1107 1690 in
1127 1651 1346 1690 aeternum.

1124 1710 1166 1748 ln
1180 1708 1390 1748 Adventu.
1406 1708 1503 1748 Ant.
1515 1702 1714 1748 Gaudete
1725 1714 1887 1750 omnes,

1068 1768 1111 1804 et
1134 1762 1357 1804 laetumini:
1385 1774 1487 1803 ecce
1511 1760 1611 1813 quia
1634 1759 1778 1801 veniet
1800 1758 1887 1800 Do-

1069 1820 1207 1860 minus
1227 1819 1416 1867 ultienis,
1436 1818 1625 1860 adducet
1643 1815 1888 1858 retributio·

1069 1889 1181 1917 nem:
1200 1876 1293 1928 ipse
1312 1876 1465 1924 veniet,
1485 1880 1528 1916 et
1547 1873 1733 1916 salvabit
1750 1885 1842 1914 nos.

1124 1932 1171 1982 V
1200 1933 1264 1973 Ex
1282 1931 1383 1973 Sion
1409 1932 1577 1984 species
1597 1930 1770 1972 deceris
1789 1929 1890 1981 ejus.

1077 1994 1121 2044 lig.
1140 1989 1258 2030 Deus
1277 1994 1424 2030 noster
1444 1987 1670 2029 manifeste
1689 1986 1844 2028 veniet.

1125 2050 1205 2088 l‘er
1244 2049 1427 2088 Annum.
1468 2049 1565 2088 Ant.
1602 2048 1669 2087 Tu
1704 2042 1891 2084 deine

1073 2101 1267 2144 servabis
1287 2114 1380 2142 nos:
1400 2107 1443 2143 et
1462 2099 1684 2142 custudies
1701 2112 1795 2141 nos.

1128 2155 1175 2206 V.
1201 2157 1368 2199 Memor
1392 2158 1449 2198 fui
1475 2162 1601 2198 nocte
1626 2155 1812 2197 nominis
1830 2154 1892 2196 tui

1074 2214 1270 2255 Domine.
1317 2217 1362 2267 Rg.
1413 2215 1465 2255 Et
1502 2213 1717 2255 custodivi
1753 2212 1893 2262 legem

1074 2277 1203 2313 tuam.

1129 2329 1219 2362 l’ost
1238 2323 1280 2368 X
1301 2330 1502 2368 cuiuslibet
1523 2329 1707 2363 Nocturni
1726 2328 1864 2362 dicitur

1133 2378 1255 2415 l‘ater
1275 2379 1433 2414 noster.
1461 2382 1641 2417 secreto.

1133 2428 1177 2478 Y.
1198 2430 1251 2470 Et
1271 2442 1324 2470 ne
1343 2442 1424 2470 nos
1442 2429 1623 2470 inducas
1639 2429 1680 2469 in
1696 2427 1895 2470 tentatio-

1077 2499 1185 2527 nem.
1222 2489 1265 2539 Ιςι,
1294 2485 1380 2527 Sed
1399 2485 1534 2526 libera
1552 2498 1632 2526 nos
1652 2498 1676 2526 a
1694 2484 1823 2526 malo.

1371 2543 1401 2581 A
1412 2542 1609 2582 bsolutio.

1080 2592 1290 2696 Exaudi
1304 2598 1489 2639 Domine
1504 2598 1527 2638 J
1530 2611 1607 2639 esu
1618 2598 1787 2639 Christe
1802 2609 1897 2650 pre-

1173 2667 1244 2695 ces
1264 2655 1489 2695 serverum
1508 2656 1694 2703 murum,
1713 2659 1757 2696 et
1773 2653 1898 2694 mise-

1080 2712 1174 2752 rere
1198 2710 1341 2758 nobis,
1372 2710 1443 2762 qui
1468 2723 1564 2751 cum
1588 2711 1717 2753 Patre
1741 2716 1784 2752 et
1807 2709 1898 2762 Spi-
