2080 2990
684 208 750 240 Dic
779 209 828 240 21.
858 207 942 239 Dec.

205 304 275 344 alii
291 316 435 345 sermo
450 303 642 345 scientiae
657 302 896 345 secundum
910 306 1024 344 eum-

204 360 303 402 dem
317 360 536 412 Spiritum,
551 360 675 402 alteri
691 359 800 401 fides
814 360 858 400 in
869 359 1026 401 eodem

203 415 384 469 Spiritu,
426 415 498 457 alii
537 416 677 466 gratia
716 416 949 457 sanitatum
984 415 1026 456 in

203 485 289 513 uno
308 472 482 525 Spiritu,
502 472 574 513 alii
593 472 792 525 operatio
808 472 1026 521 virtutum,

203 528 274 569 alii
300 528 549 581 prophetia,
578 528 649 569 alii
674 528 878 570 discretio
904 528 1025 581 spiri-

202 590 342 634 tuum,
375 584 446 625 alii
478 587 638 635 genera
664 584 923 636 linguarum,
956 583 1027 625 alii

202 640 504 694 interpretatio
531 642 789 682 sermonum.
820 641 931 682 Haec
955 653 1025 681 au-

203 702 292 738 tem
329 697 474 739 omnia
510 699 718 750 operatur
753 710 863 739 unus
895 702 1026 749 atque

202 752 319 795 idem
359 753 559 806 Spiritus,
586 753 803 795 ·dividens
848 753 1027 804 singulis

202 815 335 863 prout
362 810 464 852 vult.

261 881 305 930 K.
330 879 457 921 Beati
478 879 592 929 estis,
613 892 711 921 cum
724 878 1028 921 maledixerint

202 935 329 977 vobis
364 935 578 985 homineS,
617 941 659 977 et
695 936 916 988 persecuti
947 949 1027 977 vos

203 991 380 1041 faerint,
413 998 456 1033 et
488 991 675 1033 dixerint
708 1005 835 1033 omne
866 992 1028 1033 malum
1081 999 1096 1031 {f
1119 990 1133 1008 ’ἓ
1184 1010 1198 1031 ·η

203 1047 435 1090 adversum
450 1061 540 1098 vos,
559 1048 826 1098 mentientes,
845 1054 1028 1101 propter

202 1117 288 1146 me:
319 1110 339 1130 *
367 1104 566 1146 Gaudete
593 1111 636 1147 et
664 1105 894 1154 exsultate,
924 1107 1027 1157 quo-

202 1161 317 1202 niam
339 1173 508 1202 merces
527 1167 673 1203 vestra
692 1162 873 1214 copiosa
896 1167 963 1203 est
985 1162 1028 1202 in

204 1217 337 1259 coelis.
380 1212 426 1263 Y-
457 1218 566 1259 Cum
590 1230 670 1259 vos
697 1217 868 1260 oderint
892 1218 1028 1259 homi-

202 1286 296 1324 nes,
329 1279 372 1316 et
400 1287 498 1315 cum
527 1275 826 1327 separaverint
854 1287 950 1325 VOS,
985 1280 1028 1316 et

203 1330 576 1383 exprobraverint,
591 1336 634 1372 et
649 1331 852 1383 ejecerint
870 1344 1029 1372 nomen

202 1392 396 1429 vestrum
418 1392 641 1439 tamquam
664 1387 826 1429 malum
846 1393 1028 1440 propter

203 1443 360 1485 Filium
379 1443 577 1485 hominis.
606 1443 818 1486 Gaudete.

505 1527 652 1567 Lectio
675 1527 725 1565 vi.

208 1578 367 1701 Quot
392 1608 497 1647 ergo
525 1602 623 1638 sunt
647 1596 764 1638 bona
788 1596 1027 1649 praedican-

323 1653 447 1702 tium,
465 1658 532 1694 tot
552 1658 651 1694 sunt
671 1655 924 1695 ornamenta
944 1667 1028 1695 coe-

202 1708 355 1750 lorum.
399 1709 514 1750 Hinc
539 1722 688 1750 rursus
714 1709 925 1762 scriptum
950 1716 1029 1752 est:

203 1765 355 1807 Verbo
389 1766 564 1807 Domini
597 1766 696 1807 coeli
729 1766 889 1808 firmati
921 1772 1030 1808 sunt.

203 1821 401 1864 Verbum
437 1822 550 1864 enim
584 1822 761 1864 Domini
792 1822 927 1864 Filius
964 1829 1030 1865 est

203 1879 356 1920 Patris.
375 1878 462 1921 Sed
478 1878 658 1921 eosdem
669 1878 818 1928 coelos,
828 1878 1031 1922 videlicet

206 1941 380 1977 sanctos
407 1935 666 1988 Apostolos,
698 1941 746 1977 ut
778 1941 872 1977 tota
904 1936 1030 1977 simul

207 1998 355 2033 sancta
397 1992 586 2034 Trinitas
628 1991 884 2034 ostendatur
928 2005 1030 2046 ope-

207 2049 317 2097 rata,
358 2050 537 2101 repente
575 2048 630 2091 de
673 2049 810 2091 sancti
845 2050 1032 2102 Spiritus

208 2102 431 2146 divinitate
468 2104 731 2157 adjungitur:
783 2106 841 2148 Et
878 2106 1032 2159 spiritu

208 2159 296 2201 oris
317 2160 406 2212 ejus
432 2161 571 2202 omnis
590 2162 727 2203 virtus
747 2164 909 2203 eorum.
937 2163 1031 2204 Coe-

207 2216 350 2257 lorum
373 2229 478 2267 ergo
498 2218 634 2259 virtus
659 2218 713 2260 de
733 2219 896 2271 Spiritu
921 2232 1031 2260 sum-

208 2278 285 2326 pta
304 2279 385 2315 est:
411 2274 511 2325 quia
530 2274 679 2316 mundi
697 2274 822 2326 hujus
840 2278 1032 2328 potesta-

209 2329 325 2371 tibus
351 2333 566 2372 contraire
593 2343 680 2372 non
707 2335 1033 2384 praesumerent,

210 2385 291 2426 nisi
322 2399 399 2428 eos
432 2387 569 2428 sancti
601 2387 787 2439 Spiritus
822 2387 1033 2430 fortitudo

210 2441 453 2485 solidasset.
482 2442 641 2493 Quales
669 2442 855 2496 namque
884 2443 1033 2486 docto-

211 2511 281 2539 res
313 2505 475 2541 sanctae
505 2499 715 2541 Ecclesiae
746 2506 845 2542 ante
877 2500 1034 2542 adven-

211 2559 304 2596 tum
321 2554 447 2607 hujus
466 2556 652 2608 Spiritus
672 2556 840 2605 fuerint,
859 2557 1035 2600 scimus:

213 2616 256 2653 et
274 2617 376 2664 post
391 2611 625 2653 adventum
644 2612 769 2662 illius,
785 2613 903 2664 cujus
918 2613 1035 2654 forti-

212 2667 376 2710 tudinis
396 2668 495 2710 facti
515 2668 610 2717 sint,
630 2669 934 2721 conspicimus.

269 2734 314 2783 lx}-
341 2734 420 2775 Isti
447 2739 556 2775 sunt.
585 2733 667 2786 [10]

992 208 1024 238 S..
1051 206 1210 238 'flumme
1238 206 1425 248 Apostoli.

1303 300 1351 338 In
1369 300 1439 339 ΙΙΙ,
1460 300 1679 341 Nocturno.

1081 361 1233 404 Lectio
1255 363 1394 404 sancti
1412 363 1638 415 Evangelii
1660 364 1901 406 secundum

1377 419 1402 460 J
1405 421 1601 462 oannem.

1159 481 1307 523 Lectio
1330 483 1396 522 vii.

1599 483 1700 535 Cap.
1715 485 1786 524 20.
1802 484 1826 523 f.

1125 549 1153 576 n
1172 535 1246 577 illo
1266 538 1481 590 tempore:
1505 537 1699 580 Thomas
1717 551 1829 580 unus
1848 551 1902 580 ex

1143 590 1390 644 duodecim,
1411 593 1485 646 qui
1503 593 1661 636 dicitur
1677 593 1903 647 DidymuS,

1078 661 1166 690 non
1203 654 1296 691 erat
1328 663 1427 692 cum
1459 651 1538 701 eis,
1576 649 1751 703 quando
1785 651 1903 692 venit

1077 705 1102 746 J
1104 718 1215 747 esus,
1241 707 1298 748 Et
1315 706 1494 760 reliqua.

1127 784 1315 826 Homih'a
1335 785 1474 827 sancti
1494 785 1697 837 Gregorii
1713 785 1860 838 Papae.

1086 851 1137 883 Ex
1168 850 1332 882 nomilia
1358 852 1408 882 ’.Ἠ
1441 850 1477 882 in
1505 850 1660 892 Evang..
1692 855 1779 893 post
1810 849 1905 883 med.

1594 963 1904 1006 m

1228 977 1242 1003 1
1461 977 1485 1004 c
1536 977 1649 1005 amm
1711 979 1737 1006 v
1858 978 1897 1006 s.

1081 1006 1154 1037 Q
1228 1019 1452 1072 Numquid
1480 1033 1583 1061 casu
1610 1026 1783 1071 gestum
1815 1022 1903 1062 cre-

1080 1075 1192 1126 ditis,
1211 1081 1260 1118 ut
1275 1076 1438 1118 electus
1457 1076 1529 1118 ille
1549 1076 1787 1130 discipulus
1801 1082 1905 1119 tunc

1081 1132 1273 1183 deesset,
1309 1139 1412 1186 post
1443 1139 1588 1176 autem
1619 1134 1796 1175 veniens
1833 1147 1903 1175 au-

1081 1189 1207 1239 diret,
1231 1189 1413 1232 audiens
1437 1190 1676 1240 dubitaret,
1701 1190 1906 1232 dubitans

1079 1246 1298 1299 palparet,
1330 1246 1514 1300 palpans
1546 1246 1768 1288 crederet?
1804 1247 1906 1289 Non

1079 1303 1165 1345 hoc
1184 1316 1297 1354 casu,
1318 1303 1397 1345 sed
1417 1303 1562 1345 divina
1581 1303 1906 1356 dispensatione

1080 1365 1251 1411 gestum
1292 1365 1369 1402 est.
1422 1360 1523 1411 Egit
1563 1372 1752 1412 namque
1794 1360 1905 1402 miro

1080 1415 1214 1458 modo
1239 1419 1426 1470 superna
1445 1417 1688 1466 clementia,
1713 1421 1761 1458 ut
1780 1415 1905 1459 disci-

1080 1473 1209 1526 pulus
1234 1473 1306 1515 ille
1332 1473 1552 1523 dabitans,
1579 1472 1683 1515 dum
1706 1473 1750 1514 in
1774 1475 1906 1525 magi-

1081 1535 1173 1571 stro
1207 1543 1286 1572 suo
1314 1530 1495 1572 vulnera
1522 1530 1724 1583 palparet
1755 1530 1907 1580 carnis,

1081 1586 1123 1626 in
1155 1586 1281 1628 nobis
1311 1587 1491 1628 vulnera
1522 1589 1696 1628 sanaret
1727 1585 1907 1629 infideli-

1080 1643 1194 1685 tatis.
1222 1643 1326 1684 Plus
1351 1644 1466 1684 enim
1490 1643 1616 1685 nobis
1638 1642 1823 1685 Thomae
1846 1643 1906 1684 in-

1082 1698 1268 1741 fidelitas
1288 1698 1344 1741 ad
1363 1699 1511 1750 fidem,
1537 1712 1668 1752 quam
1686 1698 1798 1741 fides
1817 1712 1906 1742 cre-

1083 1754 1275 1797 dentium
1288 1755 1602 1809 discipulorum
1611 1756 1791 1809 profuit:
1807 1756 1908 1808 quia

1083 1811 1187 1853 dum
1208 1812 1280 1854 ille
1305 1812 1361 1854 ad
1385 1812 1518 1854 fidem
1537 1811 1761 1865 palpando
1781 1811 1907 1854 redu-

1083 1869 1209 1918 citur,
1241 1875 1391 1911 nostra
1421 1882 1562 1919 mens,
1594 1868 1711 1910 omni
1741 1867 1907 1910 dubita-

1082 1925 1201 1967 tione
1219 1926 1482 1978 postposita,
1507 1925 1551 1966 in
1573 1924 1661 1967 fide
1685 1923 1908 1966 solidatur.

1139 1986 1187 2037 ΒΕ.
1202 1986 1281 2028 Isti
1296 1991 1395 2028 sunt
1411 1987 1484 2038 qui
1498 1986 1694 2028 viventes
1707 1986 1751 2027 in
1768 1999 1908 2036 carne,

1083 2042 1388 2096 plantaverunt
1422 2042 1662 2084 Ecclesiam
1700 2042 1908 2094 sanguine

1084 2112 1181 2141 suo:
1215 2099 1236 2121 *
1270 2099 1460 2141 Calicem
1488 2099 1665 2140 Domini
1695 2098 1909 2148 biberunt,

1085 2161 1128 2198 et
1171 2156 1298 2197 amici
1334 2156 1417 2198 Dei
1456 2156 1559 2197 facti
1602 2160 1712 2197 sunt.
1764 2149 1814 2200 V.
1858 2155 1909 2196 In

1086 2225 1260 2254 omnem
1273 2218 1434 2254 terram
1452 2212 1585 2253 exivit
1599 2224 1732 2252 sonus
1747 2213 1909 2261 eorum,

1086 2274 1129 2311 et
1155 2269 1198 2309 in
1228 2269 1336 2310 fines
1369 2268 1487 2310 orbis
1518 2274 1649 2310 terrae
1675 2267 1811 2310 verba
1838 2269 1908 2309 eo-

1086 2339 1192 2367 rum.
1221 2325 1421 2368 Calicem.

1375 2388 1523 2428 Lectio
1545 2388 1626 2427 viii.

1090 2444 1197 2552 Sic
1222 2452 1385 2504 quippe
1413 2450 1674 2503 discipulum
1696 2449 1910 2492 Dominus

1182 2513 1283 2562 post
1307 2507 1668 2549 resurrectionem
1692 2520 1815 2548 suam
1835 2505 1908 2548 du-

1086 2566 1226 2608 bitare
1245 2564 1453 2618 permisit,
1467 2576 1548 2604 nec
1565 2569 1711 2605 tamen
1729 2564 1772 2604 in
1789 2562 1909 2605 dubi-

1087 2623 1250 2665 tatione
1274 2620 1482 2663 deseruit:
1507 2620 1618 2661 sicut
1642 2626 1742 2662 ante
1761 2619 1909 2662 nativi-

1087 2682 1223 2722 tatem
1247 2690 1369 2718 suam
1391 2675 1553 2718 habere
1576 2677 1759 2718 Mariam
1782 2688 1909 2729 spon-

1089 2749 1184 2777 sum
1224 2734 1380 2783 voluit,
1423 2733 1497 2785 qui
1537 2739 1682 2775 tamen
1723 2731 1780 2774 ad
1820 2732 1910 2784 ejus
