2080 2990
208 225 302 269 [228]

209 320 340 361 vatio.
381 317 425 359 Si
453 316 567 358 enim
595 316 882 367 incorpcreus
908 324 1040 360 esseS‚

209 374 326 417 nuda
362 378 406 415 et
443 372 704 424 incorporea
734 369 815 411 tibi
847 367 1041 410 dedisset

211 432 305 483 ipse
321 430 450 471 dona:
469 427 550 470 sed
566 426 772 479 qudniam
790 425 932 466 anima
948 426 1039 465 cdr-

210 487 309 539 pori
339 486 541 527 conserta
570 487 655 532 est,
691 483 735 522 in
764 479 1040 523 sensibilibus

211 540 498 592 intelligibilia
548 538 627 581 tibi
678 537 861 591 praebet.
924 537 1042 585 Quot

211 611 324 639 nunc
361 596 529 638 dicunt:
570 594 745 636 Vellem
782 593 920 645 ipsius
957 591 1040 631 for-

211 666 326 694 mam
351 654 564 704 aspicere,
589 650 788 700 figuram‚
812 647 1041 689 vestimen·

211 715 266 760 ta,
291 704 608 750 calceamenta?
644 706 760 746 Ecce
785 717 883 745 eum
905 702 1041 751 vides,

520 227 695 260 (mic-ium
723 227 895 260 votivum
919 226 966 259 dc
991 226 1046 259 ss.
1070 222 1323 257 Eucharistiae
1348 222 1605 255 sacramento.

1390 314 1542 355 Lectio
1567 314 1620 353 vi.

1093 350 1233 473 Quo
1257 379 1347 408 non
1373 368 1552 418 oportet
1575 366 1706 417 igitur
1729 377 1827 407 esse
1849 378 1927 418 pu-

1202 423 1383 471 ri6rem,
1414 421 1493 463 tali
1518 421 1735 463 fruentem
1764 421 1926 462 sacrifi·

1096 479 1186 522 cio?
1213 491 1300 531 quo
1325 477 1460 520 solari
1482 477 1609 519 radio
1630 490 1719 519 non
1738 475 1927 529 splendi-

1096 537 1264 578 di6rem
1283 547 1474 583 manum,
1497 546 1673 575 carnem
1690 532 1803 574 hanc
1822 531 1927 574 divi-

1096 589 1293 634 dentem?
1322 603 1372 631 os
1398 588 1519 641 quod
1541 589 1631 640 igni
1656 588 1841 642 spiritali
1862 601 1927 630 re-

1094 648 1264 701 pletur,
1314 646 1508 696 linguam
1554 657 1654 697 quae
1699 643 1928 686 tremendo

1095 703 1222 744 nimis
1254 701 1463 752 sanguine
1495 699 1717 742 rubescit?
1772 700 1930 751 cogita

211 766 355 818 ipsum
374 763 527 814 tangis,
546 762 690 814 ipsum
707 758 956 801 manducas.
984 758 1042 799 Et
1098 773 1126 812 q

211 826 259 862 tu
276 818 453 872 quidem
470 818 727 859 vestimenta
742 815 865 867 cupis
879 814 1042 855 videre:

212 877 307 928 ipse
326 888 432 917 vero
452 874 531 916 tibi
550 871 751 914 conce‘dit
768 884 856 912 non
872 874 1043 912 tantum

213 931 382 980 videre,
419 942 570 971 verum
602 933 646 970 et
676 925 961 975 manducare,
999 931 1042 967 et

214 990 404 1038 tangere,
425 990 468 1027 et
487 986 599 1026 intra
617 990 662 1026 te
681 987 863 1024 sumere.

268 1054 314 1103 Ra
344 1048 627 1092 Coenantibus
646 1048 742 1089 illis.
769 1046 879 1099 [226]

527 1140 673 1179 Lectio
696 1153 730 1178 v.

261 1203 377 1253 gitur
398 1199 580 1242 accedat
599 1211 728 1240 nemo
753 1211 852 1239 cum
870 1200 1044 1247 nausea,

283 1269 411 1299 nemo
430 1255 665 1305 resolutus,
690 1266 841 1295 omnes
862 1254 1045 1303 accensi,

218 1326 368 1356 omnes
392 1313 610 1353 ferventes
636 1315 679 1351 et
704 1310 892 1351 excitati.
931 1310 1046 1350 Nam

215 1372 251 1412 si
266 1371 291 1411 J
293 1369 409 1411 udaei
429 1372 606 1417 stantes,
626 1372 669 1408 et
689 1366 985 1407 calceamenta
1003 1365 1046 1405 in

215 1426 404 1480 pedibus
427 1423 653 1472 habentes,
682 1427 726 1463 et
751 1422 934 1463 baculos
958 1423 1045 1462 ma-

215 1482 342 1524 nibus
368 1482 603 1532 gestantes,
629 1492 788 1530 agnum
811 1491 910 1519 cum
931 1478 1046 1519 festi—

216 1539 390 1580 nati6ne
411 1535 715 1578 comedebant:
738 1539 783 1576 te
801 1534 940 1575 multo
959 1547 1046 1575 ma-

219 1595 285 1646 gis
305 1595 482 1646 oportet
497 1604 595 1632 esse
614 1590 831 1631 solertem.
858 1590 973 1631 Nam
987 1590 1048 1630 illi

219 1650 396 1702 quidem
423 1648 467 1688 in
492 1647 772 1688 Palaestinam
800 1651 923 1687 erant
949 1658 1047 1698 pro-

218 1705 382 1754 fecturi,
399 1710 443 1746 et
456 1704 693 1756 propterea
707 1702 927 1743 viatorum
942 1702 1048 1752 figur

218 1775 311 1803 ram
343 1760 582 1802 habebant:
618 1765 667 1801 tu
697 1771 803 1800 vero
837 1757 974 1799 debes
1006 1757 1049 1797 in

219 1818 380 1859 coelum
402 1817 601 1867 migrare.
638 1816 920 1867 Quapropter
942 1814 986 1854 in
1005 1815 1048 1854 ό-

218 1873 390 1915 mnibus
432 1875 610 1925 oportet
646 1876 691 1913 te
727 1870 927 1921 vigilare:
968 1882 1049 1911 nec

220 1930 333 1971 enim
365 1941 500 1981 parva
531 1941 663 1981 poena
695 1926 959 1979 propdnitur
989 1926 1049 1966 in·
1114 1957 1143 1981 ,Α-
1175 1950 1203 1985 ‘-

220 1984 348 2036 digne
365 1984 646 2026 sumentibus.
668 1982 824 2032 cogita
840 1986 1050 2033 quantum
1117 2023 1120 2025 ,
1138 1986 1144 2022 ζ’
1174 1992 1197 2039 '3

220 2040 431 2082 adversus
450 2039 723 2092 proditdrem
738 2037 986 2088 indignaris,
1005 2042 1049 2079 et

221 2101 372 2138 contra
393 2109 470 2137 eos
492 2096 566 2148 qui
588 2095 710 2136 illum
729 2093 1050 2136 crucifixerunt:

221 2155 369 2204 itaque
390 2151 630 2201 considera,
650 2164 705 2192 ne
723 2156 772 2192 tu
792 2162 969 2202 quoque
989 2150 1050 2190 sis

221 2220 322 2249 reus
346 2207 544 2260 ccrporis
569 2212 613 2249 et
637 2206 858 2257 sanguinis
879 2204 1050 2247 Christi.

221 2263 290 2304 Illi
326 2263 646 2304 sanctissimum
682 2274 843 2315 corpus
881 2260 1050 2303 occide-

222 2324 332 2369 runt,
357 2324 406 2360 tu
429 2331 536 2360 vero
559 2318 730 2371 polluta
754 2317 939 2370 suscipis
964 2317 1050 2358 ani-

222 2388 303 2425 ma,
318 2379 421 2428 post
434 2379 502 2416 tot
515 2374 740 2416 beneficia.
766 2374 922 2425 Neque
938 2373 1052 2414 enim

222 2430 284 2471 illi
309 2431 414 2472 satis
439 2430 533 2480 fuit,
559 2430 779 2471 hdminem
803 2429 912 2478 fieri,
938 2429 1052 2471 edla-

222 2486 323 2539 phis
351 2485 482 2535 caedi,
510 2491 554 2528 et
583 2485 797 2536 crucifigi:
829 2498 982 2526 verum
1010 2490 1053 2527 et

225 2544 509 2594 semetipsum
539 2541 667 2583 nobis
700 2543 973 2591 commiscet3
1010 2546 1053 2582 et

224 2611 312 2639 non
332 2597 419 2639 fide
443 2603 621 2647 tantum,
644 2610 797 2639 verum
820 2603 862 2639 et
885 2597 981 2649 ipsa
1004 2610 1052 2638 re

226 2667 306 2695 nos
326 2666 452 2694 suum
472 2653 605 2694 efficit
624 2666 797 2705 corpus.

278 2719 327 2769 R.
355 2716 541 2769 Accepit
557 2717 694 2759 Jesus.
722 2717 832 2769 [226]

1096 827 1247 857 mensa
1264 813 1432 854 fruaris.
1461 811 1593 863 Quod
1607 811 1766 863 Angeli
1782 811 1929 854 viden-

1097 877 1165 913 tes
1179 871 1449 918 horrescunt,
1463 880 1606 920 neque
1619 867 1756 909 libere
1769 866 1931 910 audent

1097 926 1256 969 intueri
1297 929 1482 978 propter
1527 924 1789 966 emicantem
1828 923 1930 964 inde

1099 981 1398 1036 splendcrem3
1443 981 1529 1022 hoc
1573 992 1656 1021 nos
1698 980 1931 1032 pascimur,

1099 1039 1201 1081 huic
1233 1050 1315 1079 nos
1345 1038 1537 1086 unimur,
1570 1040 1615 1078 et
1646 1035 1750 1077 facti
1781 1048 1932 1077 sumus

1099 1109 1233 1137 unum
1253 1093 1415 1135 Christi
1437 1105 1614 1145 corpus,
1639 1096 1684 1133 et
1706 1104 1794 1133 una
1816 1104 1932 1134 caro.

1100 1152 1207 1202 Quis
1245 1151 1451 1201 loquetur
1487 1148 1711 1201 potentias
1743 1148 1932 1198 Domini,

1099 1207 1271 1249 auditas
1299 1206 1430 1247 faciet
1458 1217 1610 1246 omnes
1634 1204 1788 1246 laudes
1814 1202 1932 1256 ejus?

1100 1264 1207 1314 Quis
1243 1267 1397 1315 pastor
1434 1273 1540 1302 oves
1576 1260 1758 1313 preprio
1791 1260 1934 1312 pascit

1100 1318 1277 1361 cruere?
1306 1319 1364 1360 Et
1384 1316 1490 1369 quid
1508 1316 1620 1366 dico,
1638 1314 1814 1369 pastor?
1842 1316 1931 1357 Ma-

1098 1382 1188 1418 tres
1211 1374 1362 1416 multae
1388 1377 1504 1422 sunt,
1530 1385 1630 1424 quae
1653 1377 1758 1424 post
1779 1377 1932 1424 partus

1101 1431 1290 1480 dthres,
1309 1429 1425 1471 filios
1444 1429 1540 1470 aliis
1560 1428 1741 1470 tradunt
1758 1427 1933 1470 nutrici-

1099 1488 1193 1530 bus.
1230 1487 1331 1528 Hoc
1351 1490 1498 1527 autem
1521 1485 1617 1537 ipse
1639 1497 1728 1526 non
1749 1490 1817 1526 est
1835 1496 1932 1537 pas-

1100 1557 1190 1586 sus:
1210 1542 1290 1584 sed
1306 1543 1403 1595 ipse
1421 1554 1503 1582 nos
1520 1541 1703 1594 prdprio
1724 1540 1934 1591 sanguine

1099 1600 1259 1652 pascit,
1287 1603 1331 1640 et
1358 1610 1439 1650 per
1468 1597 1614 1638 Omnia
1642 1609 1724 1638 nos
1752 1595 1837 1638 sibi
1863 1608 1934 1638 co-

1101 1657 1333 1707 agmentat.
1365 1657 1416 1708 Rv.
1438 1653 1535 1704 Ego
1555 1666 1652 1694 sum
1668 1652 1805 1705 panis.
1823 1652 1935 1704 [226]

1325 1739 1374 1779 In
1394 1738 1466 1778 111.
1486 1736 1710 1778 Nocturno.

1129 1819 1133 1822 ·
1154 1807 1254 1846 Ant.
1283 1800 1493 1844 Introibo.

1375 1872 1574 1913 Psalmus
1593 1873 1659 1911 42.

1185 1933 1347 1978 udica
1378 1944 1449 1973 me
1479 1931 1621 1983 DeuS‚
1659 1935 1704 1972 et
1735 1929 1936 1971 discerne

1233 2001 1411 2031 causam
1437 1999 1583 2029 meam
1607 1986 1663 2028 de
1690 1990 1821 2036 gente
1845 1997 1936 2026 non

1234 2049 1404 2094 sancta,
1434 2044 1459 2070 *
1486 2043 1543 2085 ab
1570 2042 1747 2084 homine
1773 2042 1935 2094 iniqu0,

1103 2106 1147 2143 et
1166 2101 1324 2143 doloso
1345 2102 1448 2142 erue
1467 2112 1549 2141 me.

1155 2157 1268 2208 Quia
1291 2162 1340 2198 tu
1365 2169 1412 2198 es
1435 2156 1558 2197 Deus
1582 2153 1798 2196 fortitudo
1822 2165 1937 2195 mea:

1103 2214 1126 2239 *
1147 2225 1283 2265 quare
1302 2225 1373 2254 me
1396 2210 1618 2264 repulisti?
1643 2215 1687 2252 et
1707 2222 1843 2262 quare
1862 2209 1935 2250 tri-

1104 2270 1182 2310 stis
1204 2268 1377 2319 incedo,
1401 2267 1506 2310 dum
1529 2267 1684 2317 affligit
1705 2279 1776 2308 me
1800 2265 1936 2307 11111111-

1104 2325 1204 2367 cus?

1155 2382 1319 2422 Emitte
1340 2380 1485 2422 lucem
1503 2384 1625 2420 tuam
1644 2382 1688 2420 et
1706 2377 1936 2419 veritatem

1104 2442 1243 2479 tuam:
1279 2437 1303 2462 *
1336 2436 1435 2488 ipsa
1461 2447 1532 2476 me
1564 2433 1861 2483 deduxerunt,
1894 2437 1938 2474 et

1104 2493 1383 2535 adduxerunt
1419 2491 1463 2532 in
1500 2495 1697 2532 montem
1737 2494 1937 2532 sanctum

1105 2554 1239 2599 tuum,
1268 2553 1312 2590 et
1338 2548 1382 2589 in
1410 2546 1695 2588 tabernacula
1721 2550 1807 2587 tua.

1157 2606 1214 2647 Et
1238 2603 1432 2646 introibo
1458 2602 1515 2644 ad
1541 2602 1678 2644 altare
1701 2601 1802 2643 Dei:
1829 2601 1854 2627 *
1880 2600 1936 2642 ad

1105 2661 1269 2710 Deum,
1314 2660 1389 2712 qui
1430 2659 1625 2700 laetificat
1666 2659 1937 2710 juventutem

1105 2729 1259 2758 meam.
