2080 2990
718 211 928 245 Commune
954 219 1030 243 non
1057 209 1267 251 Virginum.

143 307 439 361 pulchritudo:
461 306 617 348 mulier
641 306 799 346 timens
822 303 972 345 Domi-

142 377 257 414 num,
276 364 376 416 ipsa
392 362 653 405 laudabitur.

188 423 239 476 R.
253 422 317 464 br.
340 424 484 475 Elegit
500 436 597 465 eam
612 423 773 471 Deus‚*
786 421 844 462 Et
862 433 971 473 prae-

142 479 273 531 elegit
296 493 403 521 eam.
438 479 592 531 Elegit.
625 474 677 527 V.
702 478 754 518 In
772 476 971 518 taberne-

142 535 241 577 culo
275 549 355 577 suo
386 536 586 578 habitare
618 534 722 575 facit
750 546 857 574 eam.
904 533 972 573 Et.

140 591 294 634 Gloria
311 592 443 634 Patri.
479 591 635 642 Elegit.

188 642 240 692 V·
285 648 457 690 Diffusa
494 652 561 689 est
597 646 738 698 gratia
768 645 813 686 in
843 644 971 686 labiis

140 705 237 746 tuis.
285 703 336 755 Ra
384 705 628 757 Propterea
667 700 893 744 benedixit
927 705 971 741 te

139 761 261 802 Deus
289 760 334 801 in
361 762 584 802 aeternum.

347 843 408 884 In
429 842 488 884 11.
511 839 763 891 vesperis.

192 907 329 942 Omnia
353 910 395 941 ut
417 904 535 950 supra
560 906 599 940 in
622 906 647 940 I.
671 905 857 948 Vesperis
886 905 971 948 [99],

138 960 280 998 praeter

191 1003 241 1053 V.
282 1006 453 1048 Diffusa
489 1011 557 1048 est
591 1006 731 1058 gratia
767 1006 812 1045 in
844 1005 971 1046 labiis

141 1062 237 1103 tuis.
288 1064 338 1115 Ην.
381 1063 625 1115 Propterea
663 1061 888 1104 benedixit
927 1066 972 1102 te

138 1117 260 1159 Deus
288 1118 332 1158 in
360 1120 582 1160 aeternum.

191 1184 262 1226 Ad
286 1185 459 1235 Magnif.
502 1185 600 1224 Ant.
643 1184 820 1224 Manum
848 1196 972 1224 suam

138 1239 162 1264 *
197 1241 368 1292 aperuit
404 1240 540 1293 inopi,
586 1245 630 1281 et
665 1239 834 1292 palmas
871 1252 972 1280 suas

140 1295 336 1339 extendit
363 1296 420 1338 ad
447 1300 704 1350 paliperem,
742 1301 785 1337 et
813 1308 972 1348 panem

140 1352 283 1394 otiosa
302 1366 392 1395 non
412 1352 614 1395 comedit.

191 1417 230 1451 Si
257 1417 397 1451 fuerint
414 1417 545 1460 plures
564 1426 639 1449 non
657 1414 849 1456 Virgines.
868 1413 969 1447 idem

139 1465 180 1499 fit
203 1464 309 1499 Offie.
336 1469 375 1499 ut
401 1475 527 1507 supra.
555 1466 627 1509 [99]

414 1552 477 1554 „Ar
503 1540 620 1566 aar*
660 1552 668 1553 r

378 1617 440 1658 11.
469 1616 732 1658 Lectiones

235 1684 333 1723 pro
371 1671 618 1722 Martyre
656 1674 879 1710 tantum.

370 1751 419 1789 In
443 1750 495 1788 ΙΙ.
521 1749 744 1788 Nocturno.

140 1818 293 1861 Sermo
310 1820 449 1861 sancti
459 1820 483 1861 J
486 1820 640 1861 oannis
656 1819 970 1871 Chrysostomi.

162 1883 279 1917 Serm.
292 1882 344 1916 67.
361 1882 407 1917 de
422 1882 590 1917 diversis
603 1881 697 1915 novi
711 1879 949 1914 Testamenti

502 1930 610 1964 locis.

442 1986 595 2027 Lectio
616 1987 667 2026 iv.

237 2061 313 2099 go
328 2047 516 2089 maxime
533 2047 971 2089 commemorationes

214 2107 249 2160 4⁵²⁵ss
274 2105 408 2156 diligo
442 2105 703 2157 Martyrum,
743 2103 894 2154 diligo,
928 2109 972 2145 et

248 2163 250 2178 ⁸
276 2161 533 2214 amplector;
556 2166 688 2213 atque
708 2172 860 2201 omnes
882 2160 971 2212 qui-

140 2216 255 2267 dem,
309 2218 389 2259 sed
438 2222 531 2259 tum
579 2219 818 2269 praecipue,
872 2229 970 2257 cum

138 2273 369 2316 mulierum
393 2273 632 2315 certamina
651 2275 970 2326 proponuntur.

140 2330 314 2380 Quanto
359 2330 473 2372 enim
514 2329 728 2370 infirmius
770 2333 837 2370 est
878 2342 970 2378 vas,

139 2389 262 2427 tanto
286 2387 424 2438 major
451 2390 518 2427 est
543 2386 699 2436 gratia,
729 2390 852 2426 tanto
877 2385 970 2426 illu-

138 2442 269 2483 strius
302 2447 370 2484 est
401 2442 667 2494 trophaeum,
709 2446 832 2483 tanto
872 2441 970 2482 insi-

138 2498 262 2549 gnior
283 2503 350 2541 est
367 2498 567 2547 victoria,
592 2511 681 2539 non
700 2497 758 2539 ob
778 2497 969 2538 imbecil-

138 2553 305 2595 litatem
320 2567 451 2596 sexus
467 2554 740 2603 athletarum,
756 2553 835 2595 sed
852 2553 971 2605 quod

138 2622 217 2662 per
255 2622 321 2659 ea,
369 2609 526 2662 quibus
563 2612 729 2652 vicerat
759 2610 970 2655 inimicus,

138 2678 254 2706 nunc
274 2666 406 2707 etiam
423 2666 634 2707 vincatur.

1074 306 1126 357 Rz.
1163 303 1354 356 Propter
1380 305 1628 355 veritatem,
1663 310 1707 347 et
1737 319 1854 347 man-

1026 359 1318 411 suetudinem,
1348 365 1391 402 et
1411 362 1673 413 justitiamz*
1699 363 1756 403 Et
1784 362 1854 404 de-

1026 415 1159 457 ducet
1190 421 1234 457 te
1268 417 1523 459 mirabiliter
1556 417 1738 460 dextera
1769 423 1854 460 tua.

1023 470 1075 523 V.
1103 473 1259 524 Specie
1279 477 1355 514 tua
1375 478 1418 514 et
1437 473 1761 525 pulchritudine
1780 480 1854 516 tua

1025 527 1218 579 intende,
1246 531 1460 582 prospere
1484 530 1693 582 procede,
1722 536 1765 572 et
1790 544 1853 572 re-

1024 597 1120 634 gna.
1157 585 1214 625 Et
1233 585 1435 627 deducet.

1333 643 1484 683 Lectio
1507 657 1543 682 v.

1023 694 1155 800 Per
1182 697 1410 739 mulierem
1438 698 1557 747 vicit,
1595 711 1675 750 per
1707 699 1854 740 mulie-

1119 767 1212 795 rem
1242 756 1473 806 superatus
1502 758 1578 795 est.
1614 755 1714 795 Hoc
1741 755 1854 795 illius

1026 813 1154 852 antea
1182 810 1319 852 telum
1347 815 1458 852 erat:
1486 809 1571 851 hoc
1598 810 1713 851 illius
1740 824 1854 851 nunc

1025 867 1159 908 caedis
1196 867 1359 908 factum
1402 871 1468 908 est
1503 866 1855 916 instrumentum,

1024 923 1110 964 hoc
1163 936 1241 964 vas
1292 923 1500 976 apperuit
1548 922 1855 975 insuperabile.

1023 980 1231 1020 Peccavit
1251 979 1325 1020 illa
1346 979 1482 1032 prior,
1511 984 1555 1020 et
1577 981 1751 1020 mortua
1776 984 1856 1020 est:

1024 1035 1108 1077 ista
1136 1038 1310 1076 mortua
1332 1040 1413 1085 est,
1443 1048 1498 1076 ne
1523 1038 1739 1087 peccaret.
1776 1035 1857 1076 Illa

1024 1096 1118 1132 tum
1159 1091 1293 1132 futilis
1333 1092 1540 1144 promissi
1576 1105 1655 1144 spe
1694 1091 1856 1141 inflata,

1024 1148 1109 1188 Dei
1128 1147 1462 1198 legesviolevit:
1481 1147 1577 1188 haec
1594 1148 1728 1188 vitam
1747 1160 1856 1199 prae-

1026 1205 1195 1245 sentem
1231 1204 1509 1256 contempsit,
1553 1217 1607 1244 ne
1645 1203 1779 1245 fidem
1813 1204 1857 1243 in

1026 1272 1152 1301 suum
1162 1260 1490 1302 benefactorem
1502 1260 1698 1311 ejuraret.
1717 1261 1857 1309 Quam

1026 1317 1156 1367 igitur
1190 1316 1399 1369 deinceps
1437 1318 1615 1368 sperare
1648 1318 1857 1368 poterunt

1026 1374 1355 1414 excusationem
1379 1373 1477 1422 viri,
1512 1373 1546 1412 si
1575 1371 1731 1413 molles
1761 1372 1857 1420 sint,

1026 1434 1069 1470 et
1087 1430 1248 1480 ignavi3
1274 1442 1405 1481 quam
1423 1441 1529 1470 vero
1549 1429 1737 1477 veniam,
1758 1441 1858 1468 cum

1027 1486 1196 1527 fortiter
1222 1499 1273 1527 ac
1299 1486 1479 1527 viriliter
1511 1498 1558 1525 se
1585 1488 1739 1535 gerant
1767 1497 1857 1525 mu-

1026 1541 1169 1591 lieres,
1208 1555 1306 1583 cum
1339 1541 1451 1583 adeo
1480 1554 1528 1582 se
1559 1542 1773 1591 generose
1801 1539 1858 1581 ad

1027 1599 1266 1639 certamina
1284 1598 1460 1651 pietatis
1481 1596 1731 1647 accingant?

1078 1654 1128 1706 Ην.
1163 1655 1366 1696 Dilexisti
1394 1654 1616 1706 justitiam,
1654 1658 1697 1694 et
1726 1651 1858 1693 odisti

1023 1710 1313 1763 iniquitatem:
1344 1710 1366 1733 *
1393 1711 1635 1762 Propterea
1662 1709 1787 1749 unxit
1814 1713 1857 1749 te

1022 1766 1163 1816 Deus,
1218 1767 1339 1808 Deus
1385 1771 1485 1807 tuus
1537 1766 1635 1806 oleo
1682 1765 1856 1806 laetitiae.

1028 1817 1079 1868 V.
1101 1823 1288 1875 Propter
1318 1823 1560 1871 veritatem,
1589 1826 1632 1862 et
1659 1833 1856 1861 mansue-

1023 1878 1232 1929 tfidinem,
1255 1884 1298 1920 et
1315 1878 1532 1930 justitiam.
1560 1878 1811 1929 Propterea.

1329 1932 1480 1973 Lectio
1502 1933 1553 1971 vi.

1028 1986 1169 2090 Fuit
1201 1990 1263 2030 illi
1296 2002 1455 2042 corpus
1488 1988 1772 2038 imbecillum,
1811 1993 1854 2029 et

1112 2046 1329 2087 obnoxius
1345 2059 1475 2088 sexus
1488 2045 1671 2097 injuriae3
1686 2047 1854 2086 verum-

1024 2107 1171 2143 tamen
1190 2103 1384 2144 omnium
1407 2102 1566 2144 horum
1584 2100 1855 2142 imbecillita-

1023 2164 1114 2199 tem
1150 2158 1387 2200 adveniens
1427 2158 1569 2210 gratia
1607 2156 1854 2199 occultavit.

1023 2214 1142 2256 Nihil
1167 2215 1283 2256 enim
1308 2220 1390 2264 est,
1418 2214 1524 2256 nihil
1548 2213 1678 2267 plane
1702 2214 1853 2265 poten-

1024 2270 1109 2311 tius
1130 2275 1196 2312 est
1216 2284 1285 2321 eo,
1311 2271 1385 2324 qui
1407 2283 1568 2322 magno
1589 2283 1689 2311 cum
1708 2268 1852 2310 studio

1024 2327 1108 2368 Dei
1131 2327 1336 2369 timorem
1359 2327 1522 2369 habeat
1545 2327 1590 2367 in
1612 2330 1757 2366 mente
1783 2324 1854 2365 de-

1025 2383 1175 2433 fixum,
1195 2383 1275 2425 sed
1291 2384 1489 2436 quamvis
1504 2384 1638 2434 ignes,
1656 2380 1853 2433 quamvis

1025 2439 1203 2491 ferrum,
1230 2441 1429 2493 quamvis
1447 2439 1628 2487 bestias,
1656 2436 1854 2489 quamvis

1026 2495 1144 2537 aliud
1173 2497 1346 2549 quidvis
1374 2497 1591 2537 minentur
1614 2494 1782 2541 hostes,
1810 2493 1853 2532 o-

1024 2552 1143 2593 mnia
1153 2553 1272 2594 nullo
1281 2553 1459 2604 negotio
1469 2549 1724 2599 contemnit3
1734 2546 1853 2599 quod

1025 2609 1177 2660 utique
1196 2610 1336 2651 Beata
1354 2610 1438 2649 ista
1457 2608 1588 2648 etiam
1608 2606 1721 2647 fecit.

1079 2665 1129 2716 R.
1151 2666 1305 2707 Fallax
1324 2665 1475 2716 gratia.
1493 2662 1605 2715 [106]

735 2748 1262 2777 *wa
