2040 2990
188 159 234 196 54
748 169 856 202 Furia
885 168 994 202 tcitia
1021 168 1068 201 ad
1094 167 1330 200 Matutinum.

219 268 365 310 Feria
391 267 544 308 tertia
571 267 636 308 ad
653 268 981 309 ‘Matutinum.

247 340 365 380 Invit.
403 337 642 379 Jubilemus
681 338 793 388 Deo,
834 337 855 359 *
895 338 1012 380 Salu-

190 396 272 437 tari
300 399 463 436 nostro.

241 453 305 492 ΡΞ.
339 451 508 501 Venite,
538 451 814 493 exsultemus.
844 453 880 493 2.

494 528 700 579 Hymnus.

317 603 473 631 onsors
502 592 672 643 paterni
701 591 883 641 luminis,

343 647 438 688 Lux
467 648 560 700 ipse
588 648 706 697 lucis,
736 653 779 690 et
808 648 912 697 dies,

291 703 478 745 Noctem
499 703 695 745 canendo
715 705 970 757 rumpimus:

293 761 461 801 Assiste
490 760 822 812 postulantibus.

225 825 352 866 Aufer
380 825 583 866 tenebras
613 826 831 875 mentium,

268 882 386 933 Fuga
416 883 612 922 catervas
642 881 900 925 daemonum.

268 938 449 990 Expelle
477 938 820 988 somnolentiam,

267 995 334 1035 Ne
364 995 621 1047 pigritantes
651 995 817 1037 Obruat.

213 1060 285 1101 Sic
313 1059 482 1101 Christe
510 1060 635 1101 nobis
665 1061 866 1103 Omnibus

268 1116 500 1166 Indulgeas
529 1116 817 1167 credentibus,

268 1173 325 1214 Ut
353 1173 492 1225 prosit
521 1174 812 1224 exorantibus,

268 1229 396 1279 Quod
425 1230 711 1282 praecinentes
739 1232 974 1283 psallimus.

221 1293 392 1344 Praesta,
421 1295 550 1336 Pater
578 1296 781 1348 piissime,

267 1351 471 1403 Patrique
500 1364 680 1404 compar
709 1353 855 1403 Unice,

268 1407 375 1448 Cum
403 1408 565 1460 Spiritu
594 1409 811 1451 Paraclito

271 1464 473 1513 Regnans
501 1477 580 1516 per
609 1478 737 1507 omne
765 1468 983 1509 saeculum.

514 1521 665 1562 Amen.

247 1586 343 1625 Ant.
372 1585 429 1626 rt
457 1598 543 1626 non
572 1585 832 1639 delinquam.

460 1662 654 1701 Psalmus
684 1664 747 1700 38.

206 1730 310 1779 Ἑζζῆ
323 1727 395 1767 ixi:
425 1727 677 1769 Custodiam
707 1730 798 1771 vias
826 1744 960 1773 meas:
992 1734 1014 1758 *

229 1767 316 1831 >l
348 1789 394 1825 ut
420 1797 505 1825 non
527 1784 776 1838 delinquam
802 1787 844 1828 in
871 1788 1014 1839 lingua

211 1863 221 1864 κ
245 1834 315 1865 Ἀ
348 1853 454 1881 mea.

244 1896 375 1937 Pesui
397 1897 459 1937 ori
481 1910 579 1939 meo
609 1899 861 1950 custodiam,
877 1902 900 1927 *
917 1915 1014 1943 cum

194 1955 451 1994 consisteret
467 1957 674 2006 peccator
689 1956 919 1999 adversum
935 1973 1015 2001 me.

245 2008 463 2059 Obmutui‚
492 2015 535 2051 et
562 2010 809 2054 humiliatus
838 2028 943 2064 sum,
973 2022 1016 2057 et

193 2064 288 2105 silui
318 2078 341 2105 a
371 2065 510 2106 bonis:
532 2068 554 2092 *
577 2072 620 2108 et
648 2067 774 2109 dolor
802 2084 923 2112 meus
952 2085 1014 2113 re-

193 2123 378 2162 novatus
407 2127 483 2163 est.

246 2177 472 2219 Concaluit
507 2192 583 2220 eor
615 2194 758 2222 meum
793 2183 903 2224 intra
931 2198 1016 2226 me:

194 2234 216 2257 *
232 2239 275 2274 et
292 2233 333 2274 in
350 2234 632 2278 meditatione
648 2250 744 2279 mea
762 2240 1017 2283 exardescet

195 2289 315 2338 ignis.

246 2346 439 2388 Locutus
453 2361 547 2388 sum
560 2349 602 2389 in
612 2349 755 2399 lingua
769 2364 881 2392 mea:
892 2354 915 2377 '⁸¹
930 2353 1017 2395 No—

193 2407 285 2443 tum
300 2402 373 2443 'fac
395 2403 496 2444 mihi
515 2405 699 2447 Dumine
718 2406 845 2448 finem
864 2422 1018 2450 meum.

247 2458 302 2500 Et
347 2462 572 2501 numerum
615 2461 780 2503 dierum
822 2467 1017 2506 meorum

196 2515 291 2567 quis
308 2520 388 2556 est:
404 2516 426 2540 *
443 2522 489 2556 ut
505 2517 638 2557 sciam
656 2518 759 2570 quid
775 2518 889 2561 desit
905 2521 1018 2562 mihi.

247 2571 360 2612 Ecce
385 2573 697 2615 mensurabiles
719 2577 901 2626 posuisti
926 2577 1018 2619 dies

194 2640 331 2668 meos:
364 2629 386 2651 *
423 2634 466 2669 et
502 2628 743 2671 substantia
780 2645 876 2673 mea
913 2639 1018 2675 tam-

196 2696 324 2737 quam
353 2683 530 2726 nihilum
560 2691 658 2727 ante
686 2692 739 2729 te.

1122 260 1432 299 Verumtamen
1448 258 1651 299 universa
1671 258 1852 308 vanitas,
1870 259 1895 284 *

1067 314 1206 354 omnis
1235 313 1368 355 homo
1397 314 1557 355 vivens.

1118 370 1432 412 Verumtamen
1482 371 1525 411 in
1571 371 1759 422 imagine
1799 385 1895 425 per-

1065 426 1221 468 transit
1239 426 1388 468 homo:
1407 428 1430 452 *
1453 427 1532 469 sed
1552 433 1596 469 et
1615 427 1775 470 frustra
1795 441 1895 471 con-

1066 482 1276 524 turbatur.

1118 538 1418 582 Thesaurizat:
1436 541 1459 565 *
1477 546 1520 582 et
1531 540 1704 591 ignorat
1714 541 1784 583 cui
1795 554 1895 584 con-

1065 594 1265 645 gregabit
1293 608 1354 637 ea.

1118 652 1173 693 Et
1217 665 1330 693 nunc
1375 665 1472 704 quae
1515 658 1581 695 est
1623 655 1896 707 exspectatio

1066 707 1185 749 mea?
1214 708 1371 750 Nonne
1395 709 1632 751 Deminus?
1662 712 1685 736 *
1714 712 1769 753 Et
1797 711 1894 753 sub-

1067 765 1224 807 stantia
1252 778 1349 807 mea
1379 766 1497 818 apud
1524 773 1568 809 te
1597 773 1674 810 est.

1118 821 1188 862 Ab
1219 822 1419 864 Omnibus
1452 823 1752 876 iniquitatibus
1786 825 1896 866 meis

1067 880 1169 919 erue
1192 891 1281 920 me:
1310 880 1331 903 *
1362 880 1650 932 opprobrium
1677 881 1897 934 insipienti

1067 933 1225 976 dedisti
1254 948 1334 976 me.

1119 991 1339 1041 Obmutui‚
1357 998 1399 1034 et
1410 1006 1496 1034 non
1513 994 1663 1046 aperui
1675 1007 1725 1036 os
1740 1007 1896 1043 meum,

1068 1049 1272 1100 queniam
1301 1055 1347 1090 tu
1377 1049 1530 1092 fecisti:
1548 1051 1570 1075 *
1589 1053 1745 1093 amove
1773 1065 1799 1092 a
1826 1063 1896 1092 me

1066 1104 1217 1157 plagas
1246 1111 1353 1147 tuas.

1119 1162 1158 1202 A
1179 1162 1434 1204 fortitudine
1452 1176 1606 1214 manus
1621 1169 1709 1206 tuae
1727 1178 1809 1216 ego
1825 1165 1897 1208 de·

1068 1218 1149 1260 feci
1177 1219 1219 1259 in
1248 1219 1634 1272 increpatiOnibus:
1662 1222 1685 1247 *
1713 1227 1897 1275 propter

1067 1275 1339 1327 iniquitatem
1368 1276 1619 1330 corripuisti
1647 1278 1878 1321 hominem.

1120 1332 1175 1373 Et
1195 1331 1423 1375 tabescere
1448 1333 1589 1376 fecisti
1612 1335 1724 1377 sicut
1747 1338 1896 1378 arane-

1068 1402 1137 1429 am
1172 1389 1359 1430 animam
1394 1391 1502 1442 ejus:
1538 1391 1561 1416 *
1595 1394 1897 1434 verumtamen

1068 1458 1177 1487 vane
1207 1446 1493 1488 conturbatur
1517 1447 1662 1490 'omnis
1690 1447 1834 1491 homo.

1118 1501 1290 1543 Exaudi
1336 1503 1581 1546 oratiOnem
1621 1518 1765 1547 meam
1810 1505 1898 1547 Do-

1066 1558 1197 1608 mine,
1232 1565 1275 1601 et
1304 1559 1661 1613 deprecationem
1687 1574 1845 1603 meam:
1872 1563 1896 1588 *

1068 1615 1244 1657 auribus
1272 1616 1452 1670 percipe
1480 1617 1682 1659 lacrimas
1707 1631 1841 1660 meas.

1119 1671 1187 1713 Ne
1216 1673 1359 1714 sileas:
1390 1674 1595 1726 queniam
1617 1674 1787 1717 advena
1815 1688 1898 1728 ego

1068 1741 1162 1769 sum
1185 1729 1302 1781 apud
1322 1735 1376 1780 te,
1398 1735 1441 1772 et
1455 1734 1723 1783 peregrinus,
1743 1733 1767 1758 ’⁸¹
1787 1731 1899 1775 sicut

1069 1798 1220 1827 omnes
1250 1792 1398 1838 patres
1426 1787 1522 1829 mei.

1119 1842 1312 1884 Remitte
1339 1843 1455 1894 mihi,
1483 1849 1531 1886 ut
1559 1845 1792 1897 refrigerer
1813 1845 1898 1898 pri-

1069 1900 1252 1950 usquam
1263 1900 1428 1950 abeam,
1437 1901 1460 1926 *
1469 1906 1512 1943 et
1520 1901 1706 1955 amplius
1715 1915 1800 1944 non
1811 1914 1899 1943 ero.

1340 1979 1536 2020 Psalmus
1565 1979 1630 2019 39.

1070 2033 1383 2139 Exspectans
1394 2048 1900 2102 exspectaviDominum‚

1173 2103 1196 2129 *
1225 2109 1269 2145 et
1297 2104 1480 2153 intendit
1508 2105 1622 2146 mihi.

1122 2165 1177 2206 Et
1205 2165 1426 2207 exaudivit
1455 2179 1610 2219 preces
1639 2179 1775 2208 meas:
1803 2167 1826 2192 *
1856 2172 1900 2208 et

1070 2220 1219 2262 eduxit
1247 2235 1317 2262 me
1347 2222 1401 2264 de
1428 2223 1525 2264 lacu
1549 2223 1747 2273 miseriae,
1776 2228 1820 2265 et
1844 2223 1899 2265 de

1069 2281 1161 2323 luto
1190 2281 1320 2322 faecis.

1121 2338 1178 2379 Et
1212 2339 1363 2381 statuit
1398 2353 1529 2392 super
1562 2346 1733 2393 petram
1761 2340 1899 2394 pedes

1070 2412 1208 2440 meos:
1236 2400 1259 2423 *
1289 2406 1331 2440 et
1360 2400 1517 2443 direxit
1543 2414 1718 2452 gressus
1746 2414 1880 2443 meos.

1122 2455 1178 2496 Et
1212 2455 1388 2498 immisit
1427 2458 1469 2498 in
1505 2471 1555 2498 os
1587 2471 1731 2499 meum
1767 2458 1898 2499 canti-

1071 2528 1168 2556 cum
1190 2528 1362 2566 novum,
1377 2518 1399 2542 *
1420 2531 1594 2560 carmen
1615 2519 1712 2561 Deo
1734 2524 1898 2560 nostro.

1123 2571 1346 2613 Videbunt
1374 2574 1514 2622 multi,
1549 2581 1592 2616 et
1619 2575 1847 2617 timebunt:
1875 2575 1898 2600 *

1072 2637 1115 2673 et
1142 2632 1382 2684 sperabunt
1410 2634 1452 2674 in
1482 2635 1682 2677 Demino.

1123 2693 1286 2735 Beatus
1306 2693 1381 2745 vir,
1408 2695 1527 2747 cujus
1547 2701 1613 2739 est
1632 2709 1792 2740 nomen
1811 2696 1897 2739 Do-
