2080 2990
621 218 691 252 Die
719 219 766 252 153.
794 219 879 252 Dec.
927 220 960 252 S.
987 218 1116 252 Luciae
1142 218 1243 259 Virg.
1270 224 1305 251 et
1331 218 1435 251 Mart.

237 308 288 361 V.
313 315 466 367 Specie
499 321 574 357 tua
608 320 651 357 et
684 312 1005 367 pulchritudine

180 376 265 413 tua.
292 372 342 424 Rz.
360 371 554 421 Intende,
572 374 785 424 prospere
803 369 1006 424 procede,

181 433 225 469 et
242 440 386 479 regna.

236 490 306 531 Ad
328 489 499 538 Magnis.
522 492 618 532 Ant.
642 491 686 529 ln
705 493 781 530 tua
799 487 1007 541 patientia

180 543 418 597 possedisti
462 545 648 587 animam
689 550 828 594 tuam,
871 544 1008 585 Lucia

182 613 345 653 sponsa
364 601 537 643 Christi:
557 601 690 643 odisti
711 613 809 653 quae
828 600 871 641 in
889 614 1007 641 mun-

182 657 240 699 do
261 662 375 708 sunt,
400 663 443 700 et
465 661 670 699 coruscas
692 670 792 699 cum
812 657 1008 708 Angelis:

182 715 389 765 sanguine
413 714 594 767 proprio
617 714 836 755 inimicum
855 714 1007 755 vicisti.

516 775 678 816 Oratio

184 826 395 932 Exaudi
429 844 510 873 nos
541 831 662 873 Deus
698 830 899 872 salutaris
935 842 1008 871 no-

277 893 381 930 ster:
407 892 456 929 ut
480 888 591 930 sicut
617 887 671 930 de
695 887 838 929 beatae
860 886 1009 928 Luciae

182 944 374 995 Virginis
394 949 438 986 et
451 944 655 996 Martyris
670 949 758 986 tuae
774 943 1008 985 festivitate

182 1000 439 1052 gaudemus;
467 1001 527 1043 ita
545 1001 630 1053 piae
651 999 897 1042 devotionis
917 1013 1009 1041 eru-

184 1055 354 1099 diamur
373 1057 541 1099 affectu.
567 1058 652 1099 Per
670 1057 916 1098 Dominum.

236 1118 281 1151 Et
307 1118 345 1152 fit
370 1128 564 1152 commem.
591 1118 757 1153 Octavae.

236 1171 333 1211 Ant.
364 1170 506 1213 Hodie
531 1173 708 1222 egressa
727 1175 793 1212 est
812 1170 935 1222 virga
955 1170 1010 1212 de

184 1226 330 1269 radice
353 1228 493 1269 Jesse:
520 1227 653 1270 hodie
681 1227 773 1269 sine
800 1227 887 1268 ulla
911 1239 1009 1279 pec-

185 1284 271 1325 cati
283 1283 382 1325 labe
400 1285 614 1337 concepta
628 1289 696 1326 est
708 1284 859 1325 Maria:
877 1282 1010 1325 hodie

184 1342 418 1382 contritum
433 1346 499 1382 est
513 1341 569 1382 ab
585 1353 636 1382 ea
651 1346 781 1393 caput
797 1340 1010 1393 serpentis

183 1397 358 1449 antiqui,
379 1396 559 1449 allelaja.

239 1453 286 1503 V.
311 1457 551 1499 Iniaculata
575 1457 816 1510 Conceptio
841 1461 908 1499 est
934 1457 1008 1498 ho-

184 1512 254 1555 die
269 1518 431 1556 sanctae
446 1514 596 1555 Mariae
607 1514 810 1565 Virginis.
835 1515 883 1566 R.
901 1514 1009 1563 Quae

183 1570 398 1623 serpentis
418 1576 550 1624 caput
565 1570 758 1622 virgineo
778 1568 893 1623 pede
910 1583 1008 1612 con-

182 1630 313 1669 tnvlt'
520 1668 682 1709 Oratio.

183 1724 359 1832 Deus,
378 1730 453 1784 qui
471 1743 551 1784 per
568 1731 898 1773 Immaculatam
913 1731 1009 1773 Vir-

297 1787 407 1839 ginis
448 1787 791 1840 Conceptionem
833 1787 1010 1839 dignum

183 1843 294 1885 Filio
317 1849 394 1886 tuo
418 1843 715 1886 habitaculum
736 1844 1009 1897 praeparasti:

185 1902 452 1952 quaesumus3
479 1906 528 1942 ut
554 1900 628 1953 qui
656 1913 710 1942 ex
734 1906 875 1942 morte
903 1901 1009 1952 ejus-

185 1955 286 1998 dem
299 1957 398 1998 Filii
413 1957 477 1999 tui
494 1958 693 2010 praevisa,
713 1969 808 1998 eam
823 1957 878 1998 ab
894 1957 1011 1998 omni

183 2012 282 2055 labe
297 2013 588 2067 praeservasti‚
604 2026 686 2055 nos
703 2026 878 2066 quoque
890 2027 1010 2055 mun·

185 2068 267 2111 dos
288 2071 378 2122 ejus
395 2070 706 2112 intercessione
727 2069 783 2111 ad
801 2075 845 2112 te
859 2082 1010 2122 perve-

184 2127 276 2168 nire
296 2126 524 2169 concedas.
560 2127 644 2168 Per
664 2126 866 2168 eumdem
884 2127 1010 2167 Dfim.

238 2185 377 2220 Postea
402 2185 534 2219 Feriae.

348 2258 436 2300 Ad
460 2259 847 2301 Matutinum.

427 2326 475 2366 In
495 2326 525 2366 Ι.
547 2326 768 2366 Nocturno.
846 2327 848 2329 ’

188 2388 254 2430 1)θ
264 2389 464 2443 Epistola
476 2391 616 2443 prima
630 2390 749 2432 beati
758 2390 882 2432 Pauli
893 2391 1010 2443 Apo-

372 2447 473 2489 stoli
492 2446 549 2489 ad
568 2447 827 2490 Corinthios.

292 2505 442 2547 Lectio
463 2507 486 2546 i.
706 2507 807 2558 Cap.
824 2508 858 2547 7.
875 2520 908 2547 e.

197 2571 344 2625 {Teste
369 2567 604 2619 virginibus
629 2570 902 2622 praeceptum
923 2569 1011 2610 Do-

201 2627 203 2667 }
226 2625 313 2679 ,³4⁷ssss
336 2622 440 2664 mini
469 2637 557 2666 non
588 2625 751 2667 habeo:
784 2625 1012 2667 consilium

199 2675 203 2690 ‘⁴
263 2676 304 2703 4³³
337 2684 482 2721 autem
506 2680 580 2731 do,
604 2686 828 2734 tamquam
850 2681 1011 2722 miseri-

187 2734 383 2777 cordiam
412 2740 671 2779 conseciitus
699 2750 726 2779 a
749 2737 938 2779 Domino
965 2742 1012 2779 ut

343 2878 408 2904 Pars
423 2879 558 2905 memus.

1059 311 1140 353 sim
1159 311 1311 353 fidelis.
1345 312 1560 353 Existimo
1581 325 1684 363 ergo
1705 312 1790 353 hoc
1807 311 1883 354 bo-

1059 382 1161 409 num
1181 381 1276 410 esse
1290 373 1472 421 propter
1490 368 1722 410 instantem
1735 381 1881 410 neces-

1060 425 1251 476 sitatem,
1286 425 1489 478 quoniam
1520 425 1684 466 bonum
1717 430 1783 467 est
1809 425 1886 466 ho-

1059 481 1163 522 mini
1189 482 1251 523 sic
1276 494 1385 523 esse.
1422 481 1638 532 Alligatus
1663 494 1710 523 es
1735 480 1885 523 uxori?

1059 538 1148 580 noli
1176 540 1371 590 quaerere
1400 538 1671 579 solutionem.
1708 538 1886 580 Solutus

1061 607 1107 636 es
1124 594 1178 636 ab
1195 594 1354 636 uxore?
1374 594 1463 636 noli
1480 596 1675 647 quaerere
1695 597 1887 637 uxorem.

1061 651 1104 692 Si
1137 657 1282 693 autem
1313 651 1535 704 acceperis
1567 653 1768 701 uxorem,
1800 665 1887 694 non

1061 708 1265 759 peccasti.
1297 708 1355 749 Et
1373 708 1410 749 si
1428 708 1624 761 nupserit
1643 709 1777 759 virgo,
1801 722 1888 750 non

1061 765 1273 817 peccavit.
1339 764 1684 806 Tribulationem
1743 770 1888 806 tamen

1062 821 1202 862 carnis
1229 820 1452 862 habebunt
1480 820 1738 872 hujusmodi.
1792 822 1888 872 Ego

1062 882 1207 918 autem
1226 877 1352 919 vobis
1371 890 1516 930 parco.
1544 878 1644 919 Hoc
1663 879 1810 930 itaQue
1829 878 1889 919 di-

1063 946 1126 983 co,
1146 933 1315 975 fratres:
1334 934 1529 986 Tempus
1543 933 1676 975 breve
1694 939 1774 976 est:
1792 934 1887 975 reli-

1064 1003 1197 1042 quum
1217 995 1294 1040 est,
1313 996 1361 1032 ut
1381 995 1424 1032 et
1445 990 1518 1043 qui
1536 990 1699 1032 habent
1717 993 1890 1041 uxores,

1062 1052 1284 1098 tamquam
1301 1060 1390 1088 non
1408 1046 1619 1088 habentes
1639 1047 1738 1089 sint:
1758 1052 1801 1089 et
1818 1048 1891 1100 qui

1063 1103 1182 1153 flent,
1206 1108 1432 1156 tamquam
1450 1116 1538 1144 non
1558 1104 1727 1145 flentes:
1753 1109 1796 1146 et
1817 1104 1891 1156 qui

1062 1159 1264 1210 gaudent,
1285 1165 1509 1212 tamquam
1527 1173 1615 1201 non
1634 1160 1892 1211 gaudentes:

1063 1221 1107 1257 et
1127 1216 1200 1268 qui
1220 1222 1376 1267 emunt,
1402 1220 1625 1269 tamquam
1644 1230 1732 1258 non
1751 1218 1889 1270 possi-

1063 1272 1231 1314 dentes:
1257 1278 1300 1315 et
1319 1273 1393 1325 qui
1413 1276 1592 1315 utuntur
1611 1273 1696 1315 hoc
1714 1272 1889 1324 mundo,

1062 1334 1285 1382 tamquam
1327 1342 1415 1370 non
1457 1332 1651 1371 utantur:
1695 1330 1891 1383 praeterit

1063 1386 1178 1427 enim
1195 1386 1335 1437 figura
1353 1386 1478 1438 hujus
1497 1386 1656 1428 mundi.

1119 1443 1166 1494 K.
1190 1442 1326 1484 Lucia
1344 1442 1483 1494 virgo,
1508 1443 1619 1495 quid
1633 1456 1658 1484 a
1676 1456 1745 1485 me
1764 1444 1888 1497 petis,

1065 1498 1183 1552 quod
1206 1499 1304 1552 ipsa
1327 1500 1494 1552 poteris
1518 1502 1732 1552 praestare
1757 1502 1890 1542 conti-

1062 1569 1148 1597 nuo
1168 1556 1297 1597 matri
1312 1554 1422 1597 tuae?
1441 1569 1542 1597 nam
1557 1561 1600 1598 et
1614 1555 1725 1598 fides
1741 1561 1816 1598 tua
1831 1557 1891 1597 illi

1063 1612 1274 1662 subvenit,
1291 1617 1334 1654 et
1347 1625 1450 1654 ecce
1467 1612 1633 1654 salvata
1648 1618 1730 1654 est:
1744 1618 1765 1639 *
1780 1614 1891 1664 Quia

1062 1669 1297 1720 jucundum
1327 1669 1424 1710 Deo
1462 1669 1505 1709 in
1537 1673 1612 1710 tua
1643 1669 1890 1720 virginitate

1062 1725 1359 1767 habitaculum
1383 1726 1653 1778 praeparasti.
1691 1722 1739 1773 V
1771 1726 1891 1768 Sicut

1062 1794 1142 1834 per
1164 1795 1234 1823 me
1260 1782 1412 1823 civitas
1432 1781 1738 1823 Catanensium
1761 1782 1890 1824 subli-

1062 1840 1206 1879 matur
1225 1851 1250 1879 a
1271 1838 1456 1887 Christo,
1475 1838 1536 1879 ita
1554 1851 1633 1890 per
1652 1843 1695 1879 te
1710 1838 1889 1891 Syracu-

1064 1897 1169 1936 sana
1188 1894 1340 1936 civitas
1360 1894 1649 1936 decorabitur.
1679 1895 1800 1944 Quia.

1373 1951 1525 1992 Lectio
1545 1952 1582 1991 ii.

1154 2006 1226 2048 olo
1264 2010 1410 2048 autem
1442 2019 1523 2048 vos
1559 2006 1650 2048 sine
1684 2006 1889 2049 sollicitu-

1170 2062 1269 2104 dine
1291 2075 1399 2104 esse.
1436 2062 1519 2113 Qui
1543 2063 1634 2104 sine
1655 2065 1792 2104 uxore
1812 2069 1888 2114 est,

1063 2117 1276 2160 sollicitus
1317 2123 1385 2160 est
1427 2132 1525 2171 quae
1560 2119 1738 2161 Domini
1778 2125 1888 2171 sunt,

1064 2174 1287 2226 quemodo
1306 2175 1480 2228 placeat
1497 2176 1606 2217 Deo.
1641 2176 1725 2227 Qui
1744 2181 1889 2218 autem

1063 2243 1162 2272 cum
1187 2233 1323 2273 uxore
1349 2236 1432 2282 est,
1461 2231 1673 2274 sollicitus
1698 2237 1765 2274 est
1790 2245 1887 2285 quae

1064 2292 1164 2329 sunt
1177 2287 1337 2339 mundi,
1357 2287 1581 2341 quomodo
1596 2288 1769 2341 placeat
1783 2291 1887 2330 uxo-

1062 2343 1109 2394 ri,
1125 2349 1169 2386 et
1183 2344 1347 2386 divisus
1363 2349 1439 2386 est.
1457 2345 1514 2387 Et
1526 2345 1680 2386 mulier
1693 2345 1886 2398 innupta,

1063 2405 1107 2442 et
1130 2400 1253 2451 virgo
1278 2401 1442 2452 cogitat
1463 2414 1561 2454 quae
1579 2401 1755 2443 Domini
1776 2407 1887 2453 sunt,

1062 2461 1110 2498 ut
1143 2457 1200 2498 sit
1231 2463 1382 2499 sancta
1412 2459 1618 2511 corpore,
1650 2463 1694 2499 et
1722 2458 1887 2511 spiritu.

1064 2514 1172 2563 Quae
1192 2519 1338 2556 autem
1355 2518 1492 2567 nupta
1511 2519 1590 2564 est,
1609 2514 1772 2565 cogitat
1790 2527 1886 2566 quae

1063 2574 1163 2611 sunt
1177 2570 1337 2621 mundi,
1358 2570 1581 2623 quomodo
1595 2570 1769 2623 placeat
1782 2571 1886 2612 viro.

1062 2626 1201 2668 Porro
1229 2626 1314 2668 hoc
1347 2625 1403 2669 ad
1435 2626 1667 2669 utilitatem
1696 2631 1886 2669 vestram

1064 2681 1182 2724 dico:
1212 2696 1300 2725 non
1329 2688 1377 2724 ut
1407 2683 1613 2735 laqueum
1644 2683 1769 2725 vobis
1796 2682 1885 2734 inji-

1064 2738 1193 2789 ciam,
1225 2739 1305 2781 sed
1331 2738 1388 2781 ad
1414 2739 1480 2789 id,
1511 2738 1630 2791 quod
1656 2739 1886 2780 honestum

1612 2869 1677 2903 26*
