2080 2990
659 213 867 247 Commune
894 213 1142 247 (Ionscssoris
1168 212 1373 246 l'ontiticis.

172 312 344 363 emptor
382 313 552 357 noster,
604 308 677 361 qui
708 307 753 348 in
786 320 838 349 ea
870 320 999 349 carne

173 378 302 419 quam
338 369 653 418 assampserat‚
699 364 807 406 abiit
837 364 882 404 in
915 376 999 405 coe-

170 421 282 463 lum?
319 422 471 463 Carnis
500 422 615 463 enim
642 420 766 462 locus
793 420 999 473 proprius

170 483 287 520 terra
311 483 392 530 est;
422 491 520 531 quae
542 478 665 530 quasi
689 476 746 519 ad
768 479 999 530 peregrina

171 535 364 584 ducitur,
405 534 509 576 dum
540 547 622 587 per
652 533 999 585 Redemptorem

170 597 369 633 nostrum
393 592 437 632 in
462 591 576 632 coelo
606 590 858 632 collocatur.
911 590 998 631 Sed

169 648 302 690 homo
349 649 431 690 iste
476 649 662 701 peregre
702 646 998 699 proficiscens,

171 705 308 746 servis
328 705 417 746 suis
435 704 552 746 bona
576 716 654 744 sua
676 702 869 752 tradidit,
899 703 998 755 quia

170 760 374 803 fidelibus
394 761 483 802 suis
502 759 744 813 spiritualia
764 758 880 800 dona
899 771 998 800 con-

171 818 312 859 cessit.
348 818 404 859 Et
422 817 497 858 uni
522 815 699 869 quidem
724 815 914 868 quinque
937 821 998 857 ta-

169 873 301 924 lenta,
330 873 401 914 alii
422 873 526 923 duo,
555 872 627 914 alii
649 884 755 914 vero
782 872 999 913 commisit

169 943 313 971 unum.
358 930 559 982 Quinque
588 929 747 970 etenim
775 933 876 970 sunt
906 931 998 969 cor-

169 986 290 1039 poris
319 998 487 1036 sensus,
516 985 736 1027 videlicet:
763 985 899 1034 visus,
927 998 998 1026 au-

169 1042 300 1092 ditus,
329 1047 497 1094 gustus,
522 1041 750 1092 odoratus,
780 1047 824 1083 et
844 1047 998 1083 tactus.

169 1099 370 1152 Quinque
386 1112 491 1151 ergo
505 1098 692 1149 talentis,
706 1098 870 1140 donum
886 1098 1000 1151 quin-

170 1168 254 1208 que
282 1157 504 1205 sensuum,
541 1155 586 1197 id
614 1160 697 1205 est,
732 1155 999 1196 exteriorum

168 1212 348 1254 scientia
368 1212 634 1265 exprimitur.
675 1211 861 1253 Duobus
880 1225 997 1261 vero,

167 1268 414 1310 intellectus
439 1274 483 1310 et
507 1268 707 1321 operatio
733 1267 997 1319 designatur.

167 1325 304 1366 Unius
324 1331 470 1367 autem
489 1325 642 1366 talenti
660 1325 846 1373 nomine,
876 1325 997 1367 intel-

167 1381 305 1423 lectus
327 1381 631 1423 tantummodo
654 1381 918 1432 designatur.

220 1445 269 1496 R.
306 1446 400 1488 Sint
431 1446 568 1488 lumbi
595 1447 730 1488 vestri
760 1447 996 1499 praecincti,

169 1508 212 1545 et
248 1503 438 1544 lucernae
477 1502 680 1544 ardentes
717 1503 760 1543 in
796 1502 996 1544 manibus

167 1559 340 1602 vestris:
354 1560 376 1582 *
392 1559 449 1601 Et
468 1572 548 1601 vos
566 1558 728 1600 similes
747 1558 996 1601 hominibus

168 1615 525 1669 exspectantibus
581 1615 806 1657 dominum
859 1629 996 1666 suum,

169 1671 343 1725 quando
363 1674 608 1714 revertatur
627 1684 654 1713 a
670 1672 847 1725 nuptiis.
867 1669 915 1721 δ”.
930 1673 997 1714 Vi-

166 1728 299 1779 gilate
320 1741 436 1779 ergo,
467 1728 567 1781 quia
585 1729 763 1770 nescitis
784 1742 870 1781 qua
887 1729 997 1771 hora

166 1785 381 1827 Dominus
409 1790 556 1826 vester
583 1789 793 1827 venturus
819 1786 888 1827 sit.
929 1787 995 1829 Et.

171 1840 321 1883 Gloria
339 1841 468 1883 Patri.
496 1842 562 1883 Et.

221 1906 379 1947 Bened.
417 1906 483 1948 Ad
502 1907 770 1949 societatem.

464 1989 615 2030 Lectio
638 1990 690 2029 ix.

166 2048 294 2156 Sed
311 2059 358 2109 is,
389 2059 461 2112 qui
483 2059 672 2112 quinque
691 2059 856 2101 talenta
875 2061 994 2101 acce-

246 2120 383 2168 perat,
399 2115 484 2156 alia
499 2116 690 2167 quinque
706 2115 899 2157 lucratus
914 2121 995 2158 est:

169 2171 270 2224 quia
287 2177 388 2214 sunt
405 2171 613 2222 nonnulli,
635 2172 709 2224 qui
725 2172 807 2214 etsi
826 2172 994 2214 interna

166 2241 218 2269 ac
235 2229 420 2280 mystica
434 2230 667 2282 penetrare
683 2229 892 2277 nesciunt,
912 2242 994 2281 pro

165 2284 405 2327 intentione
433 2290 579 2327 tamen
609 2287 810 2338 supernae
838 2286 994 2338 patriae

167 2339 327 2382 docent
343 2347 463 2383 recta
479 2354 589 2394 quos
604 2346 801 2394 possunt,
817 2341 871 2383 de
889 2342 994 2395 ipsis

168 2397 468 2448 exterioribus,
498 2410 596 2450 quae
616 2400 891 2450 acceperunt,
919 2397 994 2440 du-

167 2452 289 2504 plum
301 2453 513 2496 talentum
527 2459 720 2507 portant:
740 2454 931 2507 dumque
947 2467 994 2496 se

167 2521 192 2549 a
206 2509 346 2550 carnis
359 2510 610 2562 petulantia,
626 2516 669 2552 et
684 2524 710 2552 a
723 2513 995 2553 terrenarum

167 2577 312 2606 rerum
340 2565 519 2616 ambitu,
547 2572 679 2620 atque
707 2580 733 2608 a
760 2567 995 2609 visibilium

167 2620 394 2674 voluptate
414 2623 677 2674 custodiunt,
699 2623 754 2665 ab
774 2624 843 2665 his
863 2624 995 2665 etiam

167 2677 277 2719 alios
304 2677 582 2722 admonendo
614 2682 909 2733 compescunt.
938 2680 995 2722 Et

166 2739 266 2776 sunt
301 2735 514 2786 nonnulli,
552 2737 626 2789 qui
662 2738 787 2790 quasi
821 2736 993 2778 duobus

1051 307 1225 348 talentis
1262 306 1407 356 ditati,
1445 308 1712 350 intellectum
1749 314 1880 360 atque

1053 364 1355 416 operationem
1390 365 1657 417 percipiunt,
1705 365 1880 407 subtilia

1052 420 1107 462 de
1126 420 1306 461 internis
1325 420 1584 471 intelligunt,
1611 422 1721 463 mira
1745 422 1789 462 in
1809 435 1879 463 ex-

1051 476 1285 518 terioribus
1314 479 1563 529 operantur.
1612 478 1807 530 Cumque
1837 484 1880 520 et

1051 532 1333 585 intelligendo
1353 538 1396 575 et
1416 533 1642 585 operando
1659 534 1752 576 aliis
1770 538 1878 587 prae-

1052 589 1218 639 dicant,
1259 590 1384 642 quasi
1418 589 1688 642 duplicatum
1721 591 1775 633 de
1807 605 1878 633 ne-

1050 647 1171 698 gotio
1200 646 1368 687 lucrum
1396 648 1633 699 reportant.

1109 712 1169 750 Te
1188 708 1333 749 Deum
1351 707 1592 749 laudamus.
1620 709 1677 748 14.

1314 789 1393 829 Ad
1420 788 1616 830 Laudes

1280 844 1656 887 εἴρω-1101113.

1107 901 1201 940 Ant.
1227 902 1251 939 l.
1284 901 1396 940 Ecce
1416 898 1624 940 sacerdos
1647 912 1840 950 magnuS,
1856 900 1878 924 *

1053 956 1125 1008 qui
1153 956 1195 996 in
1224 955 1379 997 diebus
1405 956 1494 996 suis
1514 955 1680 1008 placuit
1698 956 1807 1005 Deo,
1837 962 1880 997 et

1051 1013 1253 1054 inventus
1274 1017 1341 1054 est
1362 1014 1509 1064 justus.

1107 1070 1259 1111 l'salm.
1295 1069 1503 1110 Dominus
1537 1069 1745 1120 regnavit.
1782 1084 1877 1110 cum

1052 1128 1241 1179 reliquis.
1269 1127 1327 1166 15.

1103 1188 1138 1224 2.
1172 1184 1267 1224 Non
1289 1187 1355 1224 est
1374 1182 1574 1223 inventus
1594 1183 1617 1208 *
1638 1183 1789 1223 similis
1808 1183 1879 1231 illi,

1053 1240 1126 1292 qui
1145 1241 1429 1281 conservaret
1447 1239 1589 1290 legem
1609 1240 1794 1281 Excelsi.

1104 1298 1139 1335 3.
1170 1295 1274 1337 ldeo
1297 1295 1573 1348 jurejurando
1593 1297 1616 1321 *
1635 1296 1738 1337 fecit
1760 1296 1880 1337 illum

1050 1353 1265 1394 Dominus
1284 1354 1482 1393 crescere
1496 1352 1540 1392 in
1555 1351 1730 1404 plebem
1746 1366 1879 1394 suam.

1075 1410 1139 1462 ¹4.
1172 1408 1433 1450 Sacerdotes
1462 1408 1545 1449 Dei
1577 1409 1600 1434 *
1632 1408 1879 1451 benedicite

1049 1466 1302 1507 Dominum:
1330 1465 1445 1506 servi
1469 1465 1646 1506 Domini
1671 1465 1879 1517 hymnum

1051 1522 1182 1564 dicite
1201 1522 1309 1571 Deo,
1338 1520 1521 1573 alleluja.

1104 1581 1140 1618 ἶ).
1170 1580 1301 1620 Serve
1324 1577 1442 1619 bone
1463 1578 1486 1603 *
1511 1583 1554 1619 et
1575 1577 1733 1627 fidelis,
1766 1578 1879 1620 intra

1049 1635 1094 1676 in
1112 1635 1321 1686 gaudium
1339 1634 1516 1675 Domini
1537 1635 1610 1675 tui.

1104 1709 1363 1761 Capitulum.
1576 1710 1703 1749 Eccli.
1716 1712 1779 1749 44.
1793 1726 1824 1751 c.

1129 1787 1206 1816 cce
1240 1773 1449 1815 sacerdos
1482 1786 1681 1825 magnus,
1724 1773 1798 1825 qui
1831 1774 1877 1814 in

1155 1830 1310 1872 diebus
1347 1830 1436 1871 suis
1473 1830 1639 1882 placuit
1674 1830 1790 1879 Deo,
1832 1834 1876 1871 et

1048 1888 1248 1928 inventus
1269 1891 1335 1928 est
1353 1888 1507 1938 justus:
1542 1891 1585 1927 et
1609 1886 1651 1926 in
1674 1888 1875 1938 tempore

1048 1942 1285 1985 iracundiae
1313 1943 1453 1984 factus
1479 1947 1547 1984 est
1569 1942 1877 1984 reconciliatio.

1363 2026 1569 2076 Hymnus.

1172 2103 1251 2132 esu
1267 2090 1542 2143 Redemptor
1562 2091 1765 2140 omnium,

1194 2148 1361 2199 Perpes
1381 2149 1545 2188 corona
1563 2147 1818 2197 Praesulum,

1151 2205 1202 2245 In
1220 2203 1303 2244 hac
1324 2203 1394 2245 die
1413 2203 1668 2245 clementius

1150 2260 1386 2311 Indulgeas
1405 2260 1699 2313 precantibus.

1106 2330 1188 2370 Tui
1206 2330 1320 2370 sacri
1340 2342 1426 2382 qua
1442 2330 1629 2370 nominis

1152 2385 1388 2427 Confessor
1406 2386 1545 2427 almus
1566 2386 1720 2427 claruit

1151 2443 1290 2494 Hujus
1310 2442 1503 2484 celebrat
1523 2445 1665 2483 annua

1151 2499 1325 2541 Devota
1344 2499 1470 2552 plebs
1491 2499 1711 2548 solemnia,

1101 2569 1185 2618 Qui
1204 2568 1286 2616 rite
1305 2567 1457 2610 mundi
1477 2567 1636 2619 gaudia

1152 2625 1293 2677 Hujus
1313 2624 1479 2666 caduca
1497 2626 1719 2677 respuens,

1150 2681 1427 2722 AEternitatis
1446 2681 1630 2733 praemio

1149 2738 1322 2780 Potitur
1340 2737 1452 2779 inter
1470 2737 1676 2788 Angelos.
