2080 2990
219 250 313 295 [258]

409 343 491 384 Die
510 343 567 383 17.
587 341 856 383 Decembris.

219 413 262 454 S.
288 410 471 453 Lazari
496 409 800 451 Resuscitati
824 410 899 461 Ep.
921 409 1042 449 Conf.

548 475 709 516 Duplex.

269 532 402 563 Ηιηηίιι
434 531 479 563 dc
511 531 671 563 (tomum
704 530 810 561 (Imus.
841 530 943 561 Imm.
975 525 1045 567 [49]

220 585 356 619 practer
381 590 484 620 sequ.

272 631 336 668 ,111
369 630 535 676 Magnif.
583 632 679 669 Ant.
729 629 917 668 Lazarus
944 627 1044 666 ami-

220 697 296 725 cus
315 688 464 724 noster
484 683 658 724 dormit:
682 685 847 732 eamus,
872 687 915 723 et
934 694 959 722 a
978 693 1044 721 so-

216 752 319 780 mno
341 739 579 780 excitemus
599 751 708 780 eum.

550 805 710 843 Oratio.

216 856 440 959 Exaudi,
463 860 712 910 quaesumus
731 857 929 906 Demine,
948 867 1044 907 pre-

309 927 383 956 ces
407 919 595 960 nostras,
623 926 732 965 quas
756 913 801 953 in
825 912 943 954 beati
961 911 1041 952 La-

217 971 317 1019 zari,
342 970 614 1011 Confesseris
634 969 697 1010 tui
716 974 849 1020 atque
867 967 1043 1009 Pontifi-

218 1026 294 1075 cis,
323 1026 598 1066 solemnitate
625 1024 874 1066 deferimus:
902 1029 946 1065 et
972 1023 1045 1075 qui

215 1082 295 1123 tibi
317 1080 445 1131 digne
465 1081 620 1122 meruit
640 1080 854 1130 famulari,
875 1081 966 1131 ejus
984 1079 1044 1118 in-

215 1136 540 1178 tercedentibus
568 1136 733 1177 meritis
760 1135 815 1177 ab
844 1134 1045 1176 emnibus

215 1205 296 1234 nos
316 1192 495 1233 abselve
514 1192 718 1244 peccatis.
745 1192 830 1232 Per
849 1191 975 1232 Dflm.

268 1251 312 1284 Et
339 1251 377 1284 fit
401 1260 595 1283 commem.
623 1249 753 1282 Fcrioe.

266 1303 306 1336 In
339 1303 363 1336 Ι.
396 1302 593 1335 Noenu-no
629 1301 830 1334 Lectiones
865 1300 910 1332 dc
945 1299 1041 1333 Scri-

215 1355 325 1392 ptura
352 1353 583 1383 occurrente.

272 1402 311 1434 In
351 1402 522 1439 0111111101·
554 1399 684 1442 Tcmp.
728 1399 871 1436 Fidelis
905 1410 1043 1436 sermo,

218 1449 262 1481 (lc
290 1450 422 1483 codem
450 1448 650 1481 Communi
680 1449 704 1480 l.
732 1448 817 1480 loco
844 1448 912 1491 [51]
1006 1460 1011 1465 ·

272 1501 309 1532 111
342 1501 384 1534 ll.
415 1499 523 1532 Noct.
555 1499 652 1531 Iicct.
688 1498 796 1533 Heziti
818 1499 946 1534 Patris
973 1500 1043 1534 Lz‘i-

215 1546 303 1580 zari.
328 1548 373 1579 (lc
399 1548 533 1580 codem
560 1546 761 1579 Communi
786 1548 814 1578 2.
842 1547 937 1578 loco.
966 1547 1043 1590 [60]

439 1608 485 1644 111
505 1607 574 1644 ΠΙ.
596 1606 817 1643 Nocturno.

227 1668 374 1709 Lectio
399 1667 537 1710 sancti
559 1667 784 1718 Evangelii
803 1667 1041 1708 secundum

517 1723 541 1763 J
544 1724 740 1763 oennem.

320 1780 468 1819 Lectio
491 1780 557 1817 vii.
770 1782 870 1830 (lap.
891 1782 937 1819 ll.

214 1831 290 1936 In
309 1835 383 1876 illo
403 1837 617 1886 tempore:
636 1833 742 1875 Erat
762 1833 941 1885 quidam
955 1833 1041 1874 lan-

287 1903 424 1941 guens
451 1891 644 1931 Lazarus
672 1902 697 1929 a
723 1889 952 1938 Bethania,
987 1889 1042 1931 de

215 1946 394 1987 castello
414 1946 579 1994 Mariae,
599 1950 643 1986 et
660 1945 857 1995 Marthae,
876 1945 1041 1986 soreris

214 2002 315 2052 ejus.
342 2002 397 2043 Et
416 2002 593 2053 reliqua.

220 2069 405 2110 Ilomilia
420 2070 560 2110 sancti
576 2069 807 2121 Augustini
820 2069 1042 2121 Episcopi.

320 2129 441 2162 Truct.
468 2131 518 2162 45⁹.
547 2130 581 2162 in
609 2129 718 2162 lomi.
745 2136 830 2172 prist
859 2131 936 2164 init.

287 2198 366 2235 K‚agn
395 2185 608 2248 superieri
634 2184 822 2226 lectiene
850 2185 1040 2225 memini-

225 2243 264 2278 5.
288 2241 324 2293 „le-f
356 2240 445 2289 stis,
472 2239 591 2291 quod
615 2240 829 2281 Dominus
856 2240 961 2281 exiit
986 2239 1041 2282 de

228 2307 249 2316 ²·
354 2295 554 2336 manibus
579 2298 730 2336 eerum
751 2296 825 2347 qui
842 2295 1040 2348 lapidare

213 2350 334 2391 illum
354 2350 601 2400 voluerant,
628 2356 670 2392 ct
695 2350 897 2392 discessit
920 2356 1041 2392 trans

211 2405 235 2445 J
238 2404 458 2455 omanem,
478 2405 553 2447 ubi
566 2405 591 2446 J
594 2408 758 2447 oannes
774 2406 1040 2458 baptizabat.

212 2460 279 2502 Ibi
303 2474 407 2511 ergo
428 2461 618 2502 Demino
641 2462 898 2510 constituto,
924 2462 1039 2502 infir-

211 2515 411 2557 mabatur
421 2517 464 2556 in
475 2517 689 2558 Bethania
697 2517 903 2557 Lazarus:
920 2516 1040 2568 quod

211 2571 436 2612 castellum
469 2578 562 2614 erat
592 2572 841 2624 proximum
865 2573 1038 2614 Jerose-

210 2626 347 2678 lymis‚
384 2627 520 2668 Maria
539 2633 684 2668 autem
709 2633 820 2677 erat,
848 2639 947 2678 quae
965 2641 1038 2668 un-

211 2682 273 2723 xit
288 2682 525 2723 Deminum
544 2686 776 2732 unguento,
796 2689 839 2724 et
860 2683 1039 2724 extersit

209 2736 347 2788 pedes
372 2738 462 2788 ejus
487 2738 654 2790 capillis
679 2739 787 2787 suis,
817 2739 936 2789 cujus
955 2738 1035 2779 fra-

521 250 587 283 Dic
618 250 662 282 17.
692 249 776 282 Dec.
826 249 859 279 S.
890 247 1020 280 Lazari
1052 243 1278 279 Restm—:citati
1309 243 1431 286 Episc.
1459 249 1493 276 ct
1519 242 1626 275 Cont'.

1098 345 1165 380 ter
1200 338 1395 379 Lazarus
1430 336 1742 379 infirmabatur.
1801 337 1928 378 Mise-

1098 399 1198 435 runt
1239 406 1344 444 ergo
1382 395 1558 435 soreres
1596 394 1688 445 eius
1724 393 1782 434 ad
1818 405 1928 434 eum.

1097 451 1122 490 J
1124 463 1194 491 am
1213 449 1492 502 intelligimus
1512 449 1600 501 quc‘)
1615 449 1836 499 miserunt,
1853 449 1928 491 ubi

1098 511 1192 547 erat
1220 506 1363 547 Jesus:
1393 506 1603 558 queniam
1629 505 1788 547 absens
1817 510 1928 555 erat,

1096 567 1217 603 trans
1240 562 1265 602 J
1267 561 1479 603 ordenem
1503 561 1680 603 scilicet.
1714 560 1929 602 Miserunt

1097 615 1154 658 ad
1172 617 1426 667 D6minum,
1454 617 1707 659 nuntiantes
1734 615 1855 668 quod
1873 629 1927 657 ae-

1096 678 1295 725 grotaret
1312 674 1448 715 frater
1467 676 1634 723 earum,
1655 678 1704 714 ut
1726 673 1763 714 si
1781 672 1928 724 digna-

1096 732 1231 780 retur,
1260 732 1441 780 veniret,
1470 734 1515 771 et
1541 742 1642 771 eum
1669 728 1725 770 ab
1753 729 1927 780 aegritu-

1097 785 1198 828 dine
1217 786 1437 828 liberaret.
1472 785 1552 826 Ille
1577 784 1745 827 distulit
1763 786 1928 834 sanare,

1098 848 1146 883 ut
1165 846 1319 894 posset
1337 841 1610 883 resuscitare.

1153 899 1201 946 R„
1226 897 1406 938 Amavit
1425 910 1526 938 eum
1545 896 1773 946 D6minus,
1793 901 1838 938 et
1859 909 1926 938 or-

1098 954 1218 995 navit
1255 966 1370 995 eum:
1411 953 1570 994 stolam
1605 952 1759 1003 gleriae
1786 952 1927 994 induit

1098 1021 1208 1058 eum,
1229 1012 1249 1031 *
1269 1009 1326 1050 Et
1344 1008 1401 1050 ad
1418 1013 1572 1061 portas
1590 1007 1785 1061 paradisi
1803 1020 1927 1050 coro-

1097 1065 1217 1106 navit
1232 1077 1342 1106 eum.
1368 1060 1417 1111 V.
1430 1064 1580 1106 Induit
1595 1077 1695 1105 eum
1710 1064 1927 1105 Deminus

1096 1121 1279 1162 loricam
1299 1121 1418 1170 fidei,
1441 1125 1485 1162 et
1504 1120 1675 1161 ornavit
1695 1133 1806 1161 eum.
1834 1120 1902 1162 Et.

1388 1152 1540 1218 ilcetio
1562 1177 1643 1216 viii.

1101 1211 1259 1331 Quid
1285 1245 1391 1284 ergo
1417 1232 1727 1274 nuntiaverunt
1750 1233 1928 1273 soreres

1193 1287 1307 1341 ejus?
1327 1288 1527 1338 Domine,
1542 1300 1645 1330 ecce
1661 1300 1794 1340 quem
1807 1300 1928 1329 amas

1095 1345 1350 1387 infirmatur.
1403 1344 1507 1386 Non
1543 1344 1763 1394 dixerunt,
1798 1343 1929 1385 Veni:

1096 1401 1259 1442 amanti
1279 1401 1395 1442 enim
1409 1399 1716 1442 tantummodo
1730 1399 1927 1441 nuntian-

1097 1456 1202 1498 dum
1228 1457 1319 1498 fuit.
1359 1456 1462 1497 Non
1489 1468 1608 1497 ausae
1637 1459 1739 1497 sunt
1766 1454 1928 1496 dicere:

1096 1513 1227 1562 Veni,
1255 1517 1300 1554 et
1324 1525 1444 1553 sana:
1472 1525 1561 1553 non
1590 1524 1711 1553 ausae
1738 1516 1840 1552 sunt
1867 1510 1928 1552 di-

1097 1581 1206 1618 cere,
1226 1568 1293 1610 Ibi
1309 1568 1419 1620 jube,
1439 1573 1484 1609 et
1501 1567 1572 1609 hic
1590 1568 1677 1609 fiet.
1707 1567 1796 1609 Cur
1814 1566 1930 1608 enim

1095 1637 1184 1665 non
1203 1629 1248 1665 et
1265 1624 1374 1673 istae,
1393 1624 1431 1664 si
1449 1622 1562 1665 fides
1580 1623 1695 1665 illius
1713 1622 1928 1664 centurie-

1096 1681 1163 1720 nis
1191 1680 1293 1721 inde
1318 1678 1544 1721 laudatur?
1575 1680 1651 1721 Ait
1670 1679 1799 1721 enim:
1825 1678 1928 1720 Non

1096 1749 1193 1776 sum
1229 1735 1386 1786 dignus
1416 1741 1464 1777 ut
1490 1736 1625 1777 intres
1653 1734 1734 1776 sub
1762 1738 1929 1776 tectum

1095 1805 1255 1833 meum:
1287 1791 1367 1833 sed
1392 1796 1564 1833 tantum
1596 1791 1667 1833 dic
1693 1790 1852 1840 verbo,
1884 1794 1928 1831 et

1096 1847 1321 1889 sanabitur
1339 1860 1449 1900 puer
1468 1860 1603 1889 meus.
1629 1846 1750 1888 Nihil
1767 1846 1927 1888 horum

1095 1903 1208 1952 istae,
1245 1902 1325 1945 sed
1361 1902 1686 1945 tantummodo:
1721 1901 1928 1951 Domine,

1096 1972 1198 2000 ecce
1226 1972 1356 2012 quem
1375 1972 1495 2000 amas
1513 1959 1771 2000 infirmatur.
1801 1957 1927 2000 Suffi—

1096 2016 1155 2057 cit
1172 2021 1221 2057 ut
1244 2015 1434 2057 neveris:
1461 2027 1551 2056 non
1577 2015 1693 2056 enim
1714 2027 1854 2063 amem,
1882 2018 1928 2055 et

1095 2071 1272 2113 deseris.

1151 2129 1198 2178 Ιζ·1
1232 2127 1329 2169 Sint
1355 2127 1494 2169 lumbi
1521 2126 1660 2168 vestri
1686 2125 1926 2178 praecincti,

1095 2187 1139 2224 et
1174 2183 1365 2225 lucernae
1399 2183 1605 2224 ardentes
1641 2182 1687 2222 in
1722 2180 1926 2222 menibus

1094 2239 1271 2280 vestris:
1287 2239 1310 2261 ¹⁸
1323 2238 1381 2280 Et
1394 2251 1475 2280 vos
1495 2238 1660 2279 similes
1674 2236 1925 2278 hominibus

1094 2294 1458 2347 exspectantibus
1508 2293 1735 2335 deminum
1787 2305 1924 2342 suum,

1095 2350 1272 2402 quando
1289 2351 1539 2391 revertatur
1553 2362 1579 2390 a
1593 2348 1771 2401 nuptiis.
1794 2343 1840 2394 V
1849 2347 1925 2389 Vi-

1093 2406 1228 2456 gilate
1248 2419 1365 2457 ergo,
1390 2405 1492 2457 quia
1509 2405 1689 2446 nescitis
1710 2417 1797 2456 qua
1814 2403 1926 2444 hora

1092 2462 1308 2502 Deminus
1336 2466 1483 2502 vester
1511 2464 1723 2502 venturus
1750 2460 1819 2501 sit.
1855 2459 1925 2500 Et.

1095 2516 1247 2558 Gldria
1266 2517 1397 2558 Patri.
1434 2517 1502 2558 Et.

1398 2571 1548 2613 Lectio
1570 2574 1621 2611 ix.

1095 2623 1259 2726 Dicit
1284 2627 1456 2679 aliquis:
1484 2627 1719 2677 Quomodo
1746 2640 1826 2680 per
1844 2627 1924 2667 La-

1187 2697 1337 2724 zarum
1355 2685 1566 2735 peccator
1584 2682 1923 2734 significabatur,

1092 2745 1135 2780 ct
1154 2752 1180 2780 a
1193 2739 1384 2781 Demino
1405 2739 1469 2780 sic
1486 2737 1737 2781 amabatur?
1757 2737 1924 2779 Audiat
