2040 2990
553 223 655 258 Infra
680 224 973 258 Hebdomadam
998 236 1030 258 v.
1055 231 1144 268 post
1168 227 1433 270 Epiphaniam.

149 319 287 371 magis
324 319 534 361 mundum
575 319 706 360 istum
742 319 972 370 significat:

150 374 266 417 aliud
285 377 459 427 sagena,
477 388 587 428 ,quae
607 378 733 416 unius
756 375 874 424 fidei,
902 375 972 417 vel

148 434 275 473 unius
299 432 509 473 Ecclesiae
539 433 886 473 communionem
912 433 971 473 vi-

150 487 277 529 detur
305 488 549 530 ostendere.
589 488 709 530 Inter
739 488 970 530 haereticos

149 548 193 585 et
219 544 361 585 malos
392 544 633 586 catholicos
665 544 750 586 hoc
778 547 970 595 interest,

150 600 269 652 quod
301 601 497 642 haeretici
528 601 637 642 falsa
669 601 867 643 credunt:
908 601 969 643 illi

148 661 293 698 autem
316 670 420 698 vera
448 656 676 700 credentes
701 670 790 709 non
817 658 969 700 vivunt

146 713 207 755 ita
226 718 273 754 ut
292 713 486 755 credunt.

200 776 264 816 Te
281 774 425 815 Deum
445 774 685 816 laudamus.
704 776 762 816 14.

200 840 271 882 Ad
292 840 452 882 Bened.
481 841 579 882 Ant.
605 840 802 891 Domine,
820 842 843 867 *
864 855 968 884 non-

145 907 200 937 ne
217 894 382 937 bonum
400 908 549 938 semen
564 896 787 938 seminasti
803 898 847 938 in
862 911 966 949 agro

144 951 245 992 tuo?
279 951 395 993 unde
420 965 523 1003 ergo
546 952 679 994 habet
704 953 891 995 zizania?
925 960 968 997 et

145 1007 206 1049 ait
222 1007 322 1049 illis:
349 1009 449 1050 Hoc
474 1009 578 1051 fecit
600 1010 801 1051 inimicus
824 1010 967 1052 homo.

199 1060 248 1112 ΥΤ.
278 1064 492 1107 Dominus
520 1067 735 1117 regnavit,
763 1067 968 1109 decorem

145 1120 295 1162 induit.
327 1123 377 1174 R.
401 1122 550 1164 Induit
567 1123 782 1165 Dominus
802 1124 967 1166 fortitu-

145 1176 302 1228 dinem,
322 1182 365 1220 et
384 1179 615 1231 praecinxit
634 1192 680 1221 se
699 1180 871 1222 virtute.

481 1246 643 1287 Oratio.

230 1304 420 1346 amiliam
438 1310 574 1355 tuam,
604 1309 853 1359 quaesumus
877 1308 964 1349 Do-

229 1361 356 1412 mine,
375 1364 580 1404 continua
598 1363 762 1416 pietate
777 1364 964 1406 custodi:

145 1422 192 1459 ut
212 1430 310 1469 quae
329 1418 373 1458 in
391 1418 485 1460 sola
507 1432 586 1472 spe
603 1421 758 1471 gretiae
778 1420 967 1462 coelestis

146 1474 357 1524 innititur,
390 1479 465 1516 tua
493 1488 667 1529 semper
694 1478 967 1529 protectiene

144 1530 372 1573 muniatur.
399 1532 484 1574 Per
501 1532 750 1574 Dominum.

195 1595 267 1637 Ad
291 1595 464 1646 Magnis.
494 1596 592 1637 Ant.
620 1597 823 1649 Colligite
841 1599 864 1624 *
883 1599 967 1651 pri-

143 1665 262 1693 mum
285 1652 468 1703 zizania,
496 1658 540 1695 et
565 1654 739 1705 alligate
765 1667 817 1696 ea
840 1656 885 1696 in
908 1655 965 1697 fa-

144 1707 334 1750 sciculos
368 1709 425 1751 ad
462 1710 821 1753 comburendum:
857 1713 966 1754 triti-

145 1777 243 1806 cum
261 1770 408 1807 autem
426 1769 690 1818 congregate
706 1768 750 1808 in
764 1767 967 1811 horreum

143 1834 300 1872 meum,
319 1821 426 1865 dicit
442 1823 668 1865 Dominus.

195 1878 245 1929 V.
261 1882 486 1934 Dirigatur
500 1884 689 1927 Domine
705 1885 845 1926 oratio
858 1899 966 1928 mea.

143 1939 194 2038 ἓ.
232 1939 353 1982 Sicut
388 1940 613 1983 incensum
649 1942 692 1982 in
728 1944 967 1995 conspectu

194 2007 232 2038 o.

316 2100 487 2137 Feria
519 2101 796 2140 Secunda.

142 2161 211 2202 De
227 2161 427 2214 Epistola
445 2162 587 2214 prima
605 2162 662 2204 ad
675 2163 966 2206 Timetheum.

244 2229 396 2271 Lectio
415 2231 439 2271 i.
594 2231 695 2282 Cap.
711 2232 746 2271 3.
763 2236 806 2273 et
822 2233 858 2271 4.

144 2294 357 2398 ·idelis
377 2308 535 2338 sermo:
558 2298 602 2339 Si
627 2298 724 2350 quis
743 2298 965 2351 episcopa-

156 2359 158 2384 2
246 2356 340 2393 tum
376 2352 616 2404 desiderat,
653 2354 818 2396 bonum
855 2367 965 2407 opus

145 2407 376 2450 desiderat.
430 2409 618 2462 Opo'rtet
657 2423 760 2462 ergo
801 2413 965 2463 episco-

144 2477 250 2516 pum
267 2464 692 2517 irreprehensibilem
712 2480 818 2516 esse,
840 2470 965 2508 unius

146 2520 294 2561 uxoris
309 2521 457 2571 virum,
472 2522 678 2573 sobrium,
697 2523 965 2576 prudentem,

146 2578 358 2627 ornatum,
372 2578 589 2630 pudicum,
603 2580 876 2633 hospitalem,
892 2579 965 2620 do-

147 2634 328 2683 ctorem,
350 2646 437 2675 non
456 2636 740 2686 vinolentum,
764 2649 850 2677 non
871 2648 966 2688 per-

147 2691 384 2739 cussorem,
403 2690 482 2732 sed
499 2692 763 2734 modestum:
780 2705 867 2734 non
885 2691 965 2732 liti-

145 2745 333 2798 giosum,
372 2758 459 2788 non
495 2748 719 2801 cupidum,
761 2748 839 2791 sed
875 2761 965 2790 suae

1024 319 1173 362 domui
1191 321 1302 363 bene
1321 323 1620 375 praepesitum:
1639 323 1753 364 filios
1772 324 1843 365 ha-

1022 376 1199 419 bentem
1223 378 1424 420 subditos
1453 392 1550 420 cum
1577 380 1694 420 omni
1719 381 1843 422 casti-

1022 436 1124 475 tate.
1170 434 1214 475 Si
1252 435 1349 486 quis
1387 441 1531 477 autem
1568 435 1715 477 domui
1752 450 1842 478 suae

1022 492 1214 543 praeesse
1246 492 1401 542 nescit,
1441 492 1662 544 quemodo
1694 493 1842 534 Eccle—

1022 547 1098 588 siae
1117 547 1201 589 Dei
1224 547 1492 599 diligentiam
1516 548 1714 590 habebit?
1742 550 1841 591 Non
1892 575 1893 578 =

1021 603 1306 656 neephytum:
1339 617 1393 646 ne
1417 605 1461 645 in
1487 604 1734 657 superbiam
1758 606 1840 647 ela-

1021 664 1107 709 tus,
1148 661 1191 701 in
1229 660 1435 713 judicium
1469 660 1633 703 incidat
1669 661 1841 703 diaboli.

1022 716 1209 768 Opertet
1240 723 1386 759 autem
1417 717 1540 758 illum
1578 722 1621 758 et
1651 718 1841 759 testimo-

1020 773 1138 814 nium
1156 773 1317 815 habere
1340 773 1504 815 bonum
1523 774 1577 815 ab
1596 774 1663 823 iis,
1690 775 1762 826 qui
1781 775 1841 816 fo-

1020 830 1079 870 ris
1098 835 1213 879 sunt,
1239 835 1287 871 ut
1305 843 1393 871 non
1415 831 1458 870 in
1479 830 1764 882 opprObrium
1783 833 1841 871 in-

1021 885 1148 935 cidat,
1169 891 1212 927 et
1230 887 1274 927 in
1292 886 1497 939 laqueum
1516 886 1689 928 diaboli.

1075 950 1125 1001 R*-
1150 947 1289 998 Quam
1307 960 1474 999 magna.
1491 948 1585 988 288.

1331 1025 1481 1065 Lectio
1504 1025 1541 1064 ii.

1107 1086 1286 1128 iaconos
1310 1086 1506 1128 similiter
1528 1086 1729 1139 pudicos,
1754 1099 1841 1127 non

1115 1143 1346 1194 bilingues,
1371 1156 1458 1184 non
1483 1143 1620 1184 multo
1644 1144 1743 1184 vino
1770 1142 1840 1184 de-

1023 1199 1149 1249 ditos,
1168 1212 1255 1241 non
1273 1205 1402 1252 turpe
1422 1200 1589 1241 lucrum
1609 1202 1841 1241 sectantes:

1020 1255 1230 1298 habentes
1260 1257 1513 1309 mysterium
1540 1256 1643 1298 fidei
1669 1257 1713 1297 in
1741 1269 1839 1297 con-

1021 1312 1200 1354 scientia
1219 1325 1338 1365 pura.
1359 1313 1415 1354 Et
1434 1312 1479 1354 hi
1497 1317 1642 1354 autem
1655 1312 1839 1365 proben-

1020 1373 1090 1410 tur
1108 1370 1310 1422 primum:
1330 1374 1373 1410 et
1392 1370 1454 1410 sic
1473 1369 1731 1419 ministrent,
1750 1369 1838 1409 nul-

1019 1426 1109 1467 lum
1128 1427 1291 1467 crimen
1311 1425 1531 1467 habentes.
1558 1426 1763 1467 Mulieres
1788 1426 1839 1466 si·
1859 1478 1862 1481 ι

1019 1482 1179 1524 militer
1205 1482 1405 1535 pudicas,
1435 1494 1523 1523 non
1552 1482 1839 1531 detrahentes,

1019 1539 1206 1588 s6brias,
1232 1538 1385 1581 fideles
1412 1539 1456 1579 in
1485 1539 1696 1580 emnibus.
1740 1538 1840 1579 Dia-

1020 1596 1119 1637 coni
1143 1596 1230 1637 sint
1253 1598 1379 1636 unius
1403 1595 1552 1636 uxeris
1576 1595 1669 1636 viri:
1697 1595 1771 1646 qui
1794 1595 1839 1635 fi-

1019 1652 1088 1692 liis
1112 1652 1200 1693 suis
1224 1651 1336 1694 bene
1358 1652 1556 1704 praesint,
1585 1657 1627 1693 et
1651 1652 1740 1692 suis
1765 1651 1839 1692 do-

1019 1708 1172 1750 mibus.
1201 1709 1285 1759 Qui
1309 1708 1422 1749 enim
1444 1707 1555 1750 bene
1574 1708 1839 1749 ministrave-

1018 1765 1119 1815 rint,
1159 1765 1342 1817 gradum
1378 1764 1543 1806 bonum
1580 1764 1663 1806 sibi
1696 1766 1838 1815 acqui-

1019 1826 1131 1871 rent,
1164 1826 1208 1863 et
1234 1821 1414 1862 multam
1441 1820 1646 1862 fiduciam
1671 1820 1714 1860 in
1740 1819 1838 1869 fide,

1019 1890 1117 1929 quae
1138 1882 1203 1919 est
1223 1878 1266 1918 in
1286 1877 1458 1918 Christo
1477 1877 1501 1917 J
1503 1889 1589 1918 esu.

1070 1940 1119 1991 R.
1149 1938 1336 1990 Adjutor
1354 1951 1487 1980 meus.
1505 1939 1598 1978 288.

1313 2008 1465 2050 Lectio
1486 2009 1540 2049 iii.

1111 2086 1176 2114 aec
1194 2072 1273 2114 tibi
1294 2072 1455 2122 scribo,
1482 2085 1663 2125 sperans
1688 2084 1756 2113 me
1782 2072 1837 2113 ad

1121 2134 1166 2171 te
1193 2131 1341 2171 venire
1370 2130 1469 2171 cito.
1509 2129 1554 2170 Si
1581 2134 1726 2170 autem
1753 2133 1837 2169 tar-

1018 2185 1199 2235 davero,
1231 2191 1279 2227 ut
1313 2186 1425 2227 scias
1458 2185 1680 2238 quemodo
1711 2186 1836 2237 opor-

1016 2247 1107 2284 teat
1138 2247 1183 2283 te
1215 2242 1259 2283 in
1292 2242 1423 2284 domo
1456 2243 1539 2284 Dei
1575 2241 1835 2290 conversari,

1018 2311 1115 2350 quae
1131 2303 1197 2340 est
1211 2299 1409 2340 Ecclesia
1422 2299 1504 2340 Dei
1520 2298 1617 2348 vivi,
1637 2297 1837 2339 columna

1018 2360 1061 2396 et
1085 2355 1404 2397 firmamentum
1428 2355 1634 2397 veritatis.
1670 2355 1726 2395 Et
1749 2366 1835 2394 ma-

1017 2411 1172 2452 nifeste
1194 2425 1397 2463 magnum
1417 2417 1483 2454 est
1503 2412 1679 2464 pietatis
1696 2423 1835 2452 sacra-

1016 2469 1227 2518 mentum,
1262 2468 1380 2520 quod
1415 2467 1736 2509 manifestatum
1769 2471 1835 2508 est

1016 2523 1059 2563 in
1080 2536 1220 2574 carne,
1238 2524 1516 2576 justificatum
1530 2529 1597 2565 est
1611 2524 1656 2564 in
1670 2523 1834 2575 spiritu,

1017 2581 1218 2632 apparuit
1240 2581 1437 2631 Angelis,
1462 2579 1747 2633 praedicatum
1769 2583 1834 2619 est

1018 2636 1248 2686 Gentibus,
1273 2637 1486 2679 creditum
1512 2641 1579 2678 est
1598 2636 1642 2676 in
1660 2634 1832 2683 mundo,

1002 2696 1287 2746 assumptum
1310 2698 1378 2735 est
1399 2694 1443 2734 in
1465 2693 1613 2744 glotia.
1648 2691 1832 2743 Spiritus

1017 2754 1162 2791 autem
1181 2749 1408 2793 manifeste
1428 2749 1546 2800 dicit,
1573 2749 1673 2803 quia
1695 2748 1738 2789 in
1757 2759 1831 2789 110-
