2040 2990
740 189 945 223 Dominica
968 188 1032 222 ΠΙΔ
1056 188 1271 223 Adventus.

149 284 195 324 in
218 282 376 335 spiritu
401 286 445 323 et
463 281 624 323 virtute
642 281 764 325 Eliae.
805 281 891 330 Qui
916 280 978 322 id-

150 341 267 380 circo
287 341 497 379 venturus
516 337 559 377 in
580 337 735 389 spiritu
754 341 797 378 et
816 337 978 378 virtute

149 394 260 435 Eliae
275 393 445 443 dicitur,
463 393 564 445 quia
575 393 688 434 sicut
697 393 816 434 Eh'as
827 395 977 434 secun-

151 450 256 492 dum
274 449 453 491 Domini
473 448 711 491 adventum
728 448 979 501 praeveniet,

150 507 212 548 ita
230 506 256 547 J
258 508 423 547 oannes
442 505 656 558 praevenit
669 505 871 557 primum.
890 504 978 545 Sic-

150 566 199 603 ut
220 561 295 603 ille
317 565 568 614 praecursor
591 563 801 602 venturus
825 564 891 601 est
909 560 933 600 J
934 563 978 600 u-

152 618 278 667 dicis,
302 618 364 659 ita
382 617 465 659 iste
483 619 733 669 praecursor
752 621 820 657 est
838 616 978 656 factus

151 673 474 725 RedemptoriS.
492 673 517 713 J
519 674 683 714 oannes
697 672 829 722 igitur
839 671 883 711 in
895 673 978 723 spi-

151 730 238 770 ritu
269 729 387 769 Elias
421 733 532 777 erat,
563 728 607 768 in
638 730 829 780 persona
860 726 979 767 Elias

151 797 240 826 non
264 789 367 826 erat.
403 783 533 834 Quod
560 796 664 835 ergo
683 783 896 824 Dominus
921 782 978 823 fa-

151 842 267 883 tetur
286 840 341 881 de
361 839 527 891 spiritu,
546 839 632 881 hoc
646 839 671 879 J
673 841 836 881 oannes
852 837 978 879 dene-

151 901 227 947 gat
245 895 301 938 de
320 897 521 948 persona.

202 965 254 1017 R.
297 959 489 1001 Docebit
523 972 605 1000 nos
636 959 850 1000 Dominus
887 959 980 999 vias

152 1029 271 1066 suas,
306 1020 350 1057 et
384 1015 705 1057 ambulabimus
738 1015 782 1055 in
816 1015 980 1056 semitis

153 1073 258 1124 ejus:
276 1076 300 1102 *
320 1071 433 1121 Quia
455 1071 511 1113 de
530 1071 636 1113 Sion
661 1070 797 1112 exibit
820 1070 908 1120 lex,
937 1075 981 1111 et

152 1128 337 1170 verbum
355 1127 443 1168 Dni
466 1126 522 1168 de
540 1127 794 1168 Jerusalem.
824 1126 875 1178 V.
895 1102 979 1168 ’Ve-

152 1186 258 1233 m‘te,
287 1182 577 1224 ascendamus
601 1183 657 1224 ad
679 1187 875 1224 montem
893 1183 980 1223 Do-

152 1240 272 1290 mini,
314 1243 357 1281 et
399 1238 457 1281 ad
497 1238 678 1280 domum
713 1239 798 1280 Dei
832 1237 980 1279 Jacob.

154 1296 277 1346 Quia.
307 1296 462 1338 Gloria
483 1294 614 1336 Patri.
648 1295 770 1344 Quia.

418 1376 498 1417 Ad
523 1376 720 1417 Laudes

358 1438 410 1469 et
446 1445 545 1478 per
581 1436 777 1471 Horas.

205 1499 307 1540 Ant.
320 1499 352 1538 1.
377 1497 532 1539 Veniet
549 1497 776 1547 Dominus,
791 1497 815 1523 *
831 1501 875 1538 et
892 1508 981 1537 non

152 1553 358 1603 tardabit,
378 1557 422 1595 et
439 1552 703 1594 illuminabit
724 1551 981 1594 abscondita

152 1609 450 1658 tenebrarum,
479 1613 523 1650 et
541 1609 840 1650 manifestabit
859 1621 906 1650 se
925 1607 982 1649 ad

154 1678 306 1707 omnes
322 1669 488 1716 gentes
507 1664 689 1716 alleluja.

203 1732 273 1772 Ps.
305 1729 520 1771 Dominus
548 1729 761 1780 regnavit.
787 1728 846 1769 15.

148 1798 150 1800 ’
207 1797 244 1837 2.
261 1793 500 1836 Jerusalem
517 1793 661 1845 gaude
674 1794 699 1821 *
712 1792 872 1844 gaudio
891 1804 978 1833 ma-

154 1863 252 1902 gno,
269 1850 372 1902 quia
385 1849 531 1891 veniet
546 1848 628 1890 tibi
643 1848 854 1898 Salvator,
871 1847 982 1889 allel.

206 1917 244 1958 3.
271 1913 400 1957 Dabo
419 1914 464 1954 in
483 1913 587 1955 Sion
605 1913 629 1939 *
650 1912 851 1962 salutem,
878 1916 922 1954 et
937 1913 982 1952 in

153 1970 398 2012 Jerusalem
416 1969 602 2021 gloriam
620 1982 777 2019 meam,
801 1967 982 2019 alleluja.

206 2034 245 2075 4.
272 2034 447 2075 Montes
473 2038 517 2075 et
536 2045 688 2074 omnes
707 2032 843 2074 colles
860 2032 884 2058 *
903 2031 978 2072 hu-

155 2089 453 2131 miliabuntur:
481 2093 524 2130 et
549 2093 677 2134 erunt
699 2101 837 2141 prava
859 2088 904 2128 in
921 2087 981 2128 di-

155 2147 291 2195 recta,
310 2149 354 2187 et
373 2146 530 2197 aspera
547 2145 591 2185 in
610 2145 703 2186 vias
722 2143 890 2196 planas:
912 2155 982 2184 ve-

157 2201 202 2241 ni
213 2200 415 2250 Domine,
431 2205 475 2241 et
489 2200 578 2242 noli
593 2200 781 2249 tardare,
801 2198 983 2250 alleluja,

208 2267 247 2307 5.
265 2267 387 2306 Juste
407 2269 451 2306 et
469 2265 541 2317 pie
560 2265 584 2291 *
604 2265 812 2313 vivamus,
832 2275 982 2315 exspe-

158 2322 328 2361 ctantes
342 2320 520 2362 beatam
533 2333 669 2372 spem,
689 2325 732 2362 et
748 2319 983 2361 adventum

157 2376 346 2417 Domini.

263 2441 521 2493 Capitulum.
635 2438 822 2489 Philipp.
841 2439 878 2477 4.

158 2499 391 2603 Fratres:
407 2505 610 2547 Gaudete
620 2505 664 2544 in
674 2504 865 2545 Domino
876 2515 984 2544 sem-

254 2572 348 2611 per:
365 2563 525 2602 iterum
541 2561 653 2609 dico,
671 2559 871 2611 gaudete.
893 2558 984 2599 Mo-

161 2614 302 2656 destia
320 2620 467 2658 vestra
486 2621 593 2658 nota
613 2616 670 2657 sit
690 2615 890 2656 omnibus
910 2613 984 2654 ho-

159 2670 362 2712 minibus:
380 2672 596 2713 Dominus
616 2671 731 2713 enim
748 2682 888 2722 prope
908 2673 984 2710 est.

1337 281 1545 331 Hymnus.

1140 354 1169 380 n
1188 341 1306 382 clara
1324 354 1413 383 vox
1431 342 1654 393 redarguit

1149 397 1349 438 Obscura
1364 410 1561 450 quaeque,
1576 399 1831 449 personans:

1109 452 1269 494 Procul
1290 453 1494 504 fugentur
1513 454 1695 494 somnia:

1109 508 1179 550 Ab
1198 509 1287 550 alto
1306 509 1331 549 J
1335 522 1434 550 esus
1451 510 1676 561 promicat.

1058 576 1183 616 Mens
1202 575 1287 625 iam
1305 577 1507 624 resurgat
1525 574 1711 625 torpida,

1109 629 1210 670 Non
1230 629 1415 681 amplius
1434 631 1579 681 jacens
1598 629 1731 670 humi:

1110 685 1240 726 Sidus
1260 685 1448 735 refulget
1465 686 1550 736 jam
1568 698 1740 734 novum,

1109 741 1169 783 Ut
1187 741 1315 782 tollat
1334 753 1462 782 omne
1483 741 1673 781 noxium.

1059 809 1125 847 En
1145 806 1297 855 Agnus
1317 805 1373 846 ad
1391 817 1473 846 nos
1491 805 1678 845 mittitur

1110 861 1281 902 Laxare
1300 861 1437 911 gratis
1457 860 1666 902 debitum:

1111 916 1274 957 Omnes
1295 916 1423 956 simul
1442 929 1541 957 cum
1559 915 1749 956 lacrimis

1032 1011 1034 1013 ,
1110 973 1346 1013 Precemur
1364 971 1686 1022 indulgentiam.

1058 1039 1128 1086 Ut,
1148 1049 1248 1078 cum
1267 1035 1463 1077 secundo
1482 1035 1662 1085 fulserit,

1109 1093 1319 1144 Metuque
1339 1091 1549 1132 mundum
1568 1090 1762 1140 cinxerit,

1110 1149 1211 1189 Non
1229 1160 1310 1200 pro
1331 1149 1455 1188 reatu
1473 1147 1638 1199 puniat,

1111 1203 1198 1245 Sed
1215 1216 1297 1244 nos
1316 1203 1415 1255 pius
1436 1208 1540 1244 tunc
1556 1204 1772 1254 protegat.

1062 1268 1224 1317 Virtus,
1240 1267 1393 1316 honor,
1410 1266 1515 1315 laus,
1537 1266 1676 1316 gloria

1109 1324 1207 1364 Deo
1226 1323 1348 1364 Patri
1368 1335 1467 1363 cum
1485 1322 1608 1370 Filio,

1111 1379 1273 1420 Sancto
1294 1378 1422 1419 simul
1441 1377 1669 1427 Paraclito,

1109 1435 1161 1475 In
1180 1434 1443 1475 saeculorum
1463 1433 1634 1474 saecula.
1665 1433 1816 1473 Amen.

1084 1497 1135 1547 V.
1152 1499 1256 1540 Vox
1271 1498 1499 1539 clamantis
1514 1498 1559 1538 in
1575 1497 1763 1546 deserto,
1779 1497 1857 1537 Pa-

1033 1557 1127 1596 rate
1155 1555 1272 1595 viam
1299 1554 1487 1594 Domini.
1532 1555 1583 1606 R.
1609 1553 1773 1595 Rectas
1800 1552 1857 1592 fa-

1033 1611 1120 1652 cite
1139 1610 1318 1652 semitas
1337 1610 1438 1661 ejus.
1862 1609 1866 1613 ”

1084 1674 1156 1715 Ad.
1184 1673 1347 1715 Bened.
1389 1674 1488 1713 Ant.
1529 1673 1669 1724 Super
1701 1671 1859 1712 solium

1033 1731 1058 1758 *
1076 1730 1237 1780 David,
1263 1734 1306 1771 et
1326 1741 1457 1781 super
1476 1741 1658 1779 regnum
1681 1728 1770 1779 ejus
1794 1739 1857 1767 se-

1034 1786 1157 1828 debit
1175 1786 1220 1826 in
1239 1787 1460 1834 aeternum,
1480 1783 1661 1835 aHeluja.

1364 1851 1528 1891 Oratio.

1035 1904 1233 2009 Auem
1246 1914 1376 1959 tuam,
1395 1910 1644 1960 quaesumus
1658 1906 1857 1955 Domine,

1141 1966 1348 2020 precibus
1371 1964 1534 2006 nostris
1558 1961 1857 2005 accommoda:

1036 2028 1079 2065 et
1105 2023 1263 2064 mentis
1291 2025 1456 2063 nostrae
1488 2019 1691 2062 tenebras
1718 2017 1858 2082 grat-ia

1033 2085 1122 2121 tuae
1139 2077 1403 2120 visitationis
1423 2076 1608 2116 illustra:
1634 2074 1718 2124 Qui
1736 2072 1857 2114 vivis.

1306 2153 1374 2189 Ad
1392 2152 1594 2189 Tertiam.

1090 2211 1188 2249 Ant.
1215 2209 1457 2252 Jerusalem
1475 2207 1628 2259 gaude.

1088 2274 1228 2325 Capit.
1254 2275 1443 2314 Fratres:
1473 2271 1684 2313 Gaudete.

1087 2335 1137 2386 R.
1165 2333 1225 2374 br.
1250 2333 1366 2376 Veni
1393 2332 1450 2374 ad
1476 2330 1751 2374 liberandum
1775 2342 1856 2371 nos

1036 2391 1058 2415 *
1090 2390 1280 2432 Domine
1312 2389 1434 2430 Deus
1464 2389 1684 2430 virtutum.
1733 2385 1857 2427 Veni.

1037 2439 1087 2491 Y·
1114 2445 1310 2487 Ostende
1338 2444 1492 2486 faciem
1515 2448 1652 2492 tuam,
1681 2446 1724 2483 et
1749 2440 1857 2482 salvi
1926 2444 1931 2450 '

1036 2502 1208 2543 erimuS.
1247 2500 1447 2541 Domine.
1484 2499 1645 2540 Gloria.
1680 2496 1805 2540 Veni.

1088 2553 1139 2604 V.
1165 2556 1402 2598 Timebunt
1422 2556 1586 2597 Gentes
1611 2565 1767 2595 nomen
1791 2556 1854 2592 tu-

1035 2626 1110 2654 um
1141 2613 1339 2654 Domine.
1379 2613 1431 2663 Re.
1461 2611 1518 2652 Et
1550 2622 1700 2651 omnes
1731 2618 1854 2656 reges

1035 2673 1165 2710 terrae
1183 2667 1369 2719 gloriam
1387 2671 1518 2708 tuam.
