2080 2990
1849 986 1887 1018 Ξὲ·
1851 749 1884 960 'Sssflmvo
1850 455 1883 734 SssssNH-LJJW
1850 369 1883 435 ΝΟ

656 1120 1110 1172 PRAEPARATIO
1140 1122 1232 1171 AD
1259 1122 1533 1172 MISSAM.

991 1210 1137 1224 -4οοοψ

1171 1265 1332 1300 Domine
1355 1263 1461 1300 Deus
1484 1263 1669 1300 virtutum
1694 1262 1836 1299 exandi
1859 1272 1942 1299 ora-

1119 1315 1262 1351 tionem
1277 1326 1416 1351 meam:
1439 1315 1461 1340 ‘¹‘
1485 1315 1641 1350 auribus
1665 1314 1820 1360 percipe
1836 1314 1941 1350 Deus

1053 1352 1066 1408 ἶ
1118 1366 1252 1401 Jacob.

258 1473 266 1484 ,
531 1446 629 1470 rum:
646 1445 770 1479 neque
784 1434 994 1470 vindictam
1007 1444 1066 1468 su-

251 1515 260 1523 .
280 1507 286 1513 .
317 1475 386 1513 55⁴⁹?
402 1481 415 1494 '³
470 1500 508 1526 -ῡ,
531 1496 614 1521 mas
632 1485 679 1520 de
695 1485 864 1529 peccatis
880 1484 1035 1520 nostris.

298 1534 391 1574 Quze
421 1534 644 1577 Antiphona
675 1536 712 1569 in
741 1536 866 1570 Festis
897 1537 1067 1581 Duplici-

245 1582 316 1616 bus
334 1587 478 1617 tantum
497 1585 727 1628 duplicatur.
754 1591 789 1620 et
810 1591 980 1631 tempore
999 1588 1067 1622 Pa-

245 1632 366 1665 schuli
393 1632 546 1667 additur
572 1634 609 1668 in
634 1635 706 1670 fine
727 1635 905 1679 Alleluia.

296 1681 443 1716 Deinde
475 1683 652 1719 dicuntur
683 1692 886 1729 sequentes
911 1687 1065 1722 Psalmi.

528 1736 704 1770 Psalmus
728 1737 782 1770 83.

301 1795 390 1819 uam
406 1785 545 1820 dilecta
561 1785 809 1820 tabernacula
825 1788 890 1819 tua
903 1783 1066 1819 Domine

332 1834 529 1870 virtotum:
551 1834 573 1858 ss
598 1834 851 1879 concupiscit,
880 1839 917 1869 et
940 1834 1067 1869 deficit

245 1884 371 1919 anima
394 1894 479 1919 mea
502 1884 542 1919 in
565 1884 662 1919 atria
684 1884 850 1919 Domini.

296 1934 373 1969 Cor
399 1944 540 1978 meum,
570 1939 606 1970 et
634 1945 724 1970 caro
747 1945 833 1969 mea
855 1934 877 1959 ‘³‘
901 1934 1067 1969 exsulta·
1092 1907 1097 1957 Ι

244 1985 380 2020 verunt
402 1985 442 2019 in
464 1985 588 2020 Deum
609 1985 752 2020 vivum.

295 2034 445 2070 Etenim
468 2046 605 2079 passer
629 2035 775 2071 invenit
799 2035 875 2070 sibi
895 2035 1066 2070 domum:

244 2082 266 2108 ‘²³
281 2088 318 2118 et
333 2088 455 2119 turtur
470 2085 603 2120 nidum
619 2085 705 2129 sibi,
717 2085 785 2121 ubi
800 2089 921 2129 ponat
938 2085 1067 2129 pullos

250 2143 446 2220 suffitoria
462 2188 528 2220 tua
543 2185 705 2220 Domine
721 2185 919 2221 virtutum:
939 2185 961 2209 ²³²
985 2185 1068 2220 Rex

247 2244 365 2278 meus,
389 2239 426 2270 et
447 2235 552 2270 Deus
576 2246 693 2271 meus.

296 2285 421 2328 Beati,
445 2286 511 2330 qui
530 2286 705 2321 habitant
721 2286 760 2320 in
777 2286 892 2321 domo
910 2290 976 2320 tua
991 2285 1066 2320 Do—

244 2335 415 2420 rbnlfflezte*
442 2336 481 2370 in
509 2337 652 2372 saecula
680 2337 909 2372 saeculorum
935 2336 1066 2371 lauda-

295 2413 437 2471 Beatus
459 2436 534 2480 vir,
564 2436 671 2480 cujus
702 2440 759 2471 est
788 2436 972 2470 auxilium
996 2436 1066 2471 abs

244 2488 296 2520 te:
320 2486 341 2510 *
365 2486 611 2521 ascensiones
636 2486 675 2520 in
700 2486 814 2521 corde
840 2496 910 2521 suo
936 2486 1064 2529 dispo·

246 2536 331 2579 suit,
348 2535 387 2570 in
403 2537 504 2571 valle
521 2537 763 2571 lacrimarum
779 2536 819 2570 in
834 2536 932 2579 loco,
954 2546 1066 2580 quem

245 2586 447 2671 polsilsstlaetnim
477 2636 784 2671 benedictionem
817 2635 924 2670 dabit
953 2636 1066 2680 legis-

244 2685 353 2729 lator,
378 2686 486 2720 ibunt
513 2686 560 2720 de
588 2686 728 2720 virtute
756 2686 796 2720 in
824 2685 1021 2720 virtutem:
1046 2686 1066 2710 *

244 2736 439 2771 videbitur
461 2736 566 2770 Deus
591 2736 748 2771 deorum
771 2736 811 2770 in
834 2735 937 2770 Sion.

1170 1416 1369 1452 Protector
1395 1419 1527 1451 noster
1554 1414 1685 1459 aspice
1708 1414 1828 1450 Deus:
1855 1414 1878 1439 ‘⁸‘
1906 1418 1944 1450 et

1118 1467 1267 1511 respice
1290 1467 1330 1501 in
1353 1466 1491 1501 faciem
1515 1465 1662 1501 Christi
1683 1465 1756 1500 tui:

1171 1517 1269 1558 Quia
1298 1516 1434 1552 molior
1463 1520 1522 1552 est
1553 1516 1637 1551 dies
1665 1525 1743 1550 una
1769 1515 1810 1550 in
1833 1514 1942 1550 atriis

1118 1568 1205 1610 tuis,
1229 1568 1250 1592 '³²
1275 1577 1391 1612 super
1413 1566 1542 1602 millia.

1169 1617 1279 1662 Elogi
1314 1618 1485 1661 abjectus
1521 1626 1606 1652 esse
1644 1616 1685 1651 in
1720 1616 1835 1652 domo
1869 1613 1944 1650 Dei

1117 1668 1207 1703 mei:
1228 1668 1249 1693 2³³
1267 1668 1392 1712 magis
1417 1677 1533 1712 quam
1555 1666 1730 1702 habitore
1753 1667 1795 1702 in
1817 1666 1943 1702 taber-

1117 1717 1267 1752 naculis
1289 1718 1545 1762 peccatorum.

1170 1767 1269 1809 Quia
1283 1767 1599 1810 misericordiam,
1619 1769 1657 1801 et
1671 1764 1874 1801 veritAtem
1890 1763 1944 1798 di-

1117 1817 1203 1860 ligit
1218 1817 1341 1852 Deus:
1364 1817 1386 1841 *
1409 1817 1573 1861 grotiam
1597 1820 1634 1852 et
1649 1815 1813 1860 gloriam
1836 1813 1945 1850 dabit

1117 1867 1316 1903 Dominus.

1171 1917 1260 1953 Non
1281 1917 1452 1962 privabit
1474 1917 1589 1953 bonis
1613 1926 1696 1959 eOS‚
1725 1914 1792 1960 qui
1814 1914 1944 1950 ambu-

1118 1968 1199 2003 lant
1219 1968 1260 2003 in
1279 1968 1513 2003 innocentia:
1534 1967 1555 1992 '³‘
1570 1965 1734 2002 Domine
1749 1964 1944 2005 virttitum,

1119 2018 1255 2054 beatus
1278 2019 1406 2064 homo,
1431 2019 1498 2064 qui
1521 2021 1652 2062 sperat
1674 2017 1715 2051 in
1736 2019 1784 2052 te.

1174 2078 1308 2114 Gloria
1330 2078 1446 2113 Patri.

1402 2164 1578 2198 Psalmus
1601 2163 1655 2197 84.

1178 2234 1384 2270 enedixisti
1410 2233 1574 2268 Domine
1601 2235 1742 2267 terram
1772 2235 1891 2266 tuam:
1922 2231 1944 2256 ²*

1201 2284 1374 2320 avertisti
1391 2284 1654 2328 captivitatem
1669 2282 1804 2317 Jacob.

1171 2335 1368 2370 Remisisti
1389 2334 1632 2379 iniquitatem
1654 2332 1782 2377 plebis
1804 2335 1899 2367 tuae:
1922 2331 1944 2356 *

1120 2386 1307 2430 operuisti
1330 2385 1458 2421 omnia
1480 2386 1640 2429 peecata
1664 2384 1804 2418 eorum.

1170 2435 1356 2480 Mitigosti
1372 2444 1523 2470 omnem
1539 2434 1636 2468 iram
1651 2437 1772 2468 tuam:
1796 2432 1818 2457 *
1838 2441 1943 2467 aver-

1119 2486 1199 2521 tisti
1224 2486 1271 2521 ab
1295 2486 1353 2520 ira
1377 2483 1655 2528 indignationis
1679 2487 1767 2518 tuae.

1172 2535 1362 2571 Converte
1382 2545 1454 2569 nos
1470 2534 1575 2568 Deus
1597 2533 1778 2568 salutaris
1796 2535 1942 2567 noster:

1120 2586 1141 2610 *
1162 2590 1199 2621 et
1222 2587 1351 2620 averte
1376 2585 1471 2619 iram
1494 2588 1600 2618 tuam
1620 2594 1642 2618 a
1664 2583 1789 2618 nobis.

1170 2635 1368 2680 Numquid
1395 2635 1435 2669 in
1464 2635 1648 2669 aeternum
1671 2631 1850 2667 irasceris
1877 2641 1944 2666 no-

1119 2685 1201 2721 bis?
1222 2686 1243 2710 ³³²
1265 2689 1330 2720 aut
1347 2683 1529 2719 extendes
1551 2683 1647 2717 iram
1663 2686 1769 2718 tuam
1789 2692 1812 2716 a
1833 2691 1944 2725 gene-

1119 2735 1268 2770 ratione
1292 2735 1332 2769 in
1355 2733 1660 2778 generationem?
