2080 2990
640 202 850 234 Commune
877 199 1124 233 confessoris
1151 209 1225 232 non
1252 198 1461 233 Pontificis.

194 297 268 337 illo
287 297 425 345 Deus,
452 301 496 338 et
523 309 659 348 quare
678 298 884 338 munierit
903 296 1024 337 illum

193 352 420 393 Dominus.
438 352 666 394 Videbunt
685 357 729 394 et
743 355 1024 394 contemnent

194 421 307 449 eum:
332 408 431 449 illos
457 413 604 450 autem
628 409 845 450 D6minus
873 408 1023 449 irride-

192 464 267 505 bit.
300 465 357 505 Et
382 470 509 506 erunt
530 470 632 517 post
651 465 747 506 haec
767 464 1022 506 decidentes

192 521 283 562 sine
299 520 479 572 honore,
499 527 543 562 et
561 522 606 562 in
624 521 890 563 contumelia
910 521 1023 561 inter

191 578 392 618 mortuos
425 578 468 618 in
499 579 778 630 perpetuum:
816 577 1023 629 quoniam

192 633 439 686 disrumpet
462 633 562 675 illos
588 634 764 675 inflatos
785 633 878 674 sine
902 645 1022 682 voce,

192 694 236 730 et
264 690 561 731 commovebit
589 690 687 731 illos
716 703 741 731 a
769 689 1022 730 fundamen-

190 746 259 795 tis,
280 751 324 787 et
341 758 482 798 usque
501 746 558 788 ad
579 747 833 799 supremum
853 744 1022 786 desola-
1127 747 1152 765 ²

190 801 364 843 buntur.

246 867 296 917 R.
333 867 485 907 Justus
523 867 786 917 germinabit
827 867 940 908 sicut
975 865 1022 906 li-

191 922 311 963 lium:
351 923 372 944 *
408 923 467 964 Et
507 923 683 964 florebit
723 923 769 964 in
810 924 1023 964 aete'rnum

190 984 292 1020 ante
318 979 444 1020 Dfim.
487 973 534 1024 δ”.
559 979 787 1021 Plantatus
815 979 859 1019 in
888 980 1022 1020 domo

190 1034 286 1085 Dffi,
307 1035 351 1075 in
367 1035 488 1077 atriis
504 1035 661 1077 domus
676 1036 761 1077 Dei
775 1035 927 1077 nostri.
954 1035 1023 1076 Et.

250 1095 408 1136 Bencd.
438 1097 626 1149 Spiritus
647 1096 788 1137 sancti
808 1096 962 1146 gratia.

494 1172 647 1212 Lectio
668 1172 722 1211 iii.

275 1248 293 1284 t
318 1249 445 1285 erunt
470 1245 713 1294 gementes,
742 1248 786 1285 et
810 1244 1024 1286 memoria

286 1299 462 1341 illotum
482 1300 653 1353 peribit.
680 1300 872 1342 Venient
891 1301 934 1341 in
952 1313 1023 1342 co-

190 1356 403 1407 gitatione
438 1359 724 1409 peccatorum
759 1358 941 1398 suorum
973 1359 1023 1398 ti-

191 1412 307 1461 midi,
329 1417 372 1454 et
389 1413 623 1454 traducent
641 1412 741 1454 illos
763 1425 817 1454 ex
833 1413 1023 1454 adverso

191 1468 445 1520 iniquitates
465 1470 675 1522 ipsorum.
701 1469 827 1510 Tunc
845 1469 1024 1511 stabunt

192 1525 293 1575 justi
326 1526 368 1565 in
402 1539 560 1576 magna
594 1526 843 1567 constantia
871 1525 1023 1567 adver-

193 1594 266 1622 sus
293 1594 370 1622 eos
397 1582 471 1634 qui
498 1595 545 1623 se
575 1582 950 1633 angustiaverunt,
981 1587 1025 1623 et

194 1638 266 1689 qui
282 1637 558 1679 abstulerunt
572 1638 749 1680 labores
766 1640 930 1679 eorum.
949 1639 1024 1680 Vi-

193 1693 346 1735 dentes
375 1694 670 1736 turbabuntur
700 1695 859 1736 timore
887 1694 1024 1736 horri-

192 1749 285 1799 bili,
314 1755 358 1792 et
386 1751 663 1792 mirabuntur
688 1751 731 1791 in
758 1751 1024 1792 subitatione

192 1807 430 1859 insperatae
468 1807 640 1857 salutis,
680 1807 877 1849 dicentes
911 1807 1025 1849 intra

193 1876 257 1912 se,
292 1864 597 1916 poenitentiam
624 1865 822 1914 agentes,
857 1869 902 1905 et
930 1877 1024 1916 prae

193 1920 393 1970 angustia
408 1921 589 1973 spiritus
600 1922 839 1971 gementes:
855 1921 913 1961 Hi
924 1925 1026 1962 sunt

195 1988 306 2027 quos
330 1975 563 2018 habdimus
586 1976 822 2029 aliquando
846 1977 889 2017 in
914 1976 1025 2018 deri-

194 2044 290 2072 sum
316 2037 359 2073 et
384 2033 428 2073 in
452 2032 782 2074 similitudinem
806 2034 1024 2086 imprope-

194 2088 255 2128 rii.
278 2088 373 2129 Nos
392 2089 602 2130 insensati
621 2089 757 2131 vitam
775 2089 951 2130 illorum
970 2102 1025 2130 ae-

194 2143 482 2185 stimabamus
500 2146 728 2195 insaniam,
755 2151 799 2187 et
822 2146 955 2187 finem
979 2146 1025 2186 il-

194 2200 336 2241 lorum
356 2201 449 2241 sine
468 2201 655 2242 honore:
675 2214 779 2243 ecce
800 2202 1025 2254 quomodo

195 2257 438 2309 computati
462 2262 563 2298 sunt
587 2258 700 2299 inter
719 2258 834 2299 filios
853 2258 954 2308 Dei,
982 2263 1027 2301 et

194 2313 307 2354 inter
327 2317 505 2354 sanctos
525 2326 622 2354 sors
642 2313 817 2354 illorum
836 2319 916 2356 est.

251 2373 301 2423 R.
327 2374 418 2415 Iste
439 2374 646 2424 cognovit
666 2375 883 2424 justitiam,
904 2379 948 2416 et
966 2376 1026 2416 vi-

196 2429 260 2471 dit
290 2429 508 2471 mirabilia
538 2442 714 2481 magna,
751 2435 795 2471 et
828 2431 1027 2473 exoravit

195 2485 487 2527 Altissimum:
515 2484 537 2507 *
567 2486 624 2527 Et
651 2486 855 2544 inventus
888 2492 955 2528 est
982 2488 1027 2528 in

195 2545 379 2583 numero
399 2544 662 2583 sanctorum.
692 2539 742 2584 Y.
758 2542 850 2583 Iste
869 2549 936 2584 est
952 2545 1028 2595 qui

197 2599 464 2650 contempsit
491 2599 626 2639 vitam
650 2598 818 2646 mundi,
858 2604 903 2640 et
931 2612 1027 2651 per-

198 2654 315 2695 venit
330 2654 388 2695 ad
403 2654 601 2695 eoelestia
615 2667 760 2705 regna.
782 2654 849 2695 Et.
875 2655 1028 2696 Gloria

195 2710 328 2752 Patri.
355 2711 422 2752 Et.

1300 295 1350 334 In
1376 296 1427 335 ΙΙ.
1455 295 1679 335 Nocturno.

1132 355 1229 396 Ant.
1250 356 1536 396 Invocamtem
1551 353 1776 395 exaudivit
1785 354 1808 379 *
1819 353 1907 393 Do-

1075 411 1219 452 minus
1235 416 1434 453 sanctum
1449 423 1588 459 suum,
1604 409 1821 451 Dominus
1837 421 1907 450 ex-

1076 467 1245 509 audivit
1272 480 1389 516 eum,
1414 471 1458 508 et
1482 466 1712 508 constituit
1737 478 1838 507 eum
1863 465 1907 506 in

1075 536 1197 576 pace·
1366 569 1565 610 Psalmus
1586 570 1624 608 4.

1134 638 1267 673 um
1300 627 1552 668 invocarem
1584 624 1809 666 exaudivit
1836 637 1907 666 me

1110 686 1131 724 ’ὅ
1206 684 1329 725 Deus
1357 683 1533 735 justitiae
1554 694 1683 723 meae:
1709 681 1733 707 *
1761 680 1805 721 in
1833 681 1907 722 tri-

1094 744 1102 751 *
1207 740 1433 782 bulatis'Jne
1453 737 1649 780 dilatasti
1666 736 1784 778 mihi.

1127 797 1337 839 Miserere
1364 795 1472 846 mei,
1500 795 1523 821 *
1553 799 1596 837 et
1625 793 1786 836 exaudi
1814 805 1907 834 ora-

1075 853 1242 895 ticnem
1260 865 1415 894 meam.

1127 909 1228 950 Filii
1259 908 1486 950 hcminum
1520 909 1753 958 usquequo
1786 904 1910 956 gravi

1076 964 1235 1008 corde?
1263 966 1287 991 *
1316 969 1365 1006 ut
1394 963 1501 1016 quid
1534 962 1716 1013 diligitis
1744 961 1909 1002 vanita-

1075 1027 1177 1071 tem,
1198 1026 1243 1063 et
1263 1020 1461 1074 quaeritis
1479 1017 1779 1060 mendacium?

1127 1079 1185 1119 Et
1217 1078 1378 1119 scito‘te
1416 1076 1625 1128 quoniam
1658 1073 1911 1115 mirificavit

1075 1134 1293 1176 D6minus
1319 1137 1520 1174 sanetum
1544 1145 1685 1173 suum:
1710 1131 1734 1157 *
1759 1129 1909 1171 Domi-

1075 1204 1158 1232 nus
1186 1190 1396 1232 exaudiet
1427 1202 1498 1230 me
1532 1201 1632 1230 cum
1660 1187 1909 1229 clamavero

1077 1247 1134 1288 ad
1154 1260 1266 1288 eum.

1129 1303 1392 1353 Irascimini,
1422 1307 1466 1344 et
1493 1300 1630 1343 nolite
1656 1300 1862 1353 peccare:
1887 1298 1910 1324 *

1079 1373 1178 1412 quae
1198 1360 1344 1401 dicitis
1367 1360 1411 1400 in
1432 1357 1642 1400 cordibus
1661 1356 1839 1405 vestris,
1866 1355 1911 1396 in

1077 1415 1295 1458 cubilibus
1314 1415 1474 1457 vestris
1494 1412 1851 1466 compungimini.

1128 1473 1384 1514 Sacrificate
1420 1470 1687 1513 sacrificium
1723 1468 1912 1521 justitiae,

1078 1534 1122 1570 et
1148 1531 1326 1581 sperate
1350 1528 1394 1569 in
1418 1527 1627 1569 D6mino:
1650 1526 1675 1553 *
1698 1524 1824 1566 multi
1850 1524 1911 1566 di-

1078 1590 1199 1627 cunt:
1227 1585 1336 1635 Quis
1355 1583 1551 1626 ostendit
1570 1581 1700 1623 nobis
1719 1580 1859 1623 bona?

1128 1642 1358 1692 Signatum
1394 1645 1462 1683 est
1494 1651 1628 1692 super
1654 1651 1736 1679 nos
1764 1637 1911 1679 lumen

1077 1698 1224 1739 vultus
1252 1698 1317 1739 tui
1344 1697 1551 1738 Domine:
1570 1697 1594 1722 *
1613 1694 1777 1736 dedisti
1804 1693 1911 1735 laeti—

1077 1753 1185 1795 tiam
1203 1754 1248 1794 in
1268 1753 1404 1795 corde
1423 1765 1535 1794 meo.

1129 1810 1171 1851 A
1196 1810 1341 1852 fructu
1366 1808 1590 1857 frumenti,
1618 1806 1726 1856 vini,
1753 1810 1797 1848 et
1825 1805 1912 1847 olei

1079 1866 1145 1907 sui
1163 1867 1187 1893 *
1203 1865 1485 1919 multiplic-{iti
1505 1868 1616 1906 sunt.

1132 1923 1184 1963 In
1208 1935 1320 1975 pace
1345 1923 1389 1963 in
1416 1921 1611 1974 idipsum
1633 1920 1657 1945 *
1682 1918 1911 1967 dormiam,

1079 1983 1124 2019 et
1141 1979 1432 2030 requiescam;

1132 2035 1351 2085 Quoniam
1365 2039 1414 2076 tu
1423 2033 1615 2075 Domine
1630 2029 1912 2083 singulariter

1078 2091 1122 2131 in
1144 2104 1223 2144 spe
1242 2092 1267 2118 *
1286 2089 1556 2133 constituisti
1573 2101 1654 2130 me.

1134 2144 1235 2185 Ant.
1263 2147 1551 2188 Invocantem
1574 2143 1799 2186 exaudivit
1817 2143 1911 2184 Dfis

1079 2208 1280 2244 sanctum
1295 2216 1432 2252 suum,
1451 2201 1669 2243 Dominus
1685 2198 1911 2241 exaudivit

1079 2272 1190 2308 eum,
1210 2264 1255 2301 et
1273 2258 1502 2300 constituit
1521 2270 1622 2299 eum
1641 2256 1685 2296 in
1704 2268 1827 2308 pace.

1134 2314 1234 2353 Ant.
1252 2314 1478 2356 Laetentur
1497 2325 1662 2362 omnes,
1677 2312 1701 2338 *
1720 2311 1795 2363 qui
1816 2324 1911 2363 spe·

1079 2376 1178 2412 rant
1197 2371 1242 2412 in
1259 2376 1305 2412 te
1318 2370 1524 2412 D6mine:
1543 2368 1752 2421 quoniam
1770 2373 1819 2409 tu
1839 2366 1911 2408 be-

1079 2427 1287 2469 nedixisti
1306 2428 1438 2479 justo,
1465 2430 1592 2467 scuto
1611 2424 1743 2466 bonae
1762 2423 1911 2465 volun—

1078 2484 1183 2525 tatis
1203 2488 1291 2525 tuae
1311 2482 1536 2525 coronasti
1554 2494 1664 2523 eum.

1366 2538 1565 2578 Psalmus
1588 2539 1626 2578 5.

1172 2598 1277 2641 erba
1299 2611 1396 2640 mea
1421 2597 1600 2639 auribus
1624 2596 1804 2649 percipe
1823 2596 1910 2637 Do—

1190 2655 1322 2704 mine,
1367 2656 1390 2682 *
1436 2653 1631 2704 intellige
1674 2652 1912 2694 clamorem

1079 2724 1236 2753 meum.
