2040 2990
213 209 275 244 112

262 303 440 353 Sagittae
468 300 663 353 potentis
692 303 851 348 acutae,
881 300 904 324 *
933 312 1031 340 cum

212 358 472 400 carbonibus
500 356 791 398 desolatoriis.

263 415 360 456 Heu
387 413 504 462 mihi,
534 413 636 465 quia
664 412 880 453 incolatus
910 424 1031 452 meus

211 471 498 524 prolongatus
518 474 600 510 est:
628 468 822 510 habitavi
843 481 941 509 cum
961 468 1031 508 ha-

211 526 453 569 bitantibus
472 525 629 567 Cedar:
646 526 669 550 *
689 524 871 566 multum
890 524 1032 566 incola

213 584 291 625 fuit
308 583 451 624 anima
470 595 577 623 mea.

263 639 371 681 Cum
408 638 495 688 his,
536 638 609 690 qui
646 638 833 679 oderunt
868 650 1033 690 pacem,

213 709 331 738 eram
366 695 590 748 pacificus:
627 695 649 719 *
687 707 785 735 cum
809 693 1033 745 ‘loquebar

212 753 309 802 illis,
338 751 651 804 impugnabant
678 764 747 792 me
775 750 922 802 gratis.

263 815 360 854 Ant.
392 808 604 857 clamavi,
634 813 677 849 et
705 806 926 849 exaudivit
954 820 1034 848 me.

264 872 360 910 Ant,
394 864 520 909 I'nde
547 865 702 905 veniet.

471 925 668 964 Psalmus
688 925 777 964 120.

213 978 398 1084 Evavi
422 978 573 1019 oculos
592 990 714 1018 meos
739 977 782 1017 in
802 982 992 1026 montes,
1012 978 1034 1002 *

303 1034 418 1075 unde
446 1034 590 1075 veniet
618 1034 825 1075 auxilium
853 1034 969 1074 mihi.

268 1090 490 1132 Auxilium
508 1103 653 1132 meum
669 1103 693 1131 a
704 1091 905 1142 Domino,
922 1092 945 1116 *
962 1091 1036 1143 qui

215 1148 316 1190 fecit
336 1147 495 1188 coelum
516 1152 558 1188 et
577 1151 748 1188 terram.

266 1204 366 1245 Non
404 1203 477 1244 det
514 1203 556 1243 in
591 1204 930 1245 commotionem
965 1216 1037 1256 pe-

216 1259 315 1301 dem
338 1265 475 1300 tuum:
504 1260 526 1285 *
555 1272 697 1311 neque
726 1259 934 1301 dormitet
964 1260 1037 1312 qui

216 1315 408 1357 custodit
435 1321 490 1357 te.

267 1372 382 1413 Ecce
399 1385 486 1413 non
506 1372 762 1413 dormitabit
781 1384 922 1424 neque
941 1371 1038 1413 dor-

216 1429 331 1478 miet,
350 1429 373 1453 *
396 1429 469 1480 qui
489 1428 682 1470 custodit
701 1428 848 1469 Israel.

269 1485 482 1525 Dominus
510 1484 704 1526 custodit
731 1490 792 1534 te,
822 1485 1037 1526 Dominus

218 1541 433 1592 protectio
455 1546 540 1590 tua,
556 1542 578 1566 *
594 1554 725 1594 super
744 1555 918 1583 manum
938 1542 1039 1584 dex—

219 1602 357 1638 teram
376 1603 505 1638 tuam.

269 1653 354 1694 Per
382 1653 497 1695 diem
526 1654 592 1694 sol
620 1667 708 1695 non
732 1661 828 1696 uret
847 1660 906 1697 te:
926 1656 949 1682 *
969 1668 1039 1697 ne-

220 1722 304 1761 que
332 1710 432 1750 luna
460 1723 537 1762 per
566 1716 750 1752 noctem.

269 1766 483 1807 Dominus
521 1767 714 1809 custodit
751 1773 794 1809 te
832 1768 887 1809 ab
922 1769 1039 1809 omni

219 1822 349 1862 malo:
383 1823 406 1847 *
440 1822 660 1865 custodiat
697 1824 884 1866 animam
921 1830 1040 1867 tuam

219 1878 444 1919 Dominus.

271 1934 484 1976 Dominus
501 1936 720 1978 custodiat
734 1937 962 1979 introitum
977 1943 1041 1980 tu-

221 2004 312 2039 um,
353 1996 396 2032 et
433 1992 596 2033 exitum
632 1998 769 2033 tuum:
806 1995 828 2020 *
867 2007 920 2036 ex
956 1994 1042 2037 hoc

222 2059 346 2096 nunc,
373 2052 416 2088 et
444 2060 582 2099 usque
610 2049 653 2089 in
681 2050 900 2091 saeculum.

275 2107 371 2146 Ant.
395 2103 519 2146 I'znde
538 2105 680 2146 veniet
701 2106 908 2148 auxilium
925 2108 1041 2149 mihi.

271 2162 528 2214 Capitulum.
772 2166 822 2205 11.
844 2167 937 2206 (jor.
959 2169 986 2206 1.

305 2215 529 2258 enedictus
556 2218 692 2267 Deus,
727 2224 770 2260 et
796 2219 927 2262 Pater
955 2221 1041 2263 Do-

328 2273 431 2313 mini
460 2274 597 2314 nostri
624 2274 727 2315 Jesu
755 2275 930 2328 Christi,
964 2278 1041 2319 Pa—

223 2333 290 2370 ter
317 2329 732 2380 misericordiarum,
762 2337 805 2373 et
832 2333 951 2375 Deus
980 2340 1042 2376 to-

224 2387 311 2425 tius
335 2385 664 2435 consolationis,
694 2388 766 2438 qui
793 2390 1042 2432 consolatur

224 2452 306 2481 nos
326 2441 368 2481 in
389 2442 505 2482 omni
524 2442 804 2485 tribulatione
823 2452 983 2487 nostra.

532 2502 738 2552 Hymnus.

302 2554 495 2594 mmense
516 2554 615 2595 coeli
635 2554 860 2606 Conditor,

329 2608 412 2658 Qui
430 2609 565 2650 mixta
584 2623 638 2651 ne
657 2612 983 2662 confunderent,

303 2666 444 2716 Aquae
464 2666 624 2707 fluenta
645 2666 855 2718 dividens,

304 2721 472 2763 Coelum
493 2721 652 2763 dedisti
673 2723 863 2766 limitem.

756 211 860 245 Fcriu
888 210 1054 244 secunda
1081 209 1128 242 ud
1156 208 1358 251 Yesperas.

1109 298 1309 340 Firmans
1327 296 1474 337 locum
1491 294 1759 345 coelestibus,

1162 352 1386 404 Simulque
1405 357 1536 393 terrae
1555 351 1723 402 rivulis3

1162 410 1220 451 Ut
1240 408 1357 450 unda
1376 409 1574 449 flammas
1595 409 1822 461 temperet,

1159 466 1309 507 Terrae
1329 465 1471 506 solum
1489 477 1544 506 ne
1564 464 1789 518 dissipent.

1112 531 1298 576 infunde
1316 543 1441 580 nunc,
1459 529 1665 582 piissime,

1163 589 1339 629 Donum
1359 586 1564 639 perennis
1583 586 1752 637 gratiae:

1163 643 1349 686 Fraudis
1368 656 1496 684 novae
1517 656 1571 684 ne
1590 642 1766 684 casibus

1163 701 1258 742 Nos
1279 713 1402 742 error
1422 702 1583 741 atterat
1603 704 1741 741 vetus.

1115 771 1276 809 Lucem
1293 765 1404 807 fides
1422 764 1654 816 adaugeat:

1164 823 1235 864 Sic
1255 822 1429 863 luminis
1449 821 1571 874 jubar
1589 821 1717 863 ferat:

1165 881 1274 920 Haec
1292 892 1402 920 vana
1422 883 1579 920 cuncta
1597 880 1809 931 proterat:

1165 937 1290 977 Hanc
1309 935 1418 976 falsa
1437 934 1555 976 nulla
1575 935 1877 988 comprimant.

1118 1006 1292 1050 Praesta,
1311 1001 1442 1042 Pater
1461 1000 1669 1053 piissime,

1166 1058 1373 1109 Patrique
1393 1070 1574 1110 compar
1591 1056 1740 1107 Unice,

1168 1114 1277 1155 Cum
1298 1114 1463 1167 Spiritu
1482 1113 1702 1155 Paraclito

1167 1171 1373 1222 Regnans
1391 1183 1469 1223 per
1490 1183 1618 1212 omne
1640 1170 1860 1212 saeculum.

1402 1227 1556 1268 Amen.

1143 1291 1193 1342 Y
1210 1293 1435 1343 Dirigatur
1450 1292 1638 1334 Domine
1653 1292 1795 1333 oratio
1810 1304 1918 1333 mea.

1092 1356 1141 1405 R
1155 1349 1276 1390 Sicut
1288 1349 1512 1390 incensum
1523 1349 1566 1389 in
1578 1350 1818 1401 conspectu
1828 1353 1918 1390 tuo.

1145 1427 1215 1468 Ad
1227 1427 1297 1467 Ma
1331 1427 1400 1467 nif.
1421 1427 1520 1468 Ant.
1537 1422 1918 1473 Magnificat*ani-

1091 1491 1162 1519 ma
1189 1491 1286 1519 mea
1353 1478 1565 1527 ominum,
1595 1478 1697 1530 quia
1724 1478 1919 1531 respexit

1091 1535 1213 1576 Deus
1232 1534 1523 1576 humilitatem
1540 1547 1694 1576 meam.

1135 1619 1175 1650 In
1216 1616 1339 1650 Feriis
1376 1616 1579 1650 Adventus
1620 1620 1709 1659 post
1742 1616 1829 1651 Ant.
1868 1617 1918 1651 ad

1093 1665 1327 1707 Magnificat.
1358 1664 1535 1698 dicuntur
1557 1669 1762 1707 sequentes
1778 1663 1917 1699 Preces

1090 1713 1203 1747 flexis
1227 1712 1401 1755 genibus,
1426 1712 1459 1746 si
1485 1711 1659 1746 dieendae
1685 1712 1769 1746 sint.

1192 1769 1285 1822 yrie
1314 1770 1490 1811 eleison.
1538 1769 1715 1813 Christe
1744 1769 1918 1811 eleison.

1214 1826 1348 1878 Ky'rie
1377 1826 1553 1868 eleison.

1148 1887 1275 1926 Pater
1290 1888 1451 1925 noster.
1468 1893 1608 1928 totum
1627 1886 1786 1928 dicitur
1801 1886 1916 1927 clara

1093 1956 1213 1986 voce.

1146 1998 1195 2048 Y.
1223 1997 1279 2038 Et
1307 2009 1361 2038 ne
1391 2008 1474 2037 nos
1502 1996 1684 2038 inducas
1712 1996 1755 2037 in
1780 2000 1918 2038 tenta-

1094 2053 1270 2095 tionem.
1303 2057 1354 2107 Κ.
1383 2052 1471 2094 Sed
1491 2052 1630 2094 libera
1648 2065 1730 2095 nos
1749 2065 1774 2094 a
1791 2052 1918 2094 malo.

1146 2109 1196 2160 Y.
1227 2109 1321 2161 Ego
1351 2109 1457 2159 dixi,
1491 2109 1680 2151 Domine
1711 2109 1919 2151 miserere

1094 2165 1190 2208 mei.
1227 2171 1277 2221 R„
1300 2165 1413 2206 Sana
1433 2166 1622 2207 animam
1639 2165 1920 2217 meam„quia

1094 2222 1275 2275 peccavi
1294 2222 1386 2263 tibi.

1145 2276 1194 2328 Y.
1233 2279 1498 2321 Convertere
1535 2279 1724 2320 Domine
1759 2282 1915 2330 usque-

1096 2347 1194 2388 quo.
1239 2339 1287 2391 R.
1320 2335 1377 2376 Et
1405 2335 1699 2389 deprecabilis
1728 2340 1823 2377 esto
1853 2348 1919 2376 su-

1095 2405 1173 2445 per
1202 2404 1355 2432 servos
1383 2396 1494 2433 tuos.

1147 2446 1197 2498 Y.
1212 2448 1308 2488 Fiat
1322 2447 1625 2490 misericordia
1640 2454 1715 2489 tua
1731 2447 1918 2489 Domine

1096 2517 1227 2557 super
1246 2516 1337 2544 nos
1359 2507 1408 2557 R.
1431 2504 1810 2555 Quemadmodum
1825 2517 1919 2557 spe-

1097 2561 1287 2602 ravimus
1307 2560 1350 2600 in
1370 2566 1424 2602 te.

1147 2618 1197 2666 Y.
1224 2615 1486 2658 Sacerdotes
1514 2617 1577 2657 tui
1606 2617 1841 2659 induantur
1861 2618 1919 2669 ju·

1097 2673 1270 2714 stitiam.
1302 2676 1351 2726 R.
1370 2673 1426 2713 Et
1446 2672 1585 2713 sancti
1604 2673 1668 2714 tui
1690 2672 1919 2715 exsultent.

1149 2727 1196 2778 Y.
1232 2729 1421 2771 Domine
1455 2728 1623 2770 salvum
1658 2730 1726 2773 fac
1758 2742 1919 2781 regem.
