2080 2990
504 208 575 242 Die
603 209 650 241 15.
675 207 759 240 Jun.
806 207 839 239 S.
866 205 973 239 l'uuli
1000 204 1110 247 primi
1143 204 1316 237 Ere-mitii-
1343 212 1377 237 et
1401 205 1507 237 (Iout.

157 319 297 350 nonus
327 305 531 348 Pontifex
560 304 793 353 Maximus,
831 315 885 344 ex
917 314 980 343 sa-

159 365 330 406 crorum
381 363 562 403 Rituum
620 358 981 411 Congregationis

159 418 369 468 consulto,
390 417 646 459 universalis
665 415 874 457 Ecclesiae
894 415 981 456 Do-

159 478 326 518 ctorem
354 474 594 516 declaravit
622 478 665 515 et
694 471 982 520 confirmavit,

158 545 210 574 ac
232 532 368 584 ipsius
392 531 504 573 festo
530 530 600 572 die
619 530 798 570 Missam
818 533 860 570 et
880 527 982 569 Offi-

160 589 275 630 cium
309 587 364 630 de
391 586 660 629 Doctoribus
692 585 747 627 ab
781 583 983 626 omnibus

159 644 331 686 recitari
350 644 483 696 jussit.

209 705 259 755 R».
286 701 376 742 Iste
396 705 463 742 est
483 700 566 752 qui.
585 699 668 752 [54]

210 772 251 806 In
276 773 339 806 ΙΙΙ.
364 772 473 806 Noet.
500 770 639 804 Homil.
665 770 701 802 in
728 769 870 809 Evang.
906 767 984 801 Vos

162 818 256 853 estis
281 818 349 853 sal.
370 821 414 854 de
438 819 580 854 Comm.
606 819 713 851 Doct.
738 818 767 850 2.
791 817 886 850 loco.
915 814 983 858 [65]

160 870 216 903 Ex
242 869 362 903 tribus
387 868 486 902 Lcct.
512 868 601 901 fiant
627 866 722 899 duze.
749 865 879 898 Lectio
901 863 979 896 viii.

164 917 311 960 incipit:
340 914 476 950 Merito
499 914 624 958 igitur.
670 913 711 955 R.
737 913 816 945 viii.
844 913 886 946 ln
907 911 982 945 me-

163 960 238 996 dio.
263 960 332 1005 [65]

254 1028 327 1062 Pro
353 1028 386 1062 S.
413 1027 538 1061 Felice
564 1026 693 1060 Prcsb.
720 1033 754 1058 et
781 1025 885 1058 Mum.

456 1088 605 1128 Lectio
628 1088 679 1126 ix.

162 1154 334 1259 -elix
351 1152 547 1194 Nolanus
565 1150 807 1204 presbyter,
827 1162 926 1191 cum
942 1150 987 1190 in

173 1217 230 1247 112³
263 1210 382 1252 idola
421 1208 721 1250 vehementius
765 1206 986 1248 invehere-

161 1270 249 1316 tur,
281 1266 335 1308 ab
367 1265 615 1308 infidelibus
646 1264 766 1306 varie
792 1266 987 1313 vexatus,

162 1322 206 1363 in
239 1325 461 1365 carcerem
492 1321 729 1374 conjicitur.
772 1319 899 1362 Unde
932 1319 986 1361 ab

163 1379 334 1430 Angelo
373 1383 503 1420 nocte
542 1377 745 1427 eductuS,
792 1379 987 1430 quaerere
1009 1377 1013 1431 Ι

163 1437 304 1488 jussus
330 1439 396 1477 est
419 1435 729 1476 Maximianum
748 1433 875 1475 Nolae
901 1437 987 1487 epi·
1009 1432 1013 1442 ¹

165 1504 361 1544 scopum:
391 1491 464 1544 qui
492 1504 591 1532 cum
615 1491 736 1532 senio
764 1490 987 1532 confectus

166 1546 418 1600 desperaret
432 1560 479 1589 se
493 1547 606 1589 ferre
625 1559 758 1599 posse
773 1547 989 1600 supplicia

164 1604 529 1657 persequentium,
548 1616 595 1645 se
614 1603 844 1645 abdiderat
859 1604 903 1644 in
919 1604 987 1645 sil-

164 1673 274 1701 vam.
329 1661 426 1711 Quo
460 1673 559 1702 cum
590 1660 713 1702 Felix
743 1660 840 1701 Deo
877 1660 988 1702 duce

164 1719 453 1770 pervenisset,
496 1721 694 1758 sanctum
731 1718 988 1769 episcopum

164 1773 284 1815 humi
309 1774 520 1826 jacentem
546 1786 660 1826 pene
685 1775 905 1814 mortuum
929 1773 988 1814 vi-

166 1830 254 1873 det:
275 1832 405 1882 quenti
421 1832 680 1879 recreatum,
701 1842 752 1871 ac
771 1829 989 1871 sublatum

164 1887 209 1928 in
227 1886 449 1937 humeros,
473 1886 592 1939 apud
614 1886 789 1928 fidelem
812 1885 989 1928 viduam

165 1943 449 1985 reficiendum
482 1943 662 1985 curavit.
702 1942 790 1984 Sed
823 1955 921 1984 cum
951 1943 988 1984 is

165 2002 324 2042 iterum
341 1999 561 2042 idolorum
585 1999 775 2041 cultores
794 1999 988 2052 impieta-

166 2056 223 2098 tis
238 2059 450 2108 argueret,
465 2056 582 2098 facto
596 2056 641 2097 in
655 2055 799 2108 ipsum
812 2057 989 2108 impetu,

167 2113 337 2165 fugiens
360 2113 405 2154 in
429 2116 615 2164 angusto
641 2112 828 2154 duorum
851 2114 989 2165 parie-

167 2173 261 2212 tum
286 2169 517 2212 intervallo
545 2182 593 2211 se
620 2168 869 2211 occultavit.
906 2169 991 2219 Qui

169 2226 312 2268 aditus
336 2239 436 2268 cum
453 2227 635 2279 repente
654 2226 913 2267 aranearum
930 2230 990 2267 te-

167 2283 221 2324 lis
252 2285 478 2336 pertextus
510 2283 631 2324 visus
663 2286 796 2331 esset,
832 2282 991 2323 nemini

168 2339 356 2381 recentis
379 2339 559 2382 latebrae
580 2339 876 2392 suspicionem
897 2338 991 2380 reh'-

170 2395 274 2448 quit.
299 2395 408 2437 Inde
426 2396 557 2446 igitur
575 2395 767 2437 evadens
786 2395 924 2444 Felix,
947 2395 992 2435 in

170 2450 338 2493 aedibus
363 2452 451 2504 piae
477 2452 670 2494 mulieris
698 2456 788 2494 tres
818 2463 991 2492 menses

169 2507 306 2549 latuit.
338 2507 447 2549 Cum
470 2521 575 2551 vero
599 2508 683 2550 Dei
706 2508 903 2550 Ecclesia
928 2519 991 2548 re-

172 2564 396 2616 quiescere
406 2567 624 2617 coepisset,
635 2564 795 2606 Nolam
810 2563 992 2613 rediens,

170 2619 404 2672 multisque
422 2620 483 2662 ibi
500 2621 601 2662 vitae
618 2621 839 2673 exemplis,
859 2625 902 2662 et
917 2619 991 2661 do-

172 2678 322 2718 ctrinae
339 2678 589 2729 praeceptis,
610 2677 917 2728 miraculisque
936 2675 992 2717 ad

172 2732 333 2774 Christi
346 2732 479 2774 fidem
493 2734 726 2784 conversis,
742 2735 992 2775 constanter

1793 202 1857 237 421

1035 300 1166 341 etiam
1192 301 1394 340 recusato
1425 300 1515 351 eius
1543 299 1663 341 urbis
1690 299 1855 351 episco-

1032 359 1155 409 patu,
1184 355 1451 397 obdormivit
1478 356 1522 396 in
1550 356 1758 405 Domino,
1793 368 1856 397 se-

1033 413 1271 466 pultusque
1295 417 1361 454 est
1384 424 1524 465 prope
1547 413 1707 453 Nolam
1728 413 1772 453 in
1796 412 1856 453 lo-

1036 483 1099 521 co,
1120 482 1250 523 quem
1268 469 1312 510 in
1330 469 1474 510 Pincis
1494 469 1785 522 appellabant.

1086 537 1151 576 Te
1169 535 1313 576 Deum
1330 533 1570 574 laudamus.
1588 535 1647 574 14.

1088 606 1127 639 lu
1154 606 1270 639 Laud.
1298 606 1336 638 fir
1362 615 1554 638 commem.
1582 605 1614 643 S.
1643 606 1789 638 Felicis.

1088 667 1185 707 Ant.
1224 665 1308 714 Qui
1337 664 1430 706 odit
1456 664 1642 705 animam
1668 677 1791 705 suam
1816 664 1859 704 in

1036 722 1121 764 hoc
1138 721 1319 772 mundo,
1346 722 1390 762 in
1408 721 1542 763 vitam
1563 722 1771 762 aeternam
1790 733 1859 761 cu·
1905 742 1907 771 ς

1037 778 1174 821 stodit
1193 791 1300 820 eam.
1906 779 1907 783 ’

1093 844 1139 890 35⁷.
1190 844 1341 886 Justus
1391 848 1439 885 ut
1487 842 1634 896 palma
1679 841 1861 883 florebit.

1038 901 1086 951 Rg.
1120 900 1240 942 Sicut
1275 901 1433 943 cedrus
1466 900 1622 942 Libani
1656 898 1861 952 multipli-

1038 957 1218 999 cabitur.
1908 963 1909 971 ¹

1091 1028 1203 1070 Περ.
1238 1039 1258 1060 u
1292 1028 1414 1069 Cupit.
1447 1028 1491 1061 <le
1529 1039 1545 1059 s

1039 1087 1150 1119 praec.
1177 1086 1219 1109 uc
1246 1077 1278 1108 S.
1306 1075 1426 1109 Mauri
1457 1076 1550 1109 Abb.

1550 1038 1632 1070 equ.
1666 1037 1859 1060 commem.
1908 1032 1909 1037 ¹

1261 1174 1344 1216 Die
1362 1175 1421 1215 15.
1440 1174 1465 1215 J
1467 1174 1644 1215 anuarii.
1907 1214 1913 1230 4

1039 1248 1082 1289 S.
1109 1246 1253 1288 Pauli
1279 1245 1405 1296 primi
1440 1245 1637 1284 Ercmita:
1670 1252 1710 1284 ct
1743 1246 1861 1283 (Ioui

1370 1310 1531 1352 Duplex.

1093 1377 1227 1410 Omnia
1260 1376 1305 1409 de
1333 1375 1474 1409 (lomim.
1507 1374 1614 1407 (lons.
1646 1384 1721 1406 uon
1755 1374 1860 1407 l'ont.

1041 1425 1110 1469 [67]
1133 1431 1272 1467 proeter
1297 1434 1400 1466 sequ.
1427 1422 1486 1466 (m.
1510 1425 1534 1456 t.
1558 1421 1606 1464 V.)

1377 1484 1538 1522 Oratio.

1129 1564 1223 1601 eus,
1253 1550 1327 1602 qui
1355 1562 1436 1590 nos
1463 1547 1581 1590 beati
1604 1547 1729 1588 Pauli
1756 1547 1865 1588 Con-

1135 1607 1315 1649 fessoris
1338 1606 1401 1647 tui
1425 1607 1567 1646 annua
1590 1603 1866 1645 solemnitate

1039 1664 1254 1706 laetificas:
1298 1661 1490 1704 concede
1538 1660 1770 1714 propitius3
1819 1664 1867 1700 ut

1041 1722 1161 1774 cujus
1175 1719 1371 1761 natalitia
1387 1718 1579 1766 colimus,
1598 1717 1728 1758 etiam
1742 1715 1867 1757 actio-

1041 1792 1119 1821 nes
1138 1777 1368 1819 imitemur.
1394 1776 1480 1816 Per
1498 1773 1746 1815 Dominum.

1096 1838 1179 1877 Pro
1206 1838 1243 1876 S.
1269 1838 1447 1877 llilurio.
1490 1838 1589 1876 Ant.
1634 1839 1669 1876 t)
1695 1837 1866 1878 Doctor

1043 1899 1224 1952 optime,
1266 1895 1476 1938 Ecclesiae
1512 1899 1675 1936 sanctae
1710 1893 1866 1942 lumen,

1040 1956 1170 1998 beate
1188 1953 1346 2002 Hilari,
1373 1951 1532 1994 divinae
1554 1951 1663 2002 legis
1688 1951 1866 1999 amator,

1043 2011 1281 2065 deprecare
1299 2021 1381 2062 pro
1400 2008 1527 2050 nobis
1546 2007 1703 2049 Filium
1721 2006 1816 2047 Dei.

1095 2072 1145 2122 Y.
1178 2075 1323 2126 Elegit
1355 2087 1454 2116 eum
1479 2073 1695 2114 Dominus
1727 2084 1866 2113 sacer-

1043 2132 1193 2175 dotem
1220 2131 1313 2173 sibi.
1356 2132 1404 2184 R».
1432 2129 1504 2172 Ad
1533 2128 1867 2171 sacrificandum

1044 2190 1084 2232 ei
1102 2189 1292 2231 hostiam
1309 2186 1463 2229 laudis.

1098 2253 1259 2292 Oratio.
1292 2253 1420 2302 Demi,
1441 2252 1524 2305 qui.
1544 2253 1632 2292 419.

1097 2322 1246 2356 Deinde
1271 2323 1305 2356 S.
1332 2321 1453 2356 Mauri
1477 2321 1652 2355 Abbatis.

1098 2383 1196 2423 Ant.
1227 2382 1345 2436 Euge
1370 2396 1495 2425 serve
1517 2382 1633 2424 bone
1653 2385 1697 2422 et
1715 2379 1867 2428 fidelis,

1045 2443 1146 2495 quia
1169 2442 1213 2482 in
1236 2453 1378 2494 pauca
1403 2439 1523 2481 fuisti
1546 2437 1704 2487 fidelis,
1735 2447 1868 2488 supra

1043 2499 1178 2541 multa
1200 2503 1244 2540 te
1269 2499 1550 2546 constituam,
1574 2496 1686 2536 intra
1704 2494 1748 2534 in
1766 2495 1866 2543 gau-

1045 2554 1164 2597 dium
1181 2554 1360 2596 Domini
1378 2553 1452 2595 tui.

1100 2611 1148 2662 V·
1166 2619 1190 2660 J
1192 2623 1338 2660 ustum
1357 2617 1538 2659 deduxit
1556 2616 1770 2657 Dominus
1788 2625 1867 2665 per

1043 2675 1136 2717 vias
1155 2679 1310 2716 rectas.
1347 2674 1397 2724 R.
1418 2674 1475 2715 Et
1500 2671 1692 2714 ostendit
1716 2670 1778 2711 illi
1802 2681 1866 2710 re-

1043 2744 1176 2783 gnum
1192 2731 1286 2773 Dei.
