2040 2990
189 180 256 216 168

189 276 281 317 vias
301 278 554 327 sequuntur,
573 275 699 326 quasi
716 275 920 316 venenati
935 275 1014 315 filii

190 331 245 373 de
264 330 488 372 venenatis
510 329 766 382 parentibus
792 330 883 372 nati
903 335 1015 371 sunt.

247 394 295 443 Rg.
316 394 340 434 J
343 394 480 443 ureivi,
505 393 612 435 dicit
630 394 863 444 Dominus,
886 399 935 435 ut
954 394 1014 435 ul-

188 455 255 490 tra
279 450 363 501 jam
387 462 474 491 non
498 450 662 490 irascar
688 462 820 502 super
836 455 1015 491 terram:

188 510 361 546 montes
394 506 509 546 enim
537 510 581 546 et
611 505 746 547 colles
775 506 1015 558 suscipient

188 561 395 611 justitiam
412 574 566 610 meam,
589 562 610 585 *
629 561 686 602 Et
703 563 1014 603 testamentum

188 617 310 668 pacis
339 617 422 658 erit
448 617 492 657 in
520 616 773 658 Jerusalem.
814 611 863 662 V.
884 617 1016 658 Juxta

189 677 256 713 est
273 673 390 714 salus
410 685 523 722 mea,
542 677 591 713 ut
609 673 770 713 veniat:
789 678 834 714 et
852 673 1015 725 justitia

188 741 296 778 mea,
315 733 363 769 ut
382 728 611 769 reveletur.
638 728 706 769 Et.

476 796 627 837 LCCth
648 796 731 835 llll.

192 852 313 959 Sed
342 860 443 913 quia
470 861 555 912 jam
582 860 879 913 peccovimuS,
913 860 1015 912 quia

275 930 356 958 usu
383 916 511 957 malae
540 915 870 957 consuetudinis
896 916 1015 957 invo-

189 973 271 1014 luti
286 986 450 1014 sumus:
467 971 585 1013 dicat
602 971 708 1024 quid
723 971 852 1013 nobis
867 971 1016 1013 facien·

191 1029 296 1070 dum
324 1029 397 1078 sit,
433 1033 482 1069 ut
506 1028 656 1079 fugere
686 1040 711 1068 a
738 1030 925 1069 ventura
951 1028 1015 1069 ira

190 1085 424 1126 valeamus.
469 1084 691 1135 sequitur:
733 1083 884 1125 Facite
912 1096 1016 1135 ergo

189 1141 356 1182 fructus
376 1140 532 1191 dignos
547 1139 830 1191 poenitentiae.
858 1139 910 1179 In
927 1139 1017 1191 qui-

189 1195 272 1237 bus
306 1195 451 1237 verbis
493 1194 735 1236 notandum
773 1199 855 1245 est,
897 1195 1018 1246 quod

189 1254 354 1293 amicus
380 1251 533 1303 sponsi
560 1263 647 1292 non
678 1250 821 1291 solum
847 1250 1015 1292 fructus

189 1307 478 1359 poenitentiae,
512 1306 592 1348 sed
619 1306 775 1357 dignos
801 1306 1017 1358 poeniten-

189 1363 263 1404 tiae
281 1362 488 1404 admonet
506 1375 603 1404 esse
617 1362 854 1403 faciendos.
881 1362 1018 1404 Aliud

189 1431 378 1470 namque
405 1423 473 1459 est
496 1418 687 1459 fructum
709 1418 854 1459 fecere
879 1418 1016 1470 poeni-

189 1474 355 1524 tentiae;
383 1473 517 1523 aliud,
545 1473 726 1524 dignum
743 1474 1016 1526 poenitentiae

190 1529 378 1570 fructum
397 1529 551 1570 facere.
570 1529 629 1571 Ut
644 1529 760 1570 enim
774 1529 1017 1571 secundum

191 1584 347 1636 dignos
374 1585 649 1637 poenitentiae
673 1585 840 1626 fructus
865 1585 1016 1637 loqua-

189 1653 301 1690 mur,
328 1639 554 1681 sciendum
578 1645 664 1690 est,
693 1641 795 1692 quia
819 1640 1016 1692 quisquis

189 1695 341 1737 illicita
371 1695 490 1736 nulla
522 1697 757 1746 commisit,
788 1695 890 1737 huic
923 1697 1016 1748 jure

190 1751 459 1801 conceditur,
474 1756 523 1793 ut
535 1752 667 1793 licitis
682 1754 845 1793 utatur:
865 1752 1016 1804 sicque

190 1807 366 1859 pietatis
392 1809 528 1859 opera
551 1808 699 1857 faciat,
733 1812 782 1848 ut
805 1812 954 1849 tamen
978 1808 1016 1849 si

188 1862 392 1912 voluerit,
417 1875 468 1904 ea
492 1875 591 1915 quae
610 1862 762 1904 mundi
786 1867 903 1914 sunt,
925 1875 1015 1905 non

188 1917 417 1970 relinquat.

243 1978 293 2029 Ru
322 1981 425 2023 Non
450 1981 717 2023 discedimus
740 1994 766 2022 a
787 1986 849 2031 te,
878 1981 1014 2023 vivifi-

189 2037 310 2079 cabis
329 2049 410 2078 nos
428 2038 628 2086 Domine,
649 2042 693 2079 et
712 2050 871 2078 nomen
889 2042 1013 2079 tuum

189 2092 506 2134 invocabimus:
533 2090 555 2114 *
578 2092 774 2134 Ostende
797 2093 925 2135 nobis
951 2094 1011 2135 fai-

190 2149 301 2190 ciem
316 2153 447 2198 tuam,
466 2153 510 2190 et
528 2148 638 2190 salvi
657 2148 828 2190 erimus.
862 2143 912 2194 V.
924 2149 1012 2192 Me-

189 2205 338 2246 mento
365 2203 507 2245 nostri
523 2204 711 2245 Domine
738 2204 782 2245 in
809 2204 1013 2257 benepla-

190 2259 278 2301 cito
297 2259 453 2312 populi
470 2259 548 2300 tui:
575 2260 706 2300 visita
729 2272 810 2301 nos
833 2260 878 2301 in
902 2261 1012 2302 salu-

189 2315 273 2356 teri
291 2320 380 2356 tuo.
409 2314 615 2356 Ostende.

492 2375 643 2415 Lectio
665 2376 718 2415 ix.

190 2435 282 2539 Α
291 2444 327 2484 si
342 2443 439 2496 quis
453 2443 498 2484 in
511 2442 812 2485 fornicationis
829 2445 1014 2497 culpam,

294 2499 364 2540 vel
383 2499 585 2548 fortasse,
606 2498 725 2551 quod
744 2505 811 2541 est
829 2501 1015 2552 gravius,

190 2555 234 2595 in
261 2554 524 2596 adulterium
551 2554 701 2606 lapsus
730 2560 812 2596 est:
838 2561 962 2598 tanto
990 2571 1016 2598 a

191 2623 238 2652 se
256 2610 375 2651 licita
394 2609 526 2651 debet
550 2609 823 2660 abscindere,
850 2618 1014 2663 quanto

191 2679 238 2708 se
262 2666 459 2708 meminit
483 2670 527 2707 et
550 2665 701 2707 illicita
724 2670 1015 2719 perpetrasse.

785 185 987 218 Dominica
1015 186 1074 219 IV.
1100 186 1313 219 Adventus.

1065 274 1222 326 Neque
1243 275 1360 316 enim
1378 287 1459 327 par
1479 275 1647 316 fructus
1666 275 1773 317 boni
1793 277 1895 329 ope-

1066 330 1126 371 ris
1147 342 1243 371 esse
1268 329 1418 379 debet,
1447 331 1538 382 ejus
1565 331 1640 383 qui
1664 332 1824 382 minus,
1852 336 1896 373 et

1068 386 1157 437 ejus
1178 386 1252 438 qui
1272 386 1459 438 amplius
1480 386 1680 439 deliquit:
1704 392 1780 429 aut
1804 389 1896 440 ejus

1068 442 1143 493 qui
1162 442 1206 482 in
1224 442 1370 492 nullis,
1389 446 1434 483 et
1452 443 1543 494 ejus
1564 444 1639 495 qui
1656 443 1702 484 in
1720 443 1896 495 quibus-

1070 497 1171 538 dam
1205 498 1473 540 facinoribus
1507 499 1684 549 cecidit,
1729 505 1773 541 et
1804 501 1897 552 ejus

1070 554 1144 604 qui
1168 554 1212 594 in
1236 554 1386 595 multis
1413 559 1480 596 est
1502 555 1665 608 lapsus.
1700 555 1785 597 Per
1811 555 1897 596 hoc

1070 622 1174 660 ergo
1202 609 1323 662 quod
1349 610 1524 652 dicitur:
1552 611 1703 653 Focite
1729 611 1897 652 fructus

1070 665 1227 716 dignos
1246 667 1534 718 poenitentiae:
1557 668 1897 720 uniuscujusque

1070 722 1339 763 conscientia
1373 726 1653 774 convenitur,
1687 727 1737 765 ut
1771 727 1896 765 tanto

1068 779 1233 829 majora
1253 781 1452 835 acquirat
1475 778 1694 821 bonorum
1713 781 1898 831 operum

1068 833 1190 874 lucra
1232 846 1313 886 per
1358 835 1680 887 poenitentiam,
1732 839 1897 887 quanto

1070 889 1274 940 graviora
1313 890 1398 932 sibi
1437 891 1583 933 intulit
1623 891 1783 933 damna
1818 903 1899 943 per

1072 945 1258 997 culpam.

1124 1013 1175 1064 R.
1201 1014 1453 1065 Intuemini,
1488 1020 1678 1067 quantus
1715 1017 1773 1059 sit
1803 1017 1898 1067 iste,

1071 1069 1146 1121 qui
1172 1069 1415 1120 ingreditur
1441 1071 1499 1113 ad
1525 1072 1759 1115 salvandas
1785 1073 1898 1115 Gen-

1069 1130 1153 1166 tes:
1180 1125 1277 1177 ipse
1305 1131 1372 1167 est
1397 1139 1477 1168 rex
1503 1128 1698 1180 justitiae,
1722 1128 1746 1154 *
1767 1129 1900 1181 Cujus

1069 1181 1297 1232 generatio
1314 1194 1403 1223 non
1417 1182 1552 1226 habet
1565 1184 1708 1226 finem.
1730 1178 1900 1230 V.Prae-

1071 1240 1225 1278 cursor
1257 1249 1341 1289 pro
1372 1238 1502 1280 nobis
1536 1240 1798 1292 ingreditur,
1835 1253 1900 1282 se-

1070 1292 1264 1334 cundum
1317 1293 1519 1336 ordinem
1571 1296 1899 1338 Melchisedech

1070 1348 1276 1390 Pontifex
1293 1348 1437 1391 factus
1451 1352 1497 1392 in
1512 1354 1735 1394 aeternum.
1756 1353 1899 1405 Cujus.

1072 1405 1225 1447 Gloria
1243 1404 1376 1446 Patri.
1404 1407 1546 1460 Cujus.

1307 1501 1386 1542 Ad
1411 1501 1609 1544 Laudes

1278 1562 1328 1593 et
1365 1568 1464 1602 per
1498 1557 1695 1592 Horas.

1123 1621 1223 1662 Ant.
1247 1623 1277 1661 1.
1318 1622 1473 1665 Conite
1509 1623 1617 1666 tuba
1649 1626 1673 1651 *
1701 1625 1747 1666 in
1781 1625 1899 1676 Sion,

1070 1678 1173 1729 quia
1195 1691 1337 1732 prope
1351 1685 1432 1722 est
1454 1679 1549 1721 dies
1571 1680 1767 1722 Domini:
1794 1694 1898 1724 ecce

1069 1734 1215 1776 veniet
1234 1735 1292 1776 ad
1311 1735 1573 1777 salvandum
1589 1749 1690 1786 nos,
1714 1737 1898 1790 alleloja,

1069 1789 1251 1842 allehiJa.
1891 1817 1895 1820 ·

1124 1854 1191 1893 Ps.
1211 1854 1424 1897 Dominus
1443 1855 1655 1908 regnavit.
1673 1855 1733 1896 15.

1122 1918 1158 1957 2.
1178 1917 1294 1961 Ecce
1308 1920 1455 1962 veniet
1468 1921 1493 1946 *
1509 1920 1785 1962 desideratus
1797 1933 1897 1962 cun-

1069 1975 1151 2016 ctis
1172 1975 1405 2017 Gentibus:
1429 1980 1473 2018 et
1496 1975 1738 2028 replebitur
1756 1977 1897 2028 gloria

1069 2030 1225 2072 domus
1243 2031 1436 2083 Domini,
1456 2031 1639 2083 alleluja.

1122 2093 1159 2132 3.
1186 2094 1327 2136 Erunt
1352 2108 1490 2148 prava
1515 2096 1540 2122 *
1567 2096 1612 2136 in
1640 2095 1825 2146 directa,
1853 2101 1897 2138 et

1070 2152 1228 2203 aspera
1252 2151 1297 2191 in
1318 2151 1413 2192 vias
1437 2151 1607 2203 planas:
1629 2152 1731 2194 veni
1747 2153 1896 2194 Domi-

1069 2219 1134 2257 ne,
1154 2211 1199 2248 et
1215 2206 1306 2248 noli
1325 2206 1512 2258 tardare,
1532 2207 1715 2260 alleluja.

1120 2270 1159 2309 4.
1189 2270 1404 2313 Dominus
1430 2272 1597 2323 veniet,
1625 2273 1650 2299 *
1677 2271 1896 2314 occurrite

1068 2327 1146 2377 illi,
1166 2327 1377 2369 dicentes:
1394 2327 1603 2378 Magnum
1620 2329 1896 2382 principium,

1069 2388 1114 2426 et
1136 2383 1259 2435 regni
1284 2383 1376 2435 ejus
1401 2396 1490 2424 non
1515 2385 1599 2426 erit
1619 2384 1735 2425 finis:
1761 2384 1895 2434 Deus,

1067 2439 1209 2489 fortis,
1236 2438 1500 2489 dominator,
1526 2440 1732 2493 princeps
1760 2440 1895 2493 pacis,

1068 2495 1250 2547 alleluja,
1271 2494 1454 2547 alleluja.

1119 2556 1157 2595 5.
1178 2555 1469 2611 Omnipotens
1487 2571 1632 2600 sermo
1651 2564 1754 2601 tuus
1767 2560 1792 2586 *
1805 2560 1894 2601 Do-

1067 2615 1184 2656 mine
1216 2627 1241 2656 a
1272 2614 1493 2665 regalibus
1526 2615 1707 2657 sedibus
1738 2617 1894 2666 veniet,

1068 2670 1250 2722 alleluja.
