<?xml version="1.0" encoding="UTF-8"?>
<!DOCTYPE html PUBLIC "-//W3C//DTD XHTML 1.0 Transitional//EN"
    "http://www.w3.org/TR/xhtml1/DTD/xhtml1-transitional.dtd">
<html xmlns="http://www.w3.org/1999/xhtml" xml:lang="en" lang="en">
 <head>
  <title>
</title>
<meta http-equiv="Content-Type" content="text/html;charset=utf-8" />
  <meta name='ocr-system' content='tesseract 3.04.00' />
  <meta name='ocr-capabilities' content='ocr_page ocr_carea ocr_par ocr_line ocrx_word'/>
</head>
<body>
  <div class='ocr_page' id='page_1' title='image "./p1breviariumroma00cathuoft_0545.png"; bbox 0 0 2080 2990; ppageno 0'>
   <div class='ocr_carea' id='block_1_1' title="bbox 430 213 1601 256">
    <p class='ocr_par' dir='ltr' id='par_1_1' title="bbox 430 213 1601 256">
     <span class='ocr_line' id='line_1_1' title="bbox 430 213 1601 256; baseline -0.002 -8"><span class='ocrx_word' id='word_1_1' title='bbox 430 215 500 248; x_wconf 88' lang='lat' dir='ltr'>Dic</span> <span class='ocrx_word' id='word_1_2' title='bbox 525 215 576 247; x_wconf 63' lang='lat'><em>25³».</em></span> <span class='ocrx_word' id='word_1_3' title='bbox 603 215 709 248; x_wconf 76' lang='lat' dir='ltr'>Febr.</span> <span class='ocrx_word' id='word_1_4' title='bbox 758 216 792 247; x_wconf 62' lang='lat' dir='ltr'>S.</span> <span class='ocrx_word' id='word_1_5' title='bbox 819 214 919 247; x_wconf 78' lang='lat' dir='ltr'>l&#39;etri</span> <span class='ocrx_word' id='word_1_6' title='bbox 946 214 1123 247; x_wconf 73' lang='lat' dir='ltr'>Damiani</span> <span class='ocrx_word' id='word_1_7' title='bbox 1150 214 1275 256; x_wconf 51' lang='lat' dir='ltr'>Epist:</span> <span class='ocrx_word' id='word_1_8' title='bbox 1302 214 1407 246; x_wconf 69' lang='lat' dir='ltr'>(lons.</span> <span class='ocrx_word' id='word_1_9' title='bbox 1436 220 1469 246; x_wconf 63' lang='lat' dir='ltr'>et</span> <span class='ocrx_word' id='word_1_10' title='bbox 1495 213 1601 247; x_wconf 59' lang='grc'>1)(1114</span> 
     </span>
    </p>
   </div>
   <div class='ocr_carea' id='block_1_2' title="bbox 158 312 739 400">
    <p class='ocr_par' dir='ltr' id='par_1_2' title="bbox 158 312 739 400">
     <span class='ocr_line' id='line_1_2' title="bbox 214 312 478 353; baseline -0.008 -7"><span class='ocrx_word' id='word_1_11' title='bbox 214 312 257 346; x_wconf 85' lang='grc'>111</span> <span class='ocrx_word' id='word_1_12' title='bbox 287 312 478 353; x_wconf 58' lang='lat' dir='ltr'>Quadrag.</span> 
     </span>
     <span class='ocr_line' id='line_1_3' title="bbox 158 356 739 400; baseline -0.005 -6"><span class='ocrx_word' id='word_1_13' title='bbox 158 360 245 394; x_wconf 81' lang='lat' dir='ltr'>dem</span> <span class='ocrx_word' id='word_1_14' title='bbox 268 359 469 394; x_wconf 82' lang='lat' dir='ltr'>Communi</span> <span class='ocrx_word' id='word_1_15' title='bbox 500 361 524 394; x_wconf 89' lang='grc'>1.</span> <span class='ocrx_word' id='word_1_16' title='bbox 551 362 646 394; x_wconf 81' lang='lat' dir='ltr'>loco.</span> <span class='ocrx_word' id='word_1_17' title='bbox 670 356 739 400; x_wconf 89' lang='lat'>[51]</span> 
     </span>
    </p>
   </div>
   <div class='ocr_carea' id='block_1_3' title="bbox 152 420 991 2761">
    <p class='ocr_par' dir='ltr' id='par_1_3' title="bbox 384 420 760 521">
     <span class='ocr_line' id='line_1_4' title="bbox 384 420 760 460; baseline 0.005 -2"><span class='ocrx_word' id='word_1_18' title='bbox 384 420 433 458; x_wconf 86' lang='lat' dir='ltr'>In</span> <span class='ocrx_word' id='word_1_19' title='bbox 460 421 511 459; x_wconf 86' lang='lat'>11.</span> <span class='ocrx_word' id='word_1_20' title='bbox 537 421 760 460; x_wconf 82' lang='lat' dir='ltr'>Nocturno.</span> 
     </span>
     <span class='ocr_line' id='line_1_5' title="bbox 458 480 679 521; baseline 0 -1"><span class='ocrx_word' id='word_1_21' title='bbox 458 480 608 521; x_wconf 77' lang='lat' dir='ltr'>Lectio</span> <span class='ocrx_word' id='word_1_22' title='bbox 628 482 679 521; x_wconf 79' lang='lat' dir='ltr'>iv.</span> 
     </span>
    </p>

    <p class='ocr_par' dir='ltr' id='par_1_4' title="bbox 152 533 991 2604">
     <span class='ocr_line' id='line_1_6' title="bbox 162 533 983 599; baseline 0.001 -25"><span class='ocrx_word' id='word_1_23' title='bbox 162 558 165 586; x_wconf 78' lang='lat'><em>3</em></span> <span class='ocrx_word' id='word_1_24' title='bbox 219 537 407 599; x_wconf 42' lang='grc' dir='ltr'><strong>)ᾘοῒ1υ5</strong></span> <span class='ocrx_word' id='word_1_25' title='bbox 434 533 659 575; x_wconf 78' lang='lat' dir='ltr'>Ravennae</span> <span class='ocrx_word' id='word_1_26' title='bbox 684 533 883 575; x_wconf 88' lang='lat' dir='ltr'>honestis</span> <span class='ocrx_word' id='word_1_27' title='bbox 909 546 983 586; x_wconf 86' lang='lat' dir='ltr'>pa-</span> 
     </span>
     <span class='ocr_line' id='line_1_7' title="bbox 161 565 983 661; baseline 0 -31"><span class='ocrx_word' id='word_1_28' title='bbox 161 643 163 645; x_wconf 20' lang='grc'><strong>,</strong></span> <span class='ocrx_word' id='word_1_29' title='bbox 162 599 263 661; x_wconf 46' lang='lat' dir='ltr'>[Qj</span> <span class='ocrx_word' id='word_1_30' title='bbox 287 565 483 631; x_wconf 82' lang='lat' dir='ltr'>rentibus</span> <span class='ocrx_word' id='word_1_31' title='bbox 499 594 638 639; x_wconf 87' lang='lat' dir='ltr'>natus,</span> <span class='ocrx_word' id='word_1_32' title='bbox 658 589 801 631; x_wconf 87' lang='lat' dir='ltr'>adhuc</span> <span class='ocrx_word' id='word_1_33' title='bbox 815 590 983 631; x_wconf 88' lang='lat' dir='ltr'>lactens</span> 
     </span>
     <span class='ocr_line' id='line_1_8' title="bbox 192 645 983 697; baseline 0 -11"><span class='ocrx_word' id='word_1_34' title='bbox 192 649 255 664; x_wconf 64' lang='grc'>”·-’</span> <span class='ocrx_word' id='word_1_35' title='bbox 287 659 313 686; x_wconf 93' lang='lat' dir='ltr'>a</span> <span class='ocrx_word' id='word_1_36' title='bbox 361 650 501 687; x_wconf 87' lang='lat' dir='ltr'>matre</span> <span class='ocrx_word' id='word_1_37' title='bbox 551 648 798 687; x_wconf 77' lang='lat' dir='ltr'>numerosae</span> <span class='ocrx_word' id='word_1_38' title='bbox 847 645 983 697; x_wconf 91' lang='lat' dir='ltr'>prolis</span> 
     </span>
     <span class='ocr_line' id='line_1_9' title="bbox 152 701 984 754; baseline -0.001 -12"><span class='ocrx_word' id='word_1_39' title='bbox 152 704 361 754; x_wconf 79' lang='lat' dir='ltr'>pertaesa,</span> <span class='ocrx_word' id='word_1_40' title='bbox 387 701 603 753; x_wconf 87' lang='lat' dir='ltr'>abjicitur;</span> <span class='ocrx_word' id='word_1_41' title='bbox 629 701 708 743; x_wconf 92' lang='lat' dir='ltr'>sed</span> <span class='ocrx_word' id='word_1_42' title='bbox 728 701 984 743; x_wconf 89' lang='lat' dir='ltr'>domesticae</span> 
     </span>
     <span class='ocr_line' id='line_1_10' title="bbox 153 758 984 810; baseline -0.001 -11"><span class='ocrx_word' id='word_1_43' title='bbox 153 758 346 799; x_wconf 91' lang='lat' dir='ltr'>mulieris</span> <span class='ocrx_word' id='word_1_44' title='bbox 367 759 504 810; x_wconf 91' lang='lat' dir='ltr'>opera</span> <span class='ocrx_word' id='word_1_45' title='bbox 523 758 757 799; x_wconf 86' lang='lat' dir='ltr'>semivivus</span> <span class='ocrx_word' id='word_1_46' title='bbox 774 759 984 809; x_wconf 88' lang='lat' dir='ltr'>exceptus</span> 
     </span>
     <span class='ocr_line' id='line_1_11' title="bbox 156 813 984 863; baseline -0.002 -8"><span class='ocrx_word' id='word_1_47' title='bbox 156 826 207 855; x_wconf 87' lang='lat' dir='ltr'>ac</span> <span class='ocrx_word' id='word_1_48' title='bbox 226 815 468 862; x_wconf 77' lang='lat' dir='ltr'>recreatus,</span> <span class='ocrx_word' id='word_1_49' title='bbox 493 813 693 863; x_wconf 84' lang='lat' dir='ltr'>genitrici</span> <span class='ocrx_word' id='word_1_50' title='bbox 712 813 768 854; x_wconf 91' lang='lat' dir='ltr'>ad</span> <span class='ocrx_word' id='word_1_51' title='bbox 791 813 984 854; x_wconf 89' lang='lat' dir='ltr'>humani-</span> 
     </span>
     <span class='ocr_line' id='line_1_12' title="bbox 154 869 984 911; baseline -0.001 0"><span class='ocrx_word' id='word_1_52' title='bbox 154 870 259 911; x_wconf 88' lang='lat' dir='ltr'>tatis</span> <span class='ocrx_word' id='word_1_53' title='bbox 303 882 479 911; x_wconf 90' lang='lat' dir='ltr'>sensum</span> <span class='ocrx_word' id='word_1_54' title='bbox 515 871 738 911; x_wconf 82' lang='lat' dir='ltr'>revocatae</span> <span class='ocrx_word' id='word_1_55' title='bbox 776 869 984 911; x_wconf 89' lang='lat' dir='ltr'>redditur.</span> 
     </span>
     <span class='ocr_line' id='line_1_13' title="bbox 155 925 985 978; baseline -0.002 -10"><span class='ocrx_word' id='word_1_56' title='bbox 155 926 356 977; x_wconf 85' lang='lat' dir='ltr'>Utroque</span> <span class='ocrx_word' id='word_1_57' title='bbox 402 925 584 966; x_wconf 88' lang='lat' dir='ltr'>orbatus</span> <span class='ocrx_word' id='word_1_58' title='bbox 627 927 826 978; x_wconf 86' lang='lat' dir='ltr'>parente,</span> <span class='ocrx_word' id='word_1_59' title='bbox 879 931 985 966; x_wconf 91' lang='lat' dir='ltr'>tam-</span> 
     </span>
     <span class='ocr_line' id='line_1_14' title="bbox 157 981 986 1034; baseline -0.001 -11"><span class='ocrx_word' id='word_1_60' title='bbox 157 995 288 1034; x_wconf 83' lang='lat' dir='ltr'>quam</span> <span class='ocrx_word' id='word_1_61' title='bbox 311 981 398 1023; x_wconf 92' lang='lat' dir='ltr'>vile</span> <span class='ocrx_word' id='word_1_62' title='bbox 423 981 689 1033; x_wconf 82' lang='lat' dir='ltr'>mancipium</span> <span class='ocrx_word' id='word_1_63' title='bbox 720 981 802 1022; x_wconf 87' lang='lat' dir='ltr'>sub</span> <span class='ocrx_word' id='word_1_64' title='bbox 828 984 986 1034; x_wconf 90' lang='lat' dir='ltr'>aspera</span> 
     </span>
     <span class='ocr_line' id='line_1_15' title="bbox 154 1037 986 1079; baseline 0.001 -1"><span class='ocrx_word' id='word_1_65' title='bbox 154 1038 302 1079; x_wconf 88' lang='lat' dir='ltr'>fratris</span> <span class='ocrx_word' id='word_1_66' title='bbox 347 1037 485 1079; x_wconf 89' lang='lat' dir='ltr'>tutela</span> <span class='ocrx_word' id='word_1_67' title='bbox 531 1037 686 1078; x_wconf 89' lang='lat' dir='ltr'>duram</span> <span class='ocrx_word' id='word_1_68' title='bbox 729 1038 986 1079; x_wconf 81' lang='lat' dir='ltr'>servitutem</span> 
     </span>
     <span class='ocr_line' id='line_1_16' title="bbox 156 1092 986 1143; baseline -0.001 -8"><span class='ocrx_word' id='word_1_69' title='bbox 156 1093 363 1136; x_wconf 88' lang='lat' dir='ltr'>exercuit.</span> <span class='ocrx_word' id='word_1_70' title='bbox 406 1092 649 1143; x_wconf 88' lang='lat' dir='ltr'>Religionis</span> <span class='ocrx_word' id='word_1_71' title='bbox 676 1094 721 1133; x_wconf 91' lang='lat' dir='ltr'>in</span> <span class='ocrx_word' id='word_1_72' title='bbox 744 1094 906 1142; x_wconf 89' lang='lat' dir='ltr'>Deum,</span> <span class='ocrx_word' id='word_1_73' title='bbox 935 1106 986 1134; x_wconf 89' lang='lat' dir='ltr'>ac</span> 
     </span>
     <span class='ocr_line' id='line_1_17' title="bbox 154 1150 986 1203; baseline -0.001 -12"><span class='ocrx_word' id='word_1_74' title='bbox 154 1150 333 1203; x_wconf 88' lang='lat' dir='ltr'>pietatis</span> <span class='ocrx_word' id='word_1_75' title='bbox 385 1162 487 1199; x_wconf 85' lang='lat' dir='ltr'>erga</span> <span class='ocrx_word' id='word_1_76' title='bbox 537 1154 710 1201; x_wconf 90' lang='lat' dir='ltr'>patrem</span> <span class='ocrx_word' id='word_1_77' title='bbox 764 1150 986 1200; x_wconf 86' lang='lat' dir='ltr'>egregium</span> 
     </span>
     <span class='ocr_line' id='line_1_18' title="bbox 154 1205 986 1258; baseline -0.001 -11"><span class='ocrx_word' id='word_1_78' title='bbox 154 1211 259 1247; x_wconf 91' lang='lat' dir='ltr'>tunc</span> <span class='ocrx_word' id='word_1_79' title='bbox 279 1205 502 1258; x_wconf 92' lang='lat' dir='ltr'>specimen</span> <span class='ocrx_word' id='word_1_80' title='bbox 527 1205 664 1255; x_wconf 88' lang='lat' dir='ltr'>dedit;</span> <span class='ocrx_word' id='word_1_81' title='bbox 686 1205 910 1246; x_wconf 88' lang='lat' dir='ltr'>inventum</span> <span class='ocrx_word' id='word_1_82' title='bbox 934 1207 986 1246; x_wconf 89' lang='lat' dir='ltr'>si-</span> 
     </span>
     <span class='ocr_line' id='line_1_19' title="bbox 156 1261 986 1314; baseline -0.002 -11"><span class='ocrx_word' id='word_1_83' title='bbox 156 1261 336 1314; x_wconf 82' lang='lat' dir='ltr'><strong>quidem</strong></span> <span class='ocrx_word' id='word_1_84' title='bbox 362 1261 477 1302; x_wconf 90' lang='lat' dir='ltr'>forte</span> <span class='ocrx_word' id='word_1_85' title='bbox 505 1274 747 1310; x_wconf 93' lang='lat' dir='ltr'>nummum,</span> <span class='ocrx_word' id='word_1_86' title='bbox 774 1274 862 1303; x_wconf 94' lang='lat' dir='ltr'>non</span> <span class='ocrx_word' id='word_1_87' title='bbox 887 1264 986 1314; x_wconf 91' lang='lat' dir='ltr'>pro-</span> 
     </span>
     <span class='ocr_line' id='line_1_20' title="bbox 154 1316 986 1370; baseline 0 -12"><span class='ocrx_word' id='word_1_88' title='bbox 154 1318 263 1370; x_wconf 89' lang='lat' dir='ltr'>priae</span> <span class='ocrx_word' id='word_1_89' title='bbox 291 1316 449 1358; x_wconf 77' lang='lat' dir='ltr'>inediae</span> <span class='ocrx_word' id='word_1_90' title='bbox 480 1316 782 1366; x_wconf 83' lang='lat' dir='ltr'>sublevandae,</span> <span class='ocrx_word' id='word_1_91' title='bbox 815 1317 894 1358; x_wconf 88' lang='lat' dir='ltr'>sed</span> <span class='ocrx_word' id='word_1_92' title='bbox 922 1330 986 1358; x_wconf 90' lang='lat' dir='ltr'>sa-</span> 
     </span>
     <span class='ocr_line' id='line_1_21' title="bbox 156 1373 988 1425; baseline -0.001 -10"><span class='ocrx_word' id='word_1_93' title='bbox 156 1373 342 1423; x_wconf 89' lang='lat' dir='ltr'>cerdoti,</span> <span class='ocrx_word' id='word_1_94' title='bbox 380 1373 454 1425; x_wconf 92' lang='lat' dir='ltr'>qui</span> <span class='ocrx_word' id='word_1_95' title='bbox 492 1373 688 1414; x_wconf 90' lang='lat' dir='ltr'>divinum</span> <span class='ocrx_word' id='word_1_96' title='bbox 725 1374 988 1414; x_wconf 83' lang='lat' dir='ltr'>sacrificium</span> 
     </span>
     <span class='ocr_line' id='line_1_22' title="bbox 155 1429 986 1481; baseline -0.001 -10"><span class='ocrx_word' id='word_1_97' title='bbox 155 1430 213 1472; x_wconf 91' lang='lat' dir='ltr'>ad</span> <span class='ocrx_word' id='word_1_98' title='bbox 231 1429 345 1471; x_wconf 80' lang='lat' dir='ltr'>illius</span> <span class='ocrx_word' id='word_1_99' title='bbox 366 1429 662 1481; x_wconf 67' lang='lat' dir='ltr'>expiationem</span> <span class='ocrx_word' id='word_1_100' title='bbox 683 1429 872 1478; x_wconf 86' lang='lat' dir='ltr'>offerret,</span> <span class='ocrx_word' id='word_1_101' title='bbox 894 1442 986 1471; x_wconf 92' lang='lat' dir='ltr'>ero-</span> 
     </span>
     <span class='ocr_line' id='line_1_23' title="bbox 155 1485 987 1537; baseline -0.001 -10"><span class='ocrx_word' id='word_1_102' title='bbox 155 1486 285 1537; x_wconf 88' lang='lat' dir='ltr'>gavit.</span> <span class='ocrx_word' id='word_1_103' title='bbox 330 1487 372 1526; x_wconf 91' lang='lat' dir='ltr'>A</span> <span class='ocrx_word' id='word_1_104' title='bbox 399 1486 617 1526; x_wconf 88' lang='lat' dir='ltr'>Damiano</span> <span class='ocrx_word' id='word_1_105' title='bbox 646 1485 796 1535; x_wconf 87' lang='lat' dir='ltr'>fratre,</span> <span class='ocrx_word' id='word_1_106' title='bbox 829 1498 854 1526; x_wconf 90' lang='lat' dir='ltr'>a</span> <span class='ocrx_word' id='word_1_107' title='bbox 883 1498 987 1537; x_wconf 94' lang='lat' dir='ltr'>quo,</span> 
     </span>
     <span class='ocr_line' id='line_1_24' title="bbox 155 1542 987 1593; baseline -0.002 -9"><span class='ocrx_word' id='word_1_108' title='bbox 155 1542 220 1584; x_wconf 89' lang='lat' dir='ltr'>uti</span> <span class='ocrx_word' id='word_1_109' title='bbox 246 1542 401 1591; x_wconf 85' lang='lat' dir='ltr'>fertur,</span> <span class='ocrx_word' id='word_1_110' title='bbox 430 1543 771 1592; x_wconf 86' lang='lat' dir='ltr'>cognomentum</span> <span class='ocrx_word' id='word_1_111' title='bbox 799 1542 987 1593; x_wconf 88' lang='lat' dir='ltr'>accepit,</span> 
     </span>
     <span class='ocr_line' id='line_1_25' title="bbox 154 1597 987 1650; baseline -0.002 -10"><span class='ocrx_word' id='word_1_112' title='bbox 154 1598 343 1650; x_wconf 84' lang='lat' dir='ltr'>benigne</span> <span class='ocrx_word' id='word_1_113' title='bbox 361 1599 578 1650; x_wconf 88' lang='lat' dir='ltr'>receptus,</span> <span class='ocrx_word' id='word_1_114' title='bbox 600 1598 691 1649; x_wconf 92' lang='lat' dir='ltr'>ejus</span> <span class='ocrx_word' id='word_1_115' title='bbox 711 1610 816 1638; x_wconf 90' lang='lat' dir='ltr'>cura</span> <span class='ocrx_word' id='word_1_116' title='bbox 829 1597 987 1638; x_wconf 89' lang='lat' dir='ltr'>litteris</span> 
     </span>
     <span class='ocr_line' id='line_1_26' title="bbox 157 1653 988 1705; baseline -0.004 -9"><span class='ocrx_word' id='word_1_117' title='bbox 157 1654 372 1703; x_wconf 90' lang='lat' dir='ltr'>eruditur,</span> <span class='ocrx_word' id='word_1_118' title='bbox 405 1654 449 1694; x_wconf 92' lang='lat' dir='ltr'>in</span> <span class='ocrx_word' id='word_1_119' title='bbox 479 1653 636 1705; x_wconf 92' lang='lat' dir='ltr'>quibus</span> <span class='ocrx_word' id='word_1_120' title='bbox 664 1653 789 1695; x_wconf 90' lang='lat' dir='ltr'>brevi</span> <span class='ocrx_word' id='word_1_121' title='bbox 817 1658 988 1694; x_wconf 89' lang='lat' dir='ltr'>tantum</span> 
     </span>
     <span class='ocr_line' id='line_1_27' title="bbox 156 1709 988 1764; baseline -0.002 -13"><span class='ocrx_word' id='word_1_122' title='bbox 156 1709 361 1764; x_wconf 80' lang='lat' dir='ltr'>profecit,</span> <span class='ocrx_word' id='word_1_123' title='bbox 388 1714 437 1750; x_wconf 92' lang='lat' dir='ltr'>ut</span> <span class='ocrx_word' id='word_1_124' title='bbox 462 1709 683 1760; x_wconf 85' lang='lat' dir='ltr'>magistris</span> <span class='ocrx_word' id='word_1_125' title='bbox 709 1709 988 1751; x_wconf 69' lang='lat' dir='ltr'>admirationi</span> 
     </span>
     <span class='ocr_line' id='line_1_28' title="bbox 158 1765 988 1808; baseline -0.002 0"><span class='ocrx_word' id='word_1_126' title='bbox 158 1771 285 1808; x_wconf 89' lang='lat' dir='ltr'>esset.</span> <span class='ocrx_word' id='word_1_127' title='bbox 360 1765 470 1806; x_wconf 88' lang='lat' dir='ltr'>Cum</span> <span class='ocrx_word' id='word_1_128' title='bbox 529 1770 676 1807; x_wconf 90' lang='lat' dir='ltr'>autem</span> <span class='ocrx_word' id='word_1_129' title='bbox 733 1765 988 1807; x_wconf 80' lang='lat' dir='ltr'>liberalibus</span> 
     </span>
     <span class='ocr_line' id='line_1_29' title="bbox 156 1822 988 1871; baseline -0.002 -7"><span class='ocrx_word' id='word_1_130' title='bbox 156 1822 350 1864; x_wconf 77' lang='lat' dir='ltr'>scientiis</span> <span class='ocrx_word' id='word_1_131' title='bbox 382 1822 563 1862; x_wconf 88' lang='lat' dir='ltr'>floreret</span> <span class='ocrx_word' id='word_1_132' title='bbox 597 1826 641 1863; x_wconf 91' lang='lat' dir='ltr'>et</span> <span class='ocrx_word' id='word_1_133' title='bbox 677 1822 871 1871; x_wconf 88' lang='lat' dir='ltr'>nomine,</span> <span class='ocrx_word' id='word_1_134' title='bbox 914 1834 988 1863; x_wconf 90' lang='lat' dir='ltr'>eas</span> 
     </span>
     <span class='ocr_line' id='line_1_30' title="bbox 157 1877 987 1920; baseline -0.004 0"><span class='ocrx_word' id='word_1_135' title='bbox 157 1891 258 1920; x_wconf 92' lang='lat' dir='ltr'>cum</span> <span class='ocrx_word' id='word_1_136' title='bbox 276 1878 407 1919; x_wconf 91' lang='lat' dir='ltr'>laude</span> <span class='ocrx_word' id='word_1_137' title='bbox 427 1877 590 1919; x_wconf 91' lang='lat' dir='ltr'>docuit.</span> <span class='ocrx_word' id='word_1_138' title='bbox 622 1878 804 1919; x_wconf 83' lang='lat' dir='ltr'>Interim</span> <span class='ocrx_word' id='word_1_139' title='bbox 827 1882 876 1918; x_wconf 92' lang='lat' dir='ltr'>ut</span> <span class='ocrx_word' id='word_1_140' title='bbox 895 1890 987 1918; x_wconf 92' lang='lat' dir='ltr'>cor-</span> 
     </span>
     <span class='ocr_line' id='line_1_31' title="bbox 155 1933 988 1988; baseline -0.002 -12"><span class='ocrx_word' id='word_1_141' title='bbox 155 1947 241 1988; x_wconf 90' lang='lat' dir='ltr'>pus</span> <span class='ocrx_word' id='word_1_142' title='bbox 259 1934 419 1975; x_wconf 90' lang='lat' dir='ltr'>rationi</span> <span class='ocrx_word' id='word_1_143' title='bbox 438 1933 663 1983; x_wconf 79' lang='lat' dir='ltr'>subderet,</span> <span class='ocrx_word' id='word_1_144' title='bbox 683 1933 763 1974; x_wconf 92' lang='lat' dir='ltr'>sub</span> <span class='ocrx_word' id='word_1_145' title='bbox 783 1933 988 1975; x_wconf 91' lang='lat' dir='ltr'>mollibus</span> 
     </span>
     <span class='ocr_line' id='line_1_32' title="bbox 156 1988 988 2041; baseline -0.005 -7"><span class='ocrx_word' id='word_1_146' title='bbox 156 1990 355 2034; x_wconf 86' lang='lat' dir='ltr'>vestibus</span> <span class='ocrx_word' id='word_1_147' title='bbox 371 1989 561 2031; x_wconf 90' lang='lat' dir='ltr'>cilicium</span> <span class='ocrx_word' id='word_1_148' title='bbox 578 1988 793 2040; x_wconf 77' lang='lat' dir='ltr'>adhibuit3</span> <span class='ocrx_word' id='word_1_149' title='bbox 811 1989 988 2041; x_wconf 82' lang='lat' dir='ltr'>iejuniis,</span> 
     </span>
     <span class='ocr_line' id='line_1_33' title="bbox 156 2045 988 2098; baseline -0.004 -9"><span class='ocrx_word' id='word_1_150' title='bbox 156 2047 335 2098; x_wconf 87' lang='lat' dir='ltr'>vigiliis,</span> <span class='ocrx_word' id='word_1_151' title='bbox 362 2051 406 2088; x_wconf 91' lang='lat' dir='ltr'>et</span> <span class='ocrx_word' id='word_1_152' title='bbox 431 2045 706 2087; x_wconf 91' lang='lat' dir='ltr'>orationibus</span> <span class='ocrx_word' id='word_1_153' title='bbox 726 2046 909 2087; x_wconf 80' lang='lat' dir='ltr'>solerter</span> <span class='ocrx_word' id='word_1_154' title='bbox 928 2046 988 2086; x_wconf 89' lang='lat' dir='ltr'>in-</span> 
     </span>
     <span class='ocr_line' id='line_1_34' title="bbox 158 2101 988 2154; baseline -0.004 -9"><span class='ocrx_word' id='word_1_155' title='bbox 158 2106 328 2145; x_wconf 84' lang='lat' dir='ltr'>sistens.</span> <span class='ocrx_word' id='word_1_156' title='bbox 365 2102 545 2144; x_wconf 87' lang='lat' dir='ltr'>Calente</span> <span class='ocrx_word' id='word_1_157' title='bbox 569 2102 744 2154; x_wconf 88' lang='lat' dir='ltr'>juventa</span> <span class='ocrx_word' id='word_1_158' title='bbox 769 2101 874 2143; x_wconf 91' lang='lat' dir='ltr'>dum</span> <span class='ocrx_word' id='word_1_159' title='bbox 898 2114 988 2143; x_wconf 90' lang='lat' dir='ltr'>car-</span> 
     </span>
     <span class='ocr_line' id='line_1_35' title="bbox 157 2158 988 2209; baseline -0.004 -8"><span class='ocrx_word' id='word_1_160' title='bbox 157 2161 226 2201; x_wconf 92' lang='lat' dir='ltr'>nis</span> <span class='ocrx_word' id='word_1_161' title='bbox 251 2158 438 2201; x_wconf 90' lang='lat' dir='ltr'>stimulis</span> <span class='ocrx_word' id='word_1_162' title='bbox 468 2158 630 2200; x_wconf 91' lang='lat' dir='ltr'>acriter</span> <span class='ocrx_word' id='word_1_163' title='bbox 653 2160 900 2209; x_wconf 88' lang='lat' dir='ltr'>urgeretur,</span> <span class='ocrx_word' id='word_1_164' title='bbox 928 2158 988 2198; x_wconf 93' lang='lat' dir='ltr'>in-</span> 
     </span>
     <span class='ocr_line' id='line_1_36' title="bbox 159 2214 988 2264; baseline -0.004 -7"><span class='ocrx_word' id='word_1_165' title='bbox 159 2215 415 2257; x_wconf 88' lang='lat' dir='ltr'>sultantium</span> <span class='ocrx_word' id='word_1_166' title='bbox 432 2214 661 2256; x_wconf 86' lang='lat' dir='ltr'>libidinum</span> <span class='ocrx_word' id='word_1_167' title='bbox 679 2214 797 2255; x_wconf 89' lang='lat' dir='ltr'>faces</span> <span class='ocrx_word' id='word_1_168' title='bbox 816 2214 988 2264; x_wconf 84' lang='lat' dir='ltr'>rigenti-</span> 
     </span>
     <span class='ocr_line' id='line_1_37' title="bbox 159 2268 989 2323; baseline -0.004 -10"><span class='ocrx_word' id='word_1_169' title='bbox 159 2268 390 2314; x_wconf 75' lang='lat' dir='ltr'>bus‘fluvii</span> <span class='ocrx_word' id='word_1_170' title='bbox 418 2283 589 2312; x_wconf 91' lang='lat' dir='ltr'>mersus</span> <span class='ocrx_word' id='word_1_171' title='bbox 615 2271 740 2323; x_wconf 91' lang='lat' dir='ltr'>aquis</span> <span class='ocrx_word' id='word_1_172' title='bbox 760 2275 893 2312; x_wconf 93' lang='lat' dir='ltr'>noctu</span> <span class='ocrx_word' id='word_1_173' title='bbox 920 2282 989 2311; x_wconf 92' lang='lat' dir='ltr'>ex-</span> 
     </span>
     <span class='ocr_line' id='line_1_38' title="bbox 161 2326 989 2378; baseline -0.002 -10"><span class='ocrx_word' id='word_1_174' title='bbox 161 2327 426 2378; x_wconf 84' lang='lat' dir='ltr'>stinguebat3</span> <span class='ocrx_word' id='word_1_175' title='bbox 458 2331 553 2368; x_wconf 91' lang='lat' dir='ltr'>tum</span> <span class='ocrx_word' id='word_1_176' title='bbox 580 2326 846 2368; x_wconf 86' lang='lat' dir='ltr'>venerabilia</span> <span class='ocrx_word' id='word_1_177' title='bbox 875 2338 989 2377; x_wconf 87' lang='lat' dir='ltr'>quae-</span> 
     </span>
     <span class='ocr_line' id='line_1_39' title="bbox 163 2381 990 2435; baseline -0.004 -11"><span class='ocrx_word' id='word_1_178' title='bbox 163 2395 247 2435; x_wconf 91' lang='lat' dir='ltr'>que</span> <span class='ocrx_word' id='word_1_179' title='bbox 270 2383 369 2424; x_wconf 90' lang='lat' dir='ltr'>loca</span> <span class='ocrx_word' id='word_1_180' title='bbox 396 2382 537 2432; x_wconf 88' lang='lat' dir='ltr'>obire,</span> <span class='ocrx_word' id='word_1_181' title='bbox 570 2385 802 2433; x_wconf 83' lang='lat' dir='ltr'>totumque</span> <span class='ocrx_word' id='word_1_182' title='bbox 826 2381 990 2422; x_wconf 89' lang='lat' dir='ltr'>Psalte-</span> 
     </span>
     <span class='ocr_line' id='line_1_40' title="bbox 161 2438 991 2490; baseline -0.002 -10"><span class='ocrx_word' id='word_1_183' title='bbox 161 2439 274 2480; x_wconf 89' lang='lat' dir='ltr'>rium</span> <span class='ocrx_word' id='word_1_184' title='bbox 307 2440 494 2481; x_wconf 87' lang='lat' dir='ltr'>recitare</span> <span class='ocrx_word' id='word_1_185' title='bbox 532 2440 833 2480; x_wconf 90' lang='lat' dir='ltr'>consueverat.</span> <span class='ocrx_word' id='word_1_186' title='bbox 894 2438 991 2490; x_wconf 89' lang='lat' dir='ltr'>Ope</span> 
     </span>
     <span class='ocr_line' id='line_1_41' title="bbox 162 2493 990 2548; baseline -0.002 -12"><span class='ocrx_word' id='word_1_187' title='bbox 162 2494 340 2537; x_wconf 88' lang='lat' dir='ltr'>assidua</span> <span class='ocrx_word' id='word_1_188' title='bbox 364 2499 585 2548; x_wconf 82' lang='lat' dir='ltr'>pauperes</span> <span class='ocrx_word' id='word_1_189' title='bbox 609 2494 802 2543; x_wconf 89' lang='lat' dir='ltr'>levabat,</span> <span class='ocrx_word' id='word_1_190' title='bbox 833 2493 990 2546; x_wconf 90' lang='lat' dir='ltr'>quibus</span> 
     </span>
     <span class='ocr_line' id='line_1_42' title="bbox 162 2550 990 2604; baseline -0.002 -13"><span class='ocrx_word' id='word_1_191' title='bbox 162 2551 414 2603; x_wconf 90' lang='lat' dir='ltr'>frequenter</span> <span class='ocrx_word' id='word_1_192' title='bbox 449 2551 588 2604; x_wconf 92' lang='lat' dir='ltr'>pastis</span> <span class='ocrx_word' id='word_1_193' title='bbox 626 2550 844 2599; x_wconf 90' lang='lat' dir='ltr'>convivio,</span> <span class='ocrx_word' id='word_1_194' title='bbox 891 2551 990 2602; x_wconf 93' lang='lat' dir='ltr'>pro-</span> 
     </span>
    </p>

    <p class='ocr_par' dir='ltr' id='par_1_5' title="bbox 162 2606 991 2761">
     <span class='ocr_line' id='line_1_43' title="bbox 162 2606 908 2659; baseline -0.003 -12"><span class='ocrx_word' id='word_1_195' title='bbox 162 2607 268 2659; x_wconf 91' lang='lat' dir='ltr'>priis</span> <span class='ocrx_word' id='word_1_196' title='bbox 287 2607 384 2659; x_wconf 91' lang='lat' dir='ltr'>ipse</span> <span class='ocrx_word' id='word_1_197' title='bbox 402 2607 605 2648; x_wconf 90' lang='lat' dir='ltr'>manibus</span> <span class='ocrx_word' id='word_1_198' title='bbox 624 2606 908 2647; x_wconf 86' lang='lat' dir='ltr'>ministrabat.</span> 
     </span>
     <span class='ocr_line' id='line_1_44' title="bbox 217 2663 991 2713; baseline 0 -12"><span class='ocrx_word' id='word_1_199' title='bbox 217 2663 265 2713; x_wconf 59' lang='lat' dir='ltr'>Rg.</span> <span class='ocrx_word' id='word_1_200' title='bbox 291 2663 445 2704; x_wconf 88' lang='lat' dir='ltr'>Inveni</span> <span class='ocrx_word' id='word_1_201' title='bbox 466 2663 612 2704; x_wconf 89' lang='lat' dir='ltr'>David</span> <span class='ocrx_word' id='word_1_202' title='bbox 637 2675 811 2704; x_wconf 89' lang='lat' dir='ltr'>servum</span> <span class='ocrx_word' id='word_1_203' title='bbox 835 2674 991 2711; x_wconf 91' lang='lat' dir='ltr'>meum,</span> 
     </span>
     <span class='ocr_line' id='line_1_45' title="bbox 164 2718 989 2761; baseline -0.002 -2"><span class='ocrx_word' id='word_1_204' title='bbox 164 2718 263 2760; x_wconf 93' lang='lat' dir='ltr'>oleo</span> <span class='ocrx_word' id='word_1_205' title='bbox 310 2723 461 2760; x_wconf 88' lang='lat' dir='ltr'>sancto</span> <span class='ocrx_word' id='word_1_206' title='bbox 502 2732 602 2761; x_wconf 90' lang='lat' dir='ltr'>meo</span> <span class='ocrx_word' id='word_1_207' title='bbox 648 2719 753 2760; x_wconf 91' lang='lat' dir='ltr'>unxi</span> <span class='ocrx_word' id='word_1_208' title='bbox 804 2731 918 2759; x_wconf 88' lang='lat' dir='ltr'>eum:</span> <span class='ocrx_word' id='word_1_209' title='bbox 968 2719 989 2742; x_wconf 92' lang='lat'>*</span> 
     </span>
    </p>
   </div>
   <div class='ocr_carea' id='block_1_4' title="bbox 150 534 266 664">
    <p class='ocr_par' dir='ltr' id='par_1_6' title="bbox 150 534 266 664">
     <span class='ocr_line' id='line_1_46' title="bbox 150 534 266 664; baseline 0 -100"><span class='ocrx_word' id='word_1_210' title='bbox 150 534 266 664; x_wconf 95' lang='lat' dir='ltr'>   </span> 
     </span>
    </p>
   </div>
   <div class='ocr_carea' id='block_1_5' title="bbox 189 545 219 600">
    <p class='ocr_par' dir='ltr' id='par_1_7' title="bbox 189 545 219 600">
     <span class='ocr_line' id='line_1_47' title="bbox 189 545 219 600; baseline 0 2390"><span class='ocrx_word' id='word_1_211' title='bbox 189 545 219 600; x_wconf 95' lang='lat' dir='ltr'> </span> 
     </span>
    </p>
   </div>
   <div class='ocr_carea' id='block_1_6' title="bbox 1798 211 1864 246">
    <p class='ocr_par' dir='ltr' id='par_1_8' title="bbox 1798 211 1864 246">
     <span class='ocr_line' id='line_1_48' title="bbox 1798 211 1864 246; baseline -0.015 0"><span class='ocrx_word' id='word_1_212' title='bbox 1798 211 1864 246; x_wconf 85' lang='lat'>491</span> 
     </span>
    </p>
   </div>
   <div class='ocr_carea' id='block_1_7' title="bbox 508 306 1865 350">
    <p class='ocr_par' dir='ltr' id='par_1_9' title="bbox 508 306 1865 350">
     <span class='ocr_line' id='line_1_49' title="bbox 508 306 1865 350; baseline 0.004 -7"><span class='ocrx_word' id='word_1_213' title='bbox 508 308 652 343; x_wconf 75' lang='lat' dir='ltr'>Fidelis</span> <span class='ocrx_word' id='word_1_214' title='bbox 676 318 813 343; x_wconf 86' lang='lat' dir='ltr'>sermo.</span> <span class='ocrx_word' id='word_1_215' title='bbox 849 313 894 346; x_wconf 69' lang='lat' dir='ltr'>do</span> <span class='ocrx_word' id='word_1_216' title='bbox 925 324 985 346; x_wconf 74' lang='lat' dir='ltr'>co·</span> <span class='ocrx_word' id='word_1_217' title='bbox 1035 308 1191 349; x_wconf 90' lang='lat' dir='ltr'>Manus</span> <span class='ocrx_word' id='word_1_218' title='bbox 1226 307 1341 349; x_wconf 89' lang='lat' dir='ltr'>enim</span> <span class='ocrx_word' id='word_1_219' title='bbox 1373 318 1471 348; x_wconf 90' lang='lat' dir='ltr'>mea</span> <span class='ocrx_word' id='word_1_220' title='bbox 1503 306 1782 349; x_wconf 76' lang='lat' dir='ltr'>auxiliabitur</span> <span class='ocrx_word' id='word_1_221' title='bbox 1815 310 1865 350; x_wconf 93' lang='lat' dir='ltr'>ei.</span> 
     </span>
    </p>
   </div>
   <div class='ocr_carea' id='block_1_8' title="bbox 1037 362 1873 2769">
    <p class='ocr_par' dir='ltr' id='par_1_10' title="bbox 1038 362 1866 574">
     <span class='ocr_line' id='line_1_50' title="bbox 1042 362 1865 416; baseline 0.001 -11"><span class='ocrx_word' id='word_1_222' title='bbox 1042 362 1091 413; x_wconf 62' lang='lat' dir='ltr'>Y.</span> <span class='ocrx_word' id='word_1_223' title='bbox 1114 364 1235 405; x_wconf 90' lang='lat' dir='ltr'>Nihil</span> <span class='ocrx_word' id='word_1_224' title='bbox 1266 363 1471 416; x_wconf 90' lang='lat' dir='ltr'>proficiet</span> <span class='ocrx_word' id='word_1_225' title='bbox 1498 363 1697 404; x_wconf 90' lang='lat' dir='ltr'>inimicus</span> <span class='ocrx_word' id='word_1_226' title='bbox 1728 365 1771 405; x_wconf 94' lang='lat' dir='ltr'>in</span> <span class='ocrx_word' id='word_1_227' title='bbox 1800 377 1865 414; x_wconf 91' lang='lat' dir='ltr'>eo,</span> 
     </span>
     <span class='ocr_line' id='line_1_51' title="bbox 1038 419 1866 472; baseline 0.001 -11"><span class='ocrx_word' id='word_1_228' title='bbox 1038 424 1082 461; x_wconf 91' lang='lat' dir='ltr'>et</span> <span class='ocrx_word' id='word_1_229' title='bbox 1106 420 1222 461; x_wconf 89' lang='lat' dir='ltr'>filius</span> <span class='ocrx_word' id='word_1_230' title='bbox 1246 419 1490 472; x_wconf 89' lang='lat' dir='ltr'>iniquitatis</span> <span class='ocrx_word' id='word_1_231' title='bbox 1509 431 1598 459; x_wconf 92' lang='lat' dir='ltr'>non</span> <span class='ocrx_word' id='word_1_232' title='bbox 1617 420 1796 462; x_wconf 85' lang='lat' dir='ltr'>nocebit</span> <span class='ocrx_word' id='word_1_233' title='bbox 1816 421 1866 462; x_wconf 89' lang='lat' dir='ltr'>ei.</span> 
     </span>
     <span class='ocr_line' id='line_1_52' title="bbox 1038 476 1340 517; baseline -0.003 0"><span class='ocrx_word' id='word_1_234' title='bbox 1038 476 1194 517; x_wconf 90' lang='lat' dir='ltr'>Manus</span> <span class='ocrx_word' id='word_1_235' title='bbox 1215 476 1340 517; x_wconf 85' lang='lat' dir='ltr'>enim.</span> 
     </span>
     <span class='ocr_line' id='line_1_53' title="bbox 1354 535 1557 574; baseline 0 -1"><span class='ocrx_word' id='word_1_236' title='bbox 1354 535 1502 574; x_wconf 77' lang='lat' dir='ltr'>Lectio</span> <span class='ocrx_word' id='word_1_237' title='bbox 1524 550 1557 573; x_wconf 73' lang='lat' dir='ltr'>v.</span> 
     </span>
    </p>

    <p class='ocr_par' dir='ltr' id='par_1_11' title="bbox 1127 587 1865 638">
     <span class='ocr_line' id='line_1_54' title="bbox 1127 587 1865 638; baseline -0.001 -9"><span class='ocrx_word' id='word_1_238' title='bbox 1127 587 1375 630; x_wconf 85' lang='lat' dir='ltr'>erficiendae</span> <span class='ocrx_word' id='word_1_239' title='bbox 1394 588 1532 638; x_wconf 82' lang='lat' dir='ltr'>magis</span> <span class='ocrx_word' id='word_1_240' title='bbox 1546 589 1649 629; x_wconf 85' lang='lat' dir='ltr'>vitae</span> <span class='ocrx_word' id='word_1_241' title='bbox 1669 601 1810 638; x_wconf 89' lang='grc'><strong>031153,</strong></span> <span class='ocrx_word' id='word_1_242' title='bbox 1822 589 1865 629; x_wconf 86' lang='grc'>111</span> 
     </span>
    </p>

    <p class='ocr_par' dir='ltr' id='par_1_12' title="bbox 1037 644 1873 2769">
     <span class='ocr_line' id='line_1_55' title="bbox 1145 644 1864 694; baseline 0.001 -10"><span class='ocrx_word' id='word_1_243' title='bbox 1145 644 1427 685; x_wconf 81' lang='lat' dir='ltr'>Avellanensi</span> <span class='ocrx_word' id='word_1_244' title='bbox 1444 644 1688 694; x_wconf 79' lang='lat' dir='ltr'>Eugubinae</span> <span class='ocrx_word' id='word_1_245' title='bbox 1708 644 1864 685; x_wconf 89' lang='lat' dir='ltr'>dioece-</span> 
     </span>
     <span class='ocr_line' id='line_1_56' title="bbox 1038 699 1867 749; baseline 0 -8"><span class='ocrx_word' id='word_1_246' title='bbox 1038 701 1098 742; x_wconf 89' lang='lat' dir='ltr'>sis</span> <span class='ocrx_word' id='word_1_247' title='bbox 1127 700 1349 749; x_wconf 90' lang='lat' dir='ltr'>coenobio,</span> <span class='ocrx_word' id='word_1_248' title='bbox 1382 699 1524 741; x_wconf 91' lang='lat' dir='ltr'>ordini</span> <span class='ocrx_word' id='word_1_249' title='bbox 1551 700 1867 741; x_wconf 90' lang='lat' dir='ltr'>monachorum</span> 
     </span>
     <span class='ocr_line' id='line_1_57' title="bbox 1038 756 1868 797; baseline -0.001 0"><span class='ocrx_word' id='word_1_250' title='bbox 1038 761 1202 797; x_wconf 82' lang='grc' dir='ltr'><strong>5311οῒεο</strong></span> <span class='ocrx_word' id='word_1_251' title='bbox 1236 756 1378 796; x_wconf 83' lang='grc'><strong>0111015</strong></span> <span class='ocrx_word' id='word_1_252' title='bbox 1406 756 1560 796; x_wconf 86' lang='lat' dir='ltr'>Fontis</span> <span class='ocrx_word' id='word_1_253' title='bbox 1586 756 1813 797; x_wconf 88' lang='lat' dir='ltr'>Avellanae</span> <span class='ocrx_word' id='word_1_254' title='bbox 1842 769 1868 796; x_wconf 89' lang='lat' dir='ltr'>a</span> 
     </span>
     <span class='ocr_line' id='line_1_58' title="bbox 1037 811 1867 864; baseline -0.004 -10"><span class='ocrx_word' id='word_1_255' title='bbox 1037 812 1171 854; x_wconf 89' lang='lat' dir='ltr'>beato</span> <span class='ocrx_word' id='word_1_256' title='bbox 1190 811 1443 864; x_wconf 83' lang='lat' dir='ltr'>Ludulpho,</span> <span class='ocrx_word' id='word_1_257' title='bbox 1472 812 1611 852; x_wconf 86' lang='lat' dir='ltr'>sancti</span> <span class='ocrx_word' id='word_1_258' title='bbox 1630 811 1867 853; x_wconf 87' lang='lat' dir='ltr'>Romualdi</span> 
     </span>
     <span class='ocr_line' id='line_1_59' title="bbox 1040 867 1867 920; baseline -0.001 -12"><span class='ocrx_word' id='word_1_259' title='bbox 1040 867 1274 920; x_wconf 91' lang='lat' dir='ltr'>discipulo,</span> <span class='ocrx_word' id='word_1_260' title='bbox 1307 867 1506 916; x_wconf 87' lang='lat' dir='ltr'>fundato,</span> <span class='ocrx_word' id='word_1_261' title='bbox 1540 880 1702 909; x_wconf 92' lang='lat' dir='ltr'>nomen</span> <span class='ocrx_word' id='word_1_262' title='bbox 1735 867 1867 908; x_wconf 90' lang='lat' dir='ltr'>dedit.</span> 
     </span>
     <span class='ocr_line' id='line_1_60' title="bbox 1038 923 1868 976; baseline 0 -12"><span class='ocrx_word' id='word_1_263' title='bbox 1038 924 1140 964; x_wconf 90' lang='lat' dir='ltr'>Non</span> <span class='ocrx_word' id='word_1_264' title='bbox 1172 924 1234 964; x_wconf 90' lang='lat' dir='ltr'>ita</span> <span class='ocrx_word' id='word_1_265' title='bbox 1265 923 1403 965; x_wconf 88' lang='lat' dir='ltr'>multo</span> <span class='ocrx_word' id='word_1_266' title='bbox 1440 928 1544 976; x_wconf 93' lang='lat' dir='ltr'>post</span> <span class='ocrx_word' id='word_1_267' title='bbox 1577 924 1620 963; x_wconf 92' lang='lat' dir='ltr'>in</span> <span class='ocrx_word' id='word_1_268' title='bbox 1652 925 1868 964; x_wconf 89' lang='lat' dir='ltr'>monaste-</span> 
     </span>
     <span class='ocr_line' id='line_1_61' title="bbox 1039 979 1868 1031; baseline -0.001 -11"><span class='ocrx_word' id='word_1_269' title='bbox 1039 980 1151 1020; x_wconf 89' lang='lat' dir='ltr'>rium</span> <span class='ocrx_word' id='word_1_270' title='bbox 1165 979 1520 1031; x_wconf 88' lang='lat' dir='ltr'>Pomposianum,</span> <span class='ocrx_word' id='word_1_271' title='bbox 1537 992 1641 1020; x_wconf 88' lang='lat' dir='ltr'>mox</span> <span class='ocrx_word' id='word_1_272' title='bbox 1660 980 1704 1020; x_wconf 92' lang='lat' dir='ltr'>in</span> <span class='ocrx_word' id='word_1_273' title='bbox 1724 981 1868 1020; x_wconf 91' lang='lat' dir='ltr'>coeno-</span> 
     </span>
     <span class='ocr_line' id='line_1_62' title="bbox 1038 1035 1867 1077; baseline -0.002 0"><span class='ocrx_word' id='word_1_274' title='bbox 1038 1036 1160 1077; x_wconf 90' lang='lat' dir='ltr'>bium</span> <span class='ocrx_word' id='word_1_275' title='bbox 1186 1036 1325 1076; x_wconf 91' lang='lat' dir='ltr'>sancti</span> <span class='ocrx_word' id='word_1_276' title='bbox 1349 1035 1571 1076; x_wconf 89' lang='lat' dir='ltr'>Vincentii</span> <span class='ocrx_word' id='word_1_277' title='bbox 1597 1036 1742 1077; x_wconf 87' lang='lat' dir='ltr'>Petrae</span> <span class='ocrx_word' id='word_1_278' title='bbox 1766 1035 1867 1076; x_wconf 91' lang='lat' dir='ltr'>Per-</span> 
     </span>
     <span class='ocr_line' id='line_1_63' title="bbox 1038 1090 1868 1141; baseline -0.002 -8"><span class='ocrx_word' id='word_1_279' title='bbox 1038 1095 1151 1133; x_wconf 83' lang='lat' dir='ltr'>tusae</span> <span class='ocrx_word' id='word_1_280' title='bbox 1171 1091 1226 1132; x_wconf 90' lang='lat' dir='ltr'>ab</span> <span class='ocrx_word' id='word_1_281' title='bbox 1242 1090 1402 1132; x_wconf 88' lang='lat' dir='ltr'>abbate</span> <span class='ocrx_word' id='word_1_282' title='bbox 1418 1104 1498 1132; x_wconf 92' lang='lat' dir='ltr'>suo</span> <span class='ocrx_word' id='word_1_283' title='bbox 1514 1091 1685 1141; x_wconf 91' lang='lat' dir='ltr'>missus,</span> <span class='ocrx_word' id='word_1_284' title='bbox 1703 1094 1868 1132; x_wconf 80' lang='lat' dir='ltr'>utrum-</span> 
     </span>
     <span class='ocr_line' id='line_1_64' title="bbox 1041 1147 1868 1199; baseline -0.001 -10"><span class='ocrx_word' id='word_1_285' title='bbox 1041 1160 1125 1199; x_wconf 92' lang='lat' dir='ltr'>que</span> <span class='ocrx_word' id='word_1_286' title='bbox 1150 1147 1411 1189; x_wconf 88' lang='lat' dir='ltr'>asceterium</span> <span class='ocrx_word' id='word_1_287' title='bbox 1430 1147 1567 1188; x_wconf 90' lang='lat' dir='ltr'>verbo</span> <span class='ocrx_word' id='word_1_288' title='bbox 1592 1159 1734 1196; x_wconf 92' lang='lat' dir='ltr'>sacro,</span> <span class='ocrx_word' id='word_1_289' title='bbox 1758 1160 1868 1199; x_wconf 86' lang='lat' dir='ltr'>prae-</span> 
     </span>
     <span class='ocr_line' id='line_1_65' title="bbox 1040 1202 1870 1252; baseline 0 -9"><span class='ocrx_word' id='word_1_290' title='bbox 1040 1203 1169 1244; x_wconf 88' lang='lat' dir='ltr'>claris</span> <span class='ocrx_word' id='word_1_291' title='bbox 1201 1202 1565 1252; x_wconf 83' lang='lat' dir='ltr'>institutionibuS,</span> <span class='ocrx_word' id='word_1_292' title='bbox 1598 1208 1642 1244; x_wconf 93' lang='lat' dir='ltr'>et</span> <span class='ocrx_word' id='word_1_293' title='bbox 1673 1202 1870 1244; x_wconf 90' lang='lat' dir='ltr'>moribus</span> 
     </span>
     <span class='ocr_line' id='line_1_66' title="bbox 1041 1258 1869 1310; baseline 0 -11"><span class='ocrx_word' id='word_1_294' title='bbox 1041 1259 1242 1300; x_wconf 90' lang='lat' dir='ltr'>excoluit.</span> <span class='ocrx_word' id='word_1_295' title='bbox 1278 1258 1351 1299; x_wconf 90' lang='lat' dir='ltr'>Ad</span> <span class='ocrx_word' id='word_1_296' title='bbox 1371 1271 1474 1299; x_wconf 92' lang='lat' dir='ltr'>suos</span> <span class='ocrx_word' id='word_1_297' title='bbox 1493 1261 1742 1308; x_wconf 90' lang='lat' dir='ltr'>revocatus,</span> <span class='ocrx_word' id='word_1_298' title='bbox 1766 1263 1869 1310; x_wconf 91' lang='lat' dir='ltr'>post</span> 
     </span>
     <span class='ocr_line' id='line_1_67' title="bbox 1039 1314 1870 1367; baseline 0 -12"><span class='ocrx_word' id='word_1_299' title='bbox 1039 1314 1243 1367; x_wconf 82' lang='lat' dir='ltr'>praesidis</span> <span class='ocrx_word' id='word_1_300' title='bbox 1290 1314 1475 1364; x_wconf 91' lang='lat' dir='ltr'>obitum,</span> <span class='ocrx_word' id='word_1_301' title='bbox 1521 1314 1870 1356; x_wconf 89' lang='lat' dir='ltr'>Avellanitarum</span> 
     </span>
     <span class='ocr_line' id='line_1_68' title="bbox 1040 1370 1869 1423; baseline 0 -12"><span class='ocrx_word' id='word_1_302' title='bbox 1040 1371 1215 1411; x_wconf 87' lang='lat' dir='ltr'>familiae</span> <span class='ocrx_word' id='word_1_303' title='bbox 1251 1370 1508 1423; x_wconf 81' lang='lat' dir='ltr'>praeficitur,</span> <span class='ocrx_word' id='word_1_304' title='bbox 1553 1383 1700 1422; x_wconf 90' lang='lat' dir='ltr'>quam,</span> <span class='ocrx_word' id='word_1_305' title='bbox 1742 1371 1869 1411; x_wconf 91' lang='lat' dir='ltr'>novis</span> 
     </span>
     <span class='ocr_line' id='line_1_69' title="bbox 1039 1426 1870 1477; baseline -0.001 -9"><span class='ocrx_word' id='word_1_306' title='bbox 1039 1428 1172 1469; x_wconf 89' lang='lat' dir='ltr'>variis</span> <span class='ocrx_word' id='word_1_307' title='bbox 1191 1428 1235 1467; x_wconf 92' lang='lat' dir='ltr'>in</span> <span class='ocrx_word' id='word_1_308' title='bbox 1252 1427 1362 1468; x_wconf 91' lang='lat' dir='ltr'>locis</span> <span class='ocrx_word' id='word_1_309' title='bbox 1378 1428 1611 1468; x_wconf 82' lang='lat' dir='ltr'>exstructis</span> <span class='ocrx_word' id='word_1_310' title='bbox 1628 1426 1870 1477; x_wconf 90' lang='lat' dir='ltr'>domiciliis,</span> 
     </span>
     <span class='ocr_line' id='line_1_70' title="bbox 1042 1483 1871 1533; baseline -0.001 -8"><span class='ocrx_word' id='word_1_311' title='bbox 1042 1489 1086 1526; x_wconf 90' lang='lat' dir='ltr'>et</span> <span class='ocrx_word' id='word_1_312' title='bbox 1105 1484 1390 1525; x_wconf 89' lang='lat' dir='ltr'>sanctissimis</span> <span class='ocrx_word' id='word_1_313' title='bbox 1410 1483 1639 1533; x_wconf 78' lang='lat' dir='ltr'>institutis,</span> <span class='ocrx_word' id='word_1_314' title='bbox 1658 1484 1721 1524; x_wconf 89' lang='lat' dir='ltr'>ita</span> <span class='ocrx_word' id='word_1_315' title='bbox 1739 1483 1871 1532; x_wconf 86' lang='lat' dir='ltr'>auxit,</span> 
     </span>
     <span class='ocr_line' id='line_1_71' title="bbox 1040 1539 1871 1592; baseline -0.002 -11"><span class='ocrx_word' id='word_1_316' title='bbox 1040 1544 1088 1581; x_wconf 91' lang='lat' dir='ltr'>ut</span> <span class='ocrx_word' id='word_1_317' title='bbox 1125 1540 1234 1581; x_wconf 87' lang='lat' dir='ltr'>alter</span> <span class='ocrx_word' id='word_1_318' title='bbox 1272 1540 1362 1592; x_wconf 90' lang='lat' dir='ltr'>ejus</span> <span class='ocrx_word' id='word_1_319' title='bbox 1398 1539 1565 1580; x_wconf 83' lang='lat' dir='ltr'>ordinis</span> <span class='ocrx_word' id='word_1_320' title='bbox 1602 1552 1778 1591; x_wconf 90' lang='lat' dir='ltr'>parens,</span> <span class='ocrx_word' id='word_1_321' title='bbox 1820 1552 1871 1580; x_wconf 92' lang='lat' dir='ltr'>ac</span> 
     </span>
     <span class='ocr_line' id='line_1_72' title="bbox 1039 1595 1873 1648; baseline -0.002 -11"><span class='ocrx_word' id='word_1_322' title='bbox 1039 1598 1314 1648; x_wconf 82' lang='lat' dir='ltr'>praecipuum</span> <span class='ocrx_word' id='word_1_323' title='bbox 1351 1597 1655 1637; x_wconf 86' lang='lat' dir='ltr'>ornamentum</span> <span class='ocrx_word' id='word_1_324' title='bbox 1691 1596 1782 1647; x_wconf 92' lang='lat' dir='ltr'>jure</span> <span class='ocrx_word' id='word_1_325' title='bbox 1817 1595 1873 1636; x_wconf 89' lang='lat' dir='ltr'>sit</span> 
     </span>
     <span class='ocr_line' id='line_1_73' title="bbox 1040 1651 1870 1693; baseline -0.001 -1"><span class='ocrx_word' id='word_1_326' title='bbox 1040 1651 1228 1693; x_wconf 89' lang='lat' dir='ltr'>habitus.</span> <span class='ocrx_word' id='word_1_327' title='bbox 1261 1651 1506 1692; x_wconf 89' lang='lat' dir='ltr'>Salutarem</span> <span class='ocrx_word' id='word_1_328' title='bbox 1524 1651 1643 1692; x_wconf 92' lang='lat' dir='ltr'>Petri</span> <span class='ocrx_word' id='word_1_329' title='bbox 1663 1651 1870 1692; x_wconf 77' lang='lat' dir='ltr'>sollicitu-</span> 
     </span>
     <span class='ocr_line' id='line_1_74' title="bbox 1041 1707 1873 1774; baseline 0 -26"><span class='ocrx_word' id='word_1_330' title='bbox 1041 1707 1188 1749; x_wconf 91' lang='lat' dir='ltr'>dinem</span> <span class='ocrx_word' id='word_1_331' title='bbox 1208 1707 1292 1748; x_wconf 88' lang='lat' dir='ltr'>alia</span> <span class='ocrx_word' id='word_1_332' title='bbox 1311 1720 1494 1774; x_wconf 80' lang='lat' dir='ltr'>quoque</span> <span class='ocrx_word' id='word_1_333' title='bbox 1507 1707 1667 1748; x_wconf 91' lang='lat' dir='ltr'>diversi</span> <span class='ocrx_word' id='word_1_334' title='bbox 1685 1707 1873 1748; x_wconf 81' lang='lat' dir='ltr'>instituti</span> 
     </span>
     <span class='ocr_line' id='line_1_75' title="bbox 1042 1764 1871 1814; baseline -0.002 -9"><span class='ocrx_word' id='word_1_335' title='bbox 1042 1764 1261 1814; x_wconf 88' lang='lat' dir='ltr'>coenobia,</span> <span class='ocrx_word' id='word_1_336' title='bbox 1287 1764 1599 1805; x_wconf 91' lang='lat' dir='ltr'>canonicorum</span> <span class='ocrx_word' id='word_1_337' title='bbox 1619 1765 1871 1812; x_wconf 87' lang='lat' dir='ltr'>conventus,</span> 
     </span>
     <span class='ocr_line' id='line_1_76' title="bbox 1042 1796 1871 1886; baseline -0.001 -25"><span class='ocrx_word' id='word_1_338' title='bbox 1042 1825 1085 1861; x_wconf 94' lang='lat' dir='ltr'>et</span> <span class='ocrx_word' id='word_1_339' title='bbox 1120 1796 1274 1872; x_wconf 61' lang='lat' dir='ltr'>populi</span> <span class='ocrx_word' id='word_1_340' title='bbox 1306 1824 1407 1860; x_wconf 89' lang='lat' dir='ltr'>sunt</span> <span class='ocrx_word' id='word_1_341' title='bbox 1435 1820 1615 1886; x_wconf 82' lang='lat' dir='ltr'>experti.</span> <span class='ocrx_word' id='word_1_342' title='bbox 1669 1819 1871 1860; x_wconf 87' lang='lat' dir='ltr'>Urbinati</span> 
     </span>
     <span class='ocr_line' id='line_1_77' title="bbox 1043 1874 1870 1927; baseline -0.004 -10"><span class='ocrx_word' id='word_1_343' title='bbox 1043 1875 1224 1917; x_wconf 88' lang='lat' dir='ltr'>dioecesi</span> <span class='ocrx_word' id='word_1_344' title='bbox 1256 1889 1344 1917; x_wconf 90' lang='lat' dir='ltr'>non</span> <span class='ocrx_word' id='word_1_345' title='bbox 1372 1888 1459 1916; x_wconf 92' lang='lat' dir='ltr'>uno</span> <span class='ocrx_word' id='word_1_346' title='bbox 1488 1876 1662 1916; x_wconf 90' lang='lat' dir='ltr'>nomine</span> <span class='ocrx_word' id='word_1_347' title='bbox 1690 1874 1870 1927; x_wconf 88' lang='lat' dir='ltr'>profuit:</span> 
     </span>
     <span class='ocr_line' id='line_1_78' title="bbox 1041 1931 1869 1996; baseline -0.002 -24"><span class='ocrx_word' id='word_1_348' title='bbox 1041 1931 1270 1973; x_wconf 88' lang='lat' dir='ltr'>Theuzoni</span> <span class='ocrx_word' id='word_1_349' title='bbox 1301 1934 1513 1996; x_wconf 84' lang='lat' dir='ltr'>episcopo</span> <span class='ocrx_word' id='word_1_350' title='bbox 1546 1932 1589 1972; x_wconf 88' lang='lat' dir='ltr'>in</span> <span class='ocrx_word' id='word_1_351' title='bbox 1618 1944 1749 1972; x_wconf 90' lang='lat' dir='ltr'>causa</span> <span class='ocrx_word' id='word_1_352' title='bbox 1775 1943 1869 1981; x_wconf 86' lang='lat' dir='ltr'>gra-</span> 
     </span>
     <span class='ocr_line' id='line_1_79' title="bbox 1041 1987 1871 2040; baseline -0.001 -12"><span class='ocrx_word' id='word_1_353' title='bbox 1041 1988 1221 2029; x_wconf 87' lang='lat' dir='ltr'>vissima</span> <span class='ocrx_word' id='word_1_354' title='bbox 1239 1987 1449 2037; x_wconf 86' lang='lat' dir='ltr'>assedit,&#39;</span> <span class='ocrx_word' id='word_1_355' title='bbox 1437 1991 1670 2040; x_wconf 91' lang='lat' dir='ltr'>1psumque</span> <span class='ocrx_word' id='word_1_356' title='bbox 1689 1987 1733 2027; x_wconf 92' lang='lat' dir='ltr'>in</span> <span class='ocrx_word' id='word_1_357' title='bbox 1752 1991 1871 2028; x_wconf 88' lang='lat' dir='ltr'>recte</span> 
     </span>
     <span class='ocr_line' id='line_1_80' title="bbox 1042 2042 1870 2096; baseline -0.001 -12"><span class='ocrx_word' id='word_1_358' title='bbox 1042 2043 1390 2085; x_wconf 89' lang='lat' dir='ltr'>administrando</span> <span class='ocrx_word' id='word_1_359' title='bbox 1411 2044 1671 2096; x_wconf 90' lang='lat' dir='ltr'>episcopatu</span> <span class='ocrx_word' id='word_1_360' title='bbox 1688 2042 1870 2084; x_wconf 89' lang='lat' dir='ltr'>consilio</span> 
     </span>
     <span class='ocr_line' id='line_1_81' title="bbox 1042 2100 1868 2152; baseline -0.002 -11"><span class='ocrx_word' id='word_1_361' title='bbox 1042 2105 1086 2141; x_wconf 94' lang='lat' dir='ltr'>et</span> <span class='ocrx_word' id='word_1_362' title='bbox 1106 2102 1242 2152; x_wconf 91' lang='lat' dir='ltr'>opera</span> <span class='ocrx_word' id='word_1_363' title='bbox 1260 2100 1377 2152; x_wconf 92' lang='lat' dir='ltr'>juvit.</span> <span class='ocrx_word' id='word_1_364' title='bbox 1404 2100 1663 2140; x_wconf 90' lang='lat' dir='ltr'>Divinorum</span> <span class='ocrx_word' id='word_1_365' title='bbox 1679 2104 1868 2140; x_wconf 90' lang='lat' dir='ltr'>contem-</span> 
     </span>
     <span class='ocr_line' id='line_1_82' title="bbox 1041 2155 1871 2208; baseline -0.001 -12"><span class='ocrx_word' id='word_1_366' title='bbox 1041 2156 1252 2208; x_wconf 88' lang='lat' dir='ltr'>platione,</span> <span class='ocrx_word' id='word_1_367' title='bbox 1273 2157 1473 2208; x_wconf 91' lang='lat' dir='ltr'>corporis</span> <span class='ocrx_word' id='word_1_368' title='bbox 1492 2155 1871 2204; x_wconf 87' lang='lat' dir='ltr'>macerationibus,</span> 
     </span>
     <span class='ocr_line' id='line_1_83' title="bbox 1042 2211 1871 2264; baseline -0.002 -11"><span class='ocrx_word' id='word_1_369' title='bbox 1042 2214 1289 2264; x_wconf 87' lang='lat' dir='ltr'>ceterisque</span> <span class='ocrx_word' id='word_1_370' title='bbox 1326 2214 1539 2264; x_wconf 88' lang='lat' dir='ltr'>spectatae</span> <span class='ocrx_word' id='word_1_371' title='bbox 1572 2211 1871 2252; x_wconf 82' lang='lat' dir='ltr'>sanctimoniae</span> 
     </span>
     <span class='ocr_line' id='line_1_84' title="bbox 1043 2267 1870 2320; baseline -0.002 -11"><span class='ocrx_word' id='word_1_372' title='bbox 1043 2268 1255 2320; x_wconf 88' lang='lat' dir='ltr'>exemplis</span> <span class='ocrx_word' id='word_1_373' title='bbox 1275 2268 1489 2310; x_wconf 83' lang='lat' dir='ltr'>excelluit.</span> <span class='ocrx_word' id='word_1_374' title='bbox 1517 2268 1600 2308; x_wconf 91' lang='lat' dir='ltr'>His</span> <span class='ocrx_word' id='word_1_375' title='bbox 1619 2272 1765 2308; x_wconf 91' lang='lat' dir='ltr'>motus</span> <span class='ocrx_word' id='word_1_376' title='bbox 1780 2267 1870 2308; x_wconf 89' lang='lat' dir='ltr'>Ste-</span> 
     </span>
     <span class='ocr_line' id='line_1_85' title="bbox 1041 2323 1871 2377; baseline -0.004 -12"><span class='ocrx_word' id='word_1_377' title='bbox 1041 2324 1213 2377; x_wconf 89' lang='lat' dir='ltr'>phanus</span> <span class='ocrx_word' id='word_1_378' title='bbox 1245 2337 1387 2366; x_wconf 89' lang='lat' dir='ltr'>nonus</span> <span class='ocrx_word' id='word_1_379' title='bbox 1419 2324 1623 2365; x_wconf 73' lang='lat' dir='ltr'>Pontifex</span> <span class='ocrx_word' id='word_1_380' title='bbox 1653 2323 1871 2363; x_wconf 87' lang='lat' dir='ltr'>Maximus</span> 
     </span>
     <span class='ocr_line' id='line_1_86' title="bbox 1043 2379 1872 2422; baseline -0.005 0"><span class='ocrx_word' id='word_1_381' title='bbox 1043 2393 1144 2422; x_wconf 91' lang='lat' dir='ltr'>eum</span> <span class='ocrx_word' id='word_1_382' title='bbox 1172 2380 1276 2422; x_wconf 91' lang='lat' dir='ltr'>licet</span> <span class='ocrx_word' id='word_1_383' title='bbox 1305 2380 1490 2422; x_wconf 87' lang='lat' dir='ltr'>invitum</span> <span class='ocrx_word' id='word_1_384' title='bbox 1515 2385 1559 2421; x_wconf 91' lang='lat' dir='ltr'>et</span> <span class='ocrx_word' id='word_1_385' title='bbox 1584 2379 1872 2421; x_wconf 90' lang='lat' dir='ltr'>reluctantem</span> 
     </span>
     <span class='ocr_line' id='line_1_87' title="bbox 1042 2434 1870 2478; baseline -0.002 -2"><span class='ocrx_word' id='word_1_386' title='bbox 1042 2440 1207 2478; x_wconf 87' lang='lat' dir='ltr'>sanctae</span> <span class='ocrx_word' id='word_1_387' title='bbox 1239 2437 1455 2478; x_wconf 83' lang='lat' dir='ltr'>Romanae</span> <span class='ocrx_word' id='word_1_388' title='bbox 1482 2435 1693 2477; x_wconf 80' lang='lat' dir='ltr'>Ecclesiae</span> <span class='ocrx_word' id='word_1_389' title='bbox 1722 2434 1870 2475; x_wconf 88' lang='lat' dir='ltr'>Cardi-</span> 
     </span>
     <span class='ocr_line' id='line_1_88' title="bbox 1042 2492 1870 2542; baseline -0.004 -9"><span class='ocrx_word' id='word_1_390' title='bbox 1042 2492 1186 2533; x_wconf 89' lang='lat' dir='ltr'>nalem</span> <span class='ocrx_word' id='word_1_391' title='bbox 1219 2493 1403 2542; x_wconf 90' lang='lat' dir='ltr'>creavit,</span> <span class='ocrx_word' id='word_1_392' title='bbox 1437 2497 1480 2533; x_wconf 93' lang='lat' dir='ltr'>et</span> <span class='ocrx_word' id='word_1_393' title='bbox 1508 2492 1757 2532; x_wconf 89' lang='lat' dir='ltr'>Ostiensem</span> <span class='ocrx_word' id='word_1_394' title='bbox 1784 2492 1870 2542; x_wconf 89' lang='lat' dir='ltr'>epi-</span> 
     </span>
     <span class='ocr_line' id='line_1_89' title="bbox 1043 2546 1870 2600; baseline -0.005 -11"><span class='ocrx_word' id='word_1_395' title='bbox 1043 2561 1237 2600; x_wconf 89' lang='lat' dir='ltr'>scopum.</span> <span class='ocrx_word' id='word_1_396' title='bbox 1292 2549 1411 2598; x_wconf 90' lang='lat' dir='ltr'>Quas</span> <span class='ocrx_word' id='word_1_397' title='bbox 1443 2548 1600 2588; x_wconf 91' lang='lat' dir='ltr'>Petrus</span> <span class='ocrx_word' id='word_1_398' title='bbox 1638 2546 1870 2596; x_wconf 88' lang='lat' dir='ltr'>dignitates</span> 
     </span>
     <span class='ocr_line' id='line_1_90' title="bbox 1043 2602 1870 2668; baseline -0.005 -23"><span class='ocrx_word' id='word_1_399' title='bbox 1043 2604 1409 2668; x_wconf 84' lang='lat' dir='ltr'>splendidissimis</span> <span class='ocrx_word' id='word_1_400' title='bbox 1428 2602 1679 2652; x_wconf 79' lang='lat' dir='ltr'>virtutibus,</span> <span class='ocrx_word' id='word_1_401' title='bbox 1705 2607 1747 2643; x_wconf 93' lang='lat' dir='ltr'>et</span> <span class='ocrx_word' id='word_1_402' title='bbox 1771 2613 1870 2642; x_wconf 86' lang='lat' dir='ltr'>con-</span> 
     </span>
     <span class='ocr_line' id='line_1_91' title="bbox 1043 2655 1869 2712; baseline -0.006 -11"><span class='ocrx_word' id='word_1_403' title='bbox 1043 2660 1265 2702; x_wconf 89' lang='lat' dir='ltr'>sentaneis</span> <span class='ocrx_word' id='word_1_404' title='bbox 1325 2658 1568 2712; x_wconf 91' lang='lat' dir='ltr'>episcopali</span> <span class='ocrx_word' id='word_1_405' title='bbox 1630 2655 1869 2698; x_wconf 90' lang='lat' dir='ltr'>ministerio</span> 
     </span>
     <span class='ocr_line' id='line_1_92' title="bbox 1044 2716 1420 2769; baseline -0.008 -11"><span class='ocrx_word' id='word_1_406' title='bbox 1044 2716 1264 2769; x_wconf 90' lang='lat' dir='ltr'>operibus</span> <span class='ocrx_word' id='word_1_407' title='bbox 1272 2716 1420 2766; x_wconf 87' lang='lat' dir='ltr'>gessit.</span> 
     </span>
    </p>
   </div>
  </div>
 </body>
</html>
