2080 2990
751 251 960 284 Commune
987 251 1100 284 unius
1127 250 1315 293 Martyris.

227 348 395 390 Servite
421 347 614 388 Domino
639 347 683 387 in
709 346 882 388 timore:
909 345 932 371 *
962 350 1005 387 et

177 404 392 447 exsultate
413 404 453 446 ei
472 416 572 445 cum
590 405 793 445 tremore.

228 460 563 514 Apprehendite
610 459 899 512 disciplinam,
934 471 1005 499 ne-

178 517 355 570 quando
392 518 606 558 irascatur
639 516 873 565 Dominus,
905 516 928 541 *
962 520 1006 556 et

176 574 367 628 pereatis
388 573 442 615 de
461 574 533 614 via
552 575 673 625 justa.

229 631 339 672 Cum
365 630 578 672 exarserit
603 630 647 670 in
671 629 795 671 brevi
819 628 884 669 ira
904 629 1006 680 ejus,

177 689 200 714 *
224 687 343 729 beati
363 699 516 728 omnes
536 686 610 738 qui
631 684 860 727 confidunt
877 685 922 725 in
942 697 1006 726 eo.

236 747 331 785 Ant.
361 743 609 785 Praedicans
628 744 901 795 praeceptum
919 741 1006 782 Do-

176 801 292 850 mini,
313 800 576 842 constitutus
597 804 664 841 est
682 799 725 839 in
744 802 893 839 monte
913 810 1006 838 san-

180 862 251 899 cto
272 858 372 909 ejus.

235 916 332 955 Ant.
369 915 484 955 Voce
502 926 610 955 mea
637 913 660 938 *
687 911 743 953 ad
770 911 1007 952 Dominum

179 970 378 1012 clamavi:
399 974 443 1012 et
457 969 679 1011 exaudivit
698 981 768 1010 me
784 967 839 1009 de
858 973 1007 1009 monte

179 1031 331 1068 sancto
352 1039 442 1068 suo.

467 1081 666 1121 Psalmus
694 1083 729 1121 3.

182 1132 417 1238 Domine
453 1138 560 1192 quid
594 1137 874 1190 multiplicati
908 1141 1009 1178 sunt

284 1197 359 1250 qui
385 1196 597 1239 tribulant
623 1194 715 1236 me?
743 1195 766 1220 *
794 1194 920 1235 multi
948 1194 1008 1234 in-

180 1258 364 1305 surgunt
383 1252 618 1295 adversum
636 1264 718 1293 me.

231 1311 358 1352 Multi
373 1310 526 1352 dicunt
546 1309 703 1350 animae
719 1320 845 1349 meae:
864 1308 887 1333 *
906 1307 1009 1348 Non

181 1373 248 1410 est
266 1367 383 1409 salus
401 1367 488 1420 ipsi
506 1366 552 1406 in
570 1366 668 1407 Deo
689 1366 790 1417 eius.

231 1425 301 1466 Tu
345 1428 491 1465 autem
537 1422 727 1463 Domine
778 1422 1010 1473 susceptor

181 1494 305 1523 meus
326 1493 384 1530 eS‚
403 1480 426 1506 *
445 1479 587 1530 gloria
610 1491 718 1528 mea,
743 1483 786 1519 et
812 1477 1010 1519 exaltans

182 1542 315 1591 caput
333 1549 490 1578 meum.

233 1594 358 1636 Voce
373 1606 472 1634 mea
486 1592 543 1634 ad
557 1592 796 1633 Dominum
812 1590 1010 1632 clamavi:

181 1651 205 1677 *
234 1655 278 1692 et
305 1649 529 1692 exaudivit
555 1661 626 1690 me
655 1648 710 1690 de
736 1652 887 1689 monte
915 1660 1010 1688 san-

182 1712 255 1749 cto
283 1719 375 1748 suo.

233 1764 328 1815 Ego
349 1762 554 1813 dormivi,
580 1767 624 1804 et
642 1763 878 1815 soporatus
898 1774 1010 1802 sum:

181 1821 205 1846 *
229 1825 273 1862 et
296 1820 537 1870 exsurrexi,
562 1819 664 1871 quia
682 1818 900 1860 Dominus
919 1830 1010 1858 sus—

182 1877 300 1929 cepit
319 1889 400 1917 me.

233 1933 335 1974 Non
371 1930 537 1974 timebo
573 1930 709 1972 millia
744 1930 898 1983 populi
930 1931 1008 1971 cir-

182 1989 429 2032 cumdantis
453 2001 539 2029 me:
557 1988 581 2013 *
602 1991 789 2038 exsurge
809 1987 1009 2036 Domine,

184 2046 353 2089 salvum
371 2058 442 2086 me
461 2045 531 2086 fac
550 2044 672 2085 Deus
690 2056 825 2085 meus.

234 2103 452 2154 Quoniam
487 2106 536 2143 tu
566 2100 823 2154 percussisti
856 2112 1009 2141 omnes

182 2159 467 2202 adversantes
481 2157 588 2198 mihi
603 2157 696 2199 sine
712 2169 858 2198 causa:
868 2157 891 2182 *
907 2155 1009 2198 den-

181 2221 248 2258 tes
266 2217 552 2269 peccaterum
571 2214 828 2263 contrivisti.

233 2272 414 2314 Domini
433 2276 500 2313 est
519 2270 652 2312 salus:
671 2271 695 2296 *
719 2275 763 2312 et
782 2282 914 2322 super
932 2271 1011 2322 po-

181 2329 334 2382 pulum
352 2333 476 2370 tuum
495 2326 747 2369 benedictio
766 2332 853 2368 tua.

238 2384 335 2425 Ant.
382 2387 502 2426 Voce
541 2396 642 2425 mea
681 2383 738 2425 ad
774 2383 1011 2424 Dominum

184 2441 383 2482 clamavi:
403 2446 446 2483 et
461 2439 684 2482 exaudivit
703 2452 774 2481 me
789 2439 844 2481 de
862 2443 1010 2480 monte

183 2502 335 2539 sancto
355 2511 446 2540 suo.

238 2547 288 2598 V·
326 2554 478 2595 Gloria
509 2557 552 2595 et
587 2552 755 2594 honore
789 2552 1011 2593 coronasti

185 2622 283 2651 eum
319 2610 518 2652 Domine.
571 2611 619 2661 Rg.
653 2610 710 2650 Et
746 2609 1011 2650 constituisti

184 2679 284 2707 eum
303 2679 434 2719 super
451 2668 587 2719 opera
600 2668 808 2707 manuum
826 2666 1012 2707 tuarum.

244 2720 367 2764 Pater
386 2727 546 2765 noster.

238 2777 481 2817 Absolutio.
511 2778 683 2820 Exaudi
701 2779 902 2820 Domine.

1115 342 1164 389 V·
1189 345 1301 387 Jube
1322 346 1492 388 domne.

1115 400 1275 440 Bened.
1308 402 1618 445 Benedictione
1639 406 1865 457 perpetua.

1114 465 1317 499 Lectiones
1344 472 1548 509 sequentes
1578 468 1598 501 l.
1627 469 1734 503 Noct.
1764 471 1891 510 legun-

1063 520 1123 547 tur
1143 514 1178 547 in
1199 514 1313 547 Festo
1334 514 1513 557 Mam-ris
1536 523 1569 549 et
1590 516 1796 551 l‘ontiiicis.

1116 566 1156 600 ln
1191 566 1303 601 Festo
1337 574 1460 601 autem
1495 568 1645 612 Martyr.
1676 580 1751 603 non
1787 571 1890 604 Pom.

1065 615 1241 657 leguntur
1267 626 1352 659 qum
1382 616 1540 649 inferius
1573 618 1711 659 posita·
1740 625 1824 652 sum
1856 619 1889 652 in

1064 663 1265 697 Communi
1293 664 1442 707 plurim.
1469 664 1575 698 Mart.
1600 664 1668 707 [37]

1171 730 1233 769 De
1253 727 1438 769 Actibus
1458 728 1787 781 Apostolorum.

1195 795 1345 835 Lectio
1368 795 1390 834 i.
1526 795 1707 845 (Συρίῃ).
1722 794 1758 833 d.

1068 860 1087 901 11
1150 859 1207 902 ²3⁴2*
1241 853 1394 895 Mileto
1426 854 1588 895 Paulus
1624 856 1802 896 mittens
1838 856 1891 896 E-

1069 957 1070 963 ,
1101 954 1115 969 ᾧ
1137 915 1201 973 ,ΝΕ
1241 910 1446 963 phesum,
1489 912 1665 953 vocavit
1705 913 1891 964 majores

1068 961 1198 994 ssffi-
1242 973 1348 1009 natu
1387 967 1609 1009 Ecclesiae.
1669 969 1752 1018 Qui
1794 982 1892 1010 cum

1062 1026 1284 1066 venissent
1303 1023 1359 1065 ad
1379 1037 1493 1074 eum,
1522 1030 1566 1066 et
1589 1025 1716 1066 simul
1737 1030 1892 1075 essent,

1063 1080 1172 1122 dixit
1201 1081 1277 1122 eis:
1314 1081 1410 1122 Vos
1438 1082 1558 1122 scitis
1587 1094 1612 1122 a
1640 1082 1782 1134 prima
1812 1081 1893 1131 die,

1063 1150 1149 1189 qua
1171 1138 1393 1188 ingressus
1417 1151 1513 1178 sum
1530 1138 1572 1178 in
1592 1138 1761 1188 Asiam,
1791 1140 1893 1191 qua-

1062 1194 1160 1235 liter
1187 1194 1416 1235 vobiscum
1448 1207 1528 1247 per
1561 1207 1689 1236 omne
1719 1200 1894 1248 tempus

1063 1250 1233 1300 fuerim,
1271 1251 1465 1292 serviens
1492 1251 1684 1292 Domino
1718 1264 1817 1293 cum
1850 1265 1893 1293 o-

1062 1307 1150 1347 mni
1171 1306 1425 1356 humilitate,
1446 1312 1489 1349 et
1507 1307 1710 1357 lacrimis,
1739 1313 1783 1349 et
1803 1313 1893 1349 ten-

1062 1363 1322 1414 tationibus,
1365 1377 1463 1416 quae
1500 1364 1606 1405 mihi
1641 1364 1894 1406 acciderunt

1064 1433 1117 1462 ex
1152 1420 1320 1461 insidiis
1352 1420 1626 1462 Judaeorum:
1668 1421 1892 1473 quomodo

1062 1476 1169 1517 nihil
1189 1477 1482 1518 subtraxerim
1500 1477 1681 1528 utilium,
1712 1491 1798 1530 quo
1818 1478 1893 1518 mi-

1063 1546 1144 1574 nus
1160 1534 1463 1575 annuntiarem
1476 1534 1612 1584 vobis,
1629 1539 1672 1576 et
1688 1534 1894 1576 docerem

1063 1603 1143 1631 vos
1168 1590 1356 1643 publice,
1385 1595 1428 1632 et
1447 1604 1526 1643 per
1546 1590 1715 1641 domos
1742 1591 1893 1632 testifi-

1064 1660 1168 1688 cans
1195 1647 1376 1696 Judaeis‚
1413 1652 1546 1699 atque
1576 1647 1822 1689 Gentilibus
1850 1648 1894 1688 in

1063 1703 1206 1745 Deum
1244 1704 1567 1756 poenitentiam,
1609 1709 1654 1745 et
1685 1704 1818 1745 fidem
1850 1705 1893 1745 in

1062 1761 1300 1802 Dominum
1342 1766 1542 1802 nostrum
1584 1761 1608 1802 J
1612 1774 1734 1802 esum
1775 1761 1894 1802 Chri-

1064 1823 1190 1860 stum.
1234 1818 1290 1858 Et
1314 1830 1429 1858 nunc
1454 1830 1557 1859 ecce
1583 1817 1784 1868 alligatus
1811 1830 1893 1868 ego

1063 1875 1230 1926 sp'iritu,
1250 1873 1364 1915 vado
1387 1874 1430 1914 in
1449 1873 1705 1915 Jerusalem:
1732 1887 1830 1926 quae
1850 1874 1894 1914 in

1064 1943 1115 1972 ea
1129 1933 1312 1972 ventura
1333 1931 1418 1971 sint
1436 1930 1551 1979 mihi,
1570 1931 1792 1981 ignorans:
1812 1930 1894 1971 nisi

1065 1986 1185 2039 quod
1210 1987 1396 2039 Spiritus
1425 1992 1602 2028 sanctus
1635 2000 1714 2039 per
1742 1999 1894 2028 omnes

1063 2044 1263 2085 civitates
1287 2043 1393 2084 mihi
1412 2045 1700 2096 protestatur,
1729 2043 1894 2085 dicens:

1064 2101 1271 2152 quoniam
1303 2100 1476 2141 vincula
1511 2105 1554 2141 et
1588 2100 1894 2142 tribulationes

1062 2157 1086 2197 J
1090 2156 1349 2208 erosolymis
1369 2169 1439 2198 me
1458 2161 1647 2198 manent.
1683 2156 1771 2198 Sed
1789 2156 1894 2197 nihil

1062 2213 1220 2254 horum
1244 2215 1415 2254 vereor:
1454 2226 1535 2254 nec
1562 2213 1676 2254 facio
1706 2213 1894 2254 animam

1062 2282 1206 2311 meam
1220 2269 1530 2322 pretiosiorem
1542 2282 1674 2322 quam
1688 2283 1769 2319 me,
1781 2268 1895 2311 dsim-

1062 2325 1197 2367 modo
1217 2329 1518 2368 consummem
1539 2339 1715 2367 cursum
1737 2338 1894 2375 meum,

1064 2387 1107 2424 et
1125 2382 1414 2424 ministerium
1434 2382 1571 2432 verbi,
1600 2382 1720 2434 quod
1744 2382 1894 2434 accepi

1064 2451 1089 2479 a
1103 2438 1294 2480 Domino
1311 2438 1336 2479 J
1338 2451 1426 2488 esu,
1453 2439 1680 2480 testificari
1699 2439 1894 2489 Evange-

1063 2495 1169 2536 lium
1187 2495 1341 2546 gratiae
1360 2496 1455 2537 Dei.

1121 2552 1170 2603 R.
1193 2552 1284 2593 Iste
1303 2557 1481 2594 sanctus
1504 2564 1586 2604 pro
1606 2551 1703 2602 lege
1722 2551 1806 2592 Dei
1826 2550 1892 2591 sui

1064 2608 1249 2650 certavit
1281 2621 1422 2660 usque
1454 2607 1511 2649 ad
1542 2612 1749 2656 mortem,
1792 2611 1835 2648 et
1867 2618 1892 2646 a

1063 2664 1211 2706 verbis
1252 2665 1489 2717 impiorum
1533 2676 1622 2705 non
1662 2662 1825 2704 timuit:
1872 2665 1892 2686 *

1063 2720 1291 2763 Fundatus
1316 2721 1431 2762 enim
1452 2725 1546 2762 erat
1571 2732 1703 2772 supra
1722 2719 1891 2759 firmam

1063 2782 1247 2830 petram.
1272 2774 1319 2823 Y.
1332 2777 1424 2818 Iste
1445 2780 1512 2818 est
1532 2776 1607 2828 qui
1626 2773 1891 2826 contempsit
