2040 2990
544 213 646 246 Infra
670 212 963 247 Hebdomadam
988 212 1023 245 ii.
1051 216 1138 255 post
1162 212 1428 255 Epiphaniam.

1776 211 1841 246 291

148 317 319 347 carnem
339 305 619 347 ambulemus.
640 306 692 346 In
710 317 839 346 carne
854 305 968 346 enim
1020 309 1101 354 est,
1131 305 1231 356 quia
1254 305 1406 356 quales
1432 319 1580 347 sumus
1600 307 1736 349 verbo
1762 320 1842 360 per

147 361 430 412 ambulantes,
444 375 532 404 non
544 362 783 403 secundum
794 374 968 402 carnem

145 417 391 459 militamus.

195 476 244 527 R.
269 474 389 515 Deus
417 474 461 514 in
489 478 533 516 te
561 474 752 527 speravi,
779 474 966 516 Domine

144 542 231 571 non
256 531 498 572 confundar
524 531 568 572 in
593 533 818 572 aeternum:
846 531 890 571 in
908 531 966 583 ju-

145 586 262 627 stitia
280 591 355 628 tua
372 586 510 629 libera
528 600 608 637 me,
626 590 648 614 *
670 588 727 629 Et
747 588 866 640 eripe
885 600 965 629 me.

142 643 191 691 V.
217 642 383 684 Inclina
406 643 463 686 ad
488 657 558 685 me
583 656 731 686 aurem
756 649 892 695 tuam,
922 649 965 685 et

144 698 265 740 salva
280 713 361 741 me.
387 700 444 741 Et
463 698 593 753 eripe.

449 762 599 803 Lectio
619 762 657 801 ii.

141 812 307 919 Nam
339 830 458 859 arma
489 818 655 860 militiae
682 822 846 859 nostrae
876 831 963 859 non

241 874 428 915 carnalia
442 880 553 925 sunt,
568 875 647 917 sed
658 875 856 927 potentia
865 875 962 915 Deo

142 928 198 970 ad
209 929 549 972 destructionem
558 931 857 980 munitionum,
871 943 964 972 con-

143 985 239 1026 silia
258 986 542 1038 destruentes,
568 993 612 1030 et
630 1000 802 1030 omnem
823 987 963 1029 altitu-

141 1041 285 1084 dinem
336 1044 617 1086 extollentem
661 1058 708 1086 se
753 1044 962 1086 adversus

141 1098 367 1141 scientiam
389 1100 488 1151 Dei,
524 1106 567 1143 et
593 1102 636 1142 in
663 1101 961 1154 captivitatem

139 1154 387 1207 redigentes
416 1170 589 1199 omnem
620 1158 887 1200 intellectum
918 1158 961 1198 in

140 1210 399 1265 obsequium
418 1214 594 1264 Christi,
623 1219 666 1256 et
689 1215 732 1255 in
754 1219 962 1267 promptu

139 1266 349 1311 habentes
368 1270 519 1312 ulcisci
534 1284 707 1313 omnem
721 1271 963 1314 inobedien-

139 1324 261 1376 tiam,
305 1339 403 1368 cum
438 1327 617 1380 impleta
653 1328 783 1369 fuerit
816 1333 962 1370 vestra

139 1379 398 1424 obedientia.
424 1384 531 1434 Quae
548 1384 787 1426 secundum
806 1385 962 1426 faciem

139 1442 256 1488 sunt,
282 1439 437 1481 videte.
473 1440 519 1482 Si
547 1441 644 1493 quis
671 1440 855 1482 confidit
879 1441 962 1483 sibi

141 1492 302 1536 Christi
321 1508 368 1537 se
388 1508 500 1546 esse,
518 1496 603 1539 hoc
622 1498 785 1549 cogitet
804 1500 962 1539 iterum

139 1550 258 1604 apud
277 1564 338 1593 se:
360 1553 459 1605 quia
474 1553 585 1595 sicut
598 1554 693 1606 ipse
709 1554 868 1596 Christi
884 1559 961 1604 est,

138 1607 200 1648 ita
219 1612 263 1649 et
281 1621 373 1650 nos.

191 1666 243 1718 R.
279 1665 519 1718 Repleatur
560 1679 610 1708 os
650 1680 795 1709 meum
832 1668 961 1711 laude

139 1725 225 1771 tua,
243 1726 292 1763 ut
309 1721 516 1774 hymnum
535 1722 677 1765 dicam
694 1724 846 1776 gloriae
861 1730 960 1775 tuae,

140 1781 235 1819 tota
260 1777 330 1820 die
349 1779 691 1831 magnitudinem
713 1786 847 1823 tuam:
871 1782 961 1824 noli

139 1846 209 1875 me
233 1836 446 1887 projicere
469 1835 513 1876 in
539 1838 738 1889 tempore
765 1842 960 1880 senectu-

139 1890 212 1931 tis:
229 1892 252 1917 *
275 1891 391 1932 Dum
419 1891 626 1934 defecerit
653 1893 696 1934 in
723 1907 793 1935 me
821 1895 959 1936 virtus

139 1959 250 1997 mea,
281 1960 335 1989 ne
360 1947 636 2001 derelinquas
660 1963 740 1991 me.
776 1946 826 1997 V.
847 1952 958 1993 Gau-

141 2002 304 2045 debunt
331 2004 446 2047 labia
470 2019 566 2048 mea
594 2019 693 2047 cum
723 2009 959 2049 cantavero

139 2058 229 2100 tibi.
244 2060 381 2102 Dum.

436 2113 584 2154 Lectio
604 2114 658 2154 iii.

139 2162 320 2268 Nam,
347 2174 390 2211 et
413 2170 450 2211 si
474 2171 659 2223 amplius
683 2171 850 2224 aliquid
868 2172 958 2223 glo-

241 2225 376 2267 riatus
404 2226 526 2268 fuero
555 2227 610 2269 de
637 2230 857 2280 potestate
884 2241 958 2270 no-

140 2285 248 2331 stra,
282 2294 410 2334 quam
443 2283 564 2325 dedit
589 2283 716 2325 nobis
744 2285 959 2326 Dominus

139 2337 182 2377 in
202 2337 547 2390 aedificationem,
567 2345 610 2382 et
628 2353 715 2382 non
731 2341 775 2381 in
793 2341 958 2383 destru-

140 2393 329 2435 ctionem
352 2400 556 2436 vestram:
581 2409 667 2437 non
693 2397 958 2439 erubescam.

140 2448 199 2490 Ut
221 2455 366 2492 autem
388 2463 476 2493 non
496 2453 716 2494 existimer
735 2458 959 2506 tamquam

141 2507 306 2547 terrere
319 2519 399 2548 vos
414 2520 492 2560 per
509 2509 733 2561 epistolas:
754 2510 959 2562 quoniam

142 2560 318 2612 quidem
336 2564 548 2615 epistolae,
567 2566 779 2618 inquiunt,
802 2579 958 2617 graves

142 2621 241 2658 sunt
274 2622 318 2658 et
347 2619 497 2661 fortes:
543 2623 774 2673 praesentia
813 2627 958 2663 autem

142 2674 339 2725 corporis
351 2674 531 2726 infirma,
550 2683 594 2718 et
610 2691 754 2719 sermo
770 2683 957 2719 contem-

140 2728 323 2780 ptibilis:
350 2729 435 2787 hoc
461 2733 623 2783 cogitet
649 2734 723 2786 qui
747 2733 959 2786 ejusmodi

1018 361 1227 413 epistolas
1261 361 1484 411 absentes,
1515 363 1625 405 tales
1657 369 1700 405 et
1731 377 1840 417 prae—

1018 419 1163 460 sentes
1189 418 1234 458 in
1264 418 1392 459 facto.
1432 419 1533 460 Non
1566 420 1680 461 enim
1712 421 1839 462 aude-

1016 488 1112 515 mus
1140 475 1347 524 inserere‚
1376 480 1451 516 aut
1477 479 1731 529 comparare
1759 490 1840 518 nos

1018 530 1298 583 quibusdam,
1328 532 1401 583 qui
1428 534 1598 584 seipsos
1625 535 1839 574 commen-

1017 586 1136 629 dant:
1170 587 1248 629 sed
1275 588 1359 640 ipsi
1386 588 1429 628 in
1454 588 1581 630 nobis
1604 592 1839 642 nosmetip-

1016 657 1089 685 sos
1102 645 1344 693 metientes,
1362 650 1406 686 et
1423 649 1727 698 comparantes
1742 659 1838 688 nos-

1015 703 1227 753 metipsos
1246 701 1383 743 nobis.

1069 758 1119 809 Rv.
1155 757 1420 800 Gaudebunt
1455 758 1571 800 labia
1606 772 1703 800 mea
1741 773 1838 801 cum

1016 816 1250 856 cantavero
1283 814 1378 856 tibi:
1413 816 1434 838 *
1466 816 1522 856 Et
1555 816 1698 856 anima
1731 829 1838 866 mea,

1016 883 1146 922 quam
1177 871 1401 913 redemisti
1432 872 1629 914 Domine.
1675 867 1722 917 Υ.
1750 873 1837 914 Sed

1016 932 1059 968 et
1088 927 1236 979 lingua
1268 941 1366 969 mea
1403 928 1686 970 meditabitur
1722 931 1837 981 justi-

1014 984 1120 1024 tiam
1139 989 1274 1034 tuam,
1300 989 1396 1026 tota
1422 985 1493 1026 die
1512 985 1687 1027 laudem
1706 991 1837 1027 tuam.

1013 1040 1080 1082 Et.
1110 1041 1261 1082 Gloria
1279 1041 1409 1083 Patri.
1437 1043 1503 1084 Et.

1240 1145 1401 1183 Feria
1433 1146 1610 1183 Sexta.

1016 1204 1080 1243 De
1091 1202 1290 1254 Epistola
1305 1204 1497 1245 secunda
1510 1204 1567 1245 ad
1579 1204 1836 1246 Corinthios.

1118 1269 1269 1310 Lectio
1291 1270 1313 1309 i.
1556 1272 1656 1322 Cap.
1679 1272 1732 1310 12.

1015 1327 1100 1379 Ql
1124 1324 1302 1375 gloriari
1331 1327 1507 1378 oportet
1534 1327 1635 1376 (non
1660 1326 1837 1378 expedit

1017 1367 1080 1425 Q)
1105 1380 1295 1433 quidem)
1324 1382 1495 1423 veniam
1523 1386 1670 1423 autem
1695 1382 1751 1423 ad
1777 1383 1836 1424 vi-

1014 1437 1174 1487 siones,
1226 1442 1269 1478 et
1315 1438 1605 1480 revelationes
1650 1439 1836 1479 Domini.

1013 1493 1113 1535 Scio
1138 1493 1360 1535 hominem
1384 1495 1427 1535 in
1448 1494 1621 1536 Christo
1644 1500 1744 1536 ante
1766 1509 1835 1536 an-

1013 1563 1093 1592 nos
1113 1550 1444 1603 quatuordecim
1463 1552 1570 1602 (sive
1589 1552 1632 1592 in
1652 1553 1837 1604 corpore

1013 1607 1178 1658 nescio,
1210 1608 1301 1649 sive
1330 1613 1455 1649 extra
1484 1621 1645 1661 corpus
1678 1609 1837 1658 nescio,

1013 1664 1134 1705 Deus
1158 1664 1269 1715 scitz)
1298 1669 1472 1716 raptum
1498 1665 1745 1717 hujusmodi
1768 1678 1836 1706 us-

1014 1733 1099 1772 que
1136 1720 1192 1762 ad
1228 1722 1405 1763 tertium
1443 1722 1613 1763 coelum.
1658 1722 1715 1763 Et
1744 1722 1835 1762 scio

1013 1777 1261 1829 hujusmodi
1279 1777 1516 1828 hominem,
1546 1779 1652 1828 (sive
1675 1778 1718 1818 in
1744 1780 1835 1819 cor-

1011 1846 1137 1886 pore,
1176 1834 1267 1875 sive
1299 1839 1422 1875 extra
1455 1846 1633 1886 corpus,
1676 1834 1836 1883 nescio,

1011 1891 1132 1931 Deus
1159 1891 1270 1940 scit:)
1297 1890 1501 1942 quoniam
1524 1895 1677 1943 raptus
1703 1895 1768 1931 est
1791 1890 1834 1930 in

1012 1946 1279 1998 paradisum:
1304 1951 1348 1988 et
1373 1946 1539 1988 audivit
1563 1949 1723 1987 arcana
1742 1959 1834 1988 ver-

1011 2003 1078 2052 ba,
1099 2016 1197 2055 quae
1216 2016 1305 2044 non
1323 2003 1427 2044 licet
1446 2003 1610 2044 homini
1628 2003 1760 2055 loqui.

1066 2059 1116 2111 R».
1140 2059 1391 2101 Confitebor
1409 2059 1489 2101 tibi
1507 2060 1694 2101 Domine
1713 2060 1834 2100 Deus

1011 2116 1054 2156 in
1072 2120 1169 2158 toto
1190 2116 1324 2158 corde
1343 2128 1454 2166 meo,
1474 2121 1518 2158 et
1531 2115 1833 2158 honorificabo

1011 2185 1169 2213 nomen
1198 2177 1321 2214 tuum
1348 2173 1391 2213 in
1421 2174 1646 2214 aeternum:
1677 2174 1698 2196 *
1724 2173 1835 2223 Quia

1010 2229 1311 2271 misericordia
1346 2233 1422 2270 tua
1457 2229 1644 2270 Domine
1678 2241 1834 2280 magna

1012 2290 1079 2327 est
1098 2298 1229 2338 super
1247 2299 1328 2327 me.
1359 2281 1406 2331 V.
1425 2286 1546 2327 Deus
1565 2298 1688 2327 meus
1708 2298 1754 2326 es
1774 2290 1831 2334 tu,

1012 2346 1055 2382 et
1083 2341 1327 2384 confitebor
1351 2342 1446 2383 tibi:
1477 2342 1600 2383 Deus
1630 2354 1753 2382 meus
1787 2353 1833 2382 es

1010 2402 1068 2447 tu,
1088 2403 1132 2440 et
1150 2398 1352 2439 exaltabo
1373 2403 1427 2439 te.
1455 2398 1576 2448 Quia.

1318 2453 1467 2494 Lectio
1490 2454 1526 2493 ii.

1093 2523 1141 2552 ro
1181 2510 1427 2563 hujusmodi
1469 2509 1706 2561 gloriabor:
1750 2520 1830 2560 pro

1107 2580 1176 2608 me
1202 2572 1348 2609 autem
1378 2566 1482 2607 nihil
1506 2565 1728 2617 gloriabor
1751 2564 1831 2604 n'isi

1010 2622 1053 2662 in
1076 2623 1399 2665 infirmitatibus
1419 2622 1539 2663 meis.
1573 2622 1701 2670 Nam,
1726 2625 1769 2661 et
1795 2619 1831 2660 si

1000 2679 1191 2720 ⁴voluero
1205 2680 1393 2730 gloriari,
1412 2691 1499 2719 non
1519 2691 1593 2719 ero
1610 2677 1830 2728 insipiens:

1010 2735 1239 2777 veritatem
1268 2735 1382 2776 enim
1409 2734 1564 2776 dicam:
1596 2744 1731 2786 parco
1759 2743 1830 2771 au-
