2080 2990
852 222 1088 266 Pri-:paratio
1116 223 1164 257 ad
1187 222 1354 256 Missam.

307 313 419 348 Fiant
448 322 559 348 aures
591 315 668 347 tuae
699 313 955 359 intendentes,
986 314 1007 339 *
1036 314 1076 349 in

255 373 391 399 vocem
414 362 698 406 deprecationis
721 373 828 398 meae.

306 412 347 447 Si
370 411 592 456 iniquitates
610 412 880 448 observaveris
896 412 1075 449 Domine:

255 462 277 487 *
299 461 461 496 Domine
485 461 572 505 quis
597 461 821 498 sustinebit?

307 511 405 553 Quia
433 510 538 555 apud
564 514 601 546 te
629 512 855 556 propitiatio
886 516 959 547 est:
988 511 1010 536 ¹⁸²
1039 515 1076 547 et

255 566 413 606 propter
436 562 561 605 legem
583 565 687 596 tuam
708 562 872 597 sustinui
894 566 931 597 te
954 562 1049 597 Dfie.

308 612 495 648 Sustinuit
516 612 643 647 anima
665 622 750 648 mea
773 613 813 647 in
835 612 955 648 verbo
978 612 1074 655 ejus:

255 663 276 688 ²¹²
301 662 471 707 speravit
494 662 621 697 anima
645 672 729 697 mea
754 662 793 697 in
814 662 990 698 Domino.

306 713 342 747 A
371 712 547 747 custodia
573 713 758 747 matutina
784 723 906 757 usque
932 712 982 747 ad
1009 723 1075 748 no-

256 766 368 798 ctem:
392 762 413 787 *
437 766 565 806 speret
587 761 706 797 Israel
729 763 769 797 in
791 762 968 797 Domino.

308 812 406 854 Quia
436 812 540 856 apud
562 812 767 847 Dominum
794 812 1074 847 misericordia:

256 862 277 886 *
301 866 338 897 et
364 862 523 906 copiosa
546 862 650 906 apud
673 872 759 897 eum
782 862 1006 906 redemptio.

308 913 355 948 Et
378 913 461 957 ipse
489 912 649 947 redimet
671 912 806 955 Israel,
833 913 854 937 *
882 923 930 947 ex
957 912 1076 947 omni-

258 964 331 999 bus
355 962 621 1007 iniquitatibus
645 962 736 1006 ejus.

309 1014 441 1050 Gloria
464 1013 578 1048 Patri.

315 1075 457 1108 Deinde
484 1075 664 1116 repetitur
682 1075 913 1116 Antiphonti.
939 1074 996 1107 Ne
1019 1082 1075 1107 re-

255 1123 471 1158 miniscaris
494 1122 658 1157 Domine
683 1122 821 1157 delicta
844 1126 990 1164 nostra,
1013 1123 1076 1158 vel

255 1175 454 1219 parentum
470 1173 702 1207 nostrorum:
726 1183 850 1217 neque
866 1173 1076 1209 vindictam

256 1233 385 1259 sumas
410 1222 457 1258 de
480 1222 650 1266 peccatis
673 1223 827 1257 nostris.

308 1277 427 1323 Kyrie
452 1277 607 1312 eleison.
638 1276 788 1311 Christe
813 1276 968 1312 eleison.
1000 1277 1076 1323 Ky-

255 1328 310 1363 rie
335 1327 490 1363 eleison.
533 1327 642 1362 Pater
661 1330 802 1362 noster.

311 1375 352 1419 Y.
369 1377 417 1412 Et
431 1386 479 1411 ne
495 1386 567 1411 nos
584 1376 745 1411 inducas
762 1376 802 1410 in
818 1376 1075 1412 tentationem.

260 1429 300 1472 R.
324 1426 401 1462 Sed
423 1426 543 1461 h'bffla
564 1437 637 1461 nos
661 1436 683 1461 a
706 1426 818 1461 malo.

309 1475 352 1520 Y.
377 1476 459 1521 Ego
483 1476 579 1520 dixi,
602 1476 765 1511 Domine
787 1476 967 1511 miserere
990 1476 1076 1512 mei.

260 1530 300 1572 Ιζι.
325 1526 426 1562 Sana
450 1526 616 1561 animam
637 1536 777 1570 meam,
802 1526 894 1571 quia
917 1527 1077 1571 peccavi

256 1577 337 1612 tibi.

310 1626 352 1669 Y.
368 1626 599 1662 Convertere
610 1626 773 1662 Domine
788 1627 1075 1671 aliquantulum.

259 1679 300 1721 R.
327 1676 375 1711 Et
398 1676 603 1721 deprecare
627 1687 743 1721 super
766 1687 901 1712 servos
924 1681 1023 1712 tuos,

310 1725 351 1768 Y.
395 1726 483 1762 Fiat
515 1727 781 1762 misericordia
813 1731 880 1762 tua
913 1726 1077 1762 Domine

257 1787 373 1821 super
395 1787 477 1812 1105.
525 1779 565 1820 Κ.
596 1776 927 1819 Quemadmodum
949 1779 1077 1822 spera-

257 1827 382 1862 vimus
407 1826 447 1861 in
469 1830 515 1861 te.

311 1872 351 1915 Y.
386 1875 613 1911 Sacerdotes
647 1876 703 1912 tui
735 1876 941 1912 induantur
972 1876 1076 1920 justi-

255 1926 357 1979 tiam.
405 1926 444 1967 lt.
470 1926 519 1961 Et
542 1927 666 1962 sancti
688 1927 744 1962 tui
768 1927 969 1962 exsultent.

311 1975 351 2014 Y.
377 1976 440 2011 Ab
457 1977 618 2012 occultis
634 1977 730 2012 meis
746 1977 890 2012 munda
905 1987 965 2012 me
980 1977 1075 2013 Dfie.

262 2024 300 2067 Ra
324 2026 372 2075 Εἴ
395 2027 443 2062 ab
468 2027 604 2062 alienis
627 2038 743 2072 parce
764 2038 878 2063 servo
901 2032 978 2063 tuo.

310 2074 351 2113 Y.
374 2076 536 2112 Domine
556 2077 698 2113 exaudi
715 2078 927 2113 orationem
941 2089 1075 2119 meam,

258 2123 300 2165 Rv-
323 2126 372 2176 Et
395 2127 539 2162 clamor
559 2138 666 2163 meus
691 2128 741 2163 ad
763 2132 800 2163 te
823 2128 962 2164 veniat.

309 2173 352 2213 Υ»
375 2176 562 2212 Dominus
587 2178 797 2213 vobiscum.

309 2223 350 2265 R·
372 2226 421 2262 Et
443 2236 529 2262 cum
552 2227 688 2272 spiritu
708 2231 785 2263 tuo.

585 2284 751 2319 Oremus.

304 2342 393 2367 ures
419 2335 497 2368 tuae
525 2333 696 2378 pietatis,
729 2334 928 2370 mitissime
957 2334 1075 2379 Deus,

334 2382 475 2418 inclina
498 2383 677 2427 precibus
700 2385 862 2428 nostris,
892 2389 928 2420 et
952 2386 1075 2429 gratia

256 2433 379 2467 sancti
403 2432 567 2477 Spiritus
595 2434 769 2469 illumina
800 2444 866 2469 cor
887 2439 1075 2479 nostrum;

255 2486 297 2517 ut
321 2482 397 2517 tuis
421 2483 614 2528 mysteriis
636 2484 750 2528 digne
774 2484 1000 2528 ministrare,
1023 2490 1075 2520 te-

257 2542 331 2577 que
349 2534 490 2568 aeterna
506 2534 663 2569 caritate
680 2534 839 2578 diligere
854 2537 1074 2570 mereamur.

314 2599 398 2633 eus,
428 2590 490 2624 cui
513 2600 623 2625 omne
648 2600 715 2626 cor
736 2595 859 2635 patet,
890 2596 927 2627 et
950 2593 1075 2627 omnis

335 2639 516 2675 voluntas
539 2641 717 2685 loquitur,
740 2645 776 2676 et
798 2652 910 2686 quem
930 2642 1075 2677 nullum

256 2690 348 2725 latet
364 2691 561 2734 secretum,
584 2692 742 2735 purifica
760 2702 830 2735 per
844 2691 1075 2726 infusionem

257 2740 381 2776 sancti
396 2739 559 2785 Spiritus
584 2741 836 2785 cogitationes
860 2741 988 2777 cordis
1010 2751 1075 2777 no—

1128 313 1212 355 stri;
1243 316 1285 348 ut
1308 316 1346 348 te
1375 313 1543 357 perfecte
1567 313 1743 358 diligere,
1774 317 1811 349 et
1834 313 1949 358 digne

1126 363 1285 399 laudare
1307 365 1530 401 mereamur.

1132 427 1225 503 Ure
1259 419 1347 463 igne
1382 419 1506 455 sancti
1538 419 1703 464 Spiritus
1738 429 1850 456 renes
1882 430 1950 456 no-

1206 473 1308 504 stros
1336 472 1373 504 et
1401 478 1468 504 cor
1497 473 1673 505 nostrum
1699 469 1879 514 Domine,
1906 474 1950 505 ut

1127 519 1198 555 tibi
1222 522 1329 554 casto
1354 520 1515 563 corpore
1538 520 1767 564 serviamuS,
1790 524 1829 556 et
1844 531 1950 556 mun-

1128 569 1179 605 do
1203 569 1319 604 corde
1342 569 1575 613 placeamus.

1131 630 1304 710 Mentes
1332 630 1501 670 nostras,
1532 627 1753 671 quaesumus
1775 626 1950 671 Domine,

1217 676 1432 711 Paraclitus
1458 676 1525 721 qui
1548 687 1570 711 a
1594 679 1631 712 te
1654 676 1843 721 procedit,
1866 677 1950 712 illu-

1127 727 1255 770 minet,
1279 730 1316 761 et
1332 726 1490 761 inducat
1506 727 1546 761 in
1563 736 1724 770 omnem,
1747 726 1847 762 sicut
1861 731 1950 762 tuus

1127 777 1304 822 promisit
1327 776 1458 820 Filius,
1482 777 1692 813 veritatem.

1131 833 1260 917 Adsit
1280 832 1410 876 nobis,
1434 834 1656 877 quaesumus
1676 833 1856 876 Domine,
1875 832 1951 868 vir-

1207 886 1268 918 tus
1292 882 1457 927 Spiritus
1481 883 1619 927 sancti;
1651 893 1738 929 quae
1766 887 1803 919 et
1833 883 1952 919 corda

1128 938 1261 970 nostra
1279 933 1483 968 clementer
1498 935 1695 978 expurget,
1715 937 1753 969 et
1767 934 1816 970 ab
1833 933 1951 969 omni-

1128 985 1201 1020 bus
1225 986 1377 1020 tueatur
1398 983 1583 1019 adversis.

1134 1050 1272 1125 Deus,
1297 1041 1364 1085 qui
1388 1040 1506 1076 corda
1528 1039 1700 1075 fidelium
1722 1039 1846 1075 sancti
1869 1039 1950 1084 Spi-

1211 1091 1308 1126 ritus
1331 1091 1588 1126 illustratione
1608 1090 1788 1134 docuisti;
1813 1090 1863 1126 da
1884 1100 1951 1126 no-

1128 1141 1189 1176 bis
1213 1141 1253 1176 in
1277 1141 1412 1177 eodem
1435 1141 1579 1186 Spiritu
1606 1145 1710 1176 recta
1733 1143 1886 1186 sapere,
1915 1145 1952 1176 et

1129 1190 1177 1226 de
1205 1191 1287 1234 eius
1312 1201 1463 1236 semper
1486 1191 1751 1226 consolatione
1773 1190 1951 1235 gaudere.

1134 1248 1411 1330 Conscientias
1434 1251 1603 1291 nostras,
1632 1248 1853 1292 quaesumus
1875 1247 1951 1283 Do-

1202 1299 1314 1343 mine,
1331 1298 1527 1334 visitando
1544 1298 1719 1343 purifica;
1735 1301 1777 1333 ut
1791 1297 1950 1334 veniens

1128 1348 1316 1384 Dominus
1339 1353 1471 1385 noster
1493 1349 1518 1384 J
1520 1359 1609 1384 esus
1634 1348 1811 1384 Christus
1830 1348 1951 1384 Filius

1127 1403 1216 1434 tuus
1248 1401 1424 1443 paratam
1455 1399 1533 1434 sibi
1563 1399 1604 1433 in
1635 1398 1750 1434 nobis
1781 1398 1952 1435 inveniat

1128 1450 1381 1485 mansionem:
1406 1449 1480 1491 Qui
1502 1453 1628 1484 tecum
1647 1449 1747 1485 vivit
1766 1452 1803 1484 et
1817 1452 1952 1494 regnat

1129 1499 1169 1534 in
1198 1500 1343 1535 unitate
1374 1499 1539 1544 Spiritus
1573 1499 1698 1534 sancti
1725 1498 1849 1543 Deus,
1882 1508 1953 1543 per

1129 1550 1257 1585 omnia
1280 1550 1424 1585 saecula
1449 1549 1688 1585 saeculorum.
1725 1548 1859 1584 Amen.

1179 1612 1327 1642 Sacerdos„
1351 1612 1398 1645 qui
1423 1615 1485 1644 post
1508 1610 1700 1637 antecedentes
1723 1609 1861 1642 Psalmffl,
1888 1609 1953 1635 Ant.

1132 1655 1235 1681 Versic.
1258 1657 1284 1679 ct
1306 1652 1452 1678 orationes
1475 1652 1569 1677 recitat
1593 1651 1637 1676 dic
1657 1650 1799 1683 designata
1818 1657 1900 1676 unam
1920 1658 1954 1676 ex

1132 1695 1311 1728 sequentibus
1331 1698 1436 1726 septem
1458 1692 1637 1719 Orationibus
1656 1691 1683 1717 S.
1701 1690 1843 1717 Ambrosii
1863 1690 1952 1724 Epist.

1132 1737 1255 1762 lucratur
1270 1733 1469 1767 Indulgentiam
1485 1734 1566 1760 «attius
1579 1734 1651 1760 anni.
1669 1732 1738 1764 <Leo
1752 1732 1830 1758 xm.
1845 1731 1886 1758 20.
1901 1732 1953 1758 De-

1131 1777 1250 1804 cembris
1266 1776 1350 1805 1554.)

1370 1850 1713 1893 ORATIONES

1149 1923 1207 1951 pro
1227 1913 1465 1950 opportunitate
1484 1910 1670 1940 Sacerdotis
1693 1913 1768 1938 ante
1786 1909 1936 1938 Celebra-

1235 1955 1357 1983 tionem
1375 1957 1408 1983 et
1426 1951 1698 1983 communionem
1716 1950 1872 1980 dicendae.

1205 2010 1349 2051 Oratio
1373 2010 1415 2051 S.
1438 2009 1649 2051 Ambrosii
1670 2009 1873 2062 Episcopi.

1347 2075 1437 2111 Die
1466 2073 1738 2110 Dominiea.

1176 2152 1301 2177 umme
1336 2141 1543 2185 Sacerdos,
1580 2145 1617 2177 et
1649 2151 1741 2177 vere
1772 2140 1951 2176 Pontifex

1204 2192 1300 2227 Jesu
1323 2191 1491 2236 Christe,
1517 2192 1584 2236 qui
1604 2195 1642 2227 te
1671 2191 1845 2226 obtulisti
1866 2190 1950 2226 Deo

1127 2242 1233 2277 Patri
1256 2241 1424 2277 hostiam
1446 2251 1583 2286 puram
1607 2245 1645 2276 et
1668 2240 1951 2276 immaculatam

1128 2293 1167 2327 in
1202 2303 1269 2327 ara
1300 2292 1436 2327 Crucis
1471 2301 1543 2336 pro
1581 2291 1696 2326 nobis
1728 2290 1879 2326 miseris
1914 2295 1951 2326 et

1127 2342 1410 2387 peccatoribus,
1434 2346 1471 2377 et
1488 2341 1556 2386 qui
1572 2341 1714 2376 dedisti
1729 2341 1844 2376 nobis
1860 2340 1950 2376 Car-

1127 2403 1214 2427 nem
1236 2396 1342 2427 tuam
1369 2391 1420 2427 ad
1442 2391 1770 2435 manducandum,
1799 2395 1837 2426 et
1859 2390 1950 2427 San·

1127 2442 1282 2485 guinem
1308 2445 1415 2476 tuum
1439 2441 1489 2476 ad.
1515 2441 1742 2485 bibendum,
1776 2445 1813 2476 et
1835 2451 1951 2486 posu-

1127 2492 1191 2527 isti
1217 2491 1441 2537 mysterium
1469 2491 1574 2526 istud
1600 2492 1641 2526 in
1668 2492 1810 2527 virtute
1833 2491 1950 2536 Spiri-

1126 2546 1188 2577 tus
1220 2541 1343 2576 sancti
1371 2541 1441 2585 tui,
1476 2541 1624 2576 dicens:
1654 2541 1750 2576 Haec
1782 2541 1950 2586 quoties-

1128 2594 1288 2636 cumque
1323 2591 1505 2635 feceritis,
1544 2591 1584 2626 in
1618 2592 1694 2626 mei
1727 2591 1950 2626 memoriam

1127 2642 1292 2677 facietis:
1316 2651 1412 2686 rogo
1435 2652 1505 2686 per
1526 2642 1701 2677 eumdem
1716 2641 1948 2686 sanguinem

1126 2696 1242 2735 tuum,
1263 2702 1443 2737 magnum
1459 2692 1596 2727 salutis
1612 2691 1947 2736 nostraerpretium,

1127 2752 1223 2786 rogo
1252 2753 1323 2787 per
1350 2742 1450 2777 hanc
1482 2742 1618 2777 miram
1647 2746 1685 2777 et
1714 2741 1948 2777 ineffabilem
