2080 2990
774 238 985 275 Commune
1010 240 1301 284 Apostolorum.

218 335 307 378 Vos
328 333 591 376 saeculorum
608 332 784 386 judices,

261 392 319 434 Et
336 404 441 434 vera
459 390 611 433 mundi
634 390 808 440 lumina,

262 449 392 491 Votis
410 450 644 502 precamur
663 446 876 489 cordium:

263 505 427 548 Audite
445 517 579 547 voces
601 504 859 557 supplicum.

208 571 294 622 Qui
315 570 481 623 templa
499 569 601 611 coeli
620 568 832 618 clauditis,

237 628 455 680 Seresque
474 626 612 669 verbo
632 625 811 675 solvitis,

237 685 332 726 Nos
351 697 377 725 a
396 686 521 726 reatu
539 683 696 725 noxios

238 741 358 783 Solvi
375 740 531 793 jubete,
561 742 823 793 quaesumus,

211 807 443 858 Praecepta
462 817 649 858 quorum
666 803 867 857 protinus

262 863 469 913 Languor
489 861 694 913 salusque
713 861 920 910 sentiunt:

263 920 423 962 Sanate
441 923 611 960 mentes
628 917 872 969 languidas:

263 976 435 1028 Augete
454 988 534 1017 nos
553 974 802 1017 virtutibus:

211 1043 281 1093 Ut,
309 1055 409 1084 cum
428 1040 588 1083 redibit
607 1040 770 1082 arbiter

262 1100 314 1140 In
333 1098 419 1140 fine
439 1097 638 1140 Christus
658 1097 819 1147 saeculi,

264 1156 360 1198 Nos
380 1154 633 1208 sempiterni
651 1153 800 1205 gaudii

266 1211 491 1256 Concedat
510 1224 607 1253 esse
627 1213 868 1265 compotes.

216 1278 343 1329 Patri,
371 1277 588 1330 simolque
606 1276 729 1326 Filio,

263 1335 452 1388 Tibique
473 1338 623 1375 sancte
642 1333 840 1386 Spiritus,

263 1393 384 1435 Sicut
402 1391 493 1441 fuit,
522 1391 578 1432 sit
600 1390 756 1442 jugiter

266 1449 454 1492 Saeclum
463 1461 544 1501 per
555 1460 683 1489 omne
694 1447 843 1498 gloria.
863 1446 1016 1488 Amen.

236 1502 287 1555 V.
332 1509 713 1550 Annuntiaverunt
750 1509 887 1560 opera
921 1507 1015 1549 Dei.

186 1565 237 1617 Βι-
266 1567 323 1609 Et
342 1566 457 1608 facta
476 1566 567 1618 ejus
586 1564 905 1607 intellexerunt.

238 1623 312 1666 Ad
330 1623 494 1666 Bened.
512 1624 614 1665 Ant.
642 1624 732 1667 Vos
753 1626 827 1678 qui
845 1625 1016 1677 reliqui-

188 1685 266 1727 stis
298 1684 322 1711 *
354 1683 514 1733 omnia,
551 1686 596 1725 et
628 1683 767 1724 sectiti
800 1682 905 1724 estis
936 1694 1017 1731 me,

188 1740 442 1794 centuplum
465 1739 707 1792 accipietiS‚
740 1744 784 1781 et
803 1740 939 1781 vitam
963 1751 1017 1780 ae-

187 1800 357 1840 ternam
374 1795 671 1850 possidebitis.

458 1861 526 1898 Ad
548 1860 752 1898 Tertiam.

242 1915 342 1956 Ant.
371 1914 582 1965 Maiorem
601 1914 841 1956 caritatem.

242 1971 380 2023 Capit.
420 1970 612 2012 Fratres:
650 1970 676 2012 J
678 1983 749 2012 am
780 1983 869 2012 non
901 1970 1018 2012 estis.
1083 1955 1153 1986 4

188 2032 236 2069 ut
255 2040 400 2080 supra.
429 2027 504 2080 [12]

239 2085 291 2138 Rz.
306 2083 369 2126 br.
395 2085 447 2126 In
462 2097 638 2126 omnem
654 2088 817 2126 terram
832 2084 855 2108 *
872 2084 1019 2125 Exivit

190 2155 323 2184 sonus
342 2143 505 2184 eorum.
533 2141 584 2182 In
608 2154 794 2182 omnem.
823 2134 873 2187 V.
899 2141 957 2182 Et
975 2141 1017 2181 in

189 2199 299 2242 fines
343 2198 462 2240 orbis
504 2202 635 2240 terrae
678 2197 814 2240 verba
856 2199 1018 2239 eorum.

190 2255 346 2297 Exivit.
374 2254 527 2296 Gloria
544 2254 676 2297 Patri.
704 2255 755 2296 In
775 2267 960 2296 omnem.

240 2306 292 2359 V.
322 2312 573 2354 Constitues
597 2324 674 2354 eos
702 2312 923 2364 principes
952 2324 1018 2352 su-

190 2381 270 2422 per
297 2381 471 2412 omnem
499 2373 673 2411 terram.
716 2368 768 2419 Rz.
799 2368 1019 2410 Memores

191 2430 317 2468 erunt
335 2425 523 2467 nominis
542 2426 606 2468 tui
624 2426 824 2467 Domine.

468 2491 536 2527 Ad
559 2490 747 2528 Sextam.

244 2541 345 2582 Ant.
363 2541 457 2586 Vos
476 2544 604 2586 amici
622 2544 709 2586 mei
729 2543 844 2585 estis.

295 2600 553 2653 Capitulum.
709 2601 806 2642 Aet.
821 2602 858 2641 5.
875 2600 914 2641 b.

275 2674 322 2703 er
346 2674 499 2703 manus
527 2666 674 2704 autem
700 2660 1019 2714 Apostolorum

292 2718 456 2761 fiebant
470 2718 594 2769 signa
609 2724 652 2761 et
666 2718 868 2771 prodigia
882 2717 1020 2758 multa

192 2776 235 2817 in
254 2774 394 2828 plebe.

1116 336 1168 389 Κ.
1184 335 1245 377 br.
1268 333 1519 375 Constitues
1535 345 1611 374 eos
1630 331 1852 385 principes
1870 341 1893 365 *

1066 392 1207 445 Super
1231 403 1406 432 omnem
1429 394 1603 431 terram.
1632 389 1895 430 Constitues.

1064 443 1116 496 V.
1134 448 1355 490 Memores
1376 451 1503 488 erunt
1521 446 1709 487 nominis
1728 445 1792 487 tui
1807 445 1895 486 Do-

1066 506 1193 547 mine.
1220 505 1372 557 Super.
1400 503 1564 544 Gloria.
1593 502 1854 544 Constitues.

1117 562 1168 614 V.
1197 565 1341 608 Nimis
1355 564 1559 606 honorati
1575 568 1675 605 sunt
1691 563 1818 604 amici
1834 563 1896 604 tui

1067 624 1199 665 Deus.
1251 624 1302 675 R.
1339 621 1482 663 Nimis
1520 621 1792 663 confortatus
1829 624 1896 662 est

1067 681 1338 734 principatus
1358 681 1522 721 eorum.

1347 756 1414 793 Ad
1439 757 1623 793 Nonam.

1121 821 1220 861 Ant.
1248 821 1300 860 In
1318 817 1530 872 patientia
1548 821 1707 859 vestra.

1172 890 1431 942 Capitulum.
1588 894 1687 937 Act.
1703 895 1740 934 5.
1758 907 1791 935 e.

1116 952 1222 998 bant
1246 950 1455 1004 Apostoli
1479 949 1722 1002 gaudentes
1747 963 1773 991 a
1799 962 1898 991 con-

1138 1010 1294 1061 spectu
1320 1007 1508 1057 concilii,
1545 1007 1751 1060 quoniam
1781 1006 1900 1057 digni

1068 1065 1204 1107 habiti
1223 1070 1324 1107 sunt
1343 1078 1424 1118 pro
1440 1064 1616 1106 nomine
1630 1064 1655 1105 J
1657 1077 1735 1106 esu
1749 1069 1899 1106 contu-

1068 1122 1244 1164 meliam
1262 1122 1365 1176 pati.

1121 1184 1170 1235 Ru
1206 1183 1269 1225 br.
1315 1182 1457 1224 Nimis
1499 1182 1704 1224 honorati
1741 1186 1842 1223 sunt
1875 1186 1897 1211 *

1070 1241 1213 1281 Amici
1238 1241 1302 1282 tui
1326 1240 1459 1281 Deus.
1486 1239 1640 1281 Nimis.
1676 1238 1727 1289 V.
1758 1238 1901 1280 Nimis

1070 1297 1343 1339 confortatus
1360 1301 1426 1338 est
1444 1296 1717 1349 principatus
1737 1297 1900 1337 eorum.

1071 1355 1224 1396 Amici.
1250 1354 1404 1395 Gloria
1423 1353 1552 1395 Patri.
1579 1352 1731 1394 Nimis.

1120 1410 1171 1462 V.
1213 1415 1595 1457 Annuntiaverunt
1632 1416 1770 1466 opera
1805 1413 1901 1455 Dei.

1070 1472 1121 1524 132.
1148 1474 1205 1515 Et
1224 1473 1340 1514 facta
1360 1474 1452 1524 ejus
1470 1471 1788 1514 intellexerunt.

1272 1562 1334 1603 In
1359 1562 1421 1603 11.
1442 1561 1692 1612 vesperis.

1125 1631 1225 1671 Ant.
1251 1629 1421 1671 ,Iuravit
1440 1628 1669 1678 Dominus
1690 1628 1713 1654 *
1743 1632 1787 1670 et
1814 1640 1901 1668 non

1070 1685 1302 1738 poenite'bit
1326 1699 1440 1728 eum:
1466 1685 1536 1727 Tu
1556 1698 1603 1727 es
1627 1684 1836 1727 sacerdos
1860 1685 1902 1725 in

1071 1743 1295 1784 aeternum.

1331 1799 1531 1840 Psalmus
1552 1801 1645 1840 109.

1267 1978 1422 2018 Donec
1441 1989 1605 2029 ponam
1622 1976 1823 2018 inimicos
1838 1980 1902 2018 tu-

1073 2047 1134 2084 os,
1153 2034 1177 2061 *
1195 2033 1436 2076 scabellum
1454 2032 1618 2086 pedum
1637 2035 1825 2074 tuorum.

1124 2091 1307 2142 Virgam
1326 2090 1499 2132 virtutis
1521 2094 1610 2131 tuae
1627 2092 1797 2132 emittet
1814 2091 1902 2131 Do-

1071 2149 1215 2190 minus
1242 2161 1296 2190 ex
1314 2147 1437 2189 Sion:
1456 2147 1480 2173 *
1505 2146 1733 2189 dominare
1753 2147 1797 2188 in
1815 2149 1901 2189 me-

1073 2205 1146 2247 dio
1166 2205 1443 2246 inimicorum
1460 2205 1648 2246 tuorum.

1124 2262 1292 2304 Tecum
1306 2261 1570 2314 principium
1584 2260 1628 2301 in
1643 2259 1713 2302 die
1728 2261 1903 2302 virtutis

1072 2324 1161 2361 tuae
1187 2319 1231 2360 in
1255 2317 1566 2372 splendoribus
1591 2319 1858 2359 sanctorum:
1879 2318 1902 2343 *

1073 2389 1128 2418 ex
1146 2379 1273 2418 utero
1293 2380 1394 2418 ante
1412 2375 1642 2417 luciferum
1660 2375 1791 2425 genui
1809 2379 1864 2416 te.

1124 2432 1295 2474 Juravit
1320 2432 1549 2482 Dominus,
1578 2435 1622 2473 et
1648 2443 1738 2472 non
1763 2430 1902 2484 poeni-

1073 2489 1183 2532 tebit
1207 2503 1322 2531 eum:
1344 2490 1368 2515 *
1392 2489 1462 2530 Tu
1486 2501 1533 2530 es
1558 2487 1766 2530 sacerdos
1783 2488 1828 2528 in
1847 2501 1902 2529 ae-

1073 2549 1247 2588 ternum
1261 2545 1504 2588 secondum
1516 2544 1716 2587 ordinem
1725 2543 1901 2586 Melchi-

1074 2603 1247 2645 sedech.

1124 2660 1340 2702 Dominus
1360 2673 1385 2701 a
1400 2659 1568 2702 dextris
1582 2659 1679 2709 tuis,
1694 2659 1718 2685 *
1737 2657 1901 2699 confre-

1072 2717 1135 2766 git
1153 2717 1197 2757 in
1216 2716 1287 2759 die
1305 2717 1383 2758 irae
1403 2729 1496 2758 suae
1516 2728 1654 2766 reges.

1123 2773 1149 2814 J
1150 2773 1347 2816 udicabit
1364 2774 1408 2814 in
1422 2772 1682 2821 nationibus,
1702 2768 1901 2823 implebit
