2080 2990
193 200 261 236 496

483 297 633 336 Lectio
657 295 739 334 viii.

198 349 435 453 Magnus
462 362 560 391 esse
584 349 672 390 vis?
709 362 734 389 a
758 348 938 389 minimo
964 349 1024 387 in-

330 406 440 458 cipe.
478 405 658 455 Cogitas
675 417 878 455 magnam
896 401 1025 445 fabri-

197 475 293 503 cam
336 464 592 502 construere
629 459 923 502 celsitudinis?
970 458 1025 500 de

195 517 480 558 fundamento
501 517 624 568 prius
648 516 793 566 cogita
812 514 1026 555 humilita-

195 573 264 614 tis.
305 573 361 613 Et
391 577 600 624 quantam
629 571 816 623 quisque
844 570 954 618 vult,
984 573 1027 610 et

199 627 393 681 disponit
410 628 771 680 superMponere
791 625 952 666 molem
971 637 1026 665 ae-

199 684 342 734 dificii,
359 688 521 736 quanto
539 683 620 724 erit
631 683 768 733 majus
780 681 1027 729 aedificium,

195 745 318 781 tanto
362 740 491 781 altius
534 738 646 780 fodit
686 738 1027 779 fundamentum.

196 796 253 837 Et
279 795 448 838 fabrica
477 794 654 847 quidem
682 807 781 835 cum
814 792 1026 834 construi-

196 857 283 901 tur,
308 853 352 892 in
377 853 567 904 superna
592 849 832 901 consurgit3
864 849 939 900 qui
958 861 1029 889 au-

197 913 287 949 tem
319 907 431 948 fodit
462 906 811 954 fundamentum,
857 904 913 945 ad
943 904 1031 944 ima

198 962 469 1015 deprimitur.
509 962 628 1013 Ergo
662 966 706 1002 et
732 960 900 1002 fabrica
929 964 1031 1000 ante

199 1018 504 1060 celsitudinem
532 1017 806 1066 humiliatur,
841 1021 884 1057 et
911 1016 1029 1056 fasti-

198 1075 317 1125 gium
341 1078 445 1127 post
467 1073 816 1114 humiliationem
839 1071 1030 1122 erigitur.

255 1134 302 1183 R'·
320 1130 400 1171 Isti
421 1134 521 1171 sunt
539 1129 621 1170 viri
641 1128 792 1177 sancti,
815 1140 925 1179 quos
946 1126 1029 1168 ele—

197 1186 261 1237 git
284 1186 499 1227 Dominus
525 1185 569 1225 in
595 1184 776 1225 caritate
802 1196 891 1224 non
914 1182 1029 1232 ficta,

199 1247 243 1283 et
262 1242 384 1283 dedit
403 1242 487 1282 illis
503 1241 689 1292 gloriam
705 1240 1030 1291 sempiternam:

201 1307 221 1328 *
238 1298 435 1347 Quorum
451 1297 651 1338 doctrina
667 1296 806 1346 fulget
819 1294 1029 1344 Ecclesia,

198 1359 246 1395 ut
273 1354 366 1395 sole
391 1354 504 1394 luna.
542 1351 591 1402 V.
619 1352 767 1394 Sancti
791 1364 871 1404 per
896 1350 1029 1392 fidem

199 1411 397 1451 vicerunt
415 1422 566 1460 regna,
593 1409 766 1461 operati
791 1412 891 1449 sunt
912 1408 1029 1459 justi-

199 1466 315 1507 tiam.
372 1467 569 1515 Quorum
607 1464 819 1506 doctrina.
878 1463 1032 1505 Gloria

198 1522 328 1563 Patri.
368 1522 566 1571 Quorum
585 1521 796 1563 doctrina.

254 1588 293 1621 In
325 1586 516 1627 Quadrag.
548 1586 595 1618 ix.
636 1586 735 1618 Lect.
768 1590 804 1617 ct
834 1593 1028 1618 commem.

202 1635 324 1669 Furiae
350 1635 387 1667 in
416 1634 531 1667 Laud.
559 1639 593 1666 et
618 1632 749 1675 Vesp.:
777 1632 873 1665 alias

499 1685 650 1724 Lectio
677 1685 728 1722 ix.

284 1737 375 1778 uod
396 1741 462 1777 est
482 1735 705 1786 fastigium
724 1733 1032 1775 construendae

313 1793 507 1841 fabricae,
534 1804 666 1843 quam
688 1789 917 1831 molimur?
943 1802 1032 1841 quo

199 1852 516 1902 perventurum
554 1852 621 1888 est
653 1850 863 1888 cacumen
896 1845 1032 1887 aedifi-

201 1904 277 1947 cii?
323 1905 422 1945 Cito
452 1903 568 1953 dico,
599 1915 740 1955 usque
768 1902 824 1944 ad
851 1903 1032 1954 conspe-

201 1967 320 2003 ctum
339 1961 434 2002 Dei.
463 1960 637 2001 Videtis
659 1972 791 2011 quam
812 1958 1034 2000 excelsum

202 2022 284 2066 est,
338 2021 501 2068 quanta
545 2028 615 2057 res
662 2020 730 2057 est
775 2017 1034 2067 conspicere

201 2074 356 2114 Deum.
412 2073 496 2123 Qui
541 2071 778 2120 desiderat,
825 2075 868 2112 et
914 2070 1035 2122 quod

203 2129 318 2178 dico,
345 2134 388 2170 et
408 2128 529 2180 quod
549 2126 670 2169 audit
688 2127 902 2177 intelligit.
929 2127 1033 2168 Pro-

202 2186 387 2227 mittitur
404 2184 533 2226 nobis
549 2186 813 2236 conspectus
828 2183 923 2233 Dei,
942 2182 1036 2224 veri

202 2242 298 2291 Dei,
318 2241 476 2282 summi
496 2240 589 2282 Dei.
617 2241 716 2281 Hoc
736 2240 851 2280 enim
870 2239 1036 2280 bonum

205 2302 282 2346 est,
303 2296 525 2338 videntem
544 2295 707 2337 videre.
733 2295 849 2336 Nam
871 2295 943 2347 qui
965 2307 1034 2336 co-

204 2354 299 2395 lunt
317 2353 452 2394 falsos
473 2351 593 2401 deos,
613 2350 741 2392 facile
756 2351 856 2391 illos
872 2350 1036 2392 vident:

205 2408 285 2450 sed
305 2421 382 2450 eos
402 2408 566 2457 vident,
593 2407 668 2458 qui
689 2406 842 2447 oculos
862 2406 1035 2456 habent,

206 2469 250 2506 et
276 2476 365 2505 non
393 2463 553 2504 vident.
594 2462 735 2503 Nobis
765 2467 911 2503 autem
937 2474 1035 2514 pro-

205 2520 392 2561 mittitur
420 2519 532 2559 visio
560 2518 645 2559 Dei
671 2517 875 2566 vivontis,
905 2523 949 2559 et
977 2518 1035 2557 vi·
1095 2525 1166 2558 ³‘'‹.‘

206 2575 360 2617 dentis.

260 2631 323 2672 Te
343 2631 486 2671 Deum
504 2629 745 2670 laudamus.
764 2629 823 2669 14.

495 2715 512 2716 W
517 2701 797 2729 —fflffi-..m-

698 202 768 235 Die
793 203 822 234 4.
849 202 984 234 Martii.
1032 201 1066 233 S.
1093 200 1271 234 (Iasimiri
1298 199 1405 233 Conf.

1228 297 1459 357 FESTA
1493 297 1718 357 MART!
1735 299 1767 357 I.

1135 377 1233 409 Ante
1266 375 1456 415 Quadrag.
1490 374 1613 417 prima
1644 374 1705 408 die
1735 385 1811 407 non
1844 375 1908 407 im-

1082 424 1213 466 pedita
1240 423 1381 456 dieitur
1404 421 1581 455 Officium
1606 421 1893 456 Defunctorum.

1334 510 1418 552 Die
1437 512 1476 551 4.
1494 510 1650 552 Martii.

1193 578 1236 619 S.
1257 578 1489 619 casimiri
1513 581 1795 621 Confessoris.

1369 645 1630 687 Semiduplex.
1696 638 1697 641 ¹

1138 698 1275 732 Omnia
1307 698 1353 731 de
1384 698 1529 731 Comm.
1561 697 1670 731 Conf.
1701 708 1778 731 non
1802 698 1911 732 Pont.

1079 741 1148 785 [67]
1178 751 1319 788 practer
1343 755 1448 788 sequ.

1422 797 1584 837 Oratio.

1085 848 1264 952 DeuS,
1290 850 1365 902 qui
1386 849 1500 890 inter
1522 849 1694 900 regales
1719 848 1908 899 delicias,

1187 911 1231 947 et
1257 904 1410 946 mundi
1436 905 1681 955 illecebras,
1709 910 1910 953 sanctum

1080 962 1339 1003 Casimirum
1365 961 1526 1002 virtute
1553 961 1814 1002 constantiae
1839 973 1908 1002 ro-

1078 1018 1263 1059 borasti:
1290 1019 1556 1068 quaesumus3
1588 1021 1638 1058 ut
1665 1017 1755 1068 ejus
1779 1017 1908 1058 inter-

1081 1074 1279 1115 cessione
1301 1073 1455 1114 fideles
1481 1073 1545 1114 tui
1569 1074 1742 1114 terrena
1766 1072 1908 1125 despi-

1081 1131 1211 1179 ciant,
1237 1134 1281 1171 et
1305 1129 1362 1170 ad
1386 1129 1584 1170 coelestia
1603 1141 1778 1181 semper
1797 1130 1908 1181 aspi-

1080 1190 1187 1227 rent.
1214 1186 1299 1227 Per
1317 1185 1567 1226 Dominum.

1140 1247 1180 1280 In
1206 1246 1397 1287 Quadrug.
1423 1246 1463 1278 fit
1489 1255 1684 1278 commem.
1709 1244 1842 1278 Feriae.

1141 1298 1283 1332 Postea
1308 1297 1342 1331 S.
1368 1297 1478 1330 Lucii
1502 1296 1527 1330 I.
1554 1296 1671 1339 Papae
1697 1300 1733 1330 et
1756 1296 1864 1330 Mart.

1140 1346 1238 1386 Ant.
1266 1346 1356 1385 Iste
1386 1347 1565 1384 sanctus
1593 1356 1676 1395 pro
1705 1343 1803 1394 lege
1828 1343 1912 1385 Dei

1083 1401 1151 1443 sui
1176 1400 1362 1441 certavit
1387 1411 1526 1451 usque
1553 1398 1611 1441 ad
1635 1404 1840 1449 mortem,
1868 1404 1912 1441 et

1083 1470 1109 1498 a
1128 1456 1274 1498 verbis
1292 1456 1528 1508 impiorum
1543 1468 1632 1496 non
1645 1455 1802 1497 timuit:
1820 1454 1911 1496 fun-

1084 1513 1214 1555 datus
1238 1513 1355 1554 enim
1379 1516 1474 1554 erat
1497 1524 1632 1564 supra
1649 1511 1821 1552 firmam
1838 1524 1912 1564 pe-

1082 1574 1207 1611 tram.

1140 1625 1189 1674 V.
1223 1624 1376 1667 Gloria
1413 1628 1457 1665 et
1487 1623 1657 1664 honore
1690 1624 1914 1666 coronasti

1085 1694 1184 1722 eum
1216 1680 1417 1721 Domine.
1474 1683 1522 1734 R.
1560 1679 1618 1721 Et
1650 1680 1914 1722 constituisti

1085 1750 1185 1778 eum
1204 1749 1337 1789 super
1357 1738 1493 1788 opera
1508 1738 1717 1777 manuum
1729 1738 1915 1777 tuarum.

1427 1798 1589 1838 Oratio.

1084 1848 1251 1954 Deus
1272 1852 1346 1904 qui
1369 1865 1450 1893 nos
1471 1851 1591 1893 beati
1609 1851 1734 1892 Lucii
1755 1851 1915 1904 Marty-

1191 1909 1250 1950 ris
1276 1909 1340 1949 tui
1365 1913 1497 1960 atque
1521 1907 1748 1949 Pontificis
1773 1910 1917 1949 annua

1086 1965 1364 2007 solemnitate
1378 1964 1591 2005 laetificas:
1607 1963 1801 2005 concede
1815 1976 1915 2016 pro-

1084 2022 1232 2074 pitius;
1264 2026 1314 2062 ut
1341 2021 1462 2071 cujus
1491 2020 1687 2061 natalitia
1714 2019 1916 2069 colimus,

1087 2077 1142 2119 de
1163 2076 1359 2129 ejusdem
1377 2076 1509 2117 etiam
1523 2075 1800 2128 protectione
1813 2087 1915 2126 gau-

1087 2133 1280 2175 deamus.
1308 2133 1392 2173 Per
1410 2132 1658 2174 Dominum.

1139 2196 1181 2229 In
1211 2196 1237 2229 I.
1269 2195 1469 2229 Nocturno
1506 2195 1710 2229 Lectiones
1741 2196 1788 2230 de
1818 2197 1916 2230 Scri-

1087 2250 1198 2287 ptura
1223 2247 1457 2276 occurrente.

1139 2290 1182 2325 In
1208 2290 1398 2333 Quudrug.
1430 2290 1531 2324 Lect.
1556 2290 1692 2325 Justus
1721 2289 1756 2324 Si
1783 2292 1916 2324 morte.

1089 2339 1135 2373 de
1159 2339 1295 2373 codem
1320 2338 1523 2372 Communi
1550 2338 1576 2370 1.
1603 2338 1698 2371 loco.
1723 2336 1795 2380 [69]

1312 2404 1361 2442 In
1388 2403 1438 2442 H.
1468 2402 1690 2441 Nocturno.

1390 2462 1542 2503 Lectio
1564 2463 1615 2501 iv.

1092 2550 1102 2571 y.
1138 2519 1418 2581 [ζμείῐηίωῆ
1436 2522 1561 2569 patre
1582 2516 1807 2565 Casimiro,
1829 2528 1917 2556 ma-

1093 2609 1095 2615 .
1114 2569 1199 2622 -45'222‘1
1222 2581 1289 2616 tre
1303 2572 1558 2615 Elisabetha
1572 2573 1816 2620 Austriaea,
1835 2571 1916 2612 Po-

1097 2637 1192 2655 ·²*'‘³‘·³·
1222 2631 1352 2672 loniae
1372 2629 1546 2680 regibus
1568 2634 1706 2677 ortus,
1732 2641 1758 2669 a
1775 2629 1916 2679 pueri-

1088 2688 1150 2729 tia
1174 2686 1255 2728 sub
1282 2686 1461 2738 optimis
1488 2684 1723 2735 magistris,
1750 2684 1916 2736 pietate
