2080 2990
652 224 721 258 Die
747 226 774 258 4.
803 224 937 258 Martii.
986 226 1020 258 S.
1049 224 1152 258 Lucii
1180 224 1204 258 Ι.
1233 224 1348 266 l’upae
1374 229 1410 257 et
1436 223 1541 257 Mart.

238 325 520 367 confessionis
539 327 753 373 minuunt,
782 322 861 364 sed
886 324 1059 373 magna-

236 382 291 423 lia
318 381 475 423 divinae
501 380 788 434 protectionis
813 378 1059 421 ostendunt.

296 451 341 501 R:-
368 446 646 489 Desiderium
678 445 834 486 animae
867 445 957 496 ejus
988 443 1059 484 tri-

236 506 367 549 buisti
400 504 437 546 ei
466 503 671 552 Domine,
703 506 724 529 *
751 501 808 543 Et
838 500 1059 542 voluntate

235 562 450 605 labiorum
479 561 569 613 ejus
596 572 682 601 non
710 557 921 600 fraudasti
950 569 1060 598 eum.

240 619 289 670 Y.
305 618 520 669 Quoniam
538 615 790 670 praevenisti
810 627 909 656 eum
925 614 969 654 in
987 612 1059 654 be-

236 673 556 717 nedictiombus
586 671 840 715 dulcedinis:
876 669 1061 723 posuisti

236 733 279 773 in
307 731 450 784 capite
479 731 570 782 ejus
598 730 805 771 coronam
834 726 888 768 de
913 724 1059 779 lapide

236 788 443 841 pretioso.
479 787 546 828 Et.

540 862 691 901 Lectio
713 861 765 902 vi.

324 927 662 980 epraesenteitum
690 922 887 965 videmus
915 923 959 964 in
987 936 1059 965 vo-

339 985 422 1030 bis,
457 981 576 1035 quod
604 980 722 1034 apud
749 993 896 1031 regem
923 981 1060 1022 fortes

239 1046 369 1094 atque
406 1040 596 1081 illustres
633 1037 757 1090 pueri
796 1035 1061 1089 praedicave-

239 1103 353 1146 runt,
391 1097 511 1150 ipsos
545 1094 721 1148 quidem
751 1096 940 1146 paratos.
965 1106 1061 1135 esse

238 1152 392 1195 ardere
412 1152 611 1201 flammis,
635 1163 688 1192 ne
714 1149 797 1191 diis
821 1150 911 1202 ejus
931 1153 1061 1192 servi-

238 1215 348 1259 rent,
376 1214 450 1250 aut
477 1208 712 1259 imaginem
740 1219 871 1259 quam
899 1207 1062 1248 fecerat

238 1266 487 1314 adoraren‘oe
508 1265 651 1306 Deum
666 1268 823 1313 tamen,
844 1276 973 1315 quem
992 1275 1061 1304 eo-

237 1322 399 1372 lebant,
433 1334 649 1375 quemque
681 1324 724 1362 et
757 1332 838 1361 nos
868 1319 1062 1370 colimus,

237 1381 463 1431 potentem
491 1391 604 1427 esse,
636 1382 684 1418 ut
707 1389 786 1418 eos
812 1375 867 1418 de
891 1378 1061 1418 camino

236 1435 347 1487 ignis
379 1437 606 1483 eximeret,
640 1438 683 1475 et
710 1432 765 1475 de
789 1433 905 1484 regis
930 1432 1062 1473 meini-

238 1491 319 1533 bus
339 1504 389 1532 ac
410 1490 463 1533 de
483 1491 627 1544 poenis
646 1489 938 1543 praesentibus
959 1489 1062 1530 libe-

238 1550 367 1597 rziret3
403 1546 522 1600 quod
547 1547 788 1588 invenimus
820 1546 864 1586 in
897 1546 1063 1588 confes-

1113 319 1247 361 sionis
1281 323 1440 360 vestrae
1474 317 1577 367 fide,
1614 322 1658 359 et
1686 317 1732 358 in
1758 315 1938 359 Domini

1112 377 1228 418 circa
1243 388 1323 418 vos
1337 374 1613 428 protectione
1628 387 1742 416 nunc
1751 378 1937 426 gestum:

1112 438 1159 474 ut
1179 445 1277 474 cum
1292 445 1372 474 vos
1391 431 1535 485 parati
1551 430 1719 472 fueritis
1735 435 1779 472 et
1792 442 1937 484 prom-

1112 489 1178 541 pti
1206 501 1334 530 omne
1363 489 1509 531 subire
1537 487 1816 541 supplicium,
1849 486 1937 528 Do-

1112 546 1254 586 minus
1275 550 1422 587 tamen
1441 558 1521 587 vos
1544 557 1691 598 poenae
1715 542 1938 585 subtrahe-

1113 606 1189 651 ret,
1210 607 1255 644 et
1274 601 1471 644 ecclesiae
1491 603 1749 644 reservaret.
1777 600 1939 651 Regre—

1113 658 1333 700 dientibus
1357 658 1500 706 vobis,
1532 657 1731 700 breviata
1755 669 1845 699 non
1873 659 1940 698 est

1113 715 1157 756 in
1172 717 1382 768 episeopo
1398 714 1682 757 confessionis
1699 725 1790 755 suae
1805 711 1939 764 digni—

1113 776 1197 822 taS,
1225 770 1305 813 sed
1324 772 1464 824 magis
1491 771 1629 813 erevit
1652 768 1940 812 sacerdotAlis

1114 828 1367 880 aucteritas,
1407 833 1456 870 ut
1489 828 1617 870 alteri
1648 827 1733 869 Dei
1764 828 1941 868 assistat

1114 887 1314 935 antistes,
1345 885 1419 938 qui
1437 884 1495 927 ad
1513 883 1803 927 confessionis
1822 895 1941 924 arma

1115 942 1341 991 sumenda,
1392 947 1437 984 et
1480 940 1682 984 facienda
1724 939 1944 993 martyria,

1113 1011 1202 1039 non
1220 998 1367 1040 verbis
1391 998 1585 1052 plebem,
1614 997 1694 1040 sed
1718 996 1845 1039 factis
1871 1007 1941 1038 co-

1114 1054 1329 1105 hortetur,
1365 1060 1424 1105 et,
1459 1055 1711 1096 imminente
1742 1051 1941 1095 antichri-

1116 1116 1196 1161 sto,
1215 1116 1342 1164 paret
1362 1111 1420 1154 ad
1437 1111 1638 1165 praelium
1658 1110 1829 1160 milites,
1853 1121 1942 1150 non

1116 1168 1258 1209 solum
1300 1169 1514 1210 sermonis
1555 1174 1599 1210 et
1635 1167 1756 1210 vocis
1791 1166 1941 1208 incita-

1115 1227 1280 1274 mento,
1327 1223 1406 1267 sed
1446 1224 1550 1267 fidei
1589 1229 1632 1266 et
1665 1222 1839 1266 virtutis
1871 1235 1942 1264 ex—

1117 1281 1273 1334 emplo.

1166 1340 1217 1380 R·.
1246 1338 1368 1380 Stola
1386 1338 1677 1391 jucunditAtis.

1163 1404 1205 1437 ln
1236 1403 1299 1436 111.
1325 1403 1524 1438 Nocturno
1556 1404 1697 1438 Homil.
1724 1404 1762 1437 in
1794 1403 1938 1448 Evang.

1119 1451 1160 1486 si
1186 1451 1274 1495 quis
1295 1452 1387 1486 vult.
1417 1452 1463 1485 de
1491 1452 1625 1486 codem
1654 1452 1759 1487 Com.
1786 1452 1815 1486 2.
1840 1452 1938 1486 loco.

1166 1502 1207 1536 In
1238 1503 1472 1545 (much-ages.
1510 1504 1610 1538 Leet.
1640 1504 1690 1538 ix.
1720 1504 1766 1538 de
1796 1503 1936 1539 Homil.

1115 1557 1150 1584 et
1176 1561 1370 1585 commem.
1398 1551 1520 1585 Feriae
1544 1552 1582 1585 in
1606 1551 1816 1588 Laudibus,

815 1702 974 1743 Index
1002 1702 1361 1753 alphabeticus.

237 1792 396 1826 Agathonis
411 1792 430 1819 I.
446 1792 530 1825 Papae
544 1796 571 1818 et
585 1791 664 1818 Conf.
685 1790 760 1824 dupl.
780 1790 820 1816 14.
835 1789 915 1816 Febr.
938 1798 991 1820 pau.
1013 1765 1065 1814 24³2·
1094 1764 1165 1770 *M*

238 1833 357 1860 Antheri
371 1834 455 1867 Papae
471 1837 498 1859 et
513 1833 591 1859 Mart.
611 1831 686 1864 dupl.
708 1832 747 1858 11.
762 1832 842 1857 Febr.
1013 1829 1065 1855 21*

241 1882 341 1917 Cyrilli
356 1883 447 1917 Episc.
463 1882 656 1915 Alexandrini,
670 1882 750 1909 Conf.
770 1884 797 1907 et
817 1880 889 1907 Eccl.
905 1880 984 1906 Doct.

309 1924 384 1958 dupl.
405 1925 445 1950 20.
461 1924 540 1950 Febr.

243 1971 363 2000 Damasi
379 1973 399 1998 l.
415 1972 498 2006 Papae
512 1975 540 1998 et
553 1972 633 1998 Conf.
653 1970 728 2004 dupl.
751 1971 790 1996 11.
806 1970 872 1996 Dec.

244 2014 342 2040 Didaci
357 2013 436 2040 conf.
457 2013 552 2039 semid.
573 2014 595 2039 1.
609 2013 675 2039 Dec.

240 2054 368 2088 Dionysii
383 2054 466 2088 Papae
480 2058 507 2080 et
521 2053 600 2080 Conf.
620 2053 695 2087 dupl.
714 2053 738 2078 3.
754 2052 834 2078 Febr.

239 2100 409 2135 Eutychiani
427 2102 509 2135 l‘apae
523 2105 550 2127 et
564 2100 644 2127 Mart.
664 2100 739 2133 dupl.
758 2100 781 2124 9.
798 2099 863 2125 Dec.

239 2148 343 2176 Felicis
358 2149 407 2175 Ill.
424 2150 507 2182 Papae
520 2152 546 2175 et
561 2149 640 2175 Gonf.
660 2147 736 2181 dupl.
755 2147 796 2173 25.
813 2147 892 2173 Febr.

241 2191 339 2218 Felicis
353 2191 400 2218 IV.
416 2191 499 2224 l’apae
513 2194 539 2217 et
554 2191 634 2218 Conf.
654 2190 729 2223 dupl.
747 2190 788 2215 30.
803 2189 866 2215 Jan.

239 2237 347 2268 Gelasii
363 2240 384 2266 Ι.
399 2239 483 2272 Papae
497 2242 524 2265 et
540 2238 619 2265 Conf.
639 2238 715 2272 dupl.
735 2237 776 2264 29.
792 2237 862 2264 Nov.

239 2280 368 2314 Gregorii
383 2280 417 2307 II.
433 2280 516 2314 Papae
530 2283 558 2306 et
571 2279 651 2306 Cons.
670 2278 745 2312 dupl.
767 2279 806 2304 13.
823 2278 902 2304 Febr.

239 2322 367 2355 Gregorii
381 2322 432 2348 111.
447 2322 531 2355 Papae
545 2325 571 2347 et
585 2320 665 2348 conf.
684 2320 760 2353 dupl.
778 2320 819 2346 28.
834 2320 904 2346 Nov.

239 2363 366 2397 Gregorii
381 2363 416 2390 X.
431 2362 515 2396 Papae
529 2366 556 2388 et
570 2361 650 2388 Conf.
671 2361 745 2395 dupl.
766 2362 805 2387 16.
821 2361 900 2387 Febr.

239 2411 410 2446 Hyacinthon
425 2411 459 2437 de
474 2409 641 2437 Mariscottis
655 2409 729 2442 Virg.
749 2408 825 2442 dupl.
845 2410 869 2435 (ἱ.
884 2409 964 2434 Febr.

239 2453 343 2487 Hygini
358 2453 442 2486 l‘apae
457 2455 483 2478 et
498 2452 577 2478 Mart.
597 2450 672 2484 dupl.
693 2451 732 2477 17.
747 2450 827 2477 Febr.
1013 2450 1066 2476 26*

240 2500 377 2537 josaphat
393 2499 483 2533 Epise.
498 2502 525 2524 et
539 2499 618 2524 Mart.
639 2498 714 2532 dupl.
735 2498 774 2524 14.
790 2497 856 2524 Dec.
1014 2497 1064 2523 11*

241 2547 386 2577 Leonardi
401 2554 415 2572 a
432 2546 518 2572 Portu
534 2545 662 2572 Mauritio
678 2545 758 2572 Conf.
778 2545 852 2578 dupl.
873 2545 913 2571 17.
928 2545 994 2571 Dec.
1015 2545 1065 2571 14*

243 2589 320 2616 Lucii
337 2588 357 2614 1.
373 2588 455 2621 Papae
470 2591 497 2613 et
512 2587 591 2613 Mart.
610 2586 686 2620 dupl.
705 2587 729 2613 4.
744 2586 824 2612 Mart.
1013 2586 1066 2612 31*

240 2635 405 2669 Margarita:
433 2634 613 2660 Cortonensis
642 2632 814 2659 Poenitentis.
843 2632 987 2666 semidupl.

308 2677 350 2702 26.
365 2675 445 2702 Febr.

1011 1920 1063 1947 27*

1011 2408 1063 2434 20⁵1(-

1013 2674 1066 2699 29*

1119 1787 1214 1814 Mariae
1225 1787 1300 1822 Virg.
1311 1787 1402 1814 Almae
1412 1787 1522 1814 Domus
1531 1788 1706 1814 Lauretanae.
1725 1785 1800 1820 dupl.
1811 1785 1873 1819 maj.

1187 1830 1227 1855 10.
1243 1829 1308 1855 Dec.
1808 1834 1862 1858 pag.
1890 1825 1942 1852 10*

1153 1886 1186 1889 —
1217 1886 1237 1889 -
1257 1870 1497 1904 Desponsationis.
1517 1869 1592 1903 dupl.
1608 1868 1670 1902 maj.
1691 1867 1733 1895 23.
1749 1867 1812 1895 Jan.
1891 1866 1943 1895 17*

1153 1929 1185 1931 —
1206 1929 1237 1932 -
1260 1913 1437 1947 Exspectatio
1452 1913 1562 1939 Partus.
1581 1910 1727 1946 dup1.maj.
1748 1911 1789 1938 18.
1798 1910 1864 1937 Dec.
1889 1909 1943 1969 15:

1890 1950 1944 2019 ἒξ.

1118 1955 1244 1981 Martinae
1259 1954 1334 1988 Virg.
1349 1955 1429 1981 Mart.
1449 1954 1524 1988 dupl.
1545 1954 1584 1980 15.
1600 1954 1680 1980 Febr.

1117 1996 1280 2023 Melchiadis
1294 1996 1378 2029 Papae
1394 1999 1421 2022 et
1434 1996 1514 2022 Mart.
1534 1995 1610 2029 dupl.
1630 1995 1670 2022 12.
1686 1994 1752 2020 Dee.

1118 2047 1266 2076 Orationis
1281 2049 1316 2075 D.
1327 2049 1360 2075 N.
1372 2048 1398 2075 J.
1410 2049 1439 2076 C.
1465 2047 1540 2081 dupl.
1555 2047 1618 2081 maj.
1642 2047 1723 2074 Feria
1737 2046 1789 2074 ΙΙΙ.
1803 2050 1867 2081 post

1186 2090 1297 2116 Domin.
1311 2089 1441 2124 Septuag.

1115 2135 1263 2164 Passionis
1273 2137 1308 2164 D.
1316 2137 1349 2164 N.
1356 2137 1382 2163 J.
1390 2136 1420 2163 C.
1431 2136 1554 2163 Coffiem.
1567 2135 1713 2170 dup1.maj.
1724 2135 1804 2163 Feria
1814 2135 1864 2163 111.

1185 2181 1249 2212 post
1263 2177 1375 2204 Domin.
1390 2177 1516 2211 Sexages.

1891 2087 1943 2114 29*

1890 2176 1943 2203 29*

1890 2223 1944 2250 27*

1890 2271 1944 2298 29*

1116 2225 1280 2260 Raymundi
1297 2226 1331 2251 de
1346 2225 1481 2252 Pefiafort
1494 2224 1575 2251 Conf.
1595 2224 1691 2251 semid.
1712 2225 1752 2251 18.
1767 2224 1847 2251 Febr.

1115 2272 1253 2308 Simplicii
1268 2274 1352 2307 Papae
1367 2276 1394 2300 et
1409 2273 1490 2300 Conf.
1509 2272 1585 2307 dupl.
1604 2273 1627 2299 2.
1642 2272 1722 2299 Mart.

1116 2316 1225 2350 Spineae
1239 2315 1358 2342 Coronae
1373 2315 1408 2342 D.
1420 2315 1453 2342 N.
1464 2315 1490 2342 J.
1501 2314 1531 2342 C.
1550 2314 1626 2349 dupl.
1641 2315 1704 2349 maj.
1722 2314 1803 2341 Feria
1817 2313 1865 2340 VI.

1186 2360 1250 2391 post
1264 2357 1386 2384 Cineres.
1889 2355 1943 2382 29*

1116 2398 1247 2426 Stanislai
1262 2398 1380 2426 Kostkae
1394 2398 1475 2427 Conf.
1495 2398 1570 2433 dupl.
1589 2398 1614 2425 5.
1629 2397 1696 2425 Dec.
1907 2395 1944 2423 6*

1118 2447 1287 2482 Telesphori
1303 2449 1387 2483 Papae
1402 2452 1429 2475 et
1441 2449 1522 2476 Mart.
1541 2448 1616 2482 dupl.
1636 2448 1676 2475 12.
1691 2447 1772 2474 Febr.
1891 2445 1944 2473 22*

1121 2488 1179 2514 Titi
1193 2489 1284 2523 Episc.
1299 2493 1325 2519 et
1339 2489 1420 2517 Conf.
1439 2489 1515 2523 dupl.
1534 2489 1575 2515 19.
1590 2488 1671 2515 Febr.

1118 2535 1231 2564 Urbani
1246 2537 1278 2564 V.
1294 2538 1378 2572 Papae
1392 2541 1419 2564 et
1433 2536 1513 2565 Conf.
1533 2537 1608 2571 dupl.
1629 2537 1670 2563 19.
1679 2536 1747 2563 Dec.

1119 2583 1265 2611 Vineentii
1279 2589 1306 2611 et
1320 2584 1463 2612 Anastasii
1478 2584 1559 2611 Mart.
1578 2583 1654 2618 dupl.
1673 2583 1715 2611 22.
1729 2583 1792 2610 Jan.

1119 2625 1251 2651 Vitaliani
1266 2626 1350 2660 Papae
1364 2628 1391 2652 et
1405 2624 1485 2652 Conf.
1502 2624 1578 2659 dupl.
1597 2625 1712 2652 27.Jan.

1118 2672 1225 2701 Zosimi
1238 2674 1323 2708 Papae
1337 2678 1364 2700 et
1378 2673 1459 2700 Conf.
1477 2673 1555 2707 dupl.
1573 2674 1597 2701 9.
1610 2674 1691 2701 Febr.
