2040 2990
735 187 941 221 Dominica
964 187 1009 221 Π.
1035 187 1250 221 Adventus.

1782 183 1847 219 145

138 295 224 335 qua
253 286 296 324 et
321 294 455 333 supra
478 280 678 332 legimus:
705 280 822 321 Ecce
841 280 964 331 virgo
1018 281 1084 330 sti,
1104 281 1282 322 mittens
1302 280 1413 321 duos
1434 279 1488 321 de
1504 279 1729 332 discipulis
1745 280 1845 329 suis,

137 338 355 389 concipiet
383 341 427 379 et
454 336 599 389 pariet
626 336 774 378 filium.
813 336 870 378 Et
888 336 964 377 flo-
1018 337 1077 378 ait
1096 336 1172 377 illi:
1199 337 1268 378 Tu
1294 349 1341 378 es
1368 337 1441 388 qui
1465 339 1674 377 venturus
1699 349 1762 385 es,
1791 349 1845 377 an

136 407 239 444 rem,
258 394 496 434 Dominum
509 392 792 441 Salvatorem,
813 392 885 444 qui
904 392 965 433 di-

137 451 196 491 cit
212 450 257 491 in
273 450 453 491 Cantico
470 449 752 490 canticorum:
771 448 866 499 Ego
882 448 965 490 flos

137 506 290 559 campi,
311 511 354 547 et
373 505 510 546 lilium
531 503 805 546 convallium.

187 572 238 623 R.
266 570 387 611 Sicut
408 573 549 610 mater
574 567 827 610 consolatur
851 568 965 609 filios

137 639 256 676 suos,
276 626 337 667 ita
356 624 621 667 consolabor
640 637 734 673 vos,
755 623 860 665 dicit
877 624 965 665 Do-

136 683 293 723 minus:
336 686 379 723 et
417 681 472 722 de
508 679 751 722 Jerusalem
789 680 965 721 civitate

137 751 268 791 quam
289 738 414 788 elegi,
433 737 579 778 veniet
598 736 724 778 vobis
744 736 965 777 auxilium:

135 798 158 822 *
180 795 238 835 Et
255 793 474 842 videbitis,
501 797 545 834 et
568 792 777 843 gaudebit
800 805 876 833 cor
896 805 965 834 ve-

135 855 284 891 strum.
322 847 372 899 V.
397 849 525 890 Dabo
553 849 597 889 in
623 848 729 890 Sion
757 848 962 898 salutem,

136 912 179 949 et
197 907 241 947 in
256 905 501 948 Jerusalem
516 905 700 956 gloriam
714 918 868 946 meam.
894 906 964 949 Et,

439 983 589 1024 Lectio
611 985 662 1023 vi.

203 1058 312 1098 uper
331 1045 446 1086 hunc
469 1046 599 1096 igitur
620 1044 789 1094 florem,
817 1046 890 1097 qui
910 1046 965 1088 de

216 1106 374 1143 trunco
399 1107 442 1143 et
465 1101 613 1142 radice
633 1101 653 1141 J
660 1113 757 1142 esse
778 1114 858 1153 per
876 1102 965 1143 Ma-

135 1160 245 1198 riam
263 1158 493 1208 Virginem
517 1159 698 1210 repente
718 1161 965 1209 consurget,

135 1214 382 1265 requiescet
414 1214 601 1266 Spiritus
633 1213 826 1254 Domini:
865 1215 965 1266 quia

134 1270 179 1310 in
203 1271 301 1322 ipso
332 1270 598 1322 complacuit
629 1282 803 1311 omnem
830 1270 964 1323 pleni-

134 1326 332 1367 tudinem
364 1325 603 1367 divinitatis
638 1325 836 1367 habitare
874 1339 965 1367 cor-

134 1382 362 1434 poraliter:
390 1383 670 1434 nequaquam
697 1395 777 1434 per
805 1387 965 1434 partes,

134 1443 183 1480 ut
202 1438 246 1478 in
266 1438 424 1479 ceteris
443 1438 628 1479 Sanctis:
651 1437 730 1479 sed
749 1439 868 1489 juxta
882 1441 965 1481 Ev-

136 1494 352 1545 angelium
368 1496 529 1543 eorum,
547 1493 667 1546 quod
681 1493 861 1536 hebraeo
878 1509 965 1538 ser-

134 1552 265 1592 mone
302 1552 601 1602 conscriptum
642 1549 792 1600 legunt
827 1552 965 1593 Naza-

135 1607 227 1647 raei:
258 1605 510 1647 Descendet
538 1618 670 1658 super
699 1618 799 1647 eum
825 1609 966 1649 omnis

135 1663 233 1704 fons
252 1662 441 1714 Spiritus
466 1662 619 1703 sancti.
653 1662 870 1705 Dominus
895 1677 966 1705 au-

134 1723 226 1760 tem
255 1719 446 1783 Spiritus
476 1723 560 1768 est;
597 1723 641 1759 et
672 1718 747 1760 ubi
778 1719 966 1772 Spiritus

188 1841 239 1893 Rz.
270 1838 512 1880 Jerusalem
543 1838 764 1891 plantabis
794 1842 966 1882 vineam

136 1896 179 1936 in
202 1894 425 1937 montibus
451 1894 553 1936 tuis:
578 1895 835 1946 exsultabis,
861 1898 965 1948 quo-

135 1952 254 1992 niam
290 1951 383 1993 dies
419 1951 598 1992 Domini
634 1952 792 1993 veniet:
836 1964 965 2003 surge

136 2007 262 2057 Sion,
317 2009 574 2049 convertere
623 2007 681 2049 ad
727 2008 967 2048 Dominum

137 2064 282 2105 Deum
307 2069 447 2106 tuum:
480 2063 622 2115 gaude
648 2068 692 2105 et
719 2063 870 2105 laetare
897 2064 922 2104 J
924 2077 965 2104 a-

138 2119 238 2160 cob:
266 2119 288 2143 ¹⁴¹
323 2119 434 2170 Quia
475 2118 530 2160 de
570 2119 717 2161 medio
760 2119 966 2160 Gentium

138 2175 340 2216 Salvator
367 2180 468 2216 tuus
496 2175 651 2216 veniet.
702 2172 753 2224 ΥΤ.
782 2175 967 2216 Exsulta

139 2231 244 2272 satis
273 2231 362 2279 filia
383 2231 501 2272 Sion:
528 2231 660 2283 jubila
688 2231 776 2272 filia
795 2232 820 2272 J
823 2234 966 2272 erusa-

138 2287 234 2328 lem.
263 2288 384 2338 Quia.
414 2287 565 2328 Gloria
582 2288 713 2329 Patri.
742 2287 863 2337 Quia.

351 2382 400 2420 In
427 2380 497 2420 111.
526 2381 749 2436 Nocturno.

138 2455 291 2496 Lectio
318 2455 456 2496 sancti
475 2454 701 2504 Evangelii
727 2454 967 2495 secundum

412 2510 680 2552 Matthaeum.

242 2576 394 2617 Lectio
416 2577 484 2616 vii.
693 2575 795 2627 Cap.
813 2576 861 2615 11.

189 2648 216 2674 n
251 2634 326 2676 illo
363 2637 579 2687 tempore:
626 2635 736 2675 Cum
775 2633 968 2675 audisset

1018 393 1151 433 alium
1170 390 1502 445 exspectamus?
1530 392 1587 433 Et
1605 392 1783 443 reliqua.

1065 469 1255 510 Homilia
1274 469 1414 510 sancti
1435 468 1638 518 Gregorii
1656 469 1801 521 Papae.

1116 541 1283 575 Homilia
1302 544 1331 574 (ὅ.
1351 542 1387 575 in
1406 542 1549 583 Evang.
1570 547 1657 584 post
1677 543 1752 575 init.

1029 595 1248 676 &3le
1274 599 1342 636 tot
1366 594 1499 644 signis
1523 596 1744 645 tantisque
1763 595 1844 634 vir-

1022 664 1071 723 {i
1092 655 1111 693 <
1126 650 1168 720 ,Ᾰῆ
1190 651 1373 701 tutibus,
1427 663 1515 691 non
1563 649 1846 691 scandalizari

1022 704 1168 735 —'—⁴
1192 708 1376 759 quisque
1409 707 1568 759 potuit,
1602 705 1680 746 sed
1713 705 1845 747 admi-

1019 763 1116 804 rari.
1149 763 1236 805 Sed
1251 762 1491 804 infidelium
1510 775 1632 803 mens
1652 774 1782 812 grave
1802 762 1846 802 in

1018 819 1093 860 illo
1120 819 1375 861 scandalum
1399 818 1596 871 pertulit,
1624 831 1722 858 cum
1748 831 1846 859 eum

1018 880 1121 927 post
1139 880 1207 917 tot
1225 875 1435 916 miracula
1454 875 1712 916 morientem
1727 874 1846 915 vidit.

1018 931 1145 973 Unde
1171 937 1214 973 et
1237 931 1398 972 Paulus
1428 930 1547 972 dicit:
1579 930 1673 971 Nos
1702 935 1846 971 autem

1018 987 1310 1040 praedicamus
1331 987 1552 1028 Christum
1578 986 1846 1036 crucifixum,

1018 1043 1183 1084 Judaeis
1216 1043 1393 1095 quidem
1430 1042 1699 1092 scandalum,
1733 1042 1845 1082 Gen-

1018 1099 1136 1141 tibus
1178 1104 1324 1141 autem
1366 1099 1604 1140 stultitiam.
1658 1098 1846 1139 Stultum

1021 1156 1184 1208 quippe
1218 1155 1468 1196 hominibus
1503 1155 1645 1195 visum
1679 1158 1761 1203 est,
1799 1158 1847 1195 ut

1018 1225 1100 1264 pro
1125 1212 1374 1253 hominibus
1404 1215 1556 1252 auctor
1581 1211 1682 1251 vitae
1707 1223 1845 1251 more-

1018 1271 1151 1310 retur:
1188 1274 1231 1309 et
1267 1267 1368 1309 inde
1402 1271 1553 1308 contra
1582 1279 1680 1308 eum
1713 1266 1845 1308 homo

1019 1324 1275 1366 scandalum
1303 1324 1504 1375 sumpsit,
1538 1322 1654 1364 unde
1688 1323 1727 1364 ei
1759 1325 1845 1363 am-

1018 1381 1133 1433 plius
1169 1380 1342 1422 debitor
1376 1379 1471 1420 fieri
1509 1379 1671 1420 debuit.
1732 1379 1846 1419 Nam

1019 1442 1142 1478 tanto
1167 1437 1288 1477 Deus
1316 1435 1371 1476 ab
1400 1434 1648 1476 hominibus
1675 1434 1846 1485 dignius

1018 1491 1302 1533 honorandus
1321 1491 1399 1540 est,
1426 1495 1589 1542 quanto
1609 1503 1691 1542 pro
1711 1491 1847 1531 homi-

1019 1548 1146 1590 nibus
1167 1554 1210 1590 et
1229 1547 1405 1598 indigna
1425 1547 1629 1598 suscepit.

1072 1616 1122 1667 R.
1157 1612 1420 1663 Egredietur
1448 1611 1662 1652 Dominus
1694 1611 1748 1652 de
1776 1611 1848 1652 Sa-

1019 1671 1156 1710 maria
1175 1667 1231 1710 ad
1249 1673 1440 1720 portam,
1470 1680 1568 1718 quae
1592 1667 1770 1719 respicit
1793 1666 1849 1707 ad

1021 1726 1258 1767 Orientem:
1283 1730 1326 1766 et
1349 1724 1495 1766 veniet
1517 1723 1560 1763 in
1580 1722 1846 1771 Bethlehem,

1020 1781 1247 1823 ambulans
1273 1793 1404 1832 super
1430 1792 1565 1831 aquas
1586 1779 1847 1830 redemptio-

1019 1838 1087 1878 nis
1102 1838 1127 1878 J
1129 1837 1243 1878 udae:
1258 1839 1279 1863 *
1294 1837 1419 1877 Tunc
1439 1835 1586 1876 salvus
1605 1835 1687 1876 erit
1707 1834 1846 1875 omnis

1019 1894 1168 1935 homo:
1187 1893 1287 1945 quia
1303 1905 1405 1934 ecce
1421 1891 1575 1933 veniet.
1598 1888 1647 1939 V.
1666 1891 1723 1931 Et
1736 1903 1846 1943 prae-

1019 1949 1247 2002 parabitur
1277 1949 1321 1989 in
1357 1947 1658 1990 misericordia
1689 1947 1847 1987 solium

1021 2006 1126 2057 ejus,
1147 2010 1190 2046 et
1209 2004 1380 2046 sedebit
1399 2017 1530 2056 super
1549 2003 1657 2044 illud
1676 2003 1719 2043 in
1739 2003 1846 2044 veri-

1019 2063 1121 2102 tate.
1149 2061 1284 2101 Tunc.

1303 2129 1454 2169 Lectio
1478 2129 1560 2168 viii.

1021 2171 1179 2293 Quid
1199 2188 1266 2225 est
1285 2196 1390 2234 ergo
1410 2183 1572 2225 dicere:
1592 2183 1754 2224 Beatus
1775 2183 1847 2234 qui

1116 2253 1203 2282 non
1223 2240 1354 2281 fuerit
1369 2239 1689 2282 scandalizatus
1704 2239 1748 2278 in
1762 2251 1847 2288 me;

1020 2297 1103 2338 nisi
1125 2298 1278 2349 aperta
1295 2308 1406 2337 voce
1430 2295 1717 2347 abjectionem
1735 2307 1847 2334 mor-

1020 2354 1076 2394 tis
1111 2365 1202 2394 suae
1238 2351 1614 2402 humilitatemque
1651 2348 1846 2400 signare?

1020 2409 1088 2450 Ac
1107 2409 1143 2449 si
1161 2409 1362 2461 patenter
1382 2406 1513 2448 dicat:
1536 2406 1647 2447 Mira
1671 2405 1847 2457 quidem

1020 2465 1152 2514 facio,
1181 2464 1260 2505 sed
1285 2463 1453 2515 abjecta
1478 2462 1650 2515 perpeti
1669 2474 1756 2503 non
1776 2461 1846 2502 de-

1022 2521 1189 2572 dignor.
1245 2520 1356 2569 Quia
1398 2531 1502 2569 ergo
1542 2517 1768 2558 moriendo
1802 2521 1845 2557 te

1021 2576 1284 2627 subsequor,
1330 2573 1571 2616 cavendum
1612 2572 1739 2614 valde
1780 2575 1845 2612 est

1020 2632 1285 2681 hominibus,
1314 2643 1368 2672 ne
1396 2631 1440 2671 in
1468 2643 1538 2670 me
1562 2633 1749 2669 mortem
1774 2626 1844 2667 de-

206 2690 230 2730 J
232 2691 396 2731 oannes
420 2691 464 2731 in
483 2691 667 2732 vinculis
691 2693 827 2743 opera
847 2689 966 2731 Chri·
990 2706 1003 2744 ,-
1021 2689 1216 2740 spiciam,
1238 2687 1311 2739 qui
1329 2687 1451 2736 signa
1470 2687 1740 2727 venerantur.
