2040 2990
180 202 247 237 242

182 316 260 345 nas
280 315 380 344 suas
395 306 494 344 ante
512 302 717 344 thronum
731 300 907 342 Domini
922 299 1005 341 Dei

183 361 259 401 sui.
287 358 335 406 N.
357 358 413 400 Et
433 358 683 401 ceciderunt
703 357 746 398 in
766 357 1005 409 conspectu

181 416 327 458 throni
346 415 390 456 in
413 415 546 458 facies
567 428 682 456 suas:
709 419 752 456 et
773 412 1004 455 benedixe-

182 477 282 513 runt
310 472 529 514 viventem
560 472 603 513 in
634 470 793 513 saecula
826 468 1004 511 saeculo-

183 542 289 570 rum.
316 528 550 571 Mittentes‚
581 528 732 569 Gloria
750 526 879 568 Patri.
910 525 1004 567 Mit-

182 587 334 627 tentes.

407 658 455 696 In
482 657 532 696 II.
560 656 783 696 Nocturno.

184 726 334 766 Sermo
363 725 501 767 sancti
529 724 759 775 Augustini
786 722 1005 776 Episcopi.

317 790 447 824 Sermo
476 788 501 821 1.
528 787 573 821 dc
599 786 880 821 innocentibus.

486 844 635 884 Lectio
657 844 708 883 iv.

185 915 187 930 ³
224 911 281 962 ’.ἐκ
305 909 486 977 ascente
519 906 708 947 Domino
747 906 889 947 luctus
921 919 1005 947 coe-

190 973 283 1022 f
306 981 308 1021 μ
329 964 409 1016 pit,
440 975 528 1003 non
561 963 689 1012 coelo,
722 962 799 1004 sed
827 962 1005 1004 mundo:

194 1016 307 1044 ”’--
331 1019 532 1062 'ndicitur
558 1019 770 1060 matribus
801 1019 1005 1061 lamenta-

183 1078 262 1128 tio,
287 1077 466 1128 Angelis
493 1075 743 1125 exsultatio,
771 1075 1006 1118 infantibus

182 1133 518 1184 transmigratio.
546 1133 666 1174 Deus
687 1138 765 1183 est,
788 1133 861 1185 qui
879 1138 1006 1174 natus

184 1196 266 1233 est:
292 1191 552 1231 Innocentes
575 1189 636 1230 illi
655 1189 870 1231 debentur
888 1190 1007 1231 victi-

183 1260 269 1297 ma,
297 1247 369 1299 qui
388 1246 505 1288 venit
525 1246 732 1288 damnare
752 1246 901 1288 mundi
920 1259 1006 1287 ma<-

184 1304 333 1346 litiam.
378 1302 552 1355 Agnelli
589 1302 750 1344 debent
783 1302 1008 1352 immolari,

185 1361 285 1413 quia
316 1360 468 1410 Agnus
500 1360 672 1401 futurus
707 1364 773 1401 est
805 1359 1008 1411 crucifigi,

186 1418 259 1470 qui
277 1416 391 1459 tollit
411 1418 594 1469 peccata
612 1416 773 1458 mundi.
801 1416 888 1458 Sed
904 1428 1009 1458 oves

185 1474 352 1515 alulant
365 1478 537 1523 matres,
554 1473 655 1526 quia
669 1486 804 1525 agnos
819 1472 1010 1526 perdunt

185 1531 278 1571 sine
306 1543 414 1571 voce
441 1529 653 1571 balantes.
694 1529 872 1571 Grande
899 1542 1009 1571 mar-

185 1587 361 1639 tyrium,
388 1586 564 1627 crudele
584 1586 899 1639 spectaculum!
926 1586 1009 1627 Ex-

186 1644 332 1685 imitur
356 1642 590 1692 machaera,
620 1647 663 1684 et
685 1642 803 1683 nulla
827 1643 1010 1684 interve-

186 1700 249 1741 nit
269 1712 414 1741 causa:
435 1699 530 1740 sola
547 1698 702 1741 stridet
721 1698 893 1749 invidia,
912 1712 1010 1740 cum

188 1756 261 1809 qui
289 1761 416 1798 natus
445 1760 527 1806 est,
561 1755 666 1796 nulh'
692 1755 823 1797 faciat
848 1755 1009 1797 violen-

186 1814 302 1855 tiam.
343 1812 430 1855 Sed
458 1825 564 1854 oves
592 1813 806 1854 cernimus
838 1817 1010 1862 matres,

189 1883 286 1922 quae
315 1882 447 1922 super
475 1882 612 1921 agnos
640 1869 798 1920 lugent.
838 1869 940 1911 Vox
967 1869 1010 1909 in

187 1927 328 1967 Rama
351 1926 500 1968 audita
525 1931 606 1976 est,
634 1926 833 1979 ploratus
859 1930 901 1968 et
920 1926 1010 1967 ulu-

188 1983 301 2024 latus
328 1995 520 2034 magnus.
562 1982 751 2034 Pignora
778 1988 894 2032 sunt,
924 1995 1011 2024 non

189 2038 370 2089 credita,
398 2039 478 2081 sed
502 2041 663 2081 creata:
691 2052 779 2080 non
799 2039 1010 2092 deposita,

189 2095 268 2139 sed
289 2096 498 2148 exposita.

240 2157 289 2208 K.
328 2156 588 2198 Effuderunt
627 2157 880 2207 sanguinem
918 2170 1011 2198 san-

189 2214 360 2255 ctorum
396 2214 515 2255 velut
551 2226 709 2266 aquam
746 2214 790 2254 in
826 2214 1011 2256 circuitu

187 2270 442 2328 Jerasalem:
458 2269 479 2291 *
501 2270 557 2311 Et
576 2282 663 2310 non
684 2274 777 2311 erat
797 2271 870 2322 qui
889 2283 1010 2323 sepe-

188 2326 298 2368 liret.
337 2323 386 2369 V·
419 2327 664 2368 Posuerunt
691 2326 892 2368 mortalia
924 2340 1010 2368 ser-

189 2385 343 2424 vorum
383 2385 559 2425 tuorum
603 2395 725 2424 escas
762 2383 1010 2425 volatilibus

190 2439 307 2489 coeli,
359 2452 511 2481 carnes
549 2441 799 2480 sanctorum
836 2442 1010 2481 tuorum

189 2496 341 2538 bestiis
359 2501 500 2538 terrae.
528 2496 594 2538 Et.

496 2555 645 2595 Lectio
668 2569 702 2594 v.

189 2613 372 2718 Testis
399 2628 465 2664 est
488 2623 584 2675 ipsa
611 2625 780 2671 natura,
814 2634 911 2674 quae
936 2635 1011 2674 pu-

273 2679 435 2731 gnabat
450 2680 492 2720 in
506 2679 732 2730 Martyres,
752 2691 849 2719 eum
869 2680 1011 2730 tyran-

190 2750 271 2779 nus
290 2738 469 2789 jactaret
489 2735 686 2777 infantes.
714 2735 852 2777 Mater
872 2734 1011 2776 crines

739 203 780 236 ln
805 203 948 237 Octava
973 204 1029 237 SS.
1053 201 1326 236 Innocentium.

1057 298 1212 350 capitis
1240 296 1500 350 dissipabat,
1527 309 1626 349 quae
1653 298 1876 338 ornamen-

1056 359 1149 395 tum
1164 354 1320 407 capitis
1335 352 1572 395 amittebat.
1592 353 1773 403 Quantis
1787 365 1876 395 mo-

1057 411 1124 452 dis
1155 410 1362 452 infantem
1390 409 1568 452 volebat
1595 409 1877 460 abscondere,

1057 472 1100 509 et
1132 467 1227 519 ipse
1260 479 1307 508 se
1341 466 1576 508 infantulus
1608 465 1877 519 publicabat!

1055 523 1291 565 Nesciebat
1311 525 1471 573 tacere,
1493 523 1593 575 quia
1610 522 1798 565 necdum
1817 522 1877 565 di-

1057 580 1223 622 dicerat
1250 579 1498 621 formidare.
1536 578 1765 631 Pugnabat
1791 592 1878 621 ma-

1057 642 1141 687 ter,
1169 642 1212 679 et
1234 636 1441 678 carnifex:
1469 636 1540 678 ille
1563 635 1780 687 trahebat,
1805 636 1879 677 illa

1057 693 1244 735 tenebat.
1280 692 1352 735 Ad
1373 693 1620 735 carnificem
1639 697 1777 735 mater
1797 693 1878 735 cla-

1057 749 1219 791 mabat:
1247 749 1363 800 Quid
1388 752 1565 802 separas
1589 762 1615 791 a
1636 762 1723 799 me,
1751 762 1880 802 quem

1057 807 1185 857 genui
1210 819 1263 848 ex
1287 804 1379 848 me?
1412 806 1572 848 Uterus
1600 806 1765 858 genuit,
1792 818 1879 847 non

1058 864 1217 905 mansit
1239 863 1328 913 ille,
1357 876 1456 905 cum
1474 863 1597 913 vixit,
1625 862 1760 904 ubera
1783 875 1880 904 mea

1059 920 1219 961 frustra
1249 920 1361 961 lacte
1395 921 1699 972 contorquens,
1745 919 1880 961 Caute

1058 977 1251 1030 portavi,
1293 989 1422 1029 quem
1454 989 1479 1017 a
1510 981 1553 1018 te
1585 975 1714 1018 video
1751 989 1880 1017 manu

1059 1033 1223 1075 crudeli
1243 1033 1403 1086 jactari.
1437 1032 1571 1074 Modo
1597 1045 1695 1074 eum
1722 1032 1880 1074 effude-

1059 1095 1158 1132 runt
1185 1093 1353 1132 viscera
1380 1103 1495 1139 mea,
1524 1094 1567 1131 et
1594 1094 1642 1131 tu
1671 1089 1796 1131 elidis
1825 1088 1881 1131 ad

1060 1153 1231 1189 terram.

1113 1219 1163 1271 R.
1180 1217 1257 1258 Isti
1278 1222 1378 1259 sunt
1392 1217 1541 1267 sancti,
1562 1216 1635 1268 qui
1649 1216 1768 1269 passi
1783 1220 1883 1258 sunt

1060 1279 1242 1327 propter
1261 1278 1305 1316 te
1323 1274 1525 1315 Domine:
1549 1272 1721 1315 vindica
1741 1285 1833 1322 eos,
1859 1271 1882 1297 *

1062 1331 1172 1381 Quia
1223 1331 1411 1373 clamant
1469 1330 1526 1372 ad
1578 1335 1622 1372 te
1676 1329 1884 1382 quotidie.

1062 1383 1113 1435 V.
1163 1388 1351 1430 Vindica
1398 1388 1585 1429 Domine
1629 1387 1882 1439 sanguinem

1062 1447 1312 1487 sanctorum
1356 1447 1546 1496 tuorum,
1602 1444 1676 1496 qui
1721 1443 1883 1486 effusus

1063 1506 1139 1544 est.
1172 1502 1294 1551 Quia.

1359 1571 1508 1612 Lectio
1528 1571 1581 1611 vi.

1139 1646 1197 1686 lia
1216 1644 1487 1687 acclamabat
1510 1649 1664 1696 mater,
1691 1657 1790 1686 cum
1815 1657 1884 1686 ex-

1174 1704 1298 1744 actor
1333 1701 1445 1743 latro
1478 1714 1565 1743 non
1603 1700 1885 1754 compelleret

1062 1759 1189 1801 simul
1209 1758 1351 1801 occidi
1369 1771 1468 1800 cum
1485 1758 1670 1811 parvulo
1688 1762 1886 1800 matrem:

1063 1817 1121 1859 Ut
1153 1815 1257 1868 quid
1288 1828 1357 1857 me
1390 1814 1571 1857 dimittis
1603 1812 1798 1857 inanem?
1841 1815 1886 1856 Si

1063 1873 1192 1926 culpa
1212 1877 1296 1922 est,
1323 1884 1421 1914 mea
1441 1876 1521 1914 est:
1551 1872 1587 1913 si
1610 1884 1699 1913 non
1723 1876 1789 1913 est
1808 1871 1885 1913 cri-

1062 1942 1179 1980 men,
1206 1930 1334 1982 junge
1352 1933 1556 1979 mortem,
1584 1933 1628 1970 et
1645 1927 1782 1970 libera
1799 1941 1886 1969 ma·

1063 1992 1186 2029 trem.
1211 1986 1311 2027 Alia
1329 1985 1517 2027 dicebat:
1539 1984 1655 2035 Quid
1671 1985 1885 2037 quaeritis?

1064 2044 1209 2086 Unum
1233 2043 1442 2095 quaeritis,
1472 2047 1516 2084 et
1540 2041 1702 2083 multos
1727 2041 1885 2083 occidi-

1063 2100 1130 2150 tis,
1148 2105 1192 2142 et
1210 2099 1267 2141 ad
1285 2112 1428 2149 unum,
1449 2099 1522 2151 qui
1540 2111 1650 2140 unus
1665 2102 1742 2149 est,
1761 2100 1885 2140 attin-

1063 2169 1166 2209 gere
1184 2169 1273 2198 non
1291 2155 1489 2209 potestis.
1517 2155 1616 2197 Alia
1633 2159 1788 2197 contra
1802 2154 1884 2196 cla-

1063 2213 1224 2255 mabat:
1266 2212 1380 2254 Veni
1416 2214 1516 2264 jam,
1552 2212 1651 2254 veni
1685 2211 1886 2253 Salvator

1063 2269 1222 2319 mundi,
1238 2268 1445 2321 quamdiu
1461 2266 1690 2321 quaereris?
1707 2267 1886 2309 Nullum

1063 2327 1206 2368 times:
1223 2325 1389 2367 ¹videat
1412 2329 1456 2367 te
1479 2325 1618 2375 miles,
1646 2329 1689 2366 et
1711 2329 1885 2366 nostros

1064 2396 1150 2425 non
1184 2381 1356 2424 occidat
1387 2381 1582 2423 infantes,
1622 2380 1885 2422 Miscebatur

1064 2438 1314 2481 lamentatio
1342 2442 1545 2487 matrum,
1575 2442 1618 2479 et
1643 2436 1699 2478 ad
1726 2437 1885 2478 coelum

1064 2495 1276 2538 transibat
1295 2494 1458 2536 oblatio
1478 2493 1769 2547 parvulorum.

1115 2566 1164 2617 151.
1192 2564 1270 2606 Isti
1294 2568 1409 2613 sunt,
1439 2563 1511 2616 qui
1534 2575 1620 2604 non
1638 2563 1885 2615 inquinave-

1065 2626 1165 2663 runt
1199 2620 1457 2662 vestimenta
1492 2632 1584 2660 sua:
1620 2621 1640 2643 *
1681 2618 1886 2661 Ambula-

1064 2678 1172 2720 bunt
1202 2689 1373 2718 mecum
1402 2676 1445 2716 in
1477 2675 1604 2725 albis,
1639 2675 1740 2728 quia
1767 2674 1885 2726 digni

1065 2739 1174 2776 sunt.
1201 2729 1250 2781 V.
1275 2732 1333 2773 Hi
1352 2736 1466 2782 sunt,
1491 2732 1563 2785 qui
1583 2744 1680 2773 cum
1698 2730 1882 2773 mulieri-
