2080 2990
663 225 731 258 Dic
755 225 808 258 28.
835 224 917 258 Jun.
966 227 999 257 S.
1025 225 1169 258 Julinni
1196 225 1319 266 Epise.
1346 229 1382 259 et
1406 224 1514 258 Cous.

245 319 347 368 cuit3
373 320 556 371 eamque
575 330 673 359 cum
691 318 812 369 regio
832 317 959 359 simul
977 317 1063 359 cul-

243 379 312 416 tro
350 374 511 416 celebri
546 387 710 427 pompa
746 374 790 415 in
825 374 1063 415 sacrarium

241 430 402 480 intulit,
429 431 504 472 ubi
530 443 669 482 usque
695 430 827 472 hodie
855 432 1062 472 servatur.
1117 435 1153 468 *ἕω

243 487 424 539 Scripsit
446 487 583 529 multa
604 486 879 529 luculentiOri
902 488 1061 528 sermo-

242 556 313 593 ne,
355 556 558 596 quorum,
597 543 728 585 variis
763 543 1062 585 molestiarum

242 600 601 652 occupatiOnibus
632 599 884 653 impeditus,
917 598 1061 650 aliqua

242 662 406 709 coepta,
440 656 585 709 aliqua
613 656 850 709 semiplena
877 655 1061 707 reliquit.

242 712 362 754 Obiit
397 712 574 754 tandem
610 712 735 755 divus
770 711 1060 764 Ildephonsus

239 769 423 811 feliciter
441 782 492 810 ac
511 774 674 819 sancte,
698 782 796 810 cum
814 766 999 809 sedisset
1018 767 1060 808 in

243 826 501 878 episcopatu
527 838 663 867 annos
691 837 862 874 novem,
889 836 1060 865 menses

243 881 371 924 duos:
404 882 686 935 sepultusque
718 887 784 923 est
811 881 854 921 in
881 880 1060 922 basilica

240 938 471 980 Leocadiae
523 938 637 979 circa
680 951 839 979 annum
883 937 1060 978 Domini

241 994 602 1036 sexcentesimum
621 994 989 1046 septuagesimum
1004 995 1059 1034 se·

239 1051 437 1103 ptimum,
464 1050 758 1092 Recesvintho
781 1051 826 1091 in
844 1049 1059 1102 Hispania

238 1109 454 1158 regnante.
482 1107 611 1159 Cujus
627 1120 788 1159 corpus
806 1107 850 1147 in
868 1106 1059 1157 generali

238 1176 263 1204 a
288 1164 512 1205 Saracenis
538 1164 847 1216 Hispaniarum
875 1175 1058 1215 occupa-

237 1219 356 1261 tione
399 1220 442 1260 in
487 1220 705 1261 civitatem
749 1221 1059 1261 Zamorensem

236 1276 494 1318 translatum
514 1281 590 1326 est,
615 1281 657 1317 et
675 1277 719 1317 in
738 1276 922 1318 ecclesia
939 1276 1058 1318 beati

238 1332 356 1374 Petri
373 1332 613 1374 honorifice
633 1333 876 1385 quiescens,
900 1345 1058 1383 magna

235 1388 349 1430 illius
367 1388 520 1442 p6puli
536 1388 745 1440 religiane
765 1389 931 1431 colitur.

290 1459 339 1509 Rg.
363 1458 451 1499 Iste
472 1462 548 1499 est.
567 1457 650 1510 [54]

291 1528 331 1561 In
355 1528 415 1561 111.
438 1528 633 1563 Nocturno
662 1529 825 1564 Homilin
852 1532 889 1565 in
912 1532 1055 1573 Evang.

240 1576 312 1612 Vos
343 1578 435 1613 estis
465 1578 523 1613 sal
550 1582 672 1613 terrae.
710 1579 755 1612 (lc
781 1579 923 1614 Comm.
949 1581 1057 1615 Doet.

241 1624 266 1656 1.
293 1625 386 1657 loco.
412 1626 479 1669 [64]

292 1679 331 1721 H.
357 1680 432 1712 viii.
467 1682 549 1716 Sint
570 1682 700 1716 lumbi.

451 1789 534 1831 Die
551 1790 617 1831 28.
635 1790 660 1831 J
662 1791 838 1832 anuarii.

321 1862 364 1902 S.
390 1860 580 1903 ‚Iuliani
610 1864 750 1916 Episc.
780 1870 822 1905 ct
851 1865 969 1905 Conf.

400 1929 645 1975 Semiduplcx
666 1935 711 1968 ud
732 1935 890 1969 libitum.

290 1988 422 2024 Omnia
454 1992 499 2026 dc
530 1994 671 2029 Comm.
706 1996 812 2030 Conf.
844 1997 950 2031 I'ont.
984 1996 1054 2040 [49]

240 2043 375 2077 practer
399 2049 501 2082 sequ.

569 2111 729 2154 Oratio.

237 2166 449 2272 Excitet,
486 2181 732 2229 quaesumus
768 2179 972 2229 Damine,
1012 2179 1055 2219 in

327 2233 490 2286 p6pulo
519 2239 595 2275 tuo
626 2236 824 2287 spiritum
851 2236 1055 2286 caritatis,

238 2301 324 2341 quo
364 2289 541 2331 beatum
575 2290 791 2333 Julianum
827 2292 1054 2333 Confesso-

235 2357 327 2386 rem
366 2351 489 2387 tuum
529 2352 660 2398 atque
695 2347 951 2389 Pontificem
991 2361 1054 2390 re-

235 2401 356 2453 ple're
381 2401 583 2454 dignatus
608 2415 668 2444 es:
701 2408 745 2445 et
769 2404 975 2454 concede3
1007 2409 1055 2446 ut

236 2457 354 2508 cujus
374 2457 651 2500 festivitatem
670 2458 956 2510 celebramus,
976 2474 1055 2513 per

235 2513 324 2563 ejus
344 2513 400 2554 ad
415 2519 458 2555 te
473 2515 672 2567 exempla
686 2515 944 2566 gradiamur.
971 2518 1055 2558 Per

234 2569 468 2611 Dominum
487 2576 695 2612 nostrum.

291 2635 493 2670 Commcm.
524 2637 557 2670 S.
583 2639 744 2678 Agnetis
775 2639 952 2673 secundo.
980 2642 1054 2678 456,

291 2691 330 2725 In
365 2692 386 2725 Ι.
420 2692 615 2726 Nocturno
652 2694 850 2727 [actiones
882 2694 926 2727 dc
958 2695 1054 2728 Scri-

240 2743 349 2780 ptura
374 2746 602 2775 occurrente⁴

1340 320 1389 358 In
1415 320 1466 359 II.
1492 320 1713 361 Noctumo.

1412 376 1563 417 Lectio
1582 378 1633 417 iv.

1178 428 1405 479 ‘ga-zulianus,
1439 428 1639 470 ecclesiae
1669 429 1935 472 Conchensis

1117 477 1153 539 ss}
1182 474 1207 531 F}
1241 487 1490 537 episcopus,
1513 485 1672 536 Burgis
1695 486 1779 539 piis
1797 491 1841 529 et
1859 486 1934 529 ho-

1122 539 1134 552 *
1176 532 1214 558 *ὁ
1239 542 1374 582 nestis
1410 541 1663 593 parentibus
1699 546 1826 584 natus
1858 548 1935 585 est.

1112 597 1215 649 Ejus
1239 602 1383 639 ortum
1407 598 1622 650 praeclara
1642 598 1758 640 illius
1780 600 1934 641 saneti-

1111 654 1212 695 tatis
1232 659 1275 696 et
1294 654 1555 707 episcopalis
1575 654 1797 706 dignitatis
1814 656 1935 707 signa

1113 709 1318 751 divinitus
1350 710 1453 753 data
1484 710 1777 753 nobilitarunt.
1820 712 1935 754 Nam

1112 766 1224 809 adeo
1243 767 1461 809 formosus
1480 772 1524 809 et
1541 767 1722 820 pulcher
1737 768 1780 809 in
1793 767 1935 811 lucem

1113 822 1254 865 editus
1278 828 1360 874 est,
1391 828 1439 865 ut
1463 836 1614 865 omnes
1638 824 1854 866 intuentes
1883 838 1933 867 os

1113 880 1218 930 ejuS,
1246 880 1415 922 coele'sti
1439 880 1630 933 quodam
1652 881 1820 932 fulgore
1837 895 1933 935 per-

1110 936 1255 977 fusum
1273 936 1600 979 admirarentur.
1633 937 1772 979 Multo
1795 939 1950 991 magis¹

1111 1005 1227 1043 vero,
1247 995 1352 1035 cum‘
1364 1007 1473 1047 puer
1486 994 1694 1045 grandior
1707 994 1853 1047 palam
1867 1008 1933 1037 su-

1110 1062 1190 1101 per
1226 1050 1391 1091 fontem
1427 1050 1733 1103 baptismalem
1766 1050 1934 1094 tamdiu

1110 1106 1229 1147 visus
1262 1111 1328 1148 est
1358 1107 1487 1148 mitra
1514 1112 1558 1149 et
1583 1107 1740 1149 baculo
1767 1108 1932 1161 episco-

1110 1161 1283 1214 palibus
1319 1163 1559 1214 insignibus
1597 1166 1792 1213 ornatus,
1829 1163 1932 1206 dum

1111 1221 1304 1261 astantes
1331 1218 1575 1270 admonuit,
1607 1224 1656 1261 ut
1681 1220 1835 1262 infanti
1861 1220 1932 1262 Ju-

1110 1274 1213 1316 liani
1248 1288 1409 1317 nomen
1444 1275 1729 1329 impanerent.
1772 1277 1933 1319 Postea

1110 1331 1182 1383 pie
1215 1334 1452 1385 sancteque
1484 1332 1712 1383 educatus,
1749 1332 1933 1375 liberali-

1110 1387 1281 1440 busque
1306 1388 1545 1442 disciplinis
1569 1391 1766 1442 apprime
1793 1389 1932 1432 erudi-

1110 1448 1196 1495 tus,
1231 1444 1467 1496 theologiae
1503 1448 1683 1499 operam
1713 1444 1852 1496 dedit,
1889 1446 1933 1487 in

1111 1513 1197 1552 qua
1243 1501 1479 1554 plurimum
1522 1502 1719 1555 profecit.
1779 1502 1934 1555 Itaque

1110 1557 1310 1609 probatae
1339 1558 1442 1600 vitae
1474 1558 1692 1612 exemplo,
1725 1563 1768 1600 et
1800 1557 1935 1601 divini

1110 1614 1232 1655 verbi
1259 1614 1573 1667 praedieatione
1601 1615 1684 1657 toti
1706 1615 1935 1668 Hispaniae

1109 1670 1354 1713 mirandum
1376 1672 1420 1712 in
1442 1671 1623 1714 modum
1644 1671 1819 1724 profuit.
1854 1672 1933 1713 Ar·

1110 1726 1356 1769 chidiaconi
1400 1727 1613 1779 dignitate
1659 1728 1704 1769 in
1749 1728 1935 1770 ecclesia

1109 1783 1326 1826 Toletana
1370 1787 1565 1836 ornatus,
1611 1784 1666 1827 ab
1702 1784 1932 1838 Alphdnso

1110 1839 1318 1894 deinceps
1345 1853 1463 1883 nono
1488 1841 1690 1883 Castellae
1717 1854 1821 1894 rege
1846 1842 1932 1894 epi-

1109 1897 1288 1950 scopale
1314 1910 1470 1939 munus
1499 1900 1723 1951 suscipere
1753 1900 1932 1940 coactus

1110 1958 1186 2004 est,
1207 1954 1327 2006 quod
1345 1967 1513 1996 summa
1527 1967 1627 1996 cum
1639 1954 1770 1996 laude
1785 1954 1932 1996 obivit.

1164 2011 1212 2062 R.
1236 2011 1387 2052 Inveni
1411 2010 1557 2053 David
1580 2024 1755 2053 servum
1775 2023 1950 2061 meums

1110 2066 1209 2108 oleo
1235 2072 1388 2109 sancto
1412 2080 1512 2109 meo
1535 2068 1639 2109 unxi
1665 2080 1778 2109 eum:
1805 2064 1828 2089 *
1843 2067 1931 2108 Ma-

1109 2135 1190 2164 nus
1205 2124 1320 2165 enim
1333 2137 1431 2166 mea
1445 2124 1722 2166 auxiliabitur
1737 2124 1787 2165 ei.
1805 2118 1855 2169 V.
1866 2123 1933 2165 Ni·

1108 2178 1169 2219 hil
1183 2180 1386 2231 proficiet
1399 2180 1598 2222 inimicus
1611 2180 1656 2221 in
1671 2192 1736 2230 eo,
1751 2184 1795 2222 et
1814 2179 1931 2221 filius

1107 2235 1348 2287 iniquitatis
1371 2249 1459 2331 noIn
1481 2236 1658 2279 nocebit
1683 2236 1733 2277 ei.
1765 2236 1931 2278 Manus.

1458 2291 1571 2332 ectio
1592 2305 1628 2330 v.

1110 2342 1270 2449 Vere
1288 2353 1414 2401 pater
1432 2352 1678 2401 pauperum
1695 2348 1791 2391 fuit:
1811 2348 1931 2401 quip-

1210 2417 1266 2457 pe
1287 2404 1361 2457 qui
1384 2405 1617 2456 egentium,
1641 2404 1870 2447 viduarum
1889 2410 1932 2447 et

1107 2460 1373 2513 pupillorum
1422 2460 1614 2514 inopiam
1657 2462 1844 2514 pecunia
1888 2466 1931 2503 et

1109 2517 1203 2557 aliis
1252 2517 1427 2569 pietatis
1478 2517 1632 2559 officiis
1675 2517 1931 2559 sublevavit.

1108 2572 1293 2615 Reditus
1327 2573 1525 2615 ecclesiae
1553 2586 1644 2615 suae
1671 2579 1765 2616 tum
1792 2574 1932 2615 suble-

1107 2628 1260 2671 vandis
1293 2629 1477 2680 miseris,
1511 2634 1603 2671 tum
1639 2629 1932 2671 instaurandis

1108 2684 1400 2738 ornandisque
1454 2686 1628 2739 templis
1685 2686 1930 2739 insumpsit:

1107 2741 1202 2793 ipse
1227 2742 1345 2783 tenui
1373 2742 1491 2785 victu
1518 2744 1764 2794 contentus,
1801 2754 1932 2794 quem
