2040 2990
774 183 818 216 In
842 182 1055 217 Nativitatc
1081 182 1247 217 Domini.

154 281 328 318 montes
368 275 651 318 exsultabunt
686 288 711 316 a
744 276 988 327 conspectu

154 333 349 373 Domini:
365 333 390 359 ’⁰¹
411 332 619 385 quoniam
644 331 766 373 venit
793 330 987 382 judicare

153 393 326 430 terram.

204 444 426 486 Judicabit
449 444 604 486 orbem
626 446 844 485 terrarum
866 443 909 483 in
928 444 986 495 ju-

155 501 284 550 stitia,
302 501 326 527 *
347 505 390 542 et
409 500 603 553 pepulos
620 501 666 540 in
684 500 904 552 aequitate.

210 562 309 602 Ant.
341 562 506 602 Notum
533 561 636 602 fecit
663 560 896 609 Deminus,
929 559 986 600 al-

154 617 294 669 leluja,
314 617 507 658 salutare
527 630 664 667 suum,
684 616 868 668 alleluia.

208 669 260 721 V.
292 674 396 725 Ipse
429 672 654 714 invocabit
684 685 773 722 me,
806 671 987 723 alleluia.

156 731 207 782 R.
234 729 367 770 Pater
390 741 514 770 meus
534 741 582 770 es
601 733 665 778 tu,
689 728 870 779 alleluja.

214 787 342 826 Pater
359 788 522 826 noster.

211 842 459 886 Absolutio.
486 847 527 886 A
546 843 742 885 vinculis.

210 897 259 946 V.
284 901 310 942 J
310 900 398 943 ube
418 900 578 942 domne
596 900 871 942 benedicere.

211 960 374 1004 Bened.
402 961 668 1012 Evangelica
684 961 817 1003 lectio
838 962 894 1002 sit
913 974 987 1003 no-

155 1018 224 1060 bis
244 1018 362 1059 salus
383 1022 427 1059 et
445 1017 678 1070 protectio.
704 1019 755 1069 Rr.
773 1017 927 1058 Amen.

155 1086 311 1128 Lectio
337 1086 479 1127 sancti
496 1085 726 1136 Evangelii
744 1085 989 1127 secundum

482 1142 660 1183 Lucam.

258 1202 411 1245 Lectio
427 1203 496 1244 vii.
729 1202 831 1253 Cap.
847 1202 883 1241 2.

202 1273 232 1300 n
255 1259 332 1300 illo
354 1260 571 1311 tempore:
596 1258 718 1300 Exiit
745 1258 938 1300 edictum
963 1272 989 1299 a

222 1315 398 1356 Caesare
416 1314 634 1365 Augusto,
653 1319 702 1356 ut
720 1314 988 1356 describere-

155 1376 228 1414 tur
245 1371 475 1412 universus
495 1370 626 1412 orbis.
653 1371 711 1412 Et
730 1370 911 1422 reliqua.

203 1443 394 1486 Homilia
413 1443 553 1485 sancti
572 1443 777 1495 Gregorii
795 1443 941 1496 Papae.

340 1510 514 1545 Homilia
535 1510 569 1545 8.
593 1510 634 1544 in
656 1510 803 1553 Evang.

163 1571 265 1616 ff
287 1563 360 1606 uia
377 1563 592 1615 largiente
603 1563 815 1631 ‘Demino3
834 1564 987 1628 Missa-

162 1676 237 1699 κ
304 1619 736 1718 ἷέιξὲἃῗὲἒῗῖἓζῖἑῗ
756 1619 894 1727 iffi?
913 1633 989 1717 331

158 1731 213 1774 de
237 1732 491 1784 evangelica
512 1708 811 1774 lectiene⁷non
834 1734 988 1784 possu-

155 1801 268 1829 mus:
296 1788 377 1831 sed
401 1801 484 1830 nos
510 1787 678 1840 aliquid
700 1787 773 1829 vel
794 1787 988 1830 breviter

159 1843 317 1895 dicere,
340 1843 657 1896 Redempteris
675 1844 819 1885 nostri
835 1844 988 1885 nativi-

156 1904 223 1942 tas
241 1901 339 1954 ipsa
358 1899 596 1953 compellit.
630 1899 749 1949 Quid
773 1903 841 1940 est
863 1899 988 1948 enim,

158 1955 279 2008 quod
312 1957 538 1998 nascituro
568 1956 761 1997 Demino
798 1955 988 1996 mundus

157 2011 436 2062 describitur,
463 2012 547 2053 nisi
566 2011 667 2062 hoc,
696 2011 817 2063 quod
836 2013 989 2063 aperte

157 2070 444 2118 monstratur,
472 2068 574 2120 quia
588 2067 662 2108 ille
682 2066 925 2119 apparebat
944 2067 988 2107 in
1047 2088 1065 2123 ρ)
1081 2081 1150 2121 ‘2522

158 2137 299 2175 carne,
319 2124 395 2177 'qui
414 2124 580 2166 electos
596 2135 700 2164 suos
716 2123 989 2164 adscriberet
1047 2122 1096 2179 ,33
1125 2126 1136 2161 f

158 2181 202 2220 in
227 2179 498 2222 aeternitate?
536 2181 634 2230 Quo
661 2184 816 2221 contra
841 2178 897 2220 de
922 2180 986 2219 re·
1083 2182 1111 2203 Υ·

158 2236 312 2288 probis
330 2249 411 2288 per
430 2235 695 2288 prophetam
716 2235 888 2276 dicitur:
904 2235 988 2276 De-

158 2292 330 2333 leantur
349 2291 405 2333 de
423 2291 537 2333 libro
557 2291 809 2340 viventium,
828 2295 871 2332 et
891 2303 990 2331 cum

159 2348 285 2399 justis
320 2360 411 2388 non
448 2347 706 2389 scribantur.
760 2347 846 2397 Qui
875 2346 988 2387 bene

160 2403 293 2444 etiam
306 2404 351 2444 in
362 2403 622 2445 Bethlehem
636 2403 840 2444 nascitur.
867 2401 991 2443 Beth-

159 2458 305 2500 lehem
332 2460 498 2512 quippe
524 2459 681 2500 domus
707 2459 834 2511 panis
859 2459 989 2499 inter-

160 2516 371 2566 pretatur.
394 2515 498 2567 Ipse
516 2527 707 2566 namque
725 2519 803 2565 est,
824 2514 899 2566 qui
915 2514 989 2555 ait:

160 2571 255 2620 Ego
276 2582 373 2611 sum
389 2571 516 2623 panis
533 2571 675 2621 vivus,
704 2571 779 2622 qui
799 2570 855 2611 de
874 2569 988 2611 coelo

162 2625 383 2667 descendi.
415 2627 561 2668 Locus
582 2639 703 2677 ergo,
726 2627 771 2667 in
796 2638 882 2678 quo
901 2626 989 2666 Do-

160 2682 304 2723 minus
322 2682 525 2734 nascitur,
546 2683 702 2725 domus
717 2682 844 2735 panis
861 2684 1005 2723 antea-

1039 277 1226 316 vocatus
1242 279 1323 316 est:
1344 275 1447 327 quia
1461 275 1654 317 futurum
1670 276 1871 328 profecto

1040 336 1151 381 erat,
1180 335 1229 372 ut
1252 330 1327 372 ille
1351 331 1412 372 ibi
1430 344 1511 383 per
1531 332 1761 373 materiam
1781 345 1871 373 car-

1039 388 1107 428 nis
1128 389 1379 440 appareret,
1400 387 1476 438 qui
1496 387 1737 429 electorum
1754 401 1871 430 men-

1039 447 1107 485 tes
1127 443 1300 485 interna
1320 443 1524 484 satietate
1543 443 1755 485 reficeret.
1787 445 1872 494 Qui

1039 512 1127 540 non
1146 500 1191 539 in
1209 501 1442 552 parentum
1463 499 1612 549 domo,
1636 499 1717 541 sed
1739 500 1784 540 in
1801 501 1872 541 via

1040 556 1251 597 nascitur:
1288 560 1338 597 ut
1366 555 1569 608 profecto
1603 556 1871 607 ostenderet,

1043 612 1145 664 quia
1157 625 1238 664 per
1252 611 1571 653 humanitatem
1586 625 1720 662 suam,
1741 625 1872 664 quam

1041 671 1354 720 assumpserat,
1370 668 1497 719 quasi
1512 668 1558 708 in
1572 667 1713 709 alieno
1724 681 1871 710 nasce-

1039 723 1180 766 batur.

1095 785 1146 836 R.
1163 781 1303 821 Beata
1316 781 1487 821 viscera
1501 779 1652 821 Mariae
1667 780 1872 831 Virginis,

1042 848 1141 887 quae
1160 837 1451 888 portaverunt
1473 836 1627 877 aeterni
1645 836 1789 877 Patris
1806 837 1872 877 Fi-

1040 893 1160 933 lium:
1179 897 1223 934 et
1241 891 1374 934 beata
1390 892 1544 941 ubera,
1565 904 1664 943 quae
1684 892 1871 933 lactave-

1040 953 1142 989 runt
1181 948 1405 990 Christum
1443 948 1698 989 Deminum:
1730 951 1750 975 *
1788 949 1873 998 Qui

1040 1004 1173 1046 hodie
1189 1017 1272 1057 pro
1293 1004 1435 1045 salute
1451 1004 1605 1045 mundi
1620 1004 1675 1046 de
1690 1005 1872 1055 Virgine

1040 1061 1163 1102 nasci
1182 1061 1388 1111 dignatus
1409 1065 1485 1101 est.
1519 1056 1568 1107 V.
1587 1060 1694 1101 Dies
1715 1061 1871 1101 sancti-

1041 1117 1197 1158 ficatus
1215 1116 1357 1158 illuxit
1372 1116 1514 1158 nobis:
1533 1119 1679 1157 venite
1695 1117 1873 1165 Gentes,

1042 1177 1086 1214 et
1105 1172 1291 1214 adorate
1309 1172 1560 1213 Deminum.
1589 1172 1673 1222 Qui
1692 1172 1836 1213 hodie.

1094 1229 1145 1280 V.
1166 1233 1192 1274 J
1193 1233 1280 1275 ube
1300 1232 1460 1274 domne
1478 1232 1752 1274 benedicere.

1096 1294 1258 1335 Bened.
1277 1295 1360 1334 Per
1379 1292 1646 1343 Evangelica
1663 1291 1780 1333 dicta
1799 1292 1870 1333 de-

1041 1349 1212 1390 leantur
1232 1353 1383 1390 nostra
1402 1347 1573 1389 delicta.
1602 1351 1653 1401 Ri.
1671 1348 1825 1390 Amen.

1043 1422 1196 1464 Lectio
1224 1422 1365 1464 sancti
1382 1421 1609 1472 Evangelii
1631 1422 1872 1464 secundum

1367 1478 1544 1519 Lucam.

1146 1541 1299 1582 Lectio
1320 1541 1403 1581 viii.
1550 1540 1653 1590 Cap.
1672 1540 1707 1578 2.
1728 1538 1767 1578 b.
1920 1576 1921 1579 ,

1088 1608 1117 1635 n
1141 1594 1217 1635 illo
1242 1596 1460 1646 tempore:
1487 1594 1696 1635 Pastores
1722 1592 1871 1642 loque-

1101 1650 1260 1692 bantur
1280 1650 1337 1692 ad
1355 1650 1557 1691 invicem:
1576 1650 1872 1691 Transeamus

1041 1719 1181 1758 usque
1195 1706 1467 1755 Bethlehem,
1488 1710 1532 1747 et
1546 1705 1772 1747 videamus
1786 1705 1872 1746 hoc

1041 1762 1241 1812 verbum,
1279 1761 1399 1814 quod
1431 1762 1594 1802 factum
1627 1765 1709 1810 est,
1751 1760 1871 1813 quod

1041 1819 1256 1860 Deminus
1268 1817 1464 1859 ostendit
1473 1816 1611 1858 nobis.
1626 1817 1683 1858 Et
1692 1816 1870 1868 reliqua.

1147 1890 1342 1933 Homilia
1369 1890 1510 1931 sancti
1537 1889 1762 1931 Ambrosii

1347 1946 1568 1998 Episcopi.

1075 2012 1158 2046 Lib.
1182 2013 1213 2047 2.
1238 2012 1278 2047 in
1302 2022 1385 2055 cap.
1409 2012 1439 2046 2.
1463 2012 1589 2054 Lucae,
1617 2012 1719 2046 circa
1742 2013 1839 2046 med.

1173 2065 1315 2107 idete
1329 2065 1542 2106 Ecclesiae
1562 2065 1780 2116 surgentis
1800 2078 1869 2106 ex-

1152 2119 1193 2177 ,ΐ-’.ξῐ
1216 2121 1399 2163 ordium.
1439 2121 1639 2163 Christus
1665 2121 1870 2170 nascitur,

1179 2178 1183 2181 ’
1216 2182 1261 2219 et
1287 2179 1491 2230 pastores
1518 2177 1700 2228 vigilare
1726 2178 1869 2229 coepe-

1042 2239 1156 2276 runt:
1173 2234 1248 2286 qui
1257 2234 1464 2275 Gentium
1474 2246 1640 2285 gregeS,
1650 2232 1870 2285 pecudum

1041 2289 1176 2331 modo
1192 2294 1294 2331 ante
1307 2290 1519 2339 viventes,
1538 2290 1583 2329 in
1598 2289 1767 2330 caulam
1780 2289 1869 2329 Do-

1042 2346 1148 2386 mini
1173 2347 1510 2396 congregarent,
1538 2357 1594 2386 ne
1616 2357 1727 2396 quos
1747 2344 1868 2396 spiri-

1042 2401 1196 2442 talium
1219 2401 1476 2451 bestiarum,
1503 2413 1583 2453 per
1608 2400 1772 2442 offusas
1794 2402 1868 2440 ne-

1043 2458 1178 2499 ctium
1207 2457 1415 2499 tenebras
1446 2457 1702 2509 paterentur
1729 2456 1868 2496 incur-

1043 2526 1128 2554 sus.
1183 2514 1241 2555 Et
1282 2513 1396 2555 bene
1439 2514 1643 2565 pastores
1678 2511 1867 2562 vigilant,

1044 2582 1156 2622 quos
1174 2569 1317 2611 bonus
1335 2573 1488 2621 pastor
1506 2568 1720 2608 informat.
1749 2566 1867 2607 Grex

1042 2625 1176 2676 igitur
1194 2625 1402 2678 papulus,
1430 2637 1518 2665 nox
1541 2623 1766 2671 saeculum,
1793 2633 1866 2673 pa-

1043 2683 1186 2723 stores
1219 2685 1320 2722 sunt
1351 2679 1617 2722 sacerdotes.
1662 2678 1753 2719 Aut
1782 2676 1866 2717 for-
