2080 2990
198 209 274 244 506
539 211 605 243 lm·
638 212 681 243 12*
704 211 837 244 §lm-tii.
870 214 902 244 S,
928 213 1105 251 Gregorii
1133 212 1249 253 1¹:11³oe
1273 213 1380 244 (Ioni.
1405 218 1440 244 ct
1462 212 1569 245 Doct.

200 309 358 347 onusta
386 309 562 347 strenue
589 305 961 357 prosequebatur:
988 304 1033 344 in

200 362 321 412 cujus
349 362 557 413 amplexu
582 360 797 403 Melithon
830 361 1033 413 spiritum

199 417 298 458 Deo
329 417 540 467 reddidit,
578 419 758 469 ejusque
796 429 958 468 corpus
989 416 1033 456 in

200 473 405 515 eamdem
435 473 558 515 illum
591 475 839 515 ceterorum
870 473 1031 524 Marty-

199 542 296 570 rum
328 543 486 581 rogum
517 530 590 582 pia
622 534 763 571 mater
795 529 954 580 injecit:
985 533 1033 570 ut

201 586 275 637 qui
301 585 390 627 fide
423 591 467 628 et
493 587 657 627 virtute
690 584 1033 637 conjunctissimi

200 641 387 692 fuerant,
433 642 597 684 funeris
643 642 776 683 etiam
821 641 1033 682 societate

200 698 413 750 copulati,
450 711 536 739 una
568 699 611 739 in
644 697 806 739 coelum
834 699 1032 749 perveni-

199 758 308 795 rent.
351 754 605 796 Combustis
633 753 733 802 illis,
762 755 916 794 eerum
936 752 1032 794 reli-

201 810 316 862 quiae
331 811 541 863 projectae
556 811 600 851 in
614 809 918 862 profluentem,
933 821 1032 850 cum

199 866 456 908 mirabiliter
482 867 526 907 in
553 879 687 908 unum
716 865 1032 907 confluxissent

199 922 363 972 locum,
392 923 527 964 salvae
556 928 599 964 et
622 925 805 973 integrae
832 923 1032 974 repertae,

198 978 443 1020 honorifico
464 978 700 1031 sepulchro
716 978 907 1019 conditae
923 983 1034 1020 sunt.

255 1043 303 1081 R
329 1040 577 1091 Tamquam
605 1052 769 1081 aurum.
797 1038 873 1091 [41]
926 1058 928 1061 ν

254 1119 294 1153 [11
320 1119 382 1152 ΙΙΙ.
408 1119 606 1152 Noenu-110
632 1118 803 1151 llomiliu
827 1118 865 1151 in
887 1118 1033 1159 Evamg

200 1164 449 1200 Descendens
478 1165 606 1200 Jesus.
640 1166 685 1198 de
721 1166 857 1200 eodem
889 1166 1032 1200 Comm.

198 1216 228 1248 2.
254 1215 351 1249 loco.
377 1213 446 1256 [47]

252 1270 385 1304 Lectio
418 1271 465 1303 ix.
499 1270 545 1303 de
572 1269 743 1303 Homilia
776 1275 812 1303 ct
837 1279 1032 1303 commem.

204 1318 325 1351 Furiae
353 1319 388 1351 in
420 1318 534 1351 Laud.

446 1425 532 1466 Die
551 1426 610 1466 12.
629 1425 788 1466 Martii.

235 1502 279 1543 S.
304 1501 533 1551 Gregorii
570 1504 698 1553 l'apae
726 1504 1000 1544 Confessoris

450 1566 491 1598 ct
522 1559 636 1599 Ificcl.
665 1559 786 1599 Doct.

536 1626 700 1668 Duplex.

254 1691 389 1723 Omnia
418 1691 463 1724 (lc
484 1691 685 1725 Communi
706 1692 786 1725 (Ion
796 1693 814 1725 f.
835 1692 941 1725 Pom.
962 1688 1034 1731 [49]

202 1745 342 1780 praeter
368 1750 471 1781 sequ.

256 1800 294 1832 ln
323 1800 495 1842 utrisque
522 1801 638 1843 Yesp.
666 1801 715 1834 ad
741 1801 896 1841 Magnis.

256 1857 353 1896 Ant.
378 1856 414 1895 (Ῐ)
433 1857 604 1898 Doctor
625 1857 803 1910 eptime,
821 1857 1034 1898 Ecclesiae

200 1918 366 1954 sanctae
392 1913 557 1963 lumen,
586 1913 717 1956 beate
738 1914 944 1964 Greg6ri,
973 1913 1033 1954 di-

200 1971 314 2011 vinae
339 1969 449 2021 legis
473 1971 663 2020 amator,
690 1970 932 2023 deprecare
952 1983 1035 2023 pro

200 2025 327 2067 nobis
347 2026 506 2068 Filium
524 2027 618 2068 Dei.

541 2099 704 2137 oratio.

203 2151 384 2256 Deus,
405 2157 480 2209 qui
499 2157 656 2198 animae
676 2157 827 2198 famuli
846 2157 911 2199 tui
929 2156 1035 2198 Gre-

296 2213 409 2263 gorii
427 2215 605 2255 aeternae
622 2213 907 2255 beatitudinis
923 2215 1034 2266 prae—

200 2269 289 2311 mia
313 2269 553 2311 contulisti:
582 2269 776 2311 concede
799 2270 1036 2323 propitius3

201 2330 250 2367 ut
271 2326 345 2379 qui
359 2328 647 2379 peccaterum
661 2328 914 2367 nostrerum
928 2328 1036 2378 pon-

202 2382 308 2423 dere
326 2383 582 2435 premimur,
612 2383 703 2434 ejus
730 2382 851 2435 apud
874 2387 918 2424 te
938 2384 1035 2435 pre·

201 2438 327 2480 cibus
356 2438 647 2480 sublevemur.
688 2438 774 2479 Per
798 2439 1036 2480 Deminum

201 2500 402 2537 nostrum
438 2495 463 2536 J
465 2508 588 2536 esum
622 2494 844 2536 Christum
876 2495 1035 2536 Filium

201 2556 343 2593 tuum:
371 2551 455 2601 Qui
473 2557 621 2593 tecum
640 2550 749 2592 vivit
769 2556 812 2592 et
832 2557 997 2602 regnat.

260 2617 303 2650 lit
329 2619 366 2650 121
395 2628 590 2652 commem.
620 2619 750 2652 Fcrize.

256 2677 298 2710 ln
320 2678 344 2710 l.
364 2678 562 2711 Nocturno
588 2679 687 2713 Lect.
712 2679 961 2725 Sapientiam.
988 2683 1033 2715 di:

203 2726 406 2763 Communi
435 2727 538 2759 Hom.
565 2729 633 2772 [62]

1313 306 1360 344 In
1388 306 1438 344 II.
1468 305 1690 344 Nocturno.

1403 365 1554 406 Lectio
1575 365 1627 405 iv,

1090 416 1419 478 iffffflregorius
1446 415 1646 466 Magnus,
1679 416 1919 464 Romanus,

1090 466 1213 549 &ng
1246 471 1458 514 Gordiani
1510 471 1727 513 senatoris
1783 471 1919 522 filius,

1090 520 1094 552 l

1242 528 1502 570 adolescens
1516 527 1810 581 philosophiae
1825 530 1921 581 ope-

1087 597 1181 625 ram
1201 584 1338 634 dedit3
1365 589 1408 626 et
1426 584 1640 637 praeterio
1661 583 1807 626 officio
1827 584 1919 625 fun-

1090 645 1204 691 ctus,
1229 645 1357 694 patre
1382 642 1575 691 mertuo,
1602 653 1681 682 sex
1704 641 1920 682 monaste-

1088 696 1153 737 ria
1170 697 1214 737 in
1234 696 1380 738 Sicilia
1400 696 1651 746 aedificavit,
1679 697 1837 738 Romae
1856 697 1921 738 se-

1087 753 1273 805 ptimum
1298 753 1438 794 sancti
1461 752 1654 794 Andreae
1677 753 1854 793 nemine
1877 752 1920 792 in

1088 810 1178 850 suis
1199 809 1384 859 aedibus,
1410 822 1552 862 prope
1580 808 1807 850 basilicam
1825 821 1920 849 san-

1088 867 1258 907 ctorum
1276 866 1301 906 J
1305 866 1458 907 oannis
1478 870 1522 907 et
1541 865 1666 906 Pauli
1686 863 1743 906 ad
1762 864 1922 906 clivum

1087 921 1254 972 Scauri,
1282 921 1359 963 ubi
1377 922 1607 963 Hilarione
1627 933 1678 962 ac
1697 920 1922 962 Maximia-

1087 990 1145 1019 no
1170 978 1407 1029 magistris,
1433 977 1639 1019 m6nachi
1663 977 1800 1018 vitam
1823 988 1922 1030 pro-

1087 1035 1240 1084 fessus,
1259 1036 1419 1087 pestea
1438 1033 1576 1075 abbas
1591 1033 1684 1075 fuit.
1711 1033 1817 1074 Mox
1834 1032 1923 1074 dia-

1089 1103 1227 1132 conus
1247 1090 1482 1132 cardinalis
1502 1091 1692 1139 creatus,
1712 1088 1923 1131 Constan-

1087 1146 1322 1199 tinopolim
1354 1159 1380 1187 a
1410 1146 1592 1197 Pelagio
1617 1144 1833 1187 Pontifice
1865 1144 1923 1187 ad

1087 1202 1315 1244 Tiberium
1333 1203 1670 1244 Constantinum
1687 1201 1923 1254 imperate—

1088 1271 1181 1300 rem
1208 1259 1381 1310 legatus
1406 1259 1611 1300 mittitur:
1642 1257 1762 1310 apud
1790 1270 1923 1309 quem

1087 1315 1373 1357 memorabile
1426 1315 1557 1357 etiam
1605 1314 1716 1355 illud
1765 1313 1923 1364 effecit,

1089 1371 1210 1424 quod
1230 1371 1495 1424 Eutychium
1514 1370 1827 1424 patriarcham,
1849 1370 1924 1422 qui

1088 1431 1326 1481 scripserat
1347 1433 1502 1470 contra
1522 1441 1672 1469 veram
1695 1439 1748 1469 ac
1766 1428 1923 1468 tracta-

1087 1484 1222 1526 bilem
1259 1487 1498 1537 cOrporum
1534 1483 1922 1533 resurrectiOnem,

1088 1541 1150 1582 ita
1176 1541 1384 1591 convicit,
1411 1545 1460 1582 ut
1489 1541 1580 1593 ejus
1602 1540 1766 1582 librum
1787 1539 1922 1592 impe-

1087 1600 1209 1639 rator
1228 1598 1272 1638 in
1289 1597 1435 1648 ignem
1450 1597 1656 1649 injiceret.
1678 1598 1824 1647 Quare
1838 1595 1922 1637 Eu-

1087 1653 1260 1705 tychius
1291 1653 1426 1706 paulo
1459 1658 1563 1706 post
1601 1666 1701 1695 cum
1733 1653 1777 1693 in
1808 1664 1922 1693 mor-

1087 1709 1193 1751 bum
1236 1709 1482 1759 incidisset‚
1533 1710 1724 1751 instante
1768 1712 1923 1758 morte,

1087 1766 1249 1819 pellem
1268 1779 1425 1808 manus
1445 1779 1536 1808 suae
1553 1765 1748 1815 tenebat,
1771 1764 1923 1806 multis

1089 1823 1396 1875 praesentibus,
1407 1822 1572 1864 dicens:
1583 1822 1809 1864 Confiteor
1821 1821 1924 1874 quia

1089 1891 1242 1921 omnes
1261 1880 1306 1920 in
1326 1879 1409 1920 hac
1429 1892 1561 1920 carne
1580 1879 1872 1930 resurgemus.

1145 1938 1194 1989 R.
1220 1936 1373 1977 Inveni
1397 1934 1542 1977 David
1567 1948 1743 1977 servum
1767 1947 1923 1984 meum,

1089 1991 1189 2033 eleo
1241 1997 1394 2034 sancto
1438 2004 1539 2033 meo
1588 1991 1702 2032 unxi
1739 2003 1854 2032 eum:
1899 1995 1921 2018 *

1088 2048 1245 2089 Manus
1277 2049 1392 2090 enim
1423 2061 1522 2090 mea
1561 2046 1840 2090 auxiliabitur
1873 2048 1923 2089 ei.

1092 2104 1141 2153 Y.
1166 2104 1287 2145 Nihil
1317 2105 1522 2158 proficiet
1551 2104 1751 2146 inimicus
1781 2103 1826 2144 in
1858 2117 1923 2154 eo,

1089 2166 1133 2202 et
1158 2161 1274 2202 filius
1297 2161 1540 2214 iniquitatis
1558 2173 1647 2202 non
1669 2159 1847 2202 nocebit
1872 2160 1923 2201 ei.

1088 2218 1244 2258 Manus
1270 2217 1395 2259 enim.

1397 2269 1549 2309 Lectio
1571 2283 1606 2308 V.

1177 2338 1323 2367 ornam
1354 2324 1546 2374 rediens,
1577 2323 1757 2375 Pelagio
1789 2324 1922 2376 pesti-

1185 2381 1320 2423 lentia
1336 2381 1524 2430 sublato,
1542 2392 1713 2421 summo
1729 2380 1924 2421 emnium

1090 2440 1309 2480 consensu
1335 2437 1539 2478 Pontifex
1568 2436 1756 2487 eligitur:
1792 2449 1923 2488 quem

1090 2495 1305 2536 honerem
1340 2506 1395 2535 ne
1431 2496 1669 2546 acciperet,
1713 2492 1923 2545 quamdiu

1090 2551 1246 2604 petuit‚
1274 2549 1504 2592 recusavit.
1540 2549 1656 2590 Nam
1684 2549 1826 2590 alieno
1851 2562 1922 2591 ve-

1089 2610 1195 2650 stitu
1220 2607 1264 2647 in
1291 2606 1503 2658 spelimca
1529 2605 1717 2647 delituit:
1749 2605 1826 2647 ubi
1851 2605 1922 2647 de-

1087 2663 1331 2716 prehensus
1350 2661 1513 2703 indicio
1533 2663 1673 2712 igneae
1694 2661 1923 2711 columnae,

1088 2720 1146 2762 ad
1181 2723 1382 2761 sanctum
1412 2718 1592 2759 Petrum
1628 2719 1923 2766 consecratur.

2036 0 2080 240 1
