2040 2990
161 211 211 246 20

434 293 627 332 psalmus
649 295 713 331 53.

199 394 211 409 ,ι
239 405 242 407 μ
269 390 279 407 x
292 379 367 407 eus
386 366 428 406 in
449 365 621 405 nemine
636 370 712 404 tuo
731 362 897 403 salvum
913 375 981 402 mc

204 430 230 469 ,¹
282 417 285 463 Ϊ
309 421 389 462 fac:
408 422 430 445 *
452 426 495 462 et
522 421 564 460 in
591 420 748 460 virtute
777 423 850 459 tua
878 416 981 466 iudi-

308 490 357 517 ca
377 490 456 518 me.

213 533 331 573 Deus
352 531 509 573 exaudi
528 531 767 572 orationem
788 541 944 569 meam:
959 529 980 552 *

161 588 337 629 auribus
357 588 534 640 percipe
554 586 686 627 verba
706 585 793 626 oris
813 585 907 625 mei.

212 644 424 693 Queniam
479 643 604 683 alieni
658 642 982 681 insurrexerunt

161 699 391 740 adversum
412 711 490 746 me,
510 703 553 739 et
568 698 702 738 fortes
719 696 982 747 quaesierunt

162 755 348 795 enimam
368 767 522 795 meam:
538 754 560 778 *
577 758 619 794 et
638 765 725 792 non
743 752 980 803 proposue-

162 815 260 850 runt
276 810 416 851 Deum
432 814 531 850 ante
547 810 828 860 conspectum
846 820 981 847 suum.

213 866 327 906 Ecce
357 866 468 906 enim
497 865 617 905 Deus
646 863 820 914 adjuvat
847 876 931 903 me:
959 863 981 886 *

162 926 205 962 et
233 921 445 961 Deminus
473 922 700 972 susceptor
733 924 799 960 est
827 918 982 958 animae

161 989 281 1017 meae.

214 1033 377 1073 Averte
401 1032 513 1072 mala
535 1031 716 1072 inimicis
741 1031 862 1071 meis:
889 1031 911 1054 *
940 1035 982 1071 et

164 1087 205 1127 in
226 1088 407 1128 veritate
429 1093 503 1128 tua
523 1086 727 1139 disperde
746 1086 854 1127 illos.

212 1143 469 1184 Voluntarie
494 1142 750 1184 sacrificabo
775 1142 867 1189 tibi,
891 1143 914 1166 *
940 1147 982 1182 et

162 1198 405 1240 confitebor
450 1199 610 1239 nomini
655 1203 731 1239 tuo
776 1197 982 1238 Domine:

163 1254 365 1304 queniam
384 1254 547 1295 bonum
567 1259 647 1295 est:

211 1310 423 1358 Quoniam
460 1323 515 1350 ex
550 1310 667 1350 omni
704 1309 982 1350 tribulatione

160 1365 352 1416 eripuisti
386 1379 469 1406 me:
498 1366 521 1389 ²⁸¹
547 1370 590 1406 et
621 1378 752 1417 super
784 1365 981 1405 inimicos

158 1433 279 1461 meos
300 1420 501 1473 despexit
519 1421 671 1462 oculus
688 1434 822 1462 meus.

191 1525 196 1530 .
216 1480 386 1520 Sequens
406 1480 463 1514 I's.
486 1481 726 1515 Confitemini
742 1481 908 1516 Domino
931 1483 984 1516 di-

166 1531 261 1557 citur
278 1532 421 1559 tantum
447 1528 482 1560 in
500 1528 666 1564 Domin..
692 1530 847 1572 quando
867 1531 905 1563 fit
923 1530 984 1563 Of-

166 1572 289 1604 ficium
309 1573 354 1606 dc
375 1574 480 1607 Dom.
500 1581 538 1609 ut
558 1577 593 1609 in
611 1576 726 1610 Psalt.

217 1620 245 1651 A
277 1621 455 1662 Septuuu.
484 1632 574 1655 vcro
604 1635 723 1666 usquc
750 1624 797 1657 ad
824 1624 984 1661 Pascha,

164 1666 243 1703 eius
269 1667 354 1700 loco
380 1668 519 1702 dicitur

436 1737 630 1777 psalmus
651 1740 713 1778 92.

248 1800 417 1841 ominus
442 1802 652 1852 regnavit,
685 1802 890 1844 decorem
923 1804 980 1844 in-

265 1855 396 1897 dutus
411 1863 491 1898 est:
510 1858 533 1882 *
552 1858 728 1899 indutus
749 1864 816 1900 est
835 1859 981 1900 Demi-

162 1923 242 1950 nus
267 1910 579 1961 fortitudinem,
605 1918 647 1955 et
672 1915 899 1966 praecinxit
924 1929 981 1956 se.

216 1966 382 2007 Etenim
408 1967 595 2010 firmavit
620 1970 770 2011 orbem
796 1975 939 2018 terrae,
959 1972 981 1996 *

165 2021 235 2072 qui
258 2035 343 2062 non
364 2024 718 2066 commovebitur.

214 2076 370 2118 Parata
402 2079 529 2120 sedes
561 2085 634 2121 tua
668 2095 720 2121 ex
754 2087 870 2123 tunc:
903 2084 925 2107 *
957 2097 981 2124 a

163 2132 324 2172 saeeulo
343 2139 389 2174 tu
409 2147 465 2174 es.

215 2186 503 2231 Elevaverunt
533 2191 706 2232 flumina
736 2193 935 2235 Domine:
959 2196 981 2219 *

163 2241 439 2285 elevaverunt
469 2246 641 2287 flumina
671 2261 823 2289 vocem
849 2262 982 2290 suam.

214 2297 502 2342 Elevaverunt
530 2302 705 2343 flumina
730 2305 887 2345 fluctus
915 2318 981 2346 su-

165 2365 225 2392 os.
240 2354 262 2377 *
278 2366 302 2394 a
318 2355 497 2396 vocibus
513 2360 721 2409 aquarum
738 2359 981 2401 multarum.

216 2408 432 2451 Mirabiles
458 2411 667 2454 elationes
692 2415 837 2455 maris:
859 2417 882 2439 *
907 2417 980 2456 mi-

163 2463 309 2504 rabilis
327 2466 366 2505 in
386 2466 483 2507 altis
502 2468 725 2510 Dominus.

214 2519 481 2562 Testimonia
513 2528 586 2563 tua
618 2524 840 2566 credibilia
869 2526 980 2567 facta

164 2580 262 2615 sunt
289 2576 433 2616 nimis:
458 2578 481 2601 *
504 2577 681 2619 domum
710 2585 826 2620 tuam
856 2581 982 2623 decet

164 2631 409 2671 sanctitudo
445 2632 630 2674 Domine
671 2635 712 2674 in
754 2635 981 2685 longitudi-

164 2697 261 2725 nem
281 2685 457 2726 dierum.

781 200 979 233 Dominicu
1006 200 1053 233 ud
1080 200 1253 232 Primum.

1302 294 1499 334 Psalmus
1521 293 1596 333 117.

1110 356 1349 397 onfitemini
1405 355 1622 397 Domino'
1657 354 1862 407 queniam

1126 412 1281 453 bonus:
1306 414 1329 437 *
1355 412 1560 464 quoniam
1584 411 1627 452 in
1653 410 1862 452 saeculum

1035 468 1332 509 misericordia
1354 469 1455 519 ejus.

1085 529 1215 569 Dicat
1241 542 1355 569 nunc
1383 527 1519 568 Israel
1554 527 1759 580 quoniam
1787 525 1862 567 bo-

1035 598 1134 625 nus:
1153 586 1175 609 *
1197 585 1401 636 quoniam
1429 585 1472 624 in
1501 583 1710 624 saeculum
1737 581 1863 622 mise-

1035 640 1223 682 ricordia
1244 642 1344 692 ejus.

1085 700 1215 742 Dicat
1234 713 1348 742 nunc
1368 700 1526 742 domus
1538 700 1703 740 Aaron:
1718 699 1741 723 ¹⁸¹
1758 699 1863 750 quo-

1035 756 1149 797 niam
1163 757 1205 797 in
1222 756 1431 798 saeculum
1446 753 1746 796 misericordia
1762 754 1863 805 ejus.

1086 817 1245 858 Dicant
1277 830 1391 858 nunc
1425 816 1498 868 qui
1529 816 1683 857 timent
1715 813 1863 854 Domi-

1034 886 1151 913 num:
1169 874 1192 897 ¹⁰¹
1213 873 1418 925 queniam
1442 873 1484 912 in
1509 870 1718 912 saeculum
1738 869 1863 910 mise-

1035 928 1224 970 ricerdia
1244 930 1345 980 ejus.

1087 990 1154 1030 De
1181 989 1461 1030 tribulatione
1489 986 1691 1028 invocavi
1714 985 1863 1026 Domi-

1035 1058 1151 1085 num:
1170 1046 1193 1069 *
1213 1050 1257 1086 et
1289 1044 1512 1086 exaudivit
1544 1056 1614 1084 me
1645 1042 1689 1082 in
1721 1041 1863 1083 latitu-

1035 1100 1134 1141 dine
1153 1101 1378 1142 Deminus.

1086 1161 1300 1202 Deminus
1325 1161 1430 1202 mihi
1455 1159 1641 1211 adjutor:
1660 1159 1684 1183 *
1703 1170 1789 1198 non
1815 1157 1864 1198 ti-

1034 1216 1164 1257 mebo
1186 1217 1291 1269 quid
1311 1217 1441 1258 faciat
1459 1215 1564 1256 mihi
1583 1215 1728 1256 homo.

1087 1276 1302 1317 Deminus
1325 1276 1431 1317 mihi
1454 1276 1641 1327 adjutor:
1664 1275 1688 1299 *¹
1713 1278 1757 1315 et
1780 1286 1863 1324 ego

1034 1331 1273 1384 despiciam
1292 1333 1491 1373 inimicos
1510 1344 1645 1372 meos.

1086 1393 1258 1434 Bonum
1278 1398 1345 1434 est
1365 1391 1587 1434 confidere
1602 1391 1645 1431 in
1659 1389 1864 1439 Domino,

1032 1448 1056 1472 *
1077 1461 1207 1500 quam
1227 1448 1450 1490 confidere
1467 1448 1511 1488 in
1530 1447 1721 1488 homine:

1085 1509 1257 1550 Bonum
1285 1514 1352 1550 est
1381 1510 1560 1561 sperare
1588 1507 1631 1548 in
1659 1506 1863 1555 Domino,

1033 1564 1056 1589 *
1078 1578 1209 1616 quam
1229 1567 1408 1617 sperare
1427 1565 1471 1605 in
1490 1562 1772 1617 principibus.

1086 1625 1249 1666 Omnes
1269 1625 1435 1666 Gentes
1456 1624 1718 1666 circuierunt
1735 1635 1820 1664 me:
1839 1622 1863 1647 *

1034 1686 1078 1721 et
1112 1681 1154 1720 in
1187 1681 1361 1722 nemine
1393 1680 1571 1721 Demini
1609 1679 1710 1731 quia
1747 1677 1863 1719 ultus

1034 1749 1129 1777 sum
1149 1737 1190 1777 in
1213 1750 1300 1778 eos.

1086 1796 1417 1838 Circumdentes
1481 1794 1864 1837 circumdederunt

1033 1866 1117 1893 me:
1145 1853 1168 1877 *
1194 1858 1236 1894 et
1269 1853 1311 1893 in
1344 1852 1518 1894 nemine
1551 1851 1728 1893 Domini
1762 1850 1864 1903 quia

1034 1907 1149 1949 ultus
1170 1922 1264 1949 sum
1285 1909 1327 1949 in
1348 1921 1435 1950 eos.

1086 1968 1478 2010 Circumdederunt
1505 1981 1575 2009 me
1605 1967 1718 2009 sicut
1745 1979 1862 2020 apes,

1034 2029 1078 2064 et
1097 2026 1354 2066 exarserunt
1377 2025 1489 2065 sicut
1513 2023 1624 2074 ignis
1648 2024 1691 2064 in
1712 2023 1863 2075 spinis:

1033 2080 1056 2103 *
1082 2085 1125 2121 et
1148 2080 1191 2120 in
1216 2081 1390 2121 nomine
1415 2079 1591 2120 Domini
1620 2079 1720 2131 quia
1746 2078 1862 2120 ultus

1035 2148 1131 2176 sum
1150 2136 1194 2176 in
1213 2148 1301 2176 eos.

1086 2191 1306 2243 Impulsus
1330 2193 1509 2233 eversus
1534 2204 1630 2232 sum
1660 2196 1708 2232 ut
1736 2189 1861 2232 cade-

1035 2259 1142 2287 rem:
1159 2248 1183 2271 *
1203 2252 1247 2292 et
1265 2247 1480 2288 Dominus
1500 2247 1693 2299 suscepit
1711 2259 1792 2288 me.

1088 2306 1318 2348 Fortitudo
1339 2320 1451 2355 mea,
1477 2312 1520 2349 et
1543 2307 1638 2348 laus
1657 2319 1753 2348 mea
1773 2307 1860 2347 Do-

1035 2362 1190 2403 minus:
1210 2363 1233 2387 *
1259 2367 1302 2403 et
1330 2363 1470 2404 faetus
1498 2369 1565 2405 est
1592 2362 1695 2403 mihi
1724 2363 1766 2403 in
1795 2375 1860 2403 sa-

1035 2417 1180 2459 lutem.

1087 2474 1187 2514 Vox
1207 2473 1519 2522 exsultationis,
1540 2479 1583 2516 et
1603 2474 1755 2515 salutis
1774 2473 1797 2499 *
1817 2473 1861 2513 ἱη

1034 2528 1325 2570 tabernaculis
1345 2530 1566 2580 justorum.

1086 2585 1278 2625 Dextera
1305 2585 1481 2626 Domini
1510 2586 1612 2628 fecit
1639 2586 1859 2626 virtutem:

1035 2638 1214 2681 dextera
1250 2641 1427 2681 Domini
1464 2642 1671 2683 exaltavit
1705 2654 1793 2690 me,
1835 2641 1859 2665 ¹*

1034 2694 1214 2736 dextera
1233 2696 1408 2736 Demini
1428 2697 1529 2738 fecit
1547 2698 1763 2738 virtutem.
