2040 2990
677 196 782 229 Feria
810 196 977 230 secunda
1005 196 1053 229 ad
1078 197 1283 239 Vesperas.

182 290 435 331 Esurientes
463 290 662 343 implevit
687 290 832 331 bonis:
860 290 883 316 *
912 295 956 332 et

133 346 291 388 divites
320 346 486 388 dimisit
514 347 676 388 inanes.

182 407 385 460 Suscepit
402 408 539 449 Israel
567 411 751 460 puerum
769 421 911 458 suum,
932 409 955 433 *

131 464 388 506 recordatus
415 463 730 506 misericordiae
759 478 860 505 suae.

182 525 303 567 Sicut
330 524 503 566 locutus
533 530 599 566 est
626 525 683 566 ad
708 530 856 578 patres
883 539 955 567 no-

101 609 114 622 .
132 586 264 631 stros,
292 582 315 607 *
343 581 583 632 Abraham,
612 586 655 623 et
683 582 837 622 semini
867 583 955 633 eius

131 639 175 679 in
204 638 375 680 saecula.

186 707 338 749 Glaria
360 707 491 748 Patri.

171 788 318 842 Deinde
345 788 484 822 dicitur
508 788 732 831 Antiphona
758 794 793 822 ct
819 788 949 822 Oratio

128 846 294 879 propria.

390 923 738 945 -—,0.,sp.0.*—-

165 1021 313 1063 Feria
330 1020 549 1062 secunda
568 1021 634 1062 ad
653 1021 914 1071 vesperas.

181 1095 279 1135 Ant.
312 1095 552 1137 Inclinavit.

393 1181 588 1221 Psalmus
609 1182 686 1220 114.

146 1251 228 1305 573}
263 1247 381 1298 ilexi,
408 1249 613 1300 quoniam
642 1247 846 1289 exaudiet
867 1249 954 1289 Do-

172 1306 226 1359 ³4:¹ssst
284 1304 426 1345 minus
469 1306 493 1331 *
538 1317 693 1346 vocem
743 1305 954 1346 orationis

145 1354 148 1366 '
203 1362 206 1363 ⁷
234 1366 255 1384 ³-
284 1374 405 1402 meae.

182 1420 294 1470 Quia
314 1421 539 1462 inclinavit
563 1434 711 1463 aurem
735 1434 858 1462 suam
879 1422 954 1462 mi-

129 1475 190 1517 hi:
212 1477 236 1502 ²⁸¹
264 1481 308 1518 et
335 1477 379 1518 in
407 1477 562 1519 diebus
589 1478 698 1519 meis
726 1478 954 1519 invocabo.

181 1537 599 1580 Circumdederunt
651 1551 721 1580 me
776 1538 953 1580 dolores

128 1594 297 1635 mortis:
320 1594 343 1619 *
362 1599 406 1636 et
433 1595 626 1646 pericula
655 1595 810 1636 inferni
837 1595 953 1636 inve-

127 1651 285 1691 nerunt
312 1663 392 1692 me.

178 1710 528 1753 Tribulationem
568 1716 611 1753 et
655 1711 853 1753 dolOrem
894 1712 953 1752 in-

130 1767 246 1808 veni:
264 1767 288 1793 *
309 1772 352 1808 et
370 1780 528 1809 nomen
547 1768 725 1809 Domini
742 1768 954 1810 invocavi.

183 1827 220 1868 O
235 1827 424 1869 Domine
441 1828 578 1869 libera
596 1828 784 1869 animam
796 1841 954 1870 meam:

130 1885 154 1911 *
180 1884 428 1926 misericors
462 1885 692 1934 Dominus,
728 1890 771 1926 et
805 1886 954 1937 justus,

131 1945 175 1983 et
201 1940 322 1982 Deus
350 1946 500 1983 noster
526 1941 767 1982 miseretur.

182 2001 444 2043 Custodiens
462 2001 669 2054 parvulos
683 2001 914 2042 D6minus:
930 2003 953 2028 *

130 2057 381 2099 humiliatus
401 2071 508 2108 sum,
538 2063 581 2099 et
599 2058 803 2100 liberavit
821 2071 901 2099 me.

183 2118 449 2160 Convertere
490 2119 633 2160 anima
673 2131 771 2159 mea
810 2118 853 2158 in
890 2119 952 2158 re-

132 2175 276 2226 quiem
303 2179 441 2216 tuam:
463 2175 486 2201 *
510 2175 611 2227 quia
638 2175 853 2215 Dominus
881 2173 952 2215 be-

130 2230 289 2272 nefecit
315 2231 406 2272 tibi.

181 2292 292 2342 Quia
320 2293 479 2345 eripuit
512 2292 700 2333 animam
726 2305 869 2333 meam
897 2291 952 2333 de

128 2353 285 2389 morte:
312 2349 336 2374 *
365 2348 517 2390 oculos
546 2361 668 2389 meos
697 2361 721 2389 a
745 2348 952 2398 lacrimis,

129 2403 265 2456 pedes
292 2417 415 2446 meos
443 2418 468 2445 a
495 2404 632 2457 lapsu.

180 2463 370 2506 Placebo
408 2465 598 2506 Damino
635 2465 658 2490 *
695 2466 737 2505 in
776 2465 951 2516 regione

130 2519 338 2561 vivorum.

183 2587 280 2628 Ant.
308 2589 536 2631 inclinavit
559 2590 774 2630 Daminus
801 2602 949 2630 aurem

131 2657 253 2684 suam
280 2644 396 2686 mihi.

183 2714 280 2752 Ant.
310 2714 497 2756 Credidi.

1772 195 1832 230 111

1272 293 1468 333 psalmus
1489 296 1564 334 115.

1007 342 1242 450 Credidi,
1283 351 1466 399 propter
1503 347 1623 398 quod
1659 347 1833 388 locutus

1098 415 1209 443 sum:
1237 404 1260 428 *
1290 415 1371 454 ego
1401 408 1546 444 autem
1580 403 1832 445 humiliatus

1008 472 1104 500 sum
1132 460 1272 500 nimis.

1058 516 1153 567 Ego
1183 516 1274 558 dixi
1301 517 1345 557 in
1374 518 1557 557 excessu
1584 529 1698 557 meo:
1725 517 1748 542 *
1778 517 1831 558 O-

1008 572 1120 613 mnis
1149 572 1280 614 homo
1308 572 1507 614 mendax.

1061 628 1177 678 Quid
1205 629 1443 670 retribuam
1470 629 1673 677 DaminQ
1701 630 1723 655 *
1751 642 1831 682 pro

1009 685 1234 735 omnibus,'
1252 699 1349 738 quae
1378 685 1579 726 retribuit
1606 684 1733 726 mihi?

1060 741 1252 783 Calicem
1272 742 1474 783 salutaris
1499 742 1727 794 accipiam:
1747 742 1770 767 *
1790 747 1833 784 et

1008 811 1166 839 nomen
1193 799 1372 849 Domini
1400 798 1626 840 invocabo.

1058 855 1178 896 Vota
1205 868 1302 896 mea
1331 855 1520 897 Domino
1554 854 1735 896 reddam
1763 867 1831 896 co-

1008 925 1101 952 ram
1129 912 1247 952 omni
1275 911 1441 964 populo
1471 913 1576 964 ejus:
1596 912 1619 936 *
1638 911 1832 964 preti6sa

1008 968 1052 1008 in
1073 970 1315 1020 conspectu
1329 968 1507 1009 DOmini
1526 981 1643 1009 mors
1663 969 1832 1008 sancto-

1008 1038 1105 1065 rum
1133 1025 1240 1076 eius:

1060 1081 1097 1122 Ο
1113 1081 1302 1121 Damine
1325 1081 1426 1133 quia
1447 1093 1527 1132 ego
1548 1093 1700 1122 servus
1716 1085 1831 1121 tuus:

1007 1138 1030 1162 *
1056 1149 1137 1188 ego
1167 1149 1319 1178 servus
1347 1142 1459 1186 tuus,
1489 1142 1531 1178 et
1559 1137 1674 1177 filius
1703 1136 1830 1177 ancil-

1007 1194 1061 1234 1ae
1085 1198 1184 1234 tuae.

1060 1250 1276 1302 Dirupisti
1297 1250 1467 1291 vincula
1491 1262 1603 1290 mea:
1623 1251 1646 1275 *
1665 1250 1745 1291 tibi
1767 1263 1830 1290 sa-

1008 1306 1215 1347 crificabo
1235 1306 1424 1347 hostiam
1440 1306 1593 1355 laudis,
1613 1311 1655 1347 et
1672 1319 1829 1347 nomen

1007 1363 1185 1404 Damini
1204 1362 1430 1403 invocabo.

1058 1419 1177 1460 Vota
1212 1432 1309 1459 mea
1345 1419 1535 1460 Damino
1572 1418 1753 1460 reddam
1787 1419 1830 1458 in

1008 1477 1247 1527 conspectu
1289 1475 1428 1516 omnis
1471 1474 1625 1527 populi
1666 1476 1773 1526 ejus:
1806 1475 1829 1499 *

1007 1532 1050 1572 in
1078 1532 1199 1572 atriis
1228 1531 1383 1572 domus
1401 1531 1591 1580 DOmini,
1620 1531 1663 1571 in
1683 1530 1828 1572 medio

1007 1589 1070 1629 tui
1098 1587 1350 1630 Jerusalem.

1057 1644 1156 1684 Ant.
1188 1643 1384 1694 Credidi,
1413 1649 1595 1696 propter
1624 1643 1741 1695 quod
1769 1642 1827 1683 lo-

1008 1704 1134 1742 catus
1163 1714 1269 1742 sum.

1057 1756 1156 1797 Ant.
1185 1757 1393 1798 Laudate.

1270 1815 1466 1855 Psalmus
1486 1817 1564 1855 116.

1067 1869 1227 1911 audate
1261 1869 1497 1910 Dominum
1531 1880 1681 1908 omnes
1716 1867 1828 1908 Gen-

1096 1931 1179 1967 tes:
1199 1926 1222 1951 *
1242 1925 1418 1967 laudate
1446 1938 1544 1965 eum
1573 1937 1725 1965 omnes
1752 1925 1827 1976 po-

1006 1983 1113 2035 puli:

1058 2039 1274 2089 Qudniam
1306 2038 1563 2079 confirmata
1598 2041 1664 2089 est
1697 2048 1828 2088 super

1006 2108 1086 2136 nos
1107 2094 1407 2136 misericordia
1436 2095 1542 2145 ejus:
1561 2093 1584 2119 *
1604 2097 1647 2134 et
1666 2093 1826 2134 veritas

1005 2151 1182 2192 Damini
1209 2156 1355 2192 manet
1383 2151 1427 2191 in
1453 2151 1674 2191 aeternum.

1056 2208 1154 2247 Ant.
1189 2207 1384 2249 Laudate
1411 2206 1648 2247 Dominum
1676 2216 1825 2246 omnes

1006 2265 1183 2306 Gentes.

1057 2322 1155 2360 Ant.
1185 2319 1391 2361 Clamavi.

1268 2376 1463 2416 Psalmus
1489 2378 1563 2415 119.

1074 2433 1102 2474 d
1120 2432 1356 2474 Dominum
1376 2444 1474 2472 cum
1494 2429 1724 2471 tribularer
1743 2428 1824 2469 cla-

1106 2489 1239 2530 mavi:
1267 2489 1290 2513 *
1319 2493 1362 2529 et
1391 2485 1611 2528 exaudivit
1638 2497 1718 2525 me.

1054 2545 1243 2586 Domine
1271 2544 1409 2585 libera
1433 2543 1620 2583 animam
1640 2547 1823 2581 meam·a

1003 2601 1130 2642 labiis
1150 2600 1326 2652 iniquis,
1343 2600 1366 2625 *
1385 2604 1428 2640 et
1449 2611 1473 2639 a
1492 2598 1639 2649 lingua
1659 2595 1822 2637 dolasa.

1055 2657 1170 2708 Quid
1198 2656 1326 2698 detur
1347 2655 1442 2704 tibi,
1469 2659 1544 2695 aut
1567 2652 1670 2705 quid
1689 2662 1821 2702 appo-

977 2705 987 2769 Ι’
1002 2715 1130 2755 natur
1157 2712 1237 2754 tibi
1260 2713 1283 2738 *
1305 2712 1362 2753 ad
1385 2711 1574 2762 linguam
1600 2705 1820 2750 dolosam?
