2080 2990
714 193 924 228 Commune
950 193 1197 228 Conscssoris
1220 192 1428 227 Pontificis.

216 296 318 325 ecce
362 283 445 324 alia
488 284 680 337 quinque
717 284 1044 338 superlucratus

215 353 322 382 sum.
359 341 489 382 Intra.

272 406 428 447 Bencd.
461 402 715 454 I'nigenitus
734 403 819 446 Dei
838 404 983 461 Filius.

360 481 426 519 l)e
445 476 645 530 Epistola
665 476 722 519 ad
740 477 899 520 Titum.

317 546 466 586 Lectio
491 546 528 586 ii.
729 548 830 599 Cap.
853 550 880 587 1.
898 547 934 588 b.

298 606 446 657 portet
490 603 605 645 enim
645 605 903 656 episcopum
951 604 1043 646 sine

318 661 497 703 crimine
517 673 624 710 esse,
644 660 756 701 sicut
769 659 853 701 Dei
873 659 1043 713 dispen-

214 720 421 760 satorem:
454 730 542 759 non
567 716 819 769 superbum,
851 729 939 758 non
963 717 1043 758 ira-

214 774 415 824 cundum,
434 787 522 816 non
541 772 821 822 vinolentum,
841 786 929 814 non
948 786 1043 826 per-

214 833 455 881 cussorem,
496 843 584 872 non
616 829 757 882 turpis
784 829 894 871 lucri
926 830 1044 883 cupi-

214 888 334 930 dum:
373 887 452 930 sed
479 886 761 939 hospitalem,
797 885 1044 938 benignum,

214 945 423 994 sobrium,
456 945 629 996 justum,
663 947 877 993 sanctum,
910 944 1044 986 conti-

213 1004 407 1052 nentem,
445 1000 784 1053 amplectentem
813 1013 928 1050 eum,
971 1001 1045 1054 qui

213 1057 455 1100 secundum
481 1057 726 1099 doctrinam
754 1061 835 1107 est,
869 1056 1045 1099 fidelem

215 1117 476 1157 sermonem:
504 1119 553 1156 ut-
571 1118 730 1166 potens
751 1113 807 1155 sit
822 1113 1045 1156 exhortari

212 1172 256 1213 in
282 1171 481 1214 doctrina
507 1183 630 1221 sana,
661 1175 704 1212 et
723 1183 816 1220 eOS,
847 1170 921 1223 qui
945 1183 1044 1213 con-

213 1228 443 1278 tradicunt,
459 1230 653 1279 arguere.
668 1227 778 1269 Sunt
791 1227 906 1269 enim
919 1228 1045 1270 multi

214 1286 345 1327 etiam
373 1283 694 1334 inobedientes,
726 1283 969 1336 vaniloqui,
1003 1290 1046 1327 et

214 1342 487 1384 seductores:
507 1340 697 1382 maxime
713 1340 787 1392 qui
802 1340 857 1382 de
873 1341 1046 1383 circum-

215 1399 378 1440 cisione
406 1402 519 1440 sunt:
556 1410 667 1450 quos
694 1399 873 1450 oportet
898 1397 1045 1440 redar-

214 1456 301 1508 gui:
331 1455 404 1508 qui
429 1455 655 1496 universas
684 1453 842 1496 domos
868 1454 1045 1497 subver-

1098 285 1297 328 subditas
1330 285 1434 326 viris
1466 286 1573 336 suis,
1613 292 1662 330 ut
1692 301 1781 330 non
1813 287 1925 330 blas-

1097 342 1329 395 phemetur
1370 341 1554 384 verbum
1588 343 1683 386 Dei.
1734 345 1758 386 J
1760 347 1925 387 avenes

1097 398 1294 440 similiter
1317 398 1494 441 hortare
1516 404 1564 442 ut
1584 400 1719 442 sobrii
1738 401 1835 444 sint.
1872 403 1922 443 In

1098 454 1299 497 omnibus
1346 457 1537 508 teipsum
1581 457 1734 510 praebe
1784 460 1924 500 exem-

1097 511 1218 564 plum
1237 511 1455 554 bonorum
1475 515 1675 566 operum,
1702 514 1746 556 in
1765 514 1924 558 doctri-

1096 581 1162 618 na,
1181 569 1224 610 in
1243 569 1504 620 integritate,
1525 570 1569 611 in
1587 571 1813 623 gravitate,
1832 585 1925 614 ver·

1096 625 1201 667 bum
1218 638 1382 675 sanum,
1401 626 1799 679 irreprehensibile:
1816 634 1864 671 ut
1878 629 1925 678 is,

1098 682 1172 735 qui
1192 695 1245 724 ex
1265 682 1452 724 adverso
1473 688 1550 733 est,
1577 685 1793 734 vereatur,
1820 684 1926 726 nihil

1096 738 1264 781 habens
1283 739 1445 781 malum
1465 739 1611 782 dicere
1630 740 1686 782 de
1704 740 1843 783 nobis.

1146 803 1195 855 R.
1213 801 1238 841 J
1239 801 1383 843 uravit
1393 801 1619 852 Dominus,
1635 806 1679 844 et
1692 815 1782 844 non
1795 803 1927 855 poeni—

1097 856 1207 900 tebit
1231 870 1344 899 eum:
1366 863 1388 886 *
1415 858 1486 900 Tu
1509 871 1556 900 es
1578 858 1787 900 sacerdos
1806 859 1851 900 in
1871 872 1926 900 ae-

1096 915 1270 956 ternum
1287 915 1529 957 secundum
1544 915 1743 957 ordinem
1757 915 1927 958 Melchi-

1097 970 1270 1013 sedech.
1296 969 1345 1020 Y.
1369 972 1492 1014 Dixit
1505 972 1720 1014 Dominus
1734 972 1926 1015 Domino

1096 1040 1214 1078 me0,
1241 1028 1356 1070 Sede
1380 1041 1405 1070 a
1430 1028 1597 1071 dextris
1620 1029 1741 1072 meis.
1777 1029 1847 1071 Tu
1866 1042 1925 1073 es.

1096 1084 1250 1127 Gloria
1267 1085 1398 1127 Patri.
1434 1085 1504 1127 Tu
1523 1098 1582 1128 εει.

1327 1169 1376 1208 In
1394 1169 1445 1209 ΙΙ.
1465 1170 1500 1210 N
1502 1171 1688 1211 octurno.

1147 1234 1245 1274 Ant.
1269 1232 1555 1273 Invocantem
1570 1231 1594 1257 *
1610 1230 1834 1273 exaudivit
1846 1231 1928 1272 Do-

1097 1286 1239 1328 minus
1259 1292 1458 1330 sanctum
1477 1301 1614 1338 suum,
1637 1288 1732 1329 Dfis
1754 1287 1927 1329 exaudi-

1098 1343 1160 1386 vit
1180 1356 1290 1394 eum,
1316 1349 1359 1387 et
1379 1345 1605 1387 constituit
1625 1357 1725 1387 eum
1742 1345 1787 1386 in
1805 1357 1927 1398 pace.

1381 1412 1581 1454 Psalmus
1600 1415 1637 1454 4.

1106 1483 1135 1518 ’ἢ
1320 1475 1574 1517 invocarem
1604 1474 1828 1517 exaudivit
1858 1487 1929 1517 me

214 1517 327 1562 tunt,
364 1511 574 1554 docentes
604 1524 702 1563 quae
736 1524 824 1553 non
857 1513 1045 1565 oportet,
1102 1502 1165 1553 'f‘
1187 1524 1210 1538 ‘¹

214 1569 355 1622 turpis
374 1569 484 1610 lucri
502 1568 653 1619 gratia.

265 1630 314 1680 Ru
353 1626 469 1667 Ecce
498 1624 706 1667 sacerdos
734 1637 934 1676 magnus,
973 1625 1047 1677 qui

215 1683 258 1724 in
284 1682 439 1725 diebus
465 1682 553 1724 suis
578 1682 744 1735 placuit
762 1683 912 1724 Deoz*
937 1681 1046 1724 Ideo

215 1739 492 1792 jurejurando
531 1738 634 1781 fecit
673 1738 796 1780 illum
832 1738 1047 1780 Dominus

217 1798 416 1839 crescere
434 1796 478 1837 in
496 1795 672 1849 plebem
691 1808 826 1837 suam.
842 1796 891 1846 V.
910 1795 1047 1837 Bene-

217 1853 454 1895 dictionem
483 1852 678 1894 omnium
705 1852 899 1904 gentium
926 1851 1048 1894 dedit

216 1911 292 1961 illi,
330 1915 373 1952 et
400 1911 712 1952 testamentum
738 1922 866 1951 suum
893 1909 1047 1951 confir-

217 1967 352 2009 mavit
371 1980 504 2020 super
524 1970 657 2019 caput
677 1967 780 2018 ejus,
807 1965 927 2008 Ideo.

271 2028 428 2068 Bened.
458 2027 646 2080 Spiritus
666 2027 805 2070 sancti
822 2027 973 2078 gratia.

321 2095 471 2136 Lectio
493 2096 546 2135 iii.
780 2098 884 2150 Cap.
904 2100 940 2139 2.

216 2150 326 2256 Tu
363 2162 510 2200 autem
542 2157 724 2210 loquere
758 2171 857 2211 quae
891 2158 1050 2202 decent

332 2227 483 2256 sanam
519 2213 782 2256 doctrinam:
831 2216 967 2258 Senes
1002 2220 1050 2258 ut

220 2272 354 2314 sobrii
374 2271 470 2321 sint,
490 2270 651 2323 pudici,
676 2271 928 2324 prudentes,
957 2272 1050 2314 sani

219 2329 262 2370 in
282 2327 381 2378 fide,
408 2327 454 2369 in
482 2326 727 2378 dilectione,
756 2328 799 2369 in
823 2329 1050 2381 patientia:

219 2386 343 2428 Anus
380 2383 577 2426 similiter
612 2384 656 2424 in
693 2384 845 2427 habitu
884 2390 1049 2436 sancto,

219 2455 307 2484 non
327 2441 655 2490 criminatrices,
682 2454 770 2483 non
790 2442 928 2484 multo
948 2442 1050 2485 vino

221 2499 472 2547 servientes,
499 2497 613 2540 bene
633 2496 859 2540 docentes:
883 2503 932 2541 ut
951 2512 1049 2552 pru-

222 2555 414 2598 dentiam
456 2554 644 2596 doceant
690 2553 1050 2605 adolescentulas,

220 2617 269 2655 ut
303 2611 421 2653 viros
455 2623 560 2653 suos
593 2616 754 2662 ament,
794 2610 908 2652 filios
946 2625 1050 2653 suos

223 2669 415 2720 diligant,
430 2667 683 2721 prudentes,
698 2672 853 2717 castaS,
870 2667 1050 2718 sobrias,

223 2726 381 2769 domus
404 2737 552 2767 curam
575 2724 802 2774 habentes,
829 2723 1051 2775 benignas,

1103 1564 1115 1587 a
1140 1573 1190 1588 ψ
1232 1531 1354 1573 Deus
1378 1532 1555 1583 justitiae
1579 1544 1706 1574 meae:
1734 1533 1759 1560 *
1785 1532 1830 1573 in
1856 1532 1928 1573 tri-

1106 1583 1209 1612 *²2
1232 1587 1456 1630 bulatione
1476 1587 1670 1630 dilatasti
1687 1588 1803 1630 mihi.

1150 1645 1359 1687 Miserere
1377 1645 1473 1697 mei,
1487 1645 1512 1671 *
1532 1650 1576 1687 et
1595 1645 1755 1687 exaudi
1769 1645 1928 1687 oratio·

1099 1715 1199 1744 nem
1218 1714 1371 1744 meam.

1151 1758 1249 1800 Filii
1281 1758 1508 1800 hominum
1538 1761 1770 1811 usquequo
1807 1758 1929 1810 gravi

1100 1813 1257 1858 corde?
1285 1816 1309 1842 *
1337 1819 1386 1857 ut
1417 1815 1524 1867 quid
1556 1814 1734 1866 diligitis
1765 1815 1928 1866 vanita-

1100 1877 1200 1922 tem,
1229 1876 1273 1914 et
1293 1872 1488 1924 quaeritis
1506 1870 1808 1914 mendacium?

1152 1930 1208 1971 Et
1244 1929 1402 1971 scitote
1439 1929 1647 1981 quoniam
1683 1928 1931 1970 mirificavit

1100 1986 1316 2027 Dominus
1339 1991 1540 2028 sanctum
1563 1999 1705 2028 suum:
1730 1985 1754 2012 *
1779 1984 1930 2026 Domi·

1100 2056 1182 2085 nus
1215 2042 1423 2085 exaudiet
1453 2055 1524 2085 me
1552 2055 1652 2085 cum
1680 2041 1928 2084 clamavero

1101 2099 1158 2142 ad
1178 2113 1289 2142 eum.

1154 2156 1412 2207 Irascimini,
1446 2161 1490 2198 et
1515 2155 1652 2198 nolite
1678 2156 1879 2208 peccare:
1906 2156 1931 2182 *

1103 2226 1202 2267 quae
1226 2213 1370 2256 dicitis
1394 2213 1437 2254 in
1462 2212 1670 2255 cordibus
1691 2211 1861 2261 vestris,
1886 2211 1930 2252 in

1102 2269 1317 2312 cubilibus
1335 2269 1495 2312 vestris
1518 2267 1872 2321 compungimini.

1153 2327 1406 2369 Sacrificate
1444 2325 1707 2368 sacrificium
1742 2325 1931 2377 justitiae,

1102 2388 1147 2426 et
1173 2385 1350 2436 sperate
1378 2383 1421 2424 in
1448 2382 1651 2424 Domino.
1670 2382 1693 2408 *
1716 2381 1844 2423 Multi
1871 2381 1931 2424 di-

1102 2445 1220 2483 cunt:
1248 2440 1355 2491 Quis
1373 2439 1567 2482 ostendit
1586 2438 1714 2481 nobis
1731 2437 1873 2480 bona?

1155 2497 1381 2549 Signatum
1409 2501 1477 2538 est
1508 2509 1640 2549 super
1672 2508 1754 2537 nos
1785 2495 1931 2536 lumen

1102 2554 1249 2597 vultus
1271 2553 1335 2595 tui
1358 2552 1561 2594 Domine:
1589 2554 1613 2579 *
1641 2551 1801 2594 dedisti
1825 2551 1931 2593 laeti-

1102 2612 1210 2654 tiam
1228 2611 1271 2652 in
1291 2609 1426 2652 corde
1444 2621 1555 2650 meo.
1625 2617 1630 2621 '

1155 2668 1196 2709 A
1220 2667 1363 2708 fructu
1391 2665 1610 2715 frumenti,
1642 2665 1745 2715 vini,
1778 2669 1823 2706 et
1846 2664 1931 2706 olei

1104 2725 1170 2767 sui
1188 2726 1212 2753 *
1230 2723 1507 2776 multiplicati
1526 2727 1637 2764 sunt.
