2040 2990
727 182 927 216 Dominica
954 183 1002 216 ad
1027 183 1261 219 Matutinum.

197 275 253 315 Et
275 280 456 327 propter
479 275 590 316 hanc
609 276 652 316 in
672 276 806 318 altum
826 279 966 328 regre-

147 329 263 372 dere:
286 332 310 357 *
337 332 551 373 Deminus
579 332 741 384 judicat
767 334 966 386 pepulos.

196 392 220 431 J
222 391 350 433 udica
391 406 460 434 me
496 393 684 435 Domine
726 394 966 436 secundum

146 448 351 499 justitiam
371 462 523 499 meam,
542 451 565 475 *
586 455 628 491 et
647 450 887 491 secandum
906 452 965 491 in-

146 505 393 546 nocentiam
412 519 555 547 meam
575 519 705 558 super
724 520 804 548 me.

197 565 486 607 Consumetur
531 568 722 619 nequitia
764 571 964 620 peccato'-

145 634 256 671 rum,
276 627 319 663 et
339 622 497 674 diriges
515 624 690 675 justum,
714 624 738 649 *
766 631 964 667 scrutans

146 678 281 719 corda
301 683 344 719 et
362 692 494 720 renes>
507 680 637 721 Deus.

195 739 220 779 J
220 744 364 780 ustum
384 739 644 792 adjuterium
663 755 808 783 meum
832 755 857 783 a
876 743 963 784 De-

144 795 281 844 mino,
317 796 341 821 *
385 797 457 848 qui
500 797 644 838 salvos
680 798 783 840 facit
819 804 963 840 rectos

147 851 291 893 corde.

195 913 315 954 Deus
333 913 463 965 judex
482 915 634 966 justus,
659 915 799 966 fortis,
825 922 868 958 et
890 919 962 969 pa-

143 968 269 1010 tiens:
287 970 311 995 *
335 971 547 1023 numquid
565 972 764 1014 irascitur
783 987 862 1026 per
882 977 962 1014 sin-

143 1025 268 1076 gulos
288 1025 402 1068 dies?

194 1086 289 1128 Nisi
320 1089 518 1129 conversi
551 1089 734 1139 fueritis,
771 1091 963 1142 gladium

144 1154 269 1184 suum
292 1143 494 1186 vibrabit:
521 1145 545 1171 *
573 1159 722 1188 arcum
750 1160 875 1189 suum
902 1154 962 1190 te-

142 1199 292 1250 tendit,
311 1205 355 1242 et
374 1202 544 1254 paravit
561 1202 692 1244 illum.

193 1261 249 1302 Et
275 1261 318 1301 in
344 1274 395 1303 eo
423 1263 595 1315 paravit
619 1278 724 1305 vasa
748 1266 914 1307 mortis:
939 1267 962 1291 *

144 1319 324 1368 sagittas
344 1331 444 1359 suas
465 1319 717 1362 ardentibus
738 1321 890 1363 effecit.

193 1378 308 1420 Ecce
326 1380 527 1431 parturiit
545 1380 808 1432 injustitiam:
824 1383 847 1408 *
863 1396 961 1424 con-

143 1434 258 1487 cepit
286 1434 502 1485 dolorem⁷
535 1442 579 1478 et
609 1439 781 1491 peperit
811 1439 961 1492 iniqui-

142 1492 288 1533 tatem.

191 1551 356 1593 Lacum
375 1553 554 1605 aperuit,
574 1559 617 1596 et
637 1555 788 1598 effodit
807 1570 919 1598 eum:
938 1558 961 1583 *

143 1612 185 1649 et
203 1608 355 1650 incidit
372 1609 415 1649 in
436 1609 608 1651 foveam
629 1625 758 1664 quam
778 1613 889 1655 fecit.

194 1669 482 1711 Convertetur
503 1670 629 1713 dolor
649 1673 738 1724 ejus
762 1674 805 1714 in
831 1681 962 1727 caput

142 1724 247 1776 ejus:
265 1726 289 1750 *
309 1731 352 1767 et
370 1726 413 1767 in
428 1727 637 1769 verticem
655 1729 792 1782 ipsius
810 1731 961 1784 iniqui-

141 1786 208 1822 tas
228 1782 317 1834 ejus
337 1782 584 1826 descendet.

193 1842 445 1885 Confitebor
482 1844 674 1887 Domino
721 1848 961 1890 secandum

141 1897 345 1949 justitiam
364 1900 468 1951 ejus:
486 1901 510 1926 *
534 1906 577 1943 et
595 1902 779 1954 psallam
798 1906 961 1946 nemini

140 1954 317 1996 Domini
340 1956 546 1998 altissimi.

420 2015 621 2057 Psalmus
650 2018 685 2056 8.

142 2067 375 2173 Demine
389 2078 603 2120 Dominus
623 2086 781 2130 noster,
792 2082 814 2107 *
831 2096 960 2134 quam

249 2133 503 2177 admirabile
523 2141 589 2177 est
604 2149 763 2179 nomen
777 2143 898 2180 tuum
917 2139 959 2180 in

142 2188 343 2231 universa
361 2191 492 2233 terra!

193 2251 406 2301 Quoniam
422 2252 591 2294 elevata
606 2259 672 2295 est
686 2256 959 2306 magnificen-

141 2307 201 2347 tia
219 2312 303 2357 tua,
322 2309 345 2334 *
365 2321 496 2361 super
516 2309 663 2351 coelos.

193 2364 259 2405 Ex
287 2377 363 2406 ore
390 2365 616 2406 infantium
642 2372 685 2408 et
708 2367 959 2410 lactentium

142 2420 362 2472 perfecisti
376 2420 549 2462 laudem
567 2429 747 2475 propter
762 2425 958 2466 inimicos

142 2482 251 2527 tuos,
270 2478 293 2503 *
313 2483 361 2519 ut
380 2477 579 2519 destruas
597 2479 817 2522 inimicum
838 2487 880 2522 et
900 2482 958 2522 ul-

142 2536 294 2576 terem.

194 2591 407 2640 Quoniam
425 2589 585 2632 videbo
612 2592 747 2634 coelos
772 2598 886 2643 tuos,
915 2595 958 2635 ό-

142 2659 248 2698 pera
276 2647 509 2699 digitorum
536 2649 726 2689 tuorum:
758 2650 781 2675 *
814 2650 958 2691 lunam

144 2708 186 2743 et
205 2703 361 2754 stellas,
382 2717 479 2758 quae
497 2710 545 2747 tu
562 2706 763 2748 fundasti.

1070 279 1184 329 Quid
1204 285 1270 321 est
1287 280 1435 330 homo,
1462 282 1579 334 quod
1603 297 1770 325 memor
1792 299 1838 326 es

1018 334 1130 385 ejus?
1150 337 1172 360 *
1193 342 1267 377 aut
1285 337 1398 377 filius
1417 337 1612 389 heminis,
1633 342 1837 392 queniam

1017 392 1166 432 visitas
1187 391 1311 433 eum?

1068 453 1260 494 Minuisti
1297 467 1394 495 eum
1436 456 1566 507 paulo
1604 458 1743 498 minus
1780 458 1835 499 ab

1016 508 1211 560 Angelis,
1236 510 1373 561 gloria
1399 517 1442 552 et
1465 511 1631 554 honore
1657 517 1834 555 corona-

1017 566 1071 606 sti
1087 579 1200 607 eum:
1215 568 1238 591 *
1259 572 1302 608 et
1317 569 1577 610 constituisti
1593 582 1690 610 eum
1706 584 1835 623 super

1017 623 1152 674 epera
1172 625 1377 664 manuum
1397 627 1579 666 tuarum.

1068 684 1223 725 Omnia
1269 684 1487 736 subjecisti
1533 686 1612 727 sub
1649 687 1834 739 pedibus

1016 741 1115 791 ejus
1135 742 1158 765 *
1178 754 1282 782 oves
1302 746 1345 782 et
1363 741 1500 783 boves
1519 743 1756 784 universas:
1776 747 1834 784 in-

1016 810 1147 849 super
1167 803 1209 838 et
1228 799 1390 850 pecora
1410 800 1561 851 campi.

1066 858 1281 899 Velucres
1302 859 1411 908 coeli,
1432 865 1475 900 et
1492 860 1635 912 pisces
1655 861 1795 910 maris,
1811 862 1834 886 *

1017 914 1088 966 qui
1107 915 1413 967 perambulant
1433 917 1608 957 semitas
1627 918 1769 958 maris.

1067 976 1255 1017 Demine
1266 976 1480 1017 Deminus
1495 983 1653 1026 noster,
1664 979 1687 1003 *
1704 991 1833 1030 quam

1014 1031 1268 1073 admirabile
1289 1038 1355 1074 est
1373 1046 1531 1074 nomen
1546 1039 1668 1075 tuum
1686 1035 1729 1074 in
1745 1035 1833 1075 uni-

1015 1089 1141 1129 versa
1160 1088 1291 1130 terra!

1302 1145 1498 1185 Psahnus
1528 1146 1564 1184 9.

1022 1198 1310 1306 confitebor
1336 1211 1415 1252 tibi
1441 1212 1628 1253 Domine
1659 1213 1701 1253 in
1738 1218 1831 1255 toto

1108 1267 1242 1308 corde
1274 1281 1392 1309 meo:
1423 1269 1446 1293 *
1475 1268 1660 1310 narrabo
1690 1270 1833 1311 omnia

1013 1323 1226 1365 mirabilia
1245 1329 1329 1365 tua.

1064 1385 1271 1426 Laetabor
1307 1391 1349 1426 et
1386 1386 1612 1427 exsultabo
1645 1387 1687 1426 in
1720 1392 1777 1428 te:
1809 1388 1831 1412 *

1013 1441 1197 1493 psallam
1215 1442 1378 1482 nemini
1396 1447 1472 1483 tuo
1491 1442 1724 1484 Altissime.

1064 1503 1115 1542 In
1135 1502 1431 1544 convertendo
1451 1503 1670 1544 inimicum
1687 1517 1831 1545 meum

1013 1560 1266 1599 retrersum:
1286 1559 1308 1583 *
1327 1559 1659 1600 infirmabuntur
1678 1565 1722 1601 et
1737 1574 1830 1612 per-

1013 1614 1137 1656 ibunt
1156 1628 1180 1655 a
1201 1615 1309 1656 facie
1328 1620 1412 1656 tua.

1062 1676 1276 1726 Queniam
1300 1676 1439 1717 fecisti
1463 1675 1666 1727 judicium
1687 1691 1830 1718 meum

1014 1737 1057 1773 et
1084 1745 1260 1773 causam
1287 1746 1447 1773 meam:
1474 1733 1497 1758 *
1526 1732 1675 1774 sedisti
1700 1747 1830 1785 super

1013 1787 1217 1829 thronum
1239 1789 1310 1840 qui
1329 1788 1493 1840 judicas
1512 1789 1727 1839 justitiam.

1065 1850 1306 1901 Increpasti
1327 1850 1501 1898 Gentes,
1530 1855 1573 1890 et
1601 1850 1728 1902 periit
1756 1853 1829 1891 im-

1012 1906 1127 1958 pius:
1164 1906 1187 1930 *
1225 1918 1382 1946 nomen
1414 1907 1564 1946 eorum
1598 1906 1750 1947 delesti
1786 1907 1828 1947 in

1013 1963 1234 2010 aeternum,
1257 1966 1299 2003 et
1317 1962 1360 2002 in
1381 1961 1587 2003 saeculum
1607 1963 1764 2003 saeculi.

1063 2022 1230 2063 Inimici
1250 2021 1501 2064 defecerunt
1520 2023 1694 2064 frameae
1718 2023 1759 2063 in
1783 2024 1828 2064 fi-

1012 2092 1125 2119 nem:
1149 2079 1172 2103 *
1198 2083 1240 2120 et
1264 2079 1462 2120 civitates
1487 2081 1639 2120 eorum
1664 2079 1828 2121 destru-
1882 2113 1883 2125 ,

1012 2135 1122 2176 xisti.

1062 2195 1194 2236 Periit
1221 2196 1429 2237 memeria
1458 2198 1608 2237 eorum
1635 2209 1733 2237 cum
1762 2198 1827 2237 so-

1011 2252 1120 2293 nitu:
1157 2253 1180 2277 *
1217 2257 1260 2293 et
1290 2253 1503 2293 Deminus
1538 2252 1581 2292 in
1618 2253 1826 2293 aeternum

1010 2310 1246 2360 permanet.

1062 2369 1237 2410 Paravit
1251 2369 1294 2409 in
1306 2367 1462 2419 judicio
1474 2367 1676 2409 thronum
1688 2382 1826 2409 suum:

1010 2426 1033 2450 *
1058 2430 1101 2466 et
1123 2425 1217 2477 ipse
1241 2424 1447 2475 judicabit
1466 2424 1617 2466 orbem
1637 2430 1765 2466 terrae
1784 2425 1824 2464 in

1011 2482 1235 2534 aequitate,
1262 2480 1468 2532 judicabit
1491 2481 1680 2532 populos
1702 2481 1744 2521 in
1769 2482 1825 2531 ju-

1010 2538 1137 2579 stitia.

1061 2595 1116 2635 Et
1140 2594 1278 2634 factus
1298 2599 1364 2634 est
1383 2593 1595 2634 Dominus
1614 2593 1823 2643 refugium

1009 2650 1206 2702 pauperi:
1230 2651 1253 2675 *
1279 2649 1449 2701 adjl'itor
1467 2650 1510 2689 in
1530 2649 1823 2701 opportunita-

973 2707 976 2711 ’
1010 2705 1137 2754 tibus,
1155 2706 1199 2746 in
1218 2705 1506 2747 tribulatione.
