2080 2990
240 219 287 254 8*

242 317 423 368 operum
437 314 607 367 plenior
621 327 751 367 quam
767 314 945 356 dierum.
964 315 1064 357 Mul-

240 372 295 414 tis
329 377 431 424 post
464 371 632 414 ebitum
662 372 884 413 miraculis
912 372 956 413 in
984 385 1063 413 sua

240 428 486 481 praesertim
521 428 704 471 Polonia
741 429 906 478 enituitz
943 430 1061 481 cujus

240 484 368 525 armis
397 490 548 527 contra
574 484 873 527 formidabiles
901 486 1061 526 Turca-

240 554 335 582 rum
368 542 583 584 exercitus
617 541 868 594 spectabilis
896 555 919 583 e
947 541 1060 582 coelo

240 597 362 638 affuit
380 610 467 639 non
487 599 638 649 semel,
667 603 711 640 et
735 598 935 640 civitates
954 597 1060 639 alias

239 658 379 706 peste,
434 654 541 696 alias
594 653 795 696 incendio
848 654 1060 696 liberavit.

239 710 532 760 Quam6brem
543 711 742 754 Clemens
754 711 946 753 decimus
962 724 1060 752 eum

238 766 348 808 inter
368 767 598 819 primarios
616 771 751 810 totius
772 767 894 819 regni
910 768 1060 827 Patro-

238 835 318 865 nos
359 825 599 874 constituit;
644 823 908 866 Benedictus
952 837 1058 866 vero

240 878 433 922 decimus
455 881 608 922 tertius
632 881 768 933 (quod
793 894 818 922 a
837 880 1059 923 Clemente

238 936 467 978 undecimo
486 937 741 990 jampridem
756 938 897 979 fuerat
913 937 1058 980 decre-

237 995 343 1044 tum)
382 994 425 1034 in
458 997 707 1036 sanctorum
737 998 965 1037 numerum
997 998 1059 1037 re-

238 1050 346 1091 tulit.
391 1052 435 1102 lx‘g.
458 1051 548 1093 Iste
566 1051 709 1093 homo.

464 1132 511 1170 In
530 1132 599 1170 III.
621 1132 842 1171 Nocturno.

241 1191 391 1232 Lectio
416 1191 555 1232 sancti
573 1192 798 1243 Evangelii
821 1193 1060 1235 secundum

517 1248 782 1290 Matthaeum.

342 1311 491 1351 Lectio
514 1311 580 1350 vii.
781 1310 882 1361 Cap.
903 1312 959 1349 19.

234 1360 310 1467 In
328 1365 401 1406 illo
425 1367 638 1418 tempore:
663 1366 812 1408 Oblati
835 1373 937 1410 sunt
955 1369 980 1410 J
983 1382 1060 1411 esu

299 1422 486 1476 parvuli,
519 1427 567 1463 ut
594 1435 747 1465 manus
777 1424 837 1466 eis
865 1425 1058 1478 impene-

235 1484 312 1521 ret.
338 1480 395 1520 Et
414 1479 593 1532 reliqua.

271 1560 458 1601 Homilia
485 1560 525 1601 S.
553 1560 784 1611 Augustini
811 1561 1034 1615 Episcopi.

495 1622 537 1655 In
563 1621 699 1655 psalm.
728 1623 801 1655 11⁸.

240 1671 847 1771 luuffieffiffilffifmssffla
863 1673 1059 1773 3333&

240 1770 357 1808 ¹⁴³³*2⁷²¹
379 1785 450 1826 nia
479 1790 554 1827 tua
577 1786 779 1836 Domine,
813 1800 911 1839 quae
943 1801 1059 1830 scru-

234 1844 326 1883 tata
358 1846 425 1883 est
457 1842 600 1883 anima
630 1843 804 1895 parvuli
837 1843 976 1896 huius:
1015 1851 1059 1887 et

235 1897 335 1939 ideo
361 1898 539 1949 invenit,
574 1900 677 1952 quia
706 1899 958 1943 humiliatus
983 1907 1059 1952 est,

237 1959 280 1996 et
304 1955 513 2007 parvulus
539 1956 681 1998 factus
706 1962 783 1999 est.
820 1957 926 2008 Quis
947 1959 1060 2000 enim

237 2011 340 2053 facit
367 2012 572 2054 mandata
599 2018 692 2063 tua,
722 2014 836 2056 sicut
863 2015 1061 2058 facienda

237 2073 353 2118 sunt,
381 2068 426 2110 id
445 2074 512 2111 est
530 2082 584 2111 ex
602 2069 707 2121 fide,
736 2084 835 2123 quae
858 2085 938 2124 per
958 2072 1060 2114 dile·

238 2124 425 2167 ctionem
444 2126 527 2168 Dei
547 2129 773 2179 operatur,
801 2128 883 2169 nisi
908 2130 998 2180 ejus
1017 2130 1061 2170 in

237 2181 371 2224 corde
398 2195 477 2235 per
504 2183 713 2236 Spiritum
740 2190 938 2227 sanctum
964 2186 1061 2239 ipsa

237 2238 414 2281 dilectio
452 2239 741 2283 diffundatur?
795 2242 894 2284 Hoc
930 2244 1061 2285 etiam

236 2296 318 2338 iste
335 2296 542 2349 parvulus
558 2298 799 2340 confitetur.
827 2299 889 2341 Os
904 2313 1060 2351 meum,

236 2354 393 2406 inquit,
417 2354 583 2406 aperui,
610 2359 652 2396 et
672 2355 830 2396 attraxi
848 2357 1059 2411 spiritum,

238 2411 339 2462 quia
379 2410 587 2452 mandata
629 2416 703 2453 tua
745 2411 1061 2456 desiderabam.

238 2466 352 2517 Quid
373 2466 662 2518 desiderabat,
682 2468 763 2509 nisi
780 2469 924 2511 facere
943 2484 1060 2512 man-

239 2523 340 2565 data
357 2522 523 2565 divina?
543 2524 630 2566 Sed
649 2537 736 2566 non
757 2531 850 2567 erat
867 2526 983 2568 unde
1000 2528 1060 2569 fa-

238 2585 356 2622 ceret
381 2580 576 2623 infirmus
604 2581 752 2631 fortia,
782 2586 825 2623 et
851 2584 1060 2635 parvulus

238 2650 404 2688 magna.
431 2638 617 2690 Aperuit
633 2651 693 2689 OS,
713 2638 925 2680 cenfitens
942 2641 1061 2692 quod

238 2706 316 2746 per
335 2707 381 2736 se
400 2694 495 2747 ipse
515 2707 602 2736 non
620 2696 799 2745 feceret,
820 2700 863 2737 et
883 2698 1060 2739 attraxit

239 2749 354 2793 unde
373 2751 546 2793 faceret.

672 224 738 257 lm·
763 225 791 256 Γ).
820 224 905 257 Dec.
954 224 987 257 S.
1012 224 1191 257 Stanislai
1221 223 1381 256 Kostkae
1406 222 1514 257 Cons.

1171 319 1219 369 R.
1246 315 1338 356 Iste
1364 318 1431 356 est
1457 313 1532 366 qui
1556 317 1656 355 ante
1683 313 1828 356 Deum
1851 325 1939 354 ma-

1116 384 1224 423 gnas
1247 371 1431 412 virtutes
1461 372 1669 422 operatus
1697 374 1780 421 est,
1813 374 1857 412 et
1885 369 1940 412 de

1116 428 1232 469 omni
1271 426 1404 469 corde
1443 439 1524 468 suo
1560 425 1756 469 laudavit
1790 426 1938 468 Domi-

1115 498 1234 525 num:
1255 485 1392 537 *Ipse
1416 482 1660 525 intercedat
1683 495 1767 535 pro
1784 485 1937 536 pecca-

1115 541 1172 583 tis
1200 541 1394 582 omnium
1424 539 1700 593 populorum.
1746 536 1797 589 W.
1821 539 1939 582 Ecce

1114 597 1246 639 homo
1266 597 1358 638 sine
1378 596 1570 649 querela,
1596 608 1726 637 verus
1744 595 1829 637 Dei
1853 595 1938 638 cul-

1114 659 1199 704 tor,
1233 653 1457 695 abstinens
1489 666 1536 695 se
1567 652 1624 695 ab
1658 652 1776 694 omni
1804 654 1939 704 epere

1113 711 1247 760 malo,
1274 715 1318 752 et
1341 712 1602 763 permanens
1623 710 1668 751 in
1690 709 1939 751 innocentia

1114 781 1202 809 sua.
1235 768 1349 820 Ipse.

1400 824 1552 865 Lectio
1575 823 1658 864 viii.

1181 880 1308 922 unior
1335 892 1431 921 sum
1457 892 1554 930 ego⁷
1583 879 1737 933 inquit,
1771 883 1815 921 et
1840 892 1939 922 con-

1190 938 1397 990 temptus:
1407 936 1734 988 justificationes
1745 941 1842 978 tuas
1852 949 1941 978 non

1114 1007 1210 1036 sum
1225 993 1398 1036 oblitus.
1422 993 1524 1035 Non
1540 994 1652 1035 sicut
1667 993 1830 1035 inimici
1843 994 1940 1045 mei,

1067 1076 1069 1079 -
1115 1051 1189 1103 qui
1214 1050 1339 1092 obliti
1365 1054 1466 1092 sunt
1490 1050 1725 1092 verborum
1751 1052 1940 1092 tuorum.

1114 1107 1301 1150 Videtur
1332 1112 1480 1149 autem
1512 1107 1655 1149 minor
1687 1109 1820 1150 aetate
1851 1120 1944 1150 non

1115 1164 1276 1206 oblitus
1305 1164 1632 1216 justificatiOnes
1660 1164 1762 1215 Dei,
1790 1163 1940 1206 dolere

1112 1234 1195 1274 pro
1219 1222 1404 1263 inimicis
1428 1221 1518 1262 suis
1542 1224 1674 1263 aetate
1692 1221 1940 1273 majeribus,

1115 1279 1189 1330 qui
1208 1278 1332 1320 obliti
1352 1282 1463 1319 sunt.
1497 1277 1612 1320 Nam
1633 1277 1739 1331 quid
1757 1283 1841 1328 est,
1867 1277 1938 1320 Ju-

1112 1335 1209 1376 nior
1233 1347 1315 1385 ego
1339 1347 1428 1376 non
1452 1348 1549 1376 sum
1569 1334 1748 1385 oblitus,
1775 1334 1860 1376 nisi
1877 1334 1940 1376 illi

1111 1392 1299 1444 majores
1327 1391 1453 1433 obliti
1480 1391 1602 1433 sunt?
1637 1391 1725 1433 Sed
1749 1393 1939 1434 contem-

1112 1454 1237 1501 ptum
1261 1461 1308 1490 56
1335 1447 1441 1490 dicit
1465 1448 1535 1490 hic
1560 1449 1718 1500 juni0r3
1748 1447 1850 1490 ideo
1881 1448 1939 1490 fa-

1113 1510 1209 1547 ctus
1242 1510 1309 1548 est
1339 1506 1490 1558 major:
1524 1505 1627 1558 quia
1656 1505 1866 1557 ignobilia
1896 1510 1941 1548 et

1113 1562 1459 1615 contemptibilia
1481 1561 1633 1605 mundi
1657 1562 1788 1614 elegit
1806 1563 1939 1614 DeuS,

1113 1624 1157 1661 et
1176 1633 1227 1661 ea
1247 1633 1346 1672 quae
1364 1632 1453 1661 non
1472 1624 1584 1670 sunt,
1602 1624 1828 1672 tamquam
1843 1620 1939 1670 sint,

1112 1682 1159 1719 ut
1195 1689 1246 1718 ea
1280 1689 1379 1729 quae
1411 1681 1526 1727 sunt,
1563 1678 1838 1719 evacuentur.
1881 1677 1940 1719 Et

1113 1746 1216 1775 ecce
1236 1738 1336 1775 sunt
1353 1733 1596 1783 novIssimi,
1617 1733 1692 1785 qui
1711 1738 1836 1776 erant
1854 1733 1939 1786 pri-

1111 1790 1181 1840 mi,
1201 1794 1245 1831 et
1262 1790 1403 1842 primi,
1425 1790 1499 1842 qui
1518 1794 1640 1831 erant
1658 1790 1896 1832 novissimi.

1170 1850 1219 1900 R.
1249 1847 1345 1888 Sint
1375 1846 1511 1888 lumbi
1538 1846 1674 1889 vestri
1702 1847 1939 1899 praecincti,

1114 1909 1157 1946 et
1191 1904 1381 1946 lucernae
1420 1903 1623 1945 ardentes
1659 1904 1705 1944 in
1738 1903 1939 1946 manibus

1113 1961 1285 2003 vestris:
1308 1959 1394 2002 *Et
1411 1973 1493 2002 vos
1510 1959 1672 2002 similes
1690 1959 1940 2003 hominibus

1114 2016 1470 2070 exspectantibus
1526 2016 1751 2059 dominum
1803 2030 1940 2067 suum,
2007 2068 2009 2070 Ι

1115 2073 1289 2127 quando
1308 2075 1553 2116 revertatur
1571 2087 1598 2115 a
1615 2074 1790 2127 nuptiis.
1810 2067 1862 2120 V.
1873 2073 1942 2116 Vi·

1113 2131 1246 2182 gilate
1266 2143 1382 2182 ergo,
1412 2131 1512 2183 quia
1530 2131 1708 2173 nescitis
1728 2144 1813 2183 qua
1830 2130 1940 2172 hora

1113 2188 1327 2229 Dominus
1355 2192 1501 2229 vester
1528 2190 1736 2229 venturus
1763 2187 1831 2229 sit.
1872 2187 1939 2230 Et.

1118 2243 1267 2286 Gloria
1289 2245 1418 2286 Patri.
1452 2245 1518 2286 Et.

1416 2303 1569 2344 Lectio
1590 2303 1644 2343 ix.

1116 2356 1229 2461 Iste
1248 2362 1394 2399 autem
1412 2358 1552 2409 jsmior
1569 2370 1657 2399 non
1680 2362 1747 2399 est
1766 2356 1937 2408 oblitus,

1174 2414 1275 2466 quia
1293 2427 1381 2455 non
1401 2427 1524 2455 suam
1542 2413 1679 2456 voluit
1698 2413 1860 2456 habere
1878 2415 1937 2466 ju-

1114 2471 1287 2520 stitiam,
1303 2470 1381 2512 sed
1391 2471 1491 2521 Dei3
1511 2470 1566 2512 de
1583 2483 1668 2523 qua
1679 2470 1810 2512 etiam
1822 2483 1938 2512 nunc

1113 2526 1230 2569 dicit:
1258 2527 1283 2568 J
1285 2527 1433 2569 ustitia
1456 2532 1545 2576 tua,
1573 2527 1734 2578 justitia
1752 2527 1796 2567 in
1815 2528 1936 2568 aeter-

1112 2597 1225 2625 num.
1253 2584 1440 2636 Propter
1459 2583 1570 2625 hanc
1588 2596 1744 2636 passus
1761 2587 1828 2625 est
1840 2595 1936 2636 per-

1112 2641 1383 2683 secutionem
1402 2641 1542 2692 junior
1561 2653 1587 2681 a
1604 2640 1783 2692 majore,
1808 2644 1858 2682 ut
1875 2639 1936 2682 di-

1113 2702 1231 2739 ceret
1249 2697 1391 2750 junior
1411 2697 1531 2749 quod
1548 2698 1760 2749 sequitur:
1782 2696 1935 2738 Tribu-

1111 2754 1217 2795 latio
1244 2759 1287 2796 et
1310 2754 1548 2796 necessitas
1570 2754 1829 2796 invenerunt
1851 2766 1935 2804 me;
