2080 2990
323 198 392 231 Die
409 199 438 231 3.
461 199 565 231 Febr.
592 200 626 231 S.
646 199 764 232 Blasii
787 199 849 240 Ep.
870 200 974 232 Mart.
995 206 1029 232 ct
1046 199 1075 231 4.
1095 199 1128 231 S
1151 200 1313 232 Andrea-
1333 201 1483 233 ‹nu-sini
1508 202 1570 242 lip.
1591 202 1696 233 (tons.

1797 200 1861 235 471

210 294 279 335 Ad
316 295 487 343 Magnis.
528 298 625 335 Ant.
676 296 815 337 Hodie
853 295 983 337 beata

154 352 292 402 Virgo
319 351 459 392 Maria
484 354 670 403 puerum
696 352 720 392 J
723 364 846 392 esum
871 364 982 404 prae-

156 406 344 448 sentavit
368 407 411 446 in
437 407 622 459 templo,
649 412 693 448 et
717 408 893 448 Simeon
918 419 981 448 re-

154 462 299 514 pletus
322 462 489 514 Spiritu
514 468 665 504 sancto
689 463 860 514 accepit
883 475 982 503 eum

155 518 199 558 in
224 518 348 558 ulnas
377 530 494 567 suas,
523 522 567 559 et
590 517 815 560 benedixit
839 518 982 559 Deum

154 573 198 613 in
217 575 440 614 aeternum.

208 627 355 660 Deinde
381 629 420 661 tit
446 629 757 662 commemoratio
784 639 887 671 sequ.

372 723 455 764 Die
474 724 511 764 3.
530 723 767 764 Februarii.

283 786 327 826 S.
345 785 502 826 Blasii
524 784 664 838 Episc.
688 791 728 823 et
749 784 870 824 Mart.

209 848 306 887 Ant.
341 847 428 888 Iste
461 851 636 888 sanctus
663 859 746 898 pro
774 846 872 897 lege
899 847 983 888 Dei

153 902 221 942 sui
248 902 431 943 certavit
457 914 598 953 usque
626 901 682 943 ad.
707 907 911 951 mortem,
940 908 983 944 et

154 971 179 998 a
197 957 343 999 verbis
361 957 596 1010 impiorum
609 970 698 998 non
715 958 872 1000 timuit:
891 959 982 999 fun-

154 1012 283 1055 datus
331 1013 444 1054 enim
491 1019 584 1055 erat
631 1027 764 1066 supra
813 1014 983 1055 firmam

152 1073 333 1120 petram.

208 1121 256 1171 V.
297 1123 450 1165 Gloria
481 1129 524 1165 et
556 1124 725 1166 honore
762 1125 983 1166 coronasti

154 1192 254 1221 eum
288 1180 487 1221 Demine.
536 1182 586 1232 Rg.
625 1181 682 1221 Et
721 1181 983 1222 constituisti

154 1248 254 1276 eum
272 1248 404 1288 super
421 1239 557 1288 opera
574 1239 781 1277 manuum
798 1239 982 1278 tuarum.

489 1296 651 1336 Oratio.

243 1362 337 1399 eus,
364 1350 439 1401 qui
462 1363 544 1391 nos
569 1350 688 1392 beati
711 1351 847 1392 Blasii
870 1351 982 1391 Mar-

256 1406 365 1457 tyris
386 1405 450 1446 tui
473 1411 604 1457 atque
623 1407 849 1448 Pontificis
871 1409 983 1447 anua

155 1461 430 1502 solemnitate
444 1461 658 1503 laetificas:
674 1462 868 1503 concede
882 1475 982 1515 pro-

154 1517 306 1568 pitius;
336 1522 384 1558 ut
412 1518 531 1568 cujus
562 1518 757 1561 natalitia
789 1518 983 1567 colimus,

155 1571 211 1613 de
231 1571 426 1623 ejusdem
445 1573 575 1614 etiam
589 1574 865 1626 protectione
881 1587 982 1624 gau-

155 1626 346 1668 deamus.
374 1628 459 1669 Per
477 1628 724 1670 Doininum.

458 1684 609 1724 Lectio
630 1684 684 1723 iii.

235 1743 380 1793 Iasius,
399 1744 581 1786 Sebaste
600 1744 644 1784 in
658 1744 865 1785 Armenia
885 1757 983 1786 cum

253 1799 462 1841 virtutum
488 1799 617 1841 laude
646 1800 842 1849 floreret,
873 1801 981 1851 ejus-

155 1854 256 1896 dem
298 1855 485 1896 civitatis
527 1857 762 1907 episcopus
799 1855 981 1906 eligitur.

155 1911 239 1961 Qui
262 1923 350 1962 quo
374 1912 574 1963 tempore
598 1910 898 1952 Diocletianus
922 1911 980 1951 in-

155 1966 399 2008 satiabilem
439 1965 742 2007 crudelitatem
780 1966 825 2006 in
863 1966 980 2007 Chri-

155 2022 321 2063 stianos
341 2021 584 2069 exercebat,
605 2034 651 2062 se
666 2021 710 2061 in
728 2021 982 2073 speluncam
1043 2027 1062 2053 t

155 2076 324 2119 abdidit
346 2077 506 2118 montis
529 2077 690 2127 Argaei:
718 2077 793 2118 ubi
815 2076 982 2118 tamdiu

154 2132 296 2182 latuit,
325 2132 429 2174 dum
454 2132 509 2174 ab
533 2132 756 2182 Agricolai
780 2132 982 2184 praesidis

153 2188 362 2230 militibus
386 2187 646 2229 venantibus
672 2187 982 2239 deprehensus,

156 2249 199 2285 et
221 2243 278 2285 ad
298 2243 534 2296 praesidem
556 2242 728 2293 ductus,
754 2244 844 2295 ejus
863 2245 982 2295 jussu

156 2300 376 2351 conjectus
404 2304 470 2340 est
501 2299 544 2339 in
576 2298 758 2340 vincula.
813 2299 910 2348 Quo
938 2299 981 2338 in

154 2354 254 2396 loco
282 2355 443 2396 multos
472 2357 664 2405 aegrotos
694 2355 879 2403 sanavit,
909 2354 982 2405 qui

155 2409 213 2450 ad
237 2409 451 2459 Blasium,
479 2411 569 2461 ejus
599 2410 712 2451 fama
739 2410 981 2451 sanctitatis

157 2464 345 2515 adducti,
365 2465 683 2507 deferebantur.
710 2467 760 2506 In
774 2465 858 2505 illis
872 2477 982 2517 puer

155 2520 246 2569 fuit,
258 2521 331 2571 qui
347 2519 581 2573 desperata
596 2534 621 2562 a
634 2520 815 2562 medicis
831 2520 981 2569 salute,

155 2578 404 2616 transversa
423 2576 548 2628 spina
562 2576 758 2617 faucibus
772 2576 980 2616 inhaeren-

155 2636 210 2680 te,
233 2631 419 2671 animam
439 2631 606 2681 agebat.
642 2630 894 2673 Productus
910 2643 980 2671 au-

156 2691 246 2727 tem
265 2685 322 2727 ad
339 2686 575 2738 praesidem
592 2686 766 2727 Blasius
786 2686 920 2727 semel
939 2691 982 2727 et

1033 297 1201 343 iterum,
1222 308 1320 336 cum
1338 309 1420 338 nec
1437 297 1669 347 blanditiis,
1687 311 1769 339 nec
1786 299 1861 338 mi-

1033 351 1099 391 nis
1119 349 1280 392 adduci
1298 357 1461 403 posset,
1480 358 1528 394 ut
1543 353 1626 394 diis
1647 354 1860 394 sacrifica-

1034 411 1111 456 ret,
1130 407 1319 458 primum
1332 407 1464 458 virgis
1480 421 1631 458 caesus,
1647 409 1804 450 deinde
1818 409 1862 449 in

1035 461 1222 512 equuleo
1244 462 1396 503 ferreis
1419 464 1665 515 pectinibus
1686 464 1859 505 dilania-

1033 522 1104 558 tus
1132 522 1215 558 est:
1242 520 1468 569 postremo
1497 518 1676 571 dempto
1706 520 1861 571 capite,

1033 572 1201 613 illustre
1229 572 1334 613 fidei
1364 574 1660 616 testimenium
1688 575 1860 616 Christo

1034 628 1224 668 Domino
1262 627 1402 676 dedit,
1438 630 1568 671 tertio
1599 631 1751 671 Nonas
1782 632 1860 672 Fe-

1035 682 1207 724 bruarii.
1264 686 1325 724 Te
1343 685 1487 725 Deum
1504 685 1743 727 laudamus.
1762 688 1821 727 14.

1251 781 1335 822 Die
1354 783 1392 822 4.
1411 782 1647 825 Februarii.

1035 843 1078 884 S.
1090 844 1307 886 Andreae
1322 845 1517 887 Corsini
1536 847 1673 897 l-Ipisc.
1690 854 1729 885 ct
1744 848 1787 884 tl«
1800 846 1862 882 »1111
1911 874 1914 878 Α

1371 911 1530 953 Duplex.

1090 966 1224 998 Omnia
1258 967 1303 1000 dc
1335 968 1478 999 (jomim.
1509 967 1615 998 (Ioni.
1653 965 1757 997 l'ont.
1792 963 1862 1006 [49]

1037 1022 1177 1057 praeter
1201 1026 1305 1056 sequ.
1328 1010 1387 1053 (m.
1412 1015 1436 1044 t.
1462 1010 1510 1053 V.)

1369 1068 1532 1104 Oratio.

1037 1118 1220 1222 Deus,
1253 1117 1326 1167 qui
1352 1116 1396 1156 in
1423 1117 1621 1158 Ecclesia
1648 1123 1724 1158 tua
1750 1130 1864 1158 nova

1139 1183 1312 1224 semper
1330 1173 1546 1214 instauras
1567 1173 1767 1225 exempla
1782 1173 1863 1214 vir-

1035 1229 1196 1267 tutum:
1233 1226 1289 1268 da
1320 1228 1487 1280 pupulo
1521 1234 1597 1270 tuo
1631 1228 1749 1269 beati
1777 1229 1862 1268 An-

1036 1280 1154 1322 dreae
1179 1282 1453 1324 Confess6ris
1476 1284 1540 1325 tui
1564 1288 1695 1335 atque
1719 1284 1862 1324 Ponti-

1035 1336 1130 1377 ficis
1150 1337 1209 1378 ita
1229 1339 1353 1389 sequi
1372 1340 1569 1389 vestigia;
1592 1344 1640 1380 ut
1659 1341 1862 1390 assequa-

1035 1397 1106 1433 tur
1127 1397 1169 1433 et
1187 1395 1378 1445 praemia.
1405 1395 1490 1436 Per
1509 1395 1755 1436 Dominum.

1091 1454 1131 1486 ln
1166 1454 1190 1487 I.
1222 1454 1418 1487 Nocturni}
1455 1454 1653 1487 Lectiones
1689 1454 1734 1486 dc
1768 1453 1864 1486 Scri-

1039 1506 1149 1543 ptura
1177 1507 1408 1534 occurrente.

1091 1553 1129 1585 Si
1164 1553 1362 1586 vcro‘hoc
1396 1553 1546 1585 Festum
1584 1553 1795 1585 celebretur
1829 1552 1863 1584 in

1041 1600 1246 1641 (ρυιιείιϊιμἰ
1276 1600 1375 1633 Lcct.
1405 1600 1427 1632 l.
1455 1600 1561 1633 Noct.
1594 1607 1792 1633 sumuntur
1819 1610 1864 1631 cx

1040 1648 1183 1681 Corum.
1203 1648 1310 1681 (lons.
1332 1648 1450 1682 l'ont..
1471 1647 1613 1682 Fidelis
1631 1657 1766 1682 sermo.
1784 1647 1863 1690 [51]‚

1040 1701 1075 1728 ct
1103 1696 1150 1728 ix.
1178 1696 1276 1728 [cet.
1303 1696 1441 1735 legitur
1467 1695 1511 1727 dc
1540 1694 1704 1727 Homilia
1736 1693 1864 1725 Furiae.

1040 1753 1122 1775 cum
1147 1753 1341 1775 commem.
1364 1743 1409 1775 dc
1432 1754 1475 1774 ca
1501 1742 1534 1774 in
1559 1742 1669 1782 N'csp.
1692 1746 1724 1773 ct
1752 1739 1864 1771 Laud.

1040 1790 1149 1829 Quod
1187 1795 1363 1822 servatur
1402 1790 1435 1821 in
1475 1789 1560 1821 aliis
1602 1788 1722 1819 Pestis
1757 1787 1864 1819 'l'cm-

1039 1847 1131 1879 porc
1158 1837 1347 1877 Quadrag.

1262 1901 1310 1938 In
1339 1901 1388 1938 ΙΙ.
1417 1900 1638 1938 Nocturno.

1339 1959 1490 1998 Lectio
1511 1958 1563 1996 iv.

1067 2028 1088 2061 ἶ
1101 2028 1170 2070 (ῖς
1188 2021 1378 2071 ndream,
1398 2021 1633 2063 Florentiae
1653 2035 1707 2062 ex
1725 2022 1861 2063 nobili

1046 2100 1048 2108 ι
1075 2075 1120 2128 ,ig
1151 2073 1168 2103 *Β
1205 2077 1486 2118 Corsinorum
1514 2077 1675 2118 familia
1702 2083 1861 2128 natum,

1203 2134 1406 2184 parentes
1420 2132 1627 2185 precibus
1643 2146 1667 2173 a
1683 2133 1779 2174 Deo
1794 2134 1862 2174 im-

1034 2190 1280 2239 petrarunt,
1314 2193 1357 2229 et
1387 2188 1532 2230 beatae
1559 2189 1729 2239 Virgini
1762 2202 1859 2241 spo-

1034 2242 1294 2295 ponderunt.
1342 2245 1491 2294 Qualis
1520 2250 1665 2286 autem
1691 2244 1860 2286 futurus

1035 2304 1165 2347 esset,
1193 2298 1341 2340 divino
1365 2301 1599 2352 praesagio,
1627 2303 1860 2350 antequam

1034 2356 1297 2404 nasceretur,
1318 2357 1541 2396 ostensum
1561 2361 1639 2396 est:
1658 2368 1758 2396 nam
1774 2368 1859 2395 ma-

1034 2415 1100 2450 ter
1125 2410 1305 2460 gravida
1329 2410 1411 2451 sibi
1434 2411 1527 2452 visa
1549 2416 1616 2452 est
1638 2423 1718 2462 per
1743 2411 1858 2461 quie-

1033 2470 1123 2506 tem
1149 2465 1300 2517 lupum
1332 2465 1543 2515 edidisse,
1574 2466 1648 2517 qui
1675 2466 1732 2506 ad
1761 2466 1858 2506 Car-

1033 2520 1278 2562 melitarum
1303 2521 1444 2562 aedem
1466 2534 1668 2574 pergens,
1695 2522 1738 2561 in
1761 2521 1857 2572 ipso

1033 2576 1187 2628 templi
1213 2576 1430 2618 vestibulo
1460 2577 1605 2618 statim
1631 2577 1674 2616 in
1702 2588 1858 2625 agnum

1035 2633 1271 2672 conversus
1298 2638 1375 2673 est.
1420 2631 1692 2673 Adolescens
1718 2631 1789 2682 pie
1815 2635 1858 2670 et

1033 2686 1218 2737 ingenue
1244 2687 1468 2735 educatuS,
1497 2700 1595 2728 cum
1618 2686 1778 2727 sensim
1801 2683 1858 2725 ad
