2080 2990
209 212 276 248 462
648 218 714 251 Dic

210 308 362 349 Mariae
391 307 447 350 de
474 309 680 351 Mercede
708 307 1045 362 Redemptionis

213 364 499 416 Captivorum
556 365 756 407 instituit:
820 365 1045 406 sodalibus

211 420 302 460 suis
340 425 497 471 quart‘o
530 426 637 463 voto
673 421 915 470 obstrictis,
957 434 1044 461 ma-

210 474 342 517 nendi
379 476 422 516 in
458 476 617 529 pignus
655 477 736 518 sub
772 479 1046 530 paganorum

209 534 450 584 potestate,
475 533 511 574 si
529 546 613 586 pro
633 532 981 574 Christianorum
999 532 1045 572 li-

211 587 437 629 beratione
458 601 571 641 opus
592 588 732 630 fuerit.

265 646 312 693 R.
342 643 521 686 Amavit
541 657 641 685 eum
659 643 890 692 Dominus,
914 648 958 685 et
978 656 1045 685 or-

210 700 331 741 navit
373 713 489 741 eum.
529 700 689 741 stolam
720 699 872 750 gloriae
904 698 1045 741 induit

211 768 322 805 eum,
340 757 361 778 *
385 756 442 797 Et
460 755 516 797 ad
535 761 689 809 portas
707 754 903 808 paradisi
921 768 1043 797 coro-

210 812 331 853 navit
348 825 458 853 eum.
479 807 525 857 N.
548 811 696 853 Induit
716 824 815 853 eum
829 812 1045 852 Dominus

210 867 393 909 loricam
411 867 526 917 fidei,
546 872 590 909 et
610 868 782 909 ornavit
801 880 911 908 eum.
939 868 1006 909 Et.

512 900 664 964 Lectio
687 938 709 962 v
716 924 737 962 i.

291 978 384 1021 dito
404 980 665 1030 virginitatis
686 985 808 1030 voto,
832 979 1045 1021 illibatam

312 1037 530 1088 perpetuo
565 1037 812 1078 castitatem
843 1036 1045 1077 servavit.

209 1092 442 1142 Patientia,
478 1092 738 1142 humilitate,
771 1091 1044 1141 abstinentia,

211 1150 458 1199 ceterisque
503 1148 738 1190 virtutibus
788 1147 1046 1189 mirabiliter

211 1204 375 1245 enituit.
415 1204 669 1257 Prophetiae
698 1203 818 1246 dono
846 1203 1044 1253 illustris,

209 1260 355 1301 futura
382 1259 604 1312 praedixit:
637 1261 749 1302 inter
782 1273 882 1312 quae
909 1260 1044 1301 maxi-

209 1329 280 1357 me
306 1316 570 1366 celebratur,
600 1315 721 1368 quod
747 1317 773 1357 J
776 1316 942 1358 acobus
967 1329 1046 1357 rex

210 1371 461 1414 Valentiam
505 1386 531 1413 a
573 1373 737 1413 Mauris
783 1375 1046 1425 occupatam

211 1429 545 1480 expugneiverit,
573 1431 757 1481 accepta
774 1429 896 1481 prius
915 1428 970 1470 ab
991 1441 1044 1469 eo

211 1483 463 1525 obtinendae
483 1485 682 1526 victoriae
698 1485 945 1526 securitate⁴
965 1484 1047 1524 An-

210 1540 297 1590 geli
317 1539 534 1590 Custodis,
556 1553 608 1581 ac
622 1541 829 1593 Deiparae
840 1540 1045 1592 Virginis,

211 1595 429 1647 frequenti
448 1596 725 1649 apparitione
750 1595 1045 1638 recreabatur.

211 1651 342 1693 Senio
362 1651 541 1693 tandem
561 1652 801 1703 confectus,
828 1651 884 1694 de
907 1652 1044 1693 immi-

210 1708 330 1749 nenti
348 1713 492 1750 morte
512 1709 673 1750 certior
692 1709 848 1759 factus,
871 1708 915 1748 in
932 1721 1045 1749 mor·

210 1763 318 1805 bum
352 1763 522 1814 incidit,
568 1767 819 1817 sanctisque
855 1765 1046 1806 refectus

212 1820 512 1870 sacramentis,
540 1820 697 1862 fratres
726 1834 830 1862 suos
857 1820 914 1862 ad
940 1820 1045 1862 cari-

211 1878 350 1917 tatem
369 1889 473 1927 erga
492 1879 693 1929 captivos
713 1876 982 1926 cohortatus
1004 1882 1048 1918 et

213 1932 451 1982 Psalmum‚
478 1932 736 1974 Confitebor
759 1932 840 1974 tibi
859 1933 1047 1974 Domine

212 1987 257 2028 in
275 1993 372 2029 toto
393 1987 528 2029 corde
546 2001 658 2038 meo,
678 1987 963 2030 devotissime
982 1990 1047 2029 re-

215 2044 368 2092 citans,
397 2042 455 2084 ad
481 2043 555 2084 illa
582 2044 734 2094 verba,
763 2043 1048 2097 Redemptio-

213 2111 315 2140 nem
348 2099 468 2140 misit
498 2100 714 2140 Dominus
750 2100 919 2153 populo
956 2112 1048 2150 suo,

215 2155 419 2208 spiritum
433 2155 531 2196 Deo
551 2155 742 2197 reddidit
760 2155 905 2198 media
918 2161 1049 2197 nocte

214 2211 391 2262 Vigssiae
422 2211 676 2253 Nativitatis
707 2212 901 2263 Domini,
935 2224 1048 2253 anno

214 2267 446 2308 millesimo
467 2266 766 2309 ducentesimo
783 2270 1048 2320 quinquage-

217 2323 329 2363 simo
345 2328 483 2364 sexto.
503 2322 634 2374 Cujus
649 2323 934 2366 festivitatem
948 2323 1048 2364 Ale-

215 2377 383 2420 xander
402 2378 616 2430 septimus
636 2377 707 2420 die
726 2380 948 2430 trigesima
964 2379 1049 2432 pri-

215 2446 289 2474 ma
305 2434 330 2474 J
332 2433 499 2475 anuarii
519 2433 732 2475 celebrari
749 2436 976 2487 praecepit.

268 2486 317 2535 Bt·
349 2490 439 2531 Iste
457 2488 603 2531 homo.
620 2489 704 2542 [72]

271 2545 315 2579 In
337 2546 400 2579 111.
425 2546 533 2580 Noct.
560 2547 730 2581 Homiliu
748 2548 785 2580 in
806 2548 949 2589 Evang.
972 2549 1049 2585 No-

216 2596 283 2631 lite
299 2595 443 2631 timere.
462 2594 507 2627 de
527 2595 662 2628 eodem
682 2595 787 2629 Com.
804 2596 834 2628 2.
853 2595 949 2628 loco.
978 2597 1049 2640 [79]
1116 2618 1120 2621 ν
1175 2604 1183 2613 ’

272 2641 454 2683 Vesperae
480 2653 500 2675 a
522 2643 645 2685 Capit.
673 2643 718 2676 dc
745 2643 921 2685 sequenti
946 2653 1045 2676 com-

218 2698 324 2722 mem.
350 2699 462 2731 praec.

494 2740 780 2763 ψ

744 219 768 250 1.
795 218 900 250 Febr.
949 220 982 250 S.
1012 217 1146 258 Ignatii
1176 218 1300 260 Episc.
1326 224 1361 251 ct
1390 218 1492 250 Mart.

1175 315 1405 377 FESTA
1443 316 1812 377 FEBRUARl
1831 316 1861 375 l.

1152 398 1277 432 Prima
1305 399 1366 433 die
1392 410 1466 433 non
1494 399 1679 442 impedita
1703 399 1843 433 dieitur
1865 397 1926 428 Of-

1100 447 1224 479 ficium
1253 447 1536 481 Defunctorum.

1317 543 1401 585 Die
1419 544 1450 584 1.
1469 543 1708 585 Februarii.

1184 611 1228 651 S.
1255 610 1445 661 Ignatii
1478 610 1617 662 Epise.
1647 616 1689 650 et
1720 610 1841 650 Mart.

1433 675 1596 718 Duplex.

1152 731 1287 765 Omnia
1321 732 1367 765 dc
1398 732 1542 765 Comm.
1577 731 1690 765 unius
1721 731 1827 765 Mart.
1859 727 1928 772 [21]

1098 783 1239 821 praeter
1263 790 1367 822 sequ.

1433 824 1596 864 Oratio.

1145 874 1428 916 nfirmitatem
1450 880 1648 916 nostram
1671 875 1858 928 respice,
1884 887 1928 916 0-

1157 933 1407 983 mnipotens
1422 931 1559 972 Deus:
1579 936 1622 973 et
1638 931 1740 983 quia
1754 930 1930 984 pondus

1097 986 1290 1039 propriae
1306 987 1491 1029 actionis
1504 992 1669 1038 gravat,
1683 987 1803 1029 beati
1812 987 1931 1039 Igna-

1096 1043 1145 1084 tii
1163 1043 1369 1095 Martyris
1390 1043 1454 1085 tui
1472 1048 1605 1095 atque
1623 1043 1851 1085 Pontificis
1869 1043 1929 1084 in·
1958 1064 1963 1068 ·

1096 1099 1308 1140 tercessio
1352 1099 1547 1150 gloriosa
1588 1112 1670 1140 nos
1714 1102 1930 1152 protegat.

1096 1155 1182 1196 Per
1200 1155 1449 1196 Dominum.

1152 1222 1300 1255 Deinde
1326 1222 1365 1255 fit
1391 1231 1586 1255 commem.
1613 1220 1776 1264 praeccd.

1152 1275 1248 1314 Ant.
1272 1273 1356 1314 Hic
1374 1273 1440 1314 vir
1458 1272 1706 1326 despiciens
1720 1273 1931 1315 mundum

1098 1336 1142 1372 et
1178 1331 1369 1379 terrena,
1413 1329 1709 1383 triumphans,
1755 1329 1930 1372 divitias

1098 1386 1213 1428 coelo
1234 1385 1431 1428 condidit
1450 1399 1542 1437 ore,
1563 1399 1706 1428 manu.

1152 1441 1201 1489 Y.
1221 1443 1245 1483 J
1247 1447 1395 1484 ustum
1414 1441 1598 1484 deduxit
1616 1442 1831 1484 Dominus
1849 1455 1931 1495 per

1098 1499 1192 1540 vias
1211 1504 1367 1540 rectas.
1406 1499 1454 1550 Rg.
1479 1499 1537 1540 Et
1564 1497 1757 1541 ostendit
1779 1498 1842 1539 illi
1865 1511 1930 1541 re-

1098 1568 1231 1606 gnum
1249 1554 1344 1596 Dei.

1437 1607 1604 1648 Oratio.

1098 1657 1277 1763 Deus,
1303 1663 1378 1724 qui
1400 1662 1444 1703 in
1463 1667 1552 1704 tuae
1572 1661 1768 1704 caritatis
1789 1664 1931 1704 exem-

1204 1718 1337 1771 plum,
1348 1711 1420 1759 ad
1444 1718 1642 1760 fidelium
1666 1717 1848 1771 redemp
1850 1718 1931 1760 tio-

1098 1787 1200 1815 nem
1236 1778 1437 1815 sanctum
1472 1774 1655 1816 Petrum
1685 1774 1931 1815 Ecclesiam

1099 1835 1222 1872 tuam
1248 1843 1364 1872 nova
1391 1830 1517 1883 prole
1541 1829 1798 1872 foecundare
1825 1830 1931 1872 divi-

1099 1886 1217 1928 nitus
1243 1886 1450 1928 docuisti:
1477 1887 1616 1939 ipsius
1643 1885 1772 1928 nobis
1800 1886 1931 1928 inter-

1102 1943 1303 1984 cessione
1323 1942 1536 1993 concede;
1562 1955 1587 1984 a
1605 1942 1780 1995 peccati
1798 1941 1931 1985 servi-

1099 2003 1195 2041 tute
1220 1998 1388 2049 solutis,
1411 1999 1456 2040 in
1479 1999 1653 2040 coelesti
1670 1998 1814 2051 patria
1834 2011 1932 2051 per-

1100 2057 1237 2108 petua
1254 2055 1458 2097 libertate
1478 2053 1687 2106 gaudere:
1707 2054 1793 2105 Qui
1808 2054 1931 2096 vivis.

1151 2126 1194 2159 In
1227 2125 1251 2159 1.
1282 2124 1481 2159 Noenu-no
1513 2124 1718 2158 Lectiones
1752 2122 1799 2157 de
1832 2122 1930 2158 Scri-

1101 2179 1212 2217 ptura
1239 2176 1472 2207 occurrente.

1331 2241 1381 2280 In
1403 2242 1454 2282 ΙΙ.
1476 2241 1700 2281 Nocturno.

1101 2309 1170 2350 Ex
1188 2308 1302 2350 libro
1322 2309 1458 2350 sancti
1475 2308 1734 2360 Hieronymi
1747 2307 1931 2360 Presby-

1103 2365 1186 2407 teri
1213 2364 1269 2406 de
1292 2365 1589 2435 Scriptoribus
1614 2364 1934 2406 ecclesiasticis.

1407 2428 1441 2467 I
1445 2428 1558 2468 ectio
1580 2428 1631 2466 ix.

1175 2489 1395 2541 gnatius
1419 2487 1707 2530 Antiochenae
1735 2487 1934 2529 ecclesiae

1112 2549 1151 2606 fs
1175 2546 1212 2581 ἐ
1239 2545 1393 2587 tertius
1417 2550 1521 2597 post
1541 2545 1722 2585 Petrum
1739 2544 1933 2595 Aposto-

1239 2601 1330 2642 lum
1353 2603 1604 2653 episcopuS,
1628 2600 1934 2641 commovente

1102 2656 1455 2710 persecutionem
1473 2657 1681 2707 Trajano,
1701 2654 1933 2696 damnatus

1103 2712 1161 2754 ad
1185 2712 1366 2762 bestias,
1394 2712 1583 2753 Romam
1606 2712 1780 2753 vinctus
1803 2709 1933 2751 mitti
