2080 2990
641 216 744 251 Ordo
768 216 1122 251 Commendationis
1147 216 1307 249 Animae.

137 313 298 354 Omnes
315 312 453 354 sancti
464 310 667 353 Monachi
683 315 725 352 et
738 310 952 359 Eremstae,

818 368 952 408 orate.

134 425 293 466 Sancta
310 423 446 465 Maria
463 423 731 474 Magdalena,
859 435 953 464 ora.

134 480 292 522 Sancta
309 479 453 530 Lucia,
866 492 953 521 ora.

135 536 298 579 Omnes
316 541 479 578 sanctae
497 535 700 587 Virgines
723 540 766 578 et
783 535 953 585 Vffluae,

819 594 953 634 orate.

136 648 298 691 Omnes
323 648 471 691 Sancti
499 653 544 693 et
569 648 740 690 Sanctae
767 648 866 699 Dei,
893 648 952 689 in-

183 704 394 747 tercedite
412 717 494 758 pro
515 717 578 746 eo.

133 761 354 814 Propitius
372 766 478 811 esto,
497 773 630 814 parce
649 762 689 803 ei
706 762 904 804 Domine.

133 817 353 870 Propitius
370 823 476 868 esto,
490 817 628 859 libera
642 830 740 860 eum
755 819 953 860 Domine.

133 873 355 927 Propitius
375 879 482 924 esto,
511 899 513 901 ·
806 875 952 917 libera.

134 928 204 971 Ab
222 930 288 971 ira
304 935 390 980 tua,
806 931 953 973 libera.

134 986 175 1026 A
193 986 388 1039 periculo
407 986 571 1037 mortis,
806 987 952 1029 libera.

133 1042 175 1083 A
193 1042 307 1084 mala
325 1047 478 1093 morte,
806 1044 953 1086 libera.

133 1098 175 1140 A
193 1099 338 1152 poenis
355 1099 520 1149 inferni,

134 1155 204 1198 Ab
225 1155 342 1198 omni
358 1155 484 1206 malo,

132 1212 174 1254 A
193 1214 414 1265 potestate
433 1211 608 1262 diaboli,
806 1213 952 1256 libera.

132 1267 217 1310 Per
235 1268 506 1310 nativitatem
523 1273 653 1318 tuam,
766 1277 769 1281 ’
806 1269 951 1311 libera.

133 1324 217 1367 Per
236 1337 408 1367 crucem
427 1330 470 1366 et
487 1325 737 1378 passionem
755 1330 885 1376 tuam,
907 1326 952 1367 li-

185 1381 290 1423 bera
308 1394 407 1424 eum
424 1382 621 1424 Domine.

133 1437 217 1480 Per
233 1443 419 1480 mortem
438 1443 481 1481 et
499 1438 767 1492 sepulturam
785 1443 914 1489 tuam,

805 1495 952 1537 libera.

132 1549 217 1592 Per
240 1550 478 1602 gloriosam
501 1552 863 1594 resurrectionem
889 1557 952 1593 tu-

183 1619 263 1657 am,
804 1608 952 1650 libera.

132 1662 216 1704 Per
241 1662 540 1705 admirabilem
564 1664 864 1706 ascensionem
888 1669 952 1706 tu-

183 1731 264 1771 am,
804 1720 952 1763 libera.

131 1774 216 1816 Per
242 1776 426 1827 gratiam
450 1776 635 1830 Spiritus
662 1777 799 1819 sancti
823 1778 950 1818 Para-

183 1830 283 1882 cliti,
301 1832 439 1874 libera
458 1845 557 1874 eum
575 1833 772 1875 Domine.

131 1886 183 1927 In
204 1886 275 1928 die
293 1888 449 1940 judicii,
802 1889 950 1935 libera.

131 1943 403 1995 PeccatoreS,
421 1949 466 1987 te
484 1946 687 1996 rogamus
707 1945 808 1987 audi
825 1957 916 1987 nos.

132 1998 191 2040 Ut
211 2000 250 2041 ei
267 2012 434 2052 parcaS,
452 2005 496 2042 te
513 2003 728 2052 rogamus.

132 2056 270 2108 Kyrie
284 2056 458 2098 eleison.
482 2056 650 2099 Christe
666 2057 839 2098 eleison.
862 2057 949 2109 Ky-

183 2112 246 2154 rie
266 2112 441 2155 eleison.

805 1101 952 1143 libera.

806 1157 953 1199 libera.

184 2177 350 2220 Deinde,
386 2188 470 2212 cum
502 2178 539 2211 in
574 2188 695 2221 agone
732 2178 792 2211 sui
822 2177 947 2211 exitus

132 2224 258 2307 {nima
296 2226 490 2268 anxiatur,
530 2225 706 2260 dicuntur
744 2230 947 2268 sequentes

164 2278 343 2308 rationes.

464 2325 624 2367 Oratio.

241 2393 464 2435 oficiscere
482 2394 625 2435 anima
643 2393 877 2435 christiana
896 2394 950 2436 de

228 2449 312 2491 hoc
329 2450 504 2500 mundo,
522 2450 566 2491 in
583 2450 757 2491 nomine
775 2450 858 2491 Dei
872 2450 950 2491 Pa-

135 2505 215 2546 tris
243 2507 569 2559 omnipotentis,
602 2507 675 2559 qui
702 2511 745 2548 te
773 2507 950 2548 creavit:

135 2561 180 2602 in
211 2562 386 2604 nomine
416 2562 441 2603 J
443 2575 520 2604 esu
551 2563 710 2604 Christi
741 2563 838 2604 Filii
868 2562 951 2604 Dei

135 2617 236 2666 vivi,
265 2618 339 2670 qui
360 2631 442 2671 pro
465 2624 508 2661 te
526 2632 681 2672 passus
701 2625 781 2661 est:
809 2620 852 2660 in
876 2622 950 2661 no-

136 2674 251 2715 mine
264 2674 448 2727 Spiritus
466 2676 614 2726 sancti,
634 2677 707 2728 qui
725 2676 768 2717 in
785 2682 829 2717 te
848 2675 950 2717 effu-

138 2742 211 2771 sus
236 2735 316 2772 est:
346 2730 390 2771 in
415 2732 589 2773 nomine
614 2732 881 2783 Angelorum
908 2736 951 2773 et

1005 309 1393 362 Archangelorum:
1419 312 1464 353 in
1487 313 1661 355 nomine
1686 313 1822 355 Thro-

1004 367 1160 407 norum
1193 372 1236 408 et
1267 368 1635 410 Dominationum:
1674 370 1717 410 in
1747 372 1822 411 no-

1004 422 1119 464 mine
1132 423 1461 476 Principatuum
1480 430 1523 467 et
1536 426 1823 468 Potestatum:

1004 478 1048 519 in
1071 479 1245 521 nomine
1266 480 1498 522 Cherubim
1522 486 1566 523 et
1583 481 1823 535 seraphim:

1005 534 1050 575 in
1074 536 1248 577 nomine
1272 536 1622 578 Patriarcharum
1652 543 1695 580 et
1720 539 1822 580 Pro-

1004 590 1249 643 phetarum:
1285 592 1329 633 in
1363 593 1537 634 nomine
1574 596 1823 636 sanctorum

1006 648 1323 700 Apostolorum
1359 654 1403 690 et
1435 649 1823 700 Evangelistarum:

1004 705 1049 745 in
1066 705 1239 746 nomine
1258 707 1508 746 sanctorum
1526 706 1762 759 Martyrum
1782 712 1824 748 et

1007 761 1333 803 Confessorum:
1367 761 1412 802 in
1446 762 1621 803 nomine
1658 765 1823 804 sancto-

1005 830 1101 859 rum
1118 817 1435 859 Monachorum
1459 823 1502 859 et
1520 819 1824 860 Eremitarum:

1005 874 1048 915 in
1066 875 1239 916 nomine
1257 877 1506 916 sanctarum
1524 875 1762 926 Virginum,
1782 880 1825 917 et

1007 931 1197 972 omnium
1221 931 1479 972 Sanctorum
1505 936 1548 973 et
1570 931 1825 973 Sanctarum

1005 987 1101 1028 Dei:
1129 987 1262 1029 hodie
1287 987 1342 1029 sit
1366 987 1411 1028 in
1436 1000 1545 1040 pace
1567 987 1690 1029 locus
1714 993 1824 1037 tuus,
1845 1039 1850 1044 .

1006 1048 1050 1085 et
1088 1043 1299 1085 habitatio
1336 1048 1411 1085 tua
1446 1044 1489 1084 in
1526 1048 1676 1085 sancta
1710 1044 1824 1085 Sion.

1004 1100 1088 1142 Per
1117 1099 1318 1142 eumdem
1347 1100 1565 1142 Christum
1588 1101 1824 1142 Dominum

1005 1162 1211 1198 nostrum.
1238 1159 1287 1210 R.
1307 1157 1460 1198 Amen.

1331 1240 1493 1280 Oratio„

1094 1317 1170 1346 eus
1193 1305 1454 1354 misericors,
1479 1305 1600 1346 Deus
1624 1304 1823 1355 clemens,

1109 1361 1245 1411 Deus,
1275 1361 1348 1414 qui
1374 1361 1612 1403 secundum
1636 1361 1822 1402 multitu-

1006 1416 1150 1459 dinem
1176 1418 1500 1459 miserationum
1527 1419 1699 1458 tuarum
1725 1430 1823 1469 pec-

1006 1475 1103 1515 cata
1133 1474 1438 1526 poenitentium
1470 1473 1607 1523 deles,
1641 1478 1684 1515 et
1714 1486 1823 1526 prae-

1003 1530 1233 1572 teritorum
1264 1531 1491 1572 criminum
1520 1530 1670 1582 culpas
1698 1530 1823 1571 venia

1003 1587 1271 1629 remissionis
1300 1588 1499 1628 evacuas:
1527 1586 1697 1638 respice
1725 1598 1823 1638 pro-

1003 1643 1137 1695 pitius
1166 1656 1297 1696 super
1328 1643 1442 1684 hunc
1469 1642 1676 1684 famulum
1702 1646 1824 1683 tuum

1002 1697 1043 1738 N
1046 1730 1067 1749 .,
1087 1704 1130 1741 et
1146 1699 1446 1741 remissionem
1466 1699 1655 1740 omnium
1673 1711 1823 1750 pecca-

1003 1758 1150 1798 torum
1173 1758 1351 1797 suorum
1373 1759 1467 1796 tota
1490 1754 1636 1796 cordis
1656 1754 1821 1795 confes-

1004 1812 1126 1853 sione
1162 1813 1417 1864 poscentem
1454 1810 1714 1863 deprecatus
1751 1822 1821 1851 ex-

1004 1868 1116 1910 audi.
1156 1868 1338 1909 Renova
1361 1867 1404 1907 in
1431 1879 1499 1915 eo,
1525 1866 1719 1918 piissime
1743 1866 1820 1906 Pa-

1003 1929 1089 1974 ter,
1135 1922 1348 1976 quidquid
1383 1924 1555 1964 terrena
1588 1921 1820 1973 fragilitate

1003 1982 1267 2032 corruptum,
1286 1978 1356 2021 vel
1376 1977 1588 2031 quidquid
1606 1977 1822 2020 diabolica

1003 2036 1155 2078 fraude
1172 2035 1382 2077 violatum
1401 2040 1479 2077 est:
1499 2039 1542 2076 et
1560 2034 1715 2076 unitati
1729 2036 1820 2075 cor-

1001 2093 1122 2146 poris
1148 2091 1356 2133 Ecclesiae
1383 2090 1624 2133 membrum
1655 2090 1819 2132 redem-

1001 2149 1163 2202 ptionis
1181 2150 1374 2190 annecte.
1410 2147 1616 2188 Miserere
1633 2147 1820 2188 Domine

1002 2207 1255 2257 gemituum,
1298 2204 1503 2245 miserere
1546 2202 1820 2244 lacrimarum

1003 2262 1107 2313 ejus:
1143 2265 1187 2303 et
1217 2273 1306 2302 non
1337 2259 1570 2302 habentem
1600 2259 1819 2307 fiduciam,

1002 2318 1085 2358 nisi
1116 2317 1161 2358 in
1191 2322 1267 2359 tua
1298 2315 1610 2364 misericordia,
1644 2314 1700 2356 ad
1730 2319 1818 2356 tuae

1002 2375 1318 2415 sacramentum
1352 2371 1713 2414 reconciliationis
1746 2370 1818 2412 ad-

1001 2432 1134 2472 mitte.
1157 2430 1242 2471 Per
1261 2429 1479 2471 Christum
1491 2427 1727 2469 Dominum
1743 2439 1817 2468 no-

1002 2490 1149 2527 strum.
1175 2486 1225 2538 Rz.
1244 2485 1396 2527 Amen.

1002 2558 1308 2666 Commendo
1331 2568 1375 2605 te
1400 2561 1686 2614 omnipotenti
1708 2560 1816 2609 Deo,

1092 2620 1313 2661 carissime
1335 2619 1481 2667 frater,
1506 2621 1550 2658 et
1569 2617 1608 2659 ei
1631 2617 1750 2668 cujus
1769 2627 1815 2656 es

1002 2678 1201 2717 creatura
1220 2677 1459 2717 committo:
1477 2677 1536 2723 ut,
1555 2685 1653 2714 cum
1670 2671 1815 2712 huma-

1001 2731 1148 2774 nitatis
1168 2731 1361 2773 debitum
1378 2733 1519 2771 morte
1534 2727 1815 2770 intervenien-
