2040 2990
760 183 963 217 Dominica
991 185 1039 218 ud
1064 185 1227 219 Laudes.

191 275 256 316 Te
279 275 522 326 Martyrum
548 275 807 316 candidatus
831 276 854 301 *
879 275 966 316 lau-

139 330 216 372 dat
234 331 462 372 exercitus.

190 387 254 428 Te
273 399 353 439 per
372 387 526 428 orbem
545 389 761 428 terrarum
776 387 800 413 *
815 391 967 428 sancta

139 443 372 484 confitetur
391 443 604 492 Ecclesia,

188 499 365 540 Patrem
384 500 407 524 *
421 499 646 540 immensae
665 499 914 549 majestatis,

189 554 502 596 Venerandum
534 560 657 595 tuum
691 567 843 595 verum
871 556 894 580 *
923 561 966 596 et

136 611 313 652 unicum
333 610 501 659 Filium,

187 667 395 708 Sanctum
433 679 608 718 quoque
644 667 667 691 *
700 666 966 708 Paraclitum

137 723 356 775 Spiritum.

188 776 264 819 Tu’
277 778 374 819 Rex
391 778 545 828 gloriae
565 778 589 803 *
611 778 792 819 Christe.

187 834 256 874 Tu
284 834 427 875 Patris
455 835 478 859 *
503 834 795 886 sempiternus
823 847 869 876 es
899 836 964 876 Fi-

138 889 232 930 lius.
263 942 266 944 -

187 946 257 986 Tu
288 945 345 986 ad
377 945 651 987 liberandum
680 950 965 999 suscepturus

135 1001 370 1042 hominem:
389 1003 412 1027 *
432 1014 519 1042 non
544 1001 751 1043 horruisti
771 1003 964 1053 Virginis

135 1060 319 1098 uterum.

188 1113 257 1153 Tu
277 1113 451 1154 devicto
471 1114 626 1154 mortis
642 1114 811 1155 aculeo:
826 1115 849 1140 *
865 1128 963 1167 ape-

135 1170 258 1210 ruisti
282 1169 561 1210 credentibus
586 1182 719 1219 regna
739 1170 964 1211 coelorum.

186 1225 255 1266 Tu
278 1225 335 1266 ad
360 1225 586 1266 dexteram
606 1226 689 1267 Dei
714 1226 858 1275 sedes,
877 1228 900 1252 *
919 1228 963 1267 in

134 1281 273 1331 gloria
292 1281 446 1322 Patris.

184 1337 210 1377 J
211 1337 327 1379 udex
347 1337 539 1379 crederis
558 1338 581 1363 *
601 1351 697 1379 esse
716 1341 937 1379 ventorus.

186 1393 251 1434 Te
271 1405 376 1443 ergo
398 1395 665 1444 quaesumus,
685 1394 771 1434 tuis
790 1394 962 1435 famulis

135 1448 334 1490 subveni:
353 1450 376 1474 *
397 1461 508 1501 quos
532 1450 727 1501 pretioso
753 1450 962 1499 sanguine

133 1504 368 1546 redemisti.

184 1560 368 1601 AEterna
396 1561 465 1601 fac
493 1573 592 1602 cum
621 1561 783 1602 sanctis
810 1561 910 1602 tuis:
938 1563 962 1587 *

133 1616 178 1656 in
195 1615 335 1666 gloria
354 1617 582 1657 numerari.

184 1671 361 1712 Salvum
391 1672 459 1713 fac
488 1672 702 1724 populum
726 1677 850 1713 tuum
873 1673 960 1713 Do-

132 1728 263 1776 mine,
283 1728 306 1753 *
327 1733 370 1769 et
388 1727 573 1769 benedic
595 1727 842 1769 haereditati
861 1734 961 1770 tuae.

183 1784 240 1824 Et
258 1796 361 1833 rege
381 1797 469 1833 eos,
488 1785 511 1810 *
531 1789 575 1825 et
595 1784 756 1826 extolle
775 1784 874 1825 illos
893 1798 959 1825 us-

134 1851 219 1890 que
237 1839 281 1879 in
301 1841 525 1880 aeternum.

182 1894 267 1936 Per
308 1894 503 1945 singulos
546 1895 640 1936 dies
682 1896 705 1921 ’⁸¹
742 1895 959 1937 benedici-

132 1963 229 1991 mus
257 1955 312 1992 te.

183 2006 240 2047 Et
258 2006 488 2047 laudamus
508 2019 668 2047 nomen
683 2011 806 2047 tuum
822 2007 866 2046 in
881 2009 958 2048 sae-

132 2061 289 2111 culum,
309 2062 332 2088 *
353 2066 396 2103 et
414 2062 458 2101 in
478 2061 689 2103 saeculum
709 2062 869 2103 saeculi.

182 2117 375 2167 Dignare
398 2117 587 2159 Domine
616 2117 686 2159 die
710 2117 795 2158 isto
819 2119 842 2143 *
866 2118 958 2159 sine

130 2175 315 2224 peccato
335 2185 417 2213 nos
437 2173 670 2214 custodire.

182 2228 391 2269 Miserere
410 2229 549 2270 nostri
568 2229 771 2270 Domine:
790 2229 813 2254 *
832 2229 957 2270 mise-

131 2285 228 2325 rere
247 2284 396 2324 nostri.

181 2339 280 2380 Fiat
315 2339 617 2380 misericordia
657 2344 732 2380 tua
767 2340 957 2380 Domine

131 2407 263 2446 super
291 2407 388 2442 nos,
411 2395 434 2420 *
461 2394 833 2446 quemadmodum
862 2407 956 2447 spe-

130 2450 320 2491 ravimus
339 2451 383 2490 in
402 2455 456 2491 te.

182 2506 232 2545 In
268 2511 312 2547 te
348 2506 539 2546 Domine
582 2506 774 2558 speravi:
810 2507 833 2531 *
868 2518 955 2546 non

131 2560 372 2602 confondar
391 2562 436 2602 in
456 2563 680 2602 aeternum.

389 2659 697 2678 &ww—-

1279 281 1358 321 Ad
1380 282 1587 324 Laudes.

1107 358 1184 386 eus
1221 346 1266 386 in
1303 346 1563 397 adjutorium
1601 362 1746 390 meum
1787 351 1846 390 in-

1123 401 1266 442 tende.
1290 404 1335 454 lxffv.
1364 402 1553 444 Domine
1573 403 1629 444 ad
1644 404 1846 456 adjuvan-

1020 456 1125 498 dum
1140 470 1210 498 me
1226 458 1393 498 festina.
1416 458 1565 498 Gloria
1575 459 1704 509 Patri,
1717 467 1796 502 etc.
1809 464 1846 502 2.

1072 517 1274 568 Alleluia,
1301 519 1366 559 vel
1394 518 1510 558 Laus
1536 518 1615 560 tibi
1646 520 1845 570 Domine,

1019 573 1117 614 Rex
1142 575 1319 614 aeternae
1343 573 1511 623 gloriae,
1538 590 1615 626 pro
1637 580 1845 630 temporis

1020 629 1282 669 diversitate.

1072 690 1103 721 A
1132 690 1239 722 lwni.
1265 694 1353 730 post
1377 688 1454 721 Oct.
1484 689 1621 731 Epipli.
1651 701 1770 733 usquc
1798 692 1845 725 ud

1020 739 1199 779 septuag.

1072 788 1170 827 Ant.
1200 787 1395 838 Alleluja.

1298 858 1493 897 l'sulinus
1514 862 1577 898 92.

1056 933 1145 991 ᾗῇ
1154 925 1323 964 ominus
1339 925 1547 974 regnavit,
1564 924 1769 966 decorem
1786 926 1845 965 in-

1031 984 1034 995 ³
1058 1002 1120 1029 A»
1140 983 1145 1023 ἲ]
1170 980 1301 1021 dutus
1327 985 1408 1021 est:
1427 981 1450 1005 *
1470 980 1648 1021 indatus
1673 987 1738 1022 est
1758 982 1844 1021 Do-

1029 1036 1098 1064 2'41
1117 1028 1140 1059 s
1167 1037 1311 1076 minus
1331 1036 1649 1085 fortitudinem,
1675 1042 1718 1078 et
1736 1051 1844 1089 prae-

1018 1092 1153 1131 cinxit
1172 1105 1229 1132 se.

1068 1147 1241 1188 Etenim
1267 1147 1458 1188 firmavit
1482 1148 1633 1189 orbern
1653 1153 1802 1197 terrae,
1822 1150 1844 1174 *

1018 1203 1093 1253 qui
1112 1215 1200 1243 non
1221 1203 1581 1244 commovebitur.

1068 1258 1227 1299 Parata
1260 1258 1387 1300 sedes
1420 1264 1494 1300 tua
1528 1272 1582 1300 ex
1614 1264 1732 1300 tunc:
1764 1261 1787 1284 *
1819 1272 1844 1300 a

1017 1314 1181 1354 saeculo
1200 1319 1248 1355 tu
1268 1327 1325 1355 es.

1068 1370 1363 1411 Elevaverunt
1387 1371 1564 1411 flumina
1591 1370 1795 1411 Domine:
1819 1371 1842 1396 *

1016 1425 1298 1467 elevaverunt
1325 1427 1502 1467 flumina
1528 1439 1683 1466 vocem
1709 1439 1842 1466 suam.

1066 1481 1361 1523 Elevaverunt
1386 1482 1565 1522 filimina
1591 1482 1748 1522 fluctus
1774 1495 1840 1522 su-

1015 1548 1076 1585 os,
1091 1538 1115 1562 *
1131 1549 1156 1577 a
1171 1537 1355 1578 vocibus
1370 1540 1583 1589 aquarum
1598 1537 1842 1578 multarum.

1065 1592 1290 1634 Mirabiles
1315 1593 1527 1634 elationes
1550 1593 1696 1633 maris:
1719 1594 1742 1618 *
1766 1594 1841 1633 rni-

1014 1648 1164 1689 rabilis
1184 1649 1227 1688 in
1248 1649 1347 1690 altis
1366 1650 1592 1690 Dominus.

1065 1704 1339 1745 Testimonia
1366 1710 1442 1746 tua
1470 1704 1695 1746 credibilia
1726 1704 1841 1745 facta

1014 1764 1115 1800 sunt
1141 1760 1285 1800 nimis:
1310 1761 1333 1786 *
1359 1760 1537 1801 domum
1565 1765 1684 1800 tuam
1714 1759 1841 1800 decet

1013 1816 1264 1856 sanctitudo
1301 1816 1490 1856 Domine
1526 1816 1570 1855 in
1607 1814 1838 1864 longitudi-

1014 1883 1113 1911 nem
1133 1871 1313 1912 dierum.

1288 1938 1482 1978 Psahnus
1503 1940 1568 1978 99.

1013 1997 1242 2101 Jubilate
1262 2009 1359 2048 Deo
1379 2007 1521 2048 omnis
1546 2012 1675 2048 terra:
1703 2008 1726 2033 *
1751 2020 1836 2048 ser-

1089 2065 1177 2103 vite
1196 2063 1389 2104 Domino
1410 2064 1454 2103 in
1472 2063 1635 2104 laetitia.

1062 2119 1247 2160 Introite
1267 2119 1315 2159 -in
1341 2120 1583 2171 conspectu
1613 2120 1719 2171 ejus,
1745 2119 1768 2144 *
1794 2119 1836 2158 in

1011 2174 1314 2216 exsultatione.

1061 2230 1228 2271 Scitote
1262 2230 1469 2282 quoniam
1496 2230 1713 2270 Dominus
1741 2229 1835 2280 ipse

1010 2290 1077 2326 est
1099 2286 1235 2326 Deus:
1259 2286 1282 2311 *
1306 2286 1401 2337 ipse
1425 2285 1528 2326 fecit
1552 2297 1652 2333 nos,
1679 2290 1722 2325 et
1747 2297 1834 2325 non

1009 2340 1095 2392 ipsi
1112 2353 1205 2381 nos.

1059 2396 1256 2448 Populus
1293 2397 1399 2447 eius,
1436 2401 1479 2437 et
1515 2408 1621 2436 oves
1657 2397 1833 2447 pascuae

1009 2452 1114 2502 ejus:
1133 2453 1155 2477 *
1175 2452 1352 2492 introite
1376 2456 1528 2503 portas
1554 2452 1644 2502 ejus
1663 2451 1707 2491 in
1732 2463 1831 2491 con-

1007 2506 1209 2555 fessione,
1230 2507 1341 2548 atria
1356 2508 1446 2558 ejus
1465 2507 1509 2546 in
1525 2506 1711 2558 hymnis:
1731 2518 1829 2546 con-

1007 2562 1191 2603 fitemini
1210 2562 1282 2602 illi.

1058 2617 1255 2659 Laudate
1287 2630 1446 2659 nomen
1484 2618 1589 2668 ejus:
1625 2615 1830 2668 quoniam

971 2707 974 2710 .
1007 2674 1152 2713 suavis
1185 2679 1251 2714 est
1281 2673 1511 2721 Dominus,
1544 2672 1587 2712 in
1619 2672 1829 2712 aeternum
