2080 2990
588 211 655 244 Dic
684 211 733 243 18,
762 211 844 243 dun.
892 209 1095 243 Cuthedrae
1120 208 1153 241 S.
1180 208 1281 241 l‘ctri
1311 208 1447 240 Itomae.

169 301 425 352 terrogabat
442 300 682 354 discipulos
697 313 811 351 suos,
831 300 995 342 dicens:

172 359 311 408 Quem
330 357 481 399 dicunt
503 357 703 399 homines
725 370 822 399 esse
839 357 996 398 Filium

170 412 379 456 heminis?
407 415 464 455 Et
481 414 660 466 reliqua.

198 497 387 542 Homilia
411 496 549 538 sancti
571 495 729 537 Hilarii
747 495 970 548 Episcopi.

173 572 341 604 Comum.
363 571 396 603 in
419 570 546 603 Manli.
566 580 645 603 cun.
665 570 709 603 ll'».
729 576 817 611 post
837 571 993 604 initium.

209 627 475 691 fominus
502 639 527 667 a
553 626 775 679 discipulis
804 627 997 679 requirit,

186 691 187 730 ἶ
210 684 274 731 ,3
295 712 298 723 2
324 696 454 736 quem
479 696 526 725 se
549 682 747 724 homines
769 696 864 725 esse
884 682 997 724 dice-

186 736 297 766 ἐ
322 745 433 781 rent:
462 744 505 781 et
531 739 705 791 adjecit,
733 739 923 780 heminis
951 739 997 780 fi-

171 796 289 837 lium.
329 796 440 837 Haec
472 795 587 837 enim
619 795 905 836 confessi6nis
937 799 997 836 te-

173 852 317 893 nenda
348 851 461 893 ratio
495 856 576 901 est,
606 856 654 893 ut
682 851 794 892 sicut
819 851 903 892 Dei
929 852 996 892 Fi-

172 908 296 956 lium,
323 907 383 948 ita
410 912 453 949 et
479 907 616 948 filium
640 907 827 948 hominis
850 907 997 949 memi-

172 964 379 1005 nerimus:
408 964 509 1015 quia
534 963 718 1005 alterum
741 965 834 1005 sine
859 964 997 1005 altero

174 1020 279 1061 nihil
303 1020 398 1073 spei
420 1019 572 1061 tribuit
592 1019 649 1061 ad
667 1020 863 1062 salutem.
897 1020 997 1061 Edi-

173 1078 229 1119 tis
243 1079 403 1130 itaque,
418 1090 516 1130 quae
532 1077 715 1119 diversae
731 1077 786 1119 de
800 1089 852 1118 eo
865 1081 998 1126 erant,

174 1133 398 1175 heminum
418 1133 712 1186 opinienibus,
743 1133 847 1186 quid
871 1133 926 1174 de
952 1145 999 1174 se

173 1190 259 1242 ipsi
290 1190 495 1240 sentiant,
529 1191 695 1242 quaerit.
746 1190 903 1231 Petrus
936 1202 999 1230 re-

175 1245 368 1299 spondit:
394 1247 462 1287 Tu
482 1259 529 1287 es
550 1246 747 1287 Christus
765 1246 900 1287 Filius
916 1246 999 1287 Dei

175 1303 273 1344 vivi.
306 1302 394 1344 Sed
420 1303 577 1344 Petrus
604 1302 1000 1354 conditienespro-

176 1358 408 1412 positionis
454 1359 733 1411 expenderat.
786 1359 1001 1400 Deminus

178 1416 293 1457 enim
322 1415 506 1457 dixerat:
539 1416 678 1465 Quem
704 1428 775 1457 me
803 1415 1002 1456 homines

178 1484 275 1513 esse
311 1471 477 1522 dicunt,
513 1471 652 1513 filium
687 1471 896 1513 hominis?
946 1472 1003 1512 Et

178 1532 297 1569 certe
314 1527 453 1569 filium
471 1527 669 1578 heminis,
690 1528 1002 1580 contemplatio

179 1584 377 1636 cerporis
409 1583 682 1637 praeferebat.
722 1583 810 1625 Sed
843 1583 1003 1625 adden-

179 1639 253 1690 do,
279 1640 419 1690 Quem
437 1653 507 1682 me
534 1653 632 1682 esse
652 1640 817 1691 dicunt;
844 1640 1003 1691 signifi-

178 1696 295 1738 cavit
317 1701 479 1749 praeter
503 1696 566 1747 id,
600 1696 720 1750 quod
743 1697 787 1737 in
815 1709 862 1738 se
886 1696 1003 1738 vide-

178 1752 318 1802 batur,
337 1765 435 1794 esse
455 1752 575 1795 aliud
594 1752 883 1794 sentiendum:
911 1757 1005 1794 erat

179 1809 293 1851 enim
322 1808 511 1850 heminis
543 1809 668 1851 filius.
714 1809 844 1860 Quod
873 1809 1004 1860 igitur

180 1865 236 1907 de
256 1878 303 1907 se
329 1863 537 1918 opinandi
561 1865 766 1918 judicium
786 1865 1004 1910 desidera-

180 1920 278 1963 bat?
315 1921 418 1963 Non
444 1921 553 1963 illud
579 1921 856 1972 arbitramur,
886 1921 1006 1974 quod

181 1976 236 2019 de
263 1990 311 2019 se
337 1977 433 2031 ipse
461 1978 686 2020 confessus
715 1982 796 2019 est:
828 1977 908 2019 sed
935 1990 1004 2019 oc-

181 2034 345 2076 cultum
373 2038 482 2084 erat,
518 2033 573 2076 de
600 2047 687 2087 quo
717 2033 1005 2086 quaerebatur,

180 2090 225 2131 in
245 2090 364 2143 quod
383 2104 430 2132 se
456 2090 728 2133 credentium
746 2090 858 2132 fides
878 2089 1006 2131 debe-

181 2146 259 2189 bat
278 2147 526 2189 extendere.

235 2222 288 2273 Rz.
325 2221 465 2271 Quem
498 2220 648 2262 dicunt
679 2220 876 2262 hemines
910 2232 1006 2261 esse

182 2276 339 2318 Filium
358 2275 566 2318 heminis?
593 2276 704 2319 dixit
727 2277 751 2317 J
754 2289 854 2318 esus
879 2276 1006 2318 disci-

182 2333 296 2385 pulis
321 2333 422 2374 suis.
455 2333 745 2386 Respt‘mdens
764 2334 920 2374 Petrus
947 2332 1006 2374 di-

184 2388 261 2430 xit:
281 2388 351 2430 Tu
369 2402 416 2430 es
437 2389 634 2431 Christus
652 2389 787 2430 Filius
805 2389 890 2430 Dei
909 2389 1006 2430 vivi.

186 2448 208 2471 *
227 2445 284 2485 Et
307 2457 388 2496 ego
413 2445 513 2487 dico
538 2445 633 2496 tibi,
667 2445 769 2498 quia
791 2450 840 2486 tu
865 2457 911 2486 es
928 2444 1006 2486 Pe-

185 2505 294 2550 trus,
320 2505 364 2541 et
390 2514 521 2554 super
545 2501 657 2543 hanc
678 2505 849 2553 petram
873 2499 1006 2542 aedifi-

186 2555 296 2597 cabo
316 2557 557 2599 Ecclesiam
580 2570 733 2599 meam.
770 2553 817 2603 Υ.
843 2558 1007 2598 Beatus

187 2625 234 2654 es
257 2612 406 2654 Simon
429 2613 568 2655 Bar-J
571 2626 671 2664 ona,
706 2613 806 2666 quia
833 2626 935 2655 caro
965 2617 1008 2654 et

187 2669 364 2720 sanguis
382 2681 470 2710 non
487 2670 696 2712 revelavit
714 2670 807 2720 tibi,
832 2670 911 2711 sed
929 2670 1007 2710 Pa-

186 2731 254 2766 ter
271 2738 406 2775 meus,
426 2725 500 2777 qui
519 2731 585 2768 est
603 2726 648 2767 in
667 2726 802 2768 coelis.
829 2726 895 2767 Et.

343 2868 406 2893 Pars
422 2867 555 2892 Hiemalis.

1804 201 1870 236 429

1332 303 1478 342 Lectio
1503 302 1581 339 viii.

1128 371 1148 408 ·t
1171 366 1349 418 dignum
1367 366 1497 419 plane
1517 368 1732 409 confessio
1750 368 1871 410 Petri

1137 423 1367 476 praemium
1395 427 1631 465 consecl'1ta
1660 430 1742 466 est:
1770 425 1872 477 quia

1048 480 1132 522 Dei
1167 479 1325 520 Filium
1370 479 1414 520 in
1458 479 1633 522 homine
1678 480 1870 523 vidisset.

1048 537 1213 578 Beatus
1232 535 1302 577 hic
1322 541 1398 586 est,
1420 536 1493 588 qui
1509 536 1623 578 ultra
1638 537 1873 579 humanum

1050 592 1201 634 oculos
1219 592 1468 642 intendisse,
1489 597 1532 634 et
1546 591 1708 635 vidisse
1727 593 1872 635 lauda-

1048 653 1119 691 tus
1146 654 1225 690 est:
1257 661 1345 690 non
1373 648 1419 690 id
1448 649 1568 701 quod
1595 662 1648 690 ex
1677 663 1805 691 earne
1832 654 1875 692 et

1049 705 1258 757 sanguine
1291 709 1385 746 erat
1419 707 1649 756 contuens,
1682 706 1761 747 sed
1792 707 1875 747 Dei

1050 762 1208 803 Filium
1232 761 1425 803 coelestis
1443 762 1586 803 Patris
1610 762 1875 804 revelatione

1051 819 1341 871 conspiciens:
1370 818 1617 870 dignusque
1645 818 1876 870 judicatus,

1051 876 1125 927 qui
1146 875 1264 927 quod
1283 875 1327 915 in
1347 874 1520 916 Christo
1539 875 1623 916 Dei
1643 879 1769 925 esset,
1793 876 1875 927 pri-

1051 944 1147 972 mus
1176 933 1444 982 agnosceret.
1468 930 1488 977 Ἄ
1519 931 1557 972 O
1586 932 1630 972 in
1657 944 1876 984 nuncupa-

1052 988 1171 1029 tis'me
1196 988 1300 1029 novi
1323 988 1511 1028 no'minis
1539 988 1642 1029 felix
1666 988 1877 1029 Ecclesiae

1053 1044 1399 1086 fundamentum:
1437 1043 1655 1096 dignaque
1693 1044 1878 1086 aedifica-
1921 1041 1924 1046 ’

1052 1101 1171 1142 tione
1189 1101 1303 1142 illius
1322 1106 1464 1153 petra,
1491 1114 1589 1154 quae
1613 1101 1802 1142 infernas
1821 1101 1878 1142 le·
1922 1151 1923 1154 Ἴ

1054 1170 1149 1208 ges,
1191 1162 1234 1198 et
1264 1158 1418 1198 tartari
1449 1162 1617 1210 portas,
1659 1163 1702 1199 et
1735 1158 1879 1198 omnia

1054 1213 1208 1254 mortis
1224 1213 1414 1254 claustra
1429 1213 1704 1255 disso'lveret!
1725 1213 1762 1254 Ο
1779 1214 1878 1255 bea-

1055 1274 1126 1310 tus
1146 1269 1247 1310 coeli
1265 1270 1436 1321 janitor,
1455 1271 1575 1321 cujus
1595 1269 1775 1311 arbitrio
1796 1270 1879 1311 cla—

1056 1339 1132 1367 ves
1152 1327 1303 1367 aeterni
1323 1326 1467 1368 aditus
1486 1326 1732 1376 traduntur,
1759 1327 1879 1378 cujus

1055 1384 1263 1423 terrestre
1280 1382 1486 1433 judicium
1501 1382 1786 1435 praejudicata
1807 1395 1877 1423 au-

1056 1439 1234 1480 cteritas
1254 1439 1310 1480 sit
1327 1439 1370 1479 in
1391 1438 1520 1480 coelo!
1548 1444 1597 1480 ut
1617 1452 1714 1491 quae
1733 1440 1776 1479 in
1795 1444 1877 1480 ter-

1055 1495 1115 1536 ris
1141 1500 1215 1536 aut
1238 1495 1372 1547 ligata
1396 1496 1482 1537 sint
1504 1500 1578 1538 aut
1603 1495 1762 1546 soluta,
1796 1500 1880 1537 sta-

1055 1552 1140 1593 tuti
1186 1551 1378 1604 ejusdem
1428 1551 1724 1593 conditionem
1769 1551 1879 1593 obti-

1055 1612 1187 1650 neant
1206 1612 1249 1649 et
1268 1609 1311 1648 in
1331 1607 1457 1649 coelo.

1110 1675 1159 1725 Rg.
1192 1672 1336 1723 Elegit
1363 1677 1407 1713 te
1434 1672 1649 1714 Deminus
1675 1672 1879 1714 sacerde-

1056 1733 1145 1770 tem
1161 1728 1254 1779 sibi,
1274 1728 1331 1770 ad
1350 1729 1684 1770 sacrificandum
1701 1729 1774 1770 ei*
1791 1729 1880 1770 Ηό-

1057 1786 1185 1826 stiam
1212 1785 1363 1826 laudis.
1400 1780 1449 1831 Y.
1478 1785 1663 1826 Immola
1690 1785 1786 1826 Deo
1817 1798 1880 1826 sa—

1057 1842 1266 1883 crificium
1290 1840 1448 1891 laudis,
1484 1846 1527 1883 et
1551 1841 1686 1883 redde
1711 1841 1880 1882 Altissi-

1057 1910 1129 1938 mo
1150 1902 1253 1939 vota
1276 1902 1361 1939 tua.
1389 1898 1603 1938 Hostiam.
1632 1896 1784 1939 Gloria
1802 1898 1880 1939 Pa-

1057 1954 1124 1995 tri.
1151 1954 1365 1995 Hestiam.

1111 2018 1149 2052 Si
1176 2017 1312 2050 festum
1338 2015 1541 2049 (Iathcdroe
1572 2014 1768 2048 transferri
1794 2023 1880 2046 con-

1058 2065 1200 2108 tigerit,
1227 2070 1262 2098 et
1287 2064 1322 2097 in
1350 2063 1414 2096 illa
1440 2063 1501 2096 dic
1525 2072 1597 2096 non
1622 2066 1796 2095 occurrat
1815 2061 1881 2094 Fc-

1060 2118 1157 2147 stum
1181 2112 1356 2155 simplex.
1380 2111 1528 2144 habens
1551 2110 1650 2143 lieet.
1674 2109 1880 2152 propriam,
1929 2117 1930 2121 ¹

1060 2166 1148 2195 tunc
1173 2168 1219 2194 ex
1245 2160 1322 2193 viii.
1348 2159 1448 2192 licet.
1476 2158 1565 2191 fiant
1591 2158 1691 2194 duze„
1722 2166 1880 2200 quarum

1060 2209 1165 2252 prior
1187 2208 1327 2242 desinit
1352 2206 1399 2240 ad
1425 2206 1575 2248 signum
1599 2211 1631 2254 3,

1164 2277 1237 2311 Pro
1263 2278 1297 2310 S.
1324 2275 1454 2309 Prisca
1480 2275 1584 2317 Virg.
1608 2279 1643 2309 et
1669 2275 1773 2307 Mart.

1360 2327 1511 2368 Lectio
1533 2327 1585 2365 ix.

1310 2387 1470 2429 nebilis
1506 2388 1630 2439 virgo
1667 2387 1880 2435 Romana,

1094 2444 1139 2479 223
1161 2444 1372 2486 tredecim
1396 2457 1533 2485 annos
1552 2448 1668 2492 nata,
1696 2442 1879 2484 Claudio

1058 2501 1338 2554 imperatore,
1366 2499 1613 2541 christianae
1636 2498 1740 2540 fidei
1758 2511 1880 2540 accu-

1059 2559 1164 2606 sata,
1183 2556 1377 2609 ejusdem
1395 2557 1514 2609 jussu
1533 2555 1663 2597 ducta
1677 2554 1733 2596 ad
1747 2553 1879 2606 Apol-

1058 2613 1156 2654 linis
1170 2613 1393 2665 templum,
1412 2617 1460 2653 ut
1477 2611 1606 2653 idelis
1625 2610 1879 2658 immolaret,

1059 2682 1158 2710 cum
1198 2682 1291 2711 rem
1331 2668 1640 2716 detestaretur,
1684 2665 1879 2717 celaphis

1060 2737 1190 2775 caesa,
1214 2725 1259 2765 in
1277 2726 1498 2766 carcerem
1520 2721 1722 2764 traditur:
1748 2725 1879 2772 atque

1611 2850 1675 2885 28*
