2040 2990
177 204 225 238 98
787 199 957 232 Sabbato
984 198 1031 231 ad
1056 198 1293 232 Matutinum.

230 297 486 339 Benedicite
498 296 689 337 Domino
706 295 852 336 omnia
869 296 1005 347 opera

179 356 283 406 ejus:
307 357 330 381 *
350 354 392 394 in
421 353 540 394 omni
566 352 665 394 loco
693 351 1005 393 dominationis

179 413 286 463 eius,
312 410 498 452 benedic
522 410 668 450 anima
686 421 784 449 mea
803 407 1004 448 Domino.

234 477 329 517 Ant.
366 475 543 516 Clamor
569 487 693 515 meus
719 473 776 515 ad
795 478 840 515 te
860 473 1005 514 veniat

178 532 310 573 Deus.

233 598 330 639 Ant.
365 594 563 637 Benedic.

446 677 642 718 Psalmus
665 679 753 717 103.

262 748 416 789 enedic
445 748 588 788 anima
618 759 716 788 mea
744 746 952 787 Do'mino:
981 746 1004 771 *

290 805 477 846 D6mine
509 805 630 845 Deus
658 817 781 844 meus
811 802 1004 853 magnifi-

180 863 303 902 catus
323 874 370 902 es
390 861 681 902 vehementer.

231 917 581 966 Confessionem‚
619 922 663 958 et
700 916 907 958 decorem
944 915 1004 954 in-

180 973 327 1015 duisti:
347 977 370 1001 *
397 976 581 1015 amictus
607 973 770 1014 lumine
796 972 909 1013 sicut
935 984 1004 1013 ve-

179 1031 402 1072 stimento:

231 1087 485 1129 Extendens
511 1086 671 1128 coelum
697 1086 810 1127 sicut
829 1084 1005 1137 pellem:

180 1146 203 1170 *
223 1144 297 1195 qui
316 1144 426 1194 tegis
445 1144 570 1195 aquis
591 1143 819 1195 superiora
840 1143 940 1193 ejus.

230 1200 313 1250 Qui
339 1201 467 1252 ponis
494 1200 655 1241 nubem
684 1201 914 1240 ascensum
941 1202 1004 1239 tu-

179 1270 268 1297 um:
296 1258 319 1283 *
348 1258 421 1308 qui
450 1256 648 1298 ambulas
678 1269 811 1308 super
838 1267 1005 1308 pennas

180 1315 421 1354 ventorum.

231 1370 313 1419 Qui
332 1370 438 1411 facis
458 1370 653 1421 Angelos
673 1374 789 1419 tuos,
811 1369 1006 1421 spiritus:

180 1428 202 1453 *
221 1431 263 1467 et
280 1426 504 1468 ministros
519 1432 619 1468 tuos
633 1427 779 1477 ignem
796 1427 1006 1467 urentem.

233 1483 315 1532 Qui
336 1483 529 1525 fundasti
548 1489 711 1525 terram
728 1495 860 1535 super
875 1482 1006 1523 stabi-

180 1538 348 1580 litatem
367 1553 504 1580 suam:
521 1542 544 1566 *
559 1553 647 1581 non
661 1539 945 1581 inclinabitur
962 1540 1005 1580 in

181 1595 390 1636 saeculum
411 1596 571 1637 saeculi.

232 1651 441 1703 Abyssus,
456 1653 570 1694 sicut
585 1652 894 1694 vestimentum
905 1655 1006 1693 ami-

182 1713 278 1748 ctus
298 1709 404 1760 ejus:
424 1710 447 1735 *
467 1722 599 1762 super
627 1715 799 1750 montes
827 1708 1007 1750 stabunt

182 1776 319 1815 aquae.

234 1820 304 1862 Ab
324 1821 625 1874 increpatione
644 1827 719 1864 tua
739 1822 920 1873 fugient:
939 1824 962 1849 *
983 1835 1007 1862 a

184 1889 293 1918 voce
312 1879 494 1920 tonitrui
513 1879 578 1920 tui
598 1878 906 1920 formidabunt.

235 1933 494 1977 Ascendunt
530 1941 716 1977 montes:
753 1940 797 1977 et
831 1935 1007 1977 descen-

185 1989 293 2030 dunt
313 1992 456 2044 campi
476 1994 499 2019 *
518 1992 561 2032 in
580 1992 743 2042 locum,
767 2005 897 2044 quem
917 1993 1007 2034 fun-

186 2045 300 2087 dasti
320 2048 393 2088 eis.

236 2102 491 2145 Terminum
518 2106 723 2157 posuisti,
762 2118 891 2157 quem
921 2119 1008 2147 non

184 2160 580 2209 transgredientur:
607 2164 630 2188 *
659 2175 802 2214 neque
830 2175 1008 2204 conver-

185 2216 333 2256 tentur
352 2220 526 2269 operire
543 2223 716 2259 terram.

238 2272 321 2321 Qui
356 2274 520 2315 emittis
555 2274 698 2316 fontes
733 2275 775 2315 in
804 2276 1010 2317 convalli-

187 2327 285 2368 bus:
299 2331 322 2355 *
340 2329 452 2370 inter
471 2330 664 2371 medium
682 2332 895 2372 montium
915 2345 1010 2385 per-

186 2384 435 2427 transibunt
455 2399 593 2438 aquae.

242 2440 462 2483 Potabunt
491 2455 643 2484 omnes
671 2442 826 2484 bestiae
852 2446 960 2495 agri:
989 2449 1011 2472 *

187 2498 507 2548 exspectabunt
527 2499 679 2549 (magri
699 2499 741 2539 in
762 2500 833 2541 siti
854 2514 942 2541 sua.

238 2553 379 2605 Super
407 2567 457 2595 ea
483 2555 684 2596 volucres
717 2555 818 2596 coeli
847 2556 1011 2599 habita-

187 2609 312 2650 bunt:
327 2611 350 2637 ⁴¹
365 2609 419 2651 de
435 2610 580 2651 medio
600 2614 825 2663 petrarum
846 2612 1012 2655 dabunt

188 2678 333 2707 voces.

240 2723 404 2773 Rigans
432 2728 604 2765 montes
634 2723 688 2766 de
709 2725 1010 2778 superi‹')ribus

1056 292 1162 334 suis:
1188 294 1211 319 *
1237 291 1293 333 de
1320 291 1466 332 fructu
1493 292 1679 342 operum
1706 290 1886 330 tuorum

1056 348 1289 390 satiabitur
1309 352 1445 389 terra:

1108 404 1366 446 Producens
1387 404 1553 445 foenum
1567 402 1782 455 jumentiS‚
1798 403 1822 430 *
1842 407 1887 444 et

1056 461 1238 504 herbam
1262 460 1466 502 servitiiti
1484 459 1727 500 hcminum:

1108 519 1167 560 Ut
1193 517 1356 560 educas
1380 529 1540 570 panem
1562 515 1617 558 de
1641 521 1775 558 terra:
1798 518 1822 543 *
1842 520 1886 558 et

1056 575 1205 617 vinum
1225 574 1422 616 laetificet
1441 585 1520 615 cor
1539 572 1746 614 hominis:

1110 632 1167 674 Ut
1189 630 1405 673 exhilaret
1422 630 1580 671 faciem
1600 629 1645 670 in
1665 629 1780 671 oleo:
1798 630 1822 656 *
1842 633 1887 670 et

1056 689 1182 742 panis
1202 701 1278 729 cor
1298 687 1488 729 hominis
1510 686 1751 728 confirmet.

1108 744 1431 786 Saturabuntur
1451 743 1568 795 ligna
1582 742 1739 795 campi,
1759 747 1804 784 et
1820 754 1887 784 ce-

1058 802 1124 843 dri
1152 801 1325 851 Libani,
1355 813 1463 853 quas
1491 799 1723 853 plantavit:
1749 801 1773 826 *
1797 799 1888 840 illic

1056 861 1260 912 passeres
1281 857 1583 899 nidificabunt.

1109 914 1295 957 Herodii
1316 914 1474 956 domus
1495 913 1585 955 dux
1599 917 1667 955 est
1679 914 1848 954 eorum:
1864 914 1888 940 *

1057 977 1229 1013 montes
1255 971 1417 1013 excelsi
1443 971 1602 1012 cervis:
1630 973 1758 1022 petra
1776 969 1887 1011 refu-

1057 1029 1177 1080 gium
1199 1028 1446 1070 herinaciis.

1108 1085 1234 1127 Fecit
1263 1085 1412 1126 lunam
1442 1084 1487 1124 in
1518 1085 1736 1136 tempora:
1764 1085 1788 1111 *
1820 1083 1889 1126 sol

1059 1142 1266 1193 cognovit
1285 1143 1493 1182 occasum
1513 1154 1650 1181 suum.

1110 1199 1305 1240 Posuisti
1333 1197 1556 1247 tenebras,
1590 1201 1638 1238 et
1671 1197 1788 1238 facta
1822 1201 1890 1238 est

1059 1268 1164 1297 nox:
1175 1258 1198 1283 *
1210 1256 1254 1296 in
1273 1256 1370 1308 ipsa
1389 1253 1722 1307 pertransibunt
1737 1266 1890 1295 omnes

1059 1313 1215 1354 bestiae
1236 1312 1370 1353 silvae.

1107 1369 1255 1418 ,Catuli
1283 1368 1461 1410 leonum
1489 1367 1729 1418 rugientes,
1757 1371 1806 1408 ut
1825 1368 1890 1408 ra-

1058 1427 1197 1479 piant,
1217 1428 1241 1453 *
1261 1430 1306 1467 et
1335 1430 1536 1478 quaerant
1564 1437 1590 1466 a
1617 1424 1714 1466 Deo
1744 1436 1891 1466 escam

1060 1483 1154 1524 sibi.

1112 1540 1248 1582 Ortus
1263 1544 1330 1581 est
1346 1539 1425 1589 sol,
1445 1543 1488 1580 et
1505 1537 1762 1589 congregati
1776 1542 1892 1578 sunt:

1059 1599 1083 1624 *
1109 1602 1153 1639 et
1178 1597 1222 1638 in
1251 1595 1470 1638 cubilibus
1496 1595 1586 1636 suis
1612 1593 1891 1636 collocabun-

1059 1658 1142 1695 tur.

1111 1709 1262 1751 Exibit
1279 1709 1413 1750 homo
1434 1708 1491 1750 ad
1507 1721 1621 1761 opus
1643 1721 1786 1748 suum:
1805 1708 1829 1734 *
1848 1711 1893 1748 et

1061 1766 1118 1809 ad
1150 1766 1456 1819 operationem
1496 1778 1621 1806 suam
1659 1776 1800 1816 usque
1833 1762 1892 1806 ad

1061 1825 1306 1876 vesperum.

1113 1881 1254 1930 Quam
1294 1878 1574 1931 magnificata
1615 1882 1717 1919 sunt
1755 1879 1892 1930 opera

1062 1943 1136 1979 tua
1163 1935 1368 1978 D6mine!
1388 1937 1412 1962 *
1433 1935 1580 1976 omnia
1605 1934 1649 1975 in
1675 1933 1892 1986 sapientia

1062 1993 1219 2035 fecisti:
1253 1992 1435 2045 impleta
1468 1998 1536 2034 est
1569 1995 1688 2033 terra
1714 2002 1891 2043 posses-

1063 2050 1187 2091 sione
1209 2054 1295 2090 tua.
1555 2063 1558 2066 ⁴

1115 2107 1215 2148 Hoc
1229 2119 1350 2147 mare
1361 2118 1578 2155 magnum,
1593 2109 1636 2146 et
1647 2104 1893 2157 spatiosum

1063 2162 1279 2204 manibus:
1307 2162 1448 2214 *illic
1477 2161 1667 2214 reptilia,
1704 2173 1894 2213 quorum

1063 2232 1152 2261 non
1172 2224 1239 2261 est
1260 2222 1477 2260 numerus.

1115 2275 1336 2317 Animalia
1361 2275 1520 2328 pusilla
1547 2288 1647 2316 cum
1666 2274 1850 2326 magnis:
1870 2275 1894 2300 *

1064 2333 1154 2374 illic
1172 2345 1306 2373 naves
1326 2331 1669 2384 pertransibunt.

1115 2389 1262 2430 Draco
1283 2388 1378 2437 iste,
1399 2401 1530 2439 quem
1550 2387 1752 2429 formasti
1771 2386 1828 2428 ad
1848 2386 1894 2427 il-

1064 2444 1306 2487 ludendum
1326 2445 1380 2485 ei:
1399 2446 1422 2471 *
1443 2445 1590 2486 Omnia
1618 2457 1643 2486 a
1670 2449 1715 2486 te
1743 2445 1894 2496 exspe-

1066 2507 1186 2543 ctant
1202 2506 1250 2542 ut
1265 2500 1344 2542 des
1362 2501 1448 2542 illis
1464 2513 1610 2542 escam
1625 2501 1669 2542 in
1683 2502 1895 2553 tempore.

1117 2558 1262 2599 Dante
1290 2563 1334 2598 te
1363 2557 1463 2607 illis,
1493 2557 1715 2609 celligent:
1743 2559 1768 2584 *
1795 2569 1895 2610 ape-

1066 2615 1206 2655 riente
1224 2619 1268 2655 te
1287 2626 1466 2654 manum
1483 2619 1623 2663 tuam,
1653 2613 1799 2655 Omnia
1819 2613 1895 2654 im-

1065 2670 1303 2723 plebuntur
1324 2669 1534 2711 bonitate.

1118 2727 1359 2769 Avertente
1380 2731 1527 2768 autem
1546 2730 1591 2768 te
1611 2726 1784 2777 faciem,
1807 2731 1895 2768 tur-
