2040 2990
639 208 755 242 Sexta
781 207 841 241 dic
867 207 963 241 infra
991 207 1175 241 Octavam
1199 207 1439 250 Epiphaniae.

191 314 258 350 est
299 307 417 360 quod
459 308 521 348 sic
560 306 750 348 turbaris
785 302 1013 347 Herodes?

190 365 286 406 Rex
305 364 403 413 iste,
433 364 506 416 qui
531 368 657 405 natus
678 368 760 413 est,
788 375 876 403 non
895 360 1014 402 venit

189 433 315 470 reges
334 420 572 473 pugnando
592 422 811 473 superare,
831 418 910 460 sed
923 430 1012 458 mo-

189 476 340 518 riendo
365 476 620 518 mirabiliter
644 476 884 527 subjugare.
919 474 1013 515 Nec
1070 516 1071 528 2

189 532 288 574 ideo
303 538 431 575 natus
446 538 524 583 est,
542 538 590 574 ut
604 532 684 574 tibi
699 531 917 579 succedat,
934 529 1013 571 sed

189 595 236 630 ut
254 589 297 630 in
321 602 419 631 eum
438 589 625 631 mundus
649 588 834 630 fideliter
852 585 1012 628 credat.

187 646 321 687 Venit
345 659 467 697 ergo,
498 659 586 687 non
614 651 662 687 ut
688 650 852 697 pugnet
878 643 1012 692 vivus,

188 701 267 744 sed
284 708 332 744 ut
350 702 590 755 triumphet
611 704 792 743 occisus.

242 770 293 821 R.
317 767 480 809 Omnes
506 767 559 808 de
585 766 700 807 Saba
723 765 913 814 venient,
941 777 1011 806 au-

187 837 281 864 rum
302 829 345 865 et
363 823 463 865 thus
487 823 748 872 deferentes,
775 827 818 863 61
837 820 1011 862 laudem

186 880 376 921 Domino
412 880 735 929 annuntiantes,
766 884 788 907 *
814 878 1011 930 Alleluia,

186 936 367 988 alleluja,
388 936 568 988 alleluja.
599 933 645 984 V
664 936 810 986 Reges
830 934 1011 975 Tharsis

186 998 229 1034 et
257 993 409 1034 insulae
436 996 616 1034 munera
647 992 848 1041 offerent,
885 1003 1010 1042 reges

186 1049 383 1091 Arabum
417 1055 461 1091 et
486 1049 600 1092 Saba
633 1048 749 1090 dona
781 1048 1011 1089 adducent.

186 1106 387 1158 Alleluja‚
412 1106 598 1158 alleluja,
621 1105 804 1157 alleluja.

488 1175 640 1215 Lectio
663 1175 715 1214 vi.

187 1230 346 1337 Puer
372 1237 471 1286 iste,
501 1237 574 1289 qui
599 1250 713 1278 nunc
739 1249 764 1277 a
783 1236 923 1286 Magis
949 1234 1009 1276 di-

286 1294 397 1335 citur
437 1294 535 1335 Rex
578 1293 848 1342 Judaeorum,
892 1292 1010 1334 idem

185 1351 368 1392 Creator
396 1355 481 1400 est,
511 1355 554 1392 et
579 1350 793 1391 Duminus
821 1349 1009 1400 Angelo-

183 1420 289 1448 rum.
329 1407 608 1459 Quaprt'ther
640 1407 759 1457 cujus
791 1407 918 1448 times
950 1406 1008 1446 in-

183 1464 363 1505 fantiam
397 1464 632 1514 nascentis,
678 1463 816 1514 magis
858 1463 1009 1504 timere

185 1520 320 1562 debes
366 1520 727 1572 omnipotentiam
769 1519 1009 1572 judicantis.

183 1576 287 1618 Noli
312 1589 410 1617 eum
434 1577 586 1618 timere
611 1577 733 1628 regni
751 1577 815 1617 tui
841 1589 1009 1618 succes-

185 1634 349 1682 sorem,
381 1632 461 1674 sed
491 1633 596 1674 time
624 1632 893 1675 infidelitatis
921 1638 1009 1675 tuae

184 1689 465 1741 justissimum
492 1688 803 1730 damnatorem.
840 1689 923 1739 Ite,
949 1689 1008 1729 in-

186 1745 294 1798 quit,
319 1750 362 1787 et
382 1745 627 1787 renuntiate
646 1745 767 1795 mihi,
791 1750 839 1787 ut
863 1750 907 1786 et
926 1758 1009 1797 ego

184 1802 362 1843 veniens
382 1801 562 1844 adorem
587 1815 696 1844 eum.
733 1802 771 1844 O
796 1801 1010 1844 calliditas

186 1858 297 1907 ficta,
318 1871 344 1900 ο
363 1858 643 1900 incredulitas
658 1861 801 1912 impia,
822 1873 848 1902 0
863 1862 1010 1912 nequi-

185 1915 245 1956 tia
272 1914 562 1957 fraudulenta!
589 1917 773 1968 Sanguis
801 1918 1009 1958 Innocen-

186 1971 303 2020 tium,
328 1983 457 2023 quem
476 1972 711 2015 crudeliter
730 1973 930 2023 effudisti,
949 1978 1009 2015 at-

185 2030 370 2069 testatur
399 2028 504 2080 quid
532 2028 587 2070 de
615 2029 699 2072 hoc
726 2034 865 2083 puero
890 2030 1010 2072 volu-

186 2083 267 2124 isti.

240 2140 289 2192 Ιζι.
314 2139 431 2191 Magi
450 2142 637 2186 veniunt.
654 2143 748 2184 255.

405 2219 454 2257 In
472 2218 543 2257 111.
563 2219 785 2260 Nocturno.

186 2280 338 2322 Lectio
364 2281 501 2322 sancti
521 2281 744 2332 Evangelii
771 2283 1010 2325 secundum

459 2337 725 2379 Matthaeum.

287 2395 438 2437 Lectio
460 2397 526 2437 vii.
754 2399 855 2451 Cap.
870 2401 905 2440 2.

260 2467 332 2495 um
351 2459 478 2496 natus
497 2459 612 2496 esset
631 2454 655 2494 J
658 2467 758 2496 esus
777 2455 819 2495 in
839 2455 1010 2497 Bethle-

283 2510 382 2552 hem
413 2510 526 2552 Juda
558 2510 600 2551 in
633 2510 786 2552 diebus
820 2512 1010 2554 Herodis

187 2566 318 2618 regis,
347 2579 449 2609 6666
468 2567 584 2618 Magi
608 2566 662 2609 ab
684 2567 862 2609 Oriente
885 2571 1010 2610 vene-

188 2629 288 2665 runt
314 2623 651 2676 Jerosolymam,
685 2623 894 2665 dicentes:
925 2624 1010 2666 Ubi

188 2686 255 2723 est
280 2681 353 2734 qui
378 2686 504 2722 natus
531 2685 597 2723 est
621 2681 717 2722 Rex
735 2679 1010 2722 Judaeorum?

188 2739 244 2781 Et
262 2738 439 2790 reliqua.

1070 302 1257 344 Homilia
1276 304 1413 346 sancti
1428 303 1651 346 Ambrosii
1667 303 1888 356 Episcopi.

1148 365 1229 399 Lib.
1246 366 1276 399 2.
1293 366 1333 399 in
1349 365 1464 400 Lucae
1480 375 1562 409 cap.
1577 365 1608 399 2.
1625 371 1714 409 post
1730 366 1810 400 init.

1070 420 1186 486 {fij}
1195 429 1263 458 uae
1294 422 1394 458 sunt
1419 417 1503 458 ista
1528 429 1644 458 verae
1669 416 1773 458 fidei
1798 419 1887 458 mu-

1071 467 1074 489 ¹
1105 475 1152 528 ἢ
1164 485 1187 535 s
1212 471 1339 514 nera?
1356 474 1523 514 Aurum
1533 473 1654 524 Regi,
1667 472 1768 515 thus
1778 473 1888 522 Deo,

1075 535 1090 546 ²
1124 538 1149 552 ’ὴ
1211 529 1387 582 myrrha
1397 529 1615 571 defuncto.
1629 529 1764 571 Aliud
1773 529 1888 571 enim

1064 587 1198 637 Regis
1219 586 1402 638 insigne,
1431 585 1551 627 aliud
1569 585 1729 627 divinae
1748 598 1887 627 sacra-

1064 645 1257 684 mentum
1270 643 1514 695 potestatis,
1534 641 1651 683 aliud
1665 641 1805 683 honor
1822 647 1889 684 est

1064 699 1317 752 sepulturae,
1363 711 1460 751 quae
1502 711 1590 740 non
1636 701 1889 751 corrumpat

1065 769 1225 808 corpus
1249 756 1428 805 mortui,
1458 754 1536 797 sed
1554 757 1759 796 reservet.
1793 754 1888 797 Nos

1066 825 1256 865 quoque,
1275 812 1350 864 qui
1369 811 1466 853 haec
1485 810 1701 861 audimus,
1725 816 1768 853 et
1787 811 1888 862 legi·

1062 882 1169 918 mus,
1189 869 1244 910 de
1262 868 1479 911 thesauris
1496 868 1657 910 nostris
1673 867 1788 917 talia,
1806 867 1887 909 fra-

1063 931 1170 975 tres,
1203 929 1383 967 munera
1414 925 1697 978 proferamus.
1743 924 1887 966 Habe-

1062 996 1159 1023 mus
1180 983 1294 1024 enim
1312 982 1566 1024 thesaurum
1584 982 1627 1023 in
1646 981 1763 1023 vasis
1781 981 1888 1023 ficti-

1062 1039 1186 1080 libus.
1224 1039 1269 1081 Si
1296 1039 1428 1089 igitur
1454 1039 1497 1079 in
1523 1038 1667 1091 teipso
1688 1037 1807 1090 quod
1830 1050 1888 1088 es,

1062 1108 1151 1137 non
1175 1109 1229 1137 ex
1246 1101 1290 1137 te
1315 1095 1451 1137 debes
1470 1094 1707 1144 aestimare,
1735 1094 1814 1136 sed
1833 1107 1888 1136 ex

1064 1152 1254 1194 Christo:
1288 1156 1452 1204 quanto
1479 1152 1618 1203 magis
1643 1152 1688 1192 in
1715 1150 1888 1194 Christo

1062 1222 1149 1250 non
1199 1214 1275 1250 tua
1327 1208 1463 1250 debes
1519 1209 1753 1258 aestimare,
1808 1208 1887 1250 sed

1063 1264 1246 1306 Christi?

1119 1324 1169 1376 R.
1197 1321 1345 1371 Stella,
1379 1334 1509 1374 quam
1540 1321 1740 1363 viderant
1770 1320 1887 1372 Magi

1062 1379 1106 1419 in
1121 1378 1312 1428 Oriente,
1331 1377 1619 1420 antecedebat
1638 1390 1726 1428 608,
1746 1377 1888 1420 (101166

1062 1437 1260 1477 venirent
1284 1434 1342 1476 ad
1359 1434 1522 1485 locum,
1549 1434 1623 1477 ubi
1646 1447 1756 1488 puer
1779 1439 1888 1477 erat:

1068 1495 1091 1520 *
1105 1491 1322 1534 Videntes
1341 1497 1487 1533 autem
1507 1504 1614 1542 eam,
1631 1491 1769 1543 gavisi
1787 1496 1888 1534 sunt

1062 1548 1223 1600 gaudio
1243 1561 1413 1599 magno.
1445 1545 1495 1597 V.
1509 1549 1565 1590 Et
1582 1548 1793 1590 intrantes
1812 1548 1887 1590 do-

1062 1618 1191 1655 mum,
1210 1606 1468 1647 invenerunt
1485 1608 1671 1657 puerum
1687 1617 1786 1646 cum
1799 1604 1887 1646 Ma-

1062 1663 1126 1702 ria
1143 1667 1282 1704 matre
1302 1663 1409 1713 erS,
1437 1666 1482 1703 et
1507 1660 1790 1714 procidentes
1813 1660 1885 1703 ad-

1063 1720 1298 1760 oraverunt
1317 1731 1425 1759 eum.
1453 1716 1676 1760 Videntes.

1349 1774 1500 1816 Lectio
1521 1775 1605 1815 viii.

1150 1844 1230 1883 rgo
1254 1832 1371 1883 Magi
1390 1831 1445 1873 de
1469 1831 1688 1873 thesauris
1714 1831 1803 1873 suis
1827 1831 1887 1873 ef·

1154 1889 1297 1931 ferunt
1344 1891 1534 1930 munera.
1587 1887 1732 1930 Vultis
1777 1888 1888 1929 scire

1065 1959 1194 1999 quam
1230 1945 1394 1988 bonum
1435 1944 1638 1987 meritum
1674 1942 1886 1986 habeant?

1063 2002 1198 2045 Stella
1216 2002 1271 2044 ab
1290 2001 1358 2043 his
1376 2001 1564 2043 videtur:
1588 2000 1664 2042 ubi
1683 1999 1886 2043 Heredes

1064 2065 1144 2110 est,
1173 2071 1261 2100 non
1280 2058 1466 2100 videtur:
1493 2057 1567 2100 ubi
1587 2057 1785 2100 Christus
1809 2062 1886 2107 est,

1063 2128 1212 2157 rursus
1251 2114 1438 2165 videtur,
1482 2119 1526 2156 et
1560 2114 1675 2156 viam
1710 2113 1886 2156 demen-

1065 2176 1183 2214 strat.
1218 2171 1336 2223 Ergo
1365 2170 1491 2213 stella
1518 2170 1613 2212 haec
1636 2171 1707 2212 via
1733 2176 1815 2221 est,
1843 2176 1887 2213 et

1063 2228 1133 2269 via
1148 2227 1361 2269 Christus:
1381 2227 1483 2279 quia
1497 2227 1738 2270 secundum
1750 2228 1886 2269 incar-

1063 2284 1250 2326 nationis
1291 2283 1546 2336 mysterium
1583 2283 1782 2326 Christus
1821 2288 1887 2326 est

1063 2340 1199 2383 stella.
1240 2340 1416 2382 Orietur
1445 2340 1558 2381 enim
1585 2339 1712 2382 stella
1741 2352 1794 2381 ex
1819 2340 1886 2381 Ja-

1064 2396 1164 2446 cob,
1197 2401 1241 2439 et
1273 2399 1479 2446 exsurget
1505 2395 1636 2437 homo
1663 2409 1716 2438 ex
1739 2396 1886 2438 Israel.

1063 2454 1262 2506 Denique
1282 2452 1355 2494 ubi
1378 2452 1584 2502 Christus,
1603 2457 1647 2494 et
1666 2452 1791 2494 stella
1809 2458 1886 2494 est.
1903 2472 1911 2482 ·

1063 2511 1165 2563 Ipse
1189 2509 1302 2551 enim
1327 2513 1394 2550 est
1420 2508 1547 2550 stella
1570 2509 1815 2561 splendida,
1843 2514 1886 2551 et

1063 2568 1285 2608 matutina.
1321 2565 1406 2607 Sua
1434 2565 1565 2615 igitur
1594 2565 1690 2618 ipse
1714 2565 1811 2608 luce
1838 2578 1885 2607 se

1063 2624 1215 2674 signat.

1114 2679 1164 2731 R.
1184 2678 1396 2721 Videntes
1416 2678 1587 2719 stellam
1603 2678 1731 2730 Magi,
1748 2678 1885 2730 gavisi

1063 2741 1162 2778 sunt
1183 2735 1343 2789 gaudio
1363 2747 1536 2786 magno:
1554 2731 1576 2757 *
1598 2735 1654 2776 Et
1671 2735 1883 2777 intrantes
