2040 2990
526 392 615 452 DE
652 389 842 451 ANNO
886 389 977 450 ET
1017 388 1186 460 EJUS
1230 384 1598 448 PARTIBUS.

236 647 242 651 »
254 647 263 651 -·
338 647 353 660 -.
377 639 442 657 vero
460 634 594 658 trecentos
612 630 749 664 sexaginta
769 629 902 664 quinque,
923 633 950 656 et
973 630 1029 656 fere

223 677 271 695 sex
288 659 383 696 boras:
402 673 477 697 tanto
495 669 565 695 enirn
580 669 710 703 temporis
724 668 866 695 intervallo
879 668 919 695 sol
935 669 1029 695 Zodia

223 715 284 734 cum
309 708 464 742 perlustrat.
506 708 609 741 Quatcr
632 712 721 734 autem
747 716 795 734 sex
818 708 894 734 horae
917 707 1029 742 singulis

223 747 363 780 quaternis
386 747 464 773 annis
488 748 559 773 diem
584 747 763 773 constituunt:
788 746 850 773 hinc
874 754 962 773 annus
986 746 1029 772 ille

224 785 399 820 intercalaris,
418 786 566 819 Bissextus,
584 786 627 813 vel
645 786 796 812 Bissextilis
814 786 922 812 dicitur.

229 847 275 877 De
298 847 370 877 anni
393 848 599 882 correctione,
621 848 752 886 eiusque
770 847 969 885 necessitate,
992 855 1027 876 ac

411 895 606 925 Kalendnrio
630 895 843 932 (iregxoriznnji.

228 944 323 1007 Ouod
348 953 449 979 dictum
477 957 530 986 est,
557 960 657 979 annum
682 953 820 979 continere
844 956 980 979 trecentos
1003 956 1031 979 et

230 1004 264 1016 u
282 992 420 1025 sexaginta
435 992 555 1026 quinque
569 992 635 1024 dies,
653 995 679 1018 et
694 992 750 1018 fere
765 1000 813 1018 sex
826 992 916 1024 horas,
934 992 1029 1018 intelli-

223 1031 341 1064 gendum
364 1034 405 1057 est
427 1039 475 1057 sex
497 1031 580 1057 horas
602 1039 657 1057 non
675 1038 734 1057 esse
752 1031 885 1065 integras,
908 1039 970 1058 cum
995 1031 1029 1058 ad

223 1077 317 1096 earum
335 1069 561 1103 complementum
580 1070 670 1104 aliqua
689 1070 792 1097 minuta
810 1070 945 1097 deficiant.

274 1113 316 1139 Ex
335 1121 451 1147 quorum
470 1113 637 1140 minutorum
651 1113 772 1147 neglectu
787 1121 962 1148 progressum
980 1117 1030 1147 cst,

224 1160 256 1179 ac
277 1152 299 1178 si
323 1160 411 1178 annus
433 1152 503 1178 ultra
526 1152 585 1179 dies
606 1152 656 1178 365
674 1152 824 1179 contineret
842 1152 960 1186 integras
981 1160 1030 1179 sex

224 1191 319 1224 horas3
337 1194 364 1217 et
383 1190 483 1217 factum
503 1194 552 1224 est,
570 1195 601 1217 ut
614 1191 726 1223 minuta,
744 1199 806 1224 quae
824 1191 896 1218 ultra
909 1192 1029 1218 debitam

223 1230 402 1263 quantitatem
421 1230 499 1256 annis
514 1229 626 1263 singulis
641 1230 839 1263 tribuebantur,
857 1234 945 1258 tractu
965 1235 1030 1257 tem-

224 1269 298 1302 poris
317 1268 353 1295 ita
368 1268 545 1302 excreverint,
563 1272 594 1295 ut
607 1269 722 1295 invicem
736 1269 826 1302 juncta
839 1270 1030 1296 constituerint

223 1307 282 1333 dies
299 1307 405 1334 decem:
427 1307 474 1341 qui
491 1315 601 1334 causam
620 1308 755 1334 dederunt
776 1311 806 1334 ut
823 1308 1029 1342 AEquinoctium

224 1353 338 1372 vernum
356 1346 447 1372 sedem
466 1354 543 1372 suam
562 1346 716 1373 mutaverit.

274 1389 324 1415 Cui
348 1389 419 1415 malo
441 1396 587 1416 occurrens
605 1389 755 1423 Gregorius
772 1390 850 1417 XIII.
868 1398 924 1417 non
941 1390 1029 1417 solum

224 1427 428 1461 AEquinoctium
447 1435 561 1454 vernum
579 1428 699 1455 restituit
721 1429 749 1455 in
767 1429 910 1462 pristinam
929 1430 1030 1462 sedem,

224 1474 239 1493 a
254 1474 308 1500 qua
324 1466 376 1499 jam
395 1474 411 1493 a
424 1466 545 1493 Concilio
558 1467 679 1501 Nieaeno‚
697 1467 790 1493 decem
808 1467 916 1494 circiter
933 1468 1030 1495 diebus

224 1505 251 1531 in
275 1512 346 1531 anno
369 1505 544 1532 correctionis
569 1506 647 1538 1582,
670 1506 850 1539 praecedendo
873 1510 1030 1540 recesserat,

225 1544 299 1578 quod
317 1551 332 1570 a
350 1543 471 1570 Concilio
489 1544 523 1570 ad
537 1544 582 1571 xii.
596 1544 736 1571 Kalendas
748 1544 852 1579 Aprilis
866 1544 957 1572 fuerat
969 1553 1030 1572 con-

225 1582 358 1615 stitutum,
375 1586 402 1608 et
415 1582 469 1609 xiv.
484 1583 590 1610 Lunam
604 1583 763 1610 Paschalem
777 1591 827 1610 suo
840 1584 868 1610 in
881 1584 940 1611 loco
954 1592 1030 1619 repo-

225 1621 292 1654 suit;
315 1622 364 1647 sed
386 1621 459 1648 viam
482 1630 592 1655 quoque
614 1622 739 1655 tradidit,
762 1626 789 1649 et
806 1622 952 1656 rationem,
976 1631 1030 1657 qua

225 1663 368 1687 caveretur
384 1663 415 1687 ut
432 1661 460 1687 in
477 1664 616 1695 posterum
639 1664 666 1687 et
683 1660 889 1694 AEquinoctium
907 1669 1031 1695 vernum,

225 1702 252 1726 et
270 1700 323 1725 xiv.
341 1699 420 1726 Luna
434 1699 574 1726 Paschalis
591 1707 607 1726 a
624 1700 743 1733 propriis
761 1700 872 1726 sedibus
890 1708 1031 1735 nunquam

226 1742 439 1765 removerentur.

277 1781 314 1809 Ut
332 1781 403 1807 enim
422 1781 627 1815 AEquinoctium
645 1788 760 1808 vernum
778 1781 813 1808 ad
832 1782 876 1809 xii.
890 1782 1030 1809 Kalendas

226 1819 329 1854 Aprilis
346 1820 546 1854 restitueretur,
568 1820 663 1847 statuit
686 1825 716 1847 ut
733 1821 798 1847 dicti
816 1821 908 1848 decem
927 1822 986 1848 dies
1003 1822 1031 1849 in

226 1866 318 1885 mense
342 1859 468 1886 Octobris
491 1859 576 1894 ipsius
600 1860 663 1886 anni
688 1860 754 1887 1582
776 1860 972 1894 eximerentur3
1001 1865 1031 1888 ut

227 1901 288 1931 post
297 1901 423 1931 quartam
433 1898 504 1924 diem
515 1898 641 1925 Octobris
654 1902 748 1925 sancto
758 1899 903 1926 ancisco
916 1907 1030 1933 sacram,

225 1943 342 1970 sequens
365 1936 423 1962 dies
446 1944 500 1963 non
524 1941 595 1963 esset
617 1938 724 1971 quinta,
747 1938 795 1965 sed
813 1938 918 1965 decima
935 1938 1031 1972 quinta

227 1974 359 2001 Octobris.
392 1975 426 2002 Et
443 1975 480 2002 ita
498 1983 583 2008 error,
601 1976 647 2010 qui
666 1976 694 2003 in
708 1977 876 2010 praeteritum
896 1981 936 2004 tot
949 1985 1031 2004 anno·

226 2020 287 2039 rum
310 2013 418 2040 circulis
441 2013 601 2048 irrepserat,
624 2015 651 2041 in
670 2019 807 2042 momento
826 2017 956 2050 temporis
980 2016 1032 2043 fuit

226 2055 372 2079 correctus.

277 2095 315 2122 Ut
333 2100 423 2123 autem
442 2096 469 2123 in
487 2100 626 2130 posterum
645 2097 717 2123 idem
735 2104 813 2123 error
830 2097 975 2131 vitaretur,
998 2106 1032 2125 ne

226 2134 261 2161 ad
279 2134 324 2161 xii.
339 2134 477 2162 Kalendas
490 2134 593 2169 Aprilis
606 2135 809 2169 AEquinoctium
828 2144 943 2163 vernum
961 2145 1032 2164 reee-

226 2172 317 2206 deret,
342 2173 437 2200 statuit
463 2173 534 2200 idem
562 2173 725 2207 Gregorius,
751 2174 906 2201 Bissextum
933 2180 1032 2209 quarto

226 2218 336 2245 quoque
350 2219 421 2238 anno
435 2212 485 2245 (uti
500 2220 559 2238 mos
572 2214 624 2246 est)
637 2213 790 2239 continuari
800 2213 908 2246 debere,
922 2218 1032 2248 praeter-

227 2258 309 2284 quam
327 2250 354 2277 in
373 2250 526 2277 centesimis
549 2251 640 2278 annis:
662 2251 710 2285 qui
731 2251 857 2285 quamvis
875 2252 1032 2280 Bissextiles

226 2292 306 2315 antea
316 2296 423 2323 semper
433 2289 541 2321 fuerint,
555 2290 661 2323 qualem
676 2289 756 2316 etiam
767 2297 827 2316 esse
836 2290 921 2318 voluit
931 2299 1032 2319 annum

228 2328 310 2360 1600,
319 2335 390 2354 anno
404 2328 579 2354 correctionis
591 2328 755 2362 proximum,
773 2332 835 2363 post
852 2337 914 2356 cum
933 2333 1032 2364 tamen,

227 2366 275 2400 qui
298 2366 424 2400 deinceps
447 2370 660 2400 consequentur,
683 2367 836 2401 centesimi,
860 2376 913 2395 non
938 2377 1032 2396 omnes

226 2404 384 2431 Bissextiles
405 2409 508 2438 essent,
529 2405 577 2431 sed
600 2405 626 2431 in
651 2406 855 2440 quadringentis
878 2408 1033 2442 quibusque

227 2443 306 2470 annis
328 2443 409 2477 primi
436 2444 557 2478 quinque
584 2449 639 2471 tres
662 2446 801 2471 centesimi
825 2446 883 2472 sine
906 2447 1032 2474 Bissexto

227 2481 454 2515 transigerentm
485 2486 599 2516 quartus
626 2491 692 2510 vcro
723 2484 838 2518 quisque
869 2485 1032 2512 centesimus

226 2524 298 2547 esset
312 2521 470 2553 Bissextilis,
489 2521 524 2548 ita
544 2526 572 2548 ut
591 2530 679 2549 annus
698 2523 771 2557 1700,
791 2524 864 2558 1800,
883 2525 956 2558 1900,
974 2525 1031 2551 Bis-

226 2559 336 2586 aexn'les
350 2567 404 2585 non
419 2560 480 2593 sint,
498 2568 569 2586 anno
583 2568 648 2588 vero
661 2562 728 2588 2000
742 2570 817 2589 more
831 2566 960 2589 consueto
974 2563 1031 2590 dies

228 2598 368 2624 Bissextus
386 2597 567 2631 intercaletur,
585 2600 734 2626 Februario
747 2601 805 2627 dies
818 2601 850 2627 29
864 2601 1030 2635 continente3

226 2636 353 2670 idemque
371 2636 439 2662 ordo
458 2637 651 2664 intermittendi
676 2638 907 2673 intercalandique
924 2641 1030 2667 Bissex-

226 2678 283 2701 tum
302 2675 372 2701 diem
393 2675 419 2702 in
438 2675 642 2709 quadringentis
660 2677 813 2711 quibusque
835 2678 914 2705 annis
937 2687 1030 2713 perpe-

226 2716 273 2739 tuo
290 2718 506 2740 conservaretur.

1316 543 1463 582 Quatuor
1485 542 1657 582 Tempora.

1083 594 1225 667 Quatuor
1234 602 1372 636 Tempora
1381 601 1555 627 celebrantur
1564 604 1662 633 quarta
1676 602 1703 626 et
1719 602 1797 627 sexta
1806 600 1895 634 Feria,

1139 649 1170 668 ac
1192 641 1313 668 Sabbato
1336 643 1398 674 post
1421 640 1528 666 tertiam
1548 639 1721 675 Dominicam
1739 638 1895 673 Adventus,

1080 684 1141 714 post
1156 680 1272 714 primam
1289 679 1461 707 Dominicam
1472 678 1704 712 Quadragesimae,
1723 681 1786 712 post
1801 677 1895 710 Domi:

1080 720 1168 746 nicam
1177 720 1361 752 pentecostes,
1371 722 1433 753 post
1442 718 1554 745 Festum
1564 717 1746 744 Exaltationis
1755 716 1783 744 S.
1790 716 1895 744 Crucis.

1079 790 1207 829 Nuptioe
1230 788 1361 828 qnando
1385 787 1539 819 celebrari
1563 795 1628 817 non
1651 786 1779 826 possint
1803 786 1894 825 juxta

1215 837 1384 867 Decretum
1408 836 1589 866 Tridentini
1613 834 1762 866 Concilii.

1082 897 1126 957 Α
1140 895 1284 922 Dominica
1307 895 1395 929 prima
1413 893 1559 920 Adventus
1581 902 1670 928 usque
1692 894 1719 921 in
1743 894 1815 921 diem
1834 894 1897 929 Epi—

1148 934 1269 969 phaniae,
1292 938 1320 960 et
1343 942 1358 960 a
1377 934 1456 960 Feria
1479 936 1578 967 quarta
1600 933 1731 960 Cinerum
1755 941 1844 968 usque
1867 933 1896 960 in

1080 974 1211 1001 Octavam
1231 973 1373 1000 Paschatis
1396 973 1541 1006 inclusive,
1563 977 1658 1000 sancta
1676 972 1806 1007 Synodus
1828 974 1896 1001 sole-

1080 1013 1207 1039 mnitates
1221 1012 1387 1047 Nuptiarum
1405 1012 1541 1047 prohibet.
1577 1012 1609 1039 In
1628 1012 1689 1039 aliis
1707 1019 1774 1039 vero
1792 1014 1896 1047 tempo-

1080 1052 1156 1078 ribus
1174 1051 1291 1086 Nuptias
1310 1051 1468 1079 solcmniter
1485 1051 1619 1078 celebrari
1636 1051 1780 1086 permittit.

1113 1123 1158 1152 1›c
1180 1121 1281 1161 Cyclo
1306 1121 1581 1152 decennovennali
1607 1120 1706 1151 Aurei
1731 1120 1865 1151 numeri.

1085 1181 1199 1238 (yclus
1213 1181 1460 1209 decennovennalis
1473 1181 1560 1209 Aurei
1573 1181 1682 1209 numeri
1699 1184 1742 1208 est
1759 1181 1895 1208 revolutio

1098 1228 1118 1241 -'
1139 1222 1245 1249 numeri
1261 1222 1292 1247 19
1306 1229 1441 1248 annorum
1460 1222 1495 1247 ab
1510 1222 1524 1247 1
1539 1228 1627 1255 usque
1641 1221 1676 1247 ad
1691 1221 1731 1255 19,
1749 1229 1805 1255 qua
1818 1228 1896 1247 revo-

1079 1262 1182 1290 lutione
1200 1264 1319 1295 peracta,
1336 1260 1436 1287 iterum
1455 1260 1490 1287 ad
1508 1260 1642 1287 unitatem
1659 1260 1774 1287 reditur.
1809 1259 1895 1287 Verbi

1080 1301 1179 1336 gratia:
1201 1300 1284 1327 Anno
1307 1300 1373 1326 1577
1394 1307 1527 1326 numerus
1548 1299 1617 1333 cycli
1640 1298 1896 1332 decennovennalis,

1080 1341 1127 1375 qui
1141 1339 1242 1367 dicitur
1254 1338 1373 1372 Aureus,
1388 1342 1432 1365 est
1451 1339 1478 1373 13
1498 1346 1570 1365 anno
1588 1338 1714 1372 sequenti
1730 1338 1797 1366 1578
1815 1341 1858 1365 est
1870 1338 1896 1371 2,

1080 1383 1107 1406 et
1130 1379 1169 1406 ita
1192 1378 1321 1413 deinceps
1344 1378 1373 1405 in
1391 1377 1570 1412 sequentibus
1594 1377 1686 1411 annis,
1708 1385 1765 1405 uno
1787 1383 1897 1411 semper

1080 1418 1210 1452 amplius,
1233 1426 1322 1451 usque
1344 1418 1380 1444 ad
1399 1418 1444 1451 19,
1467 1417 1515 1451 qui
1533 1417 1645 1444 Aureus
1661 1424 1797 1444 numerus
1816 1415 1897 1443 cadet

1080 1457 1107 1483 in
1126 1464 1227 1483 annum
1248 1457 1322 1490 1595,
1339 1460 1402 1491 post
1420 1463 1502 1490 quem
1521 1456 1621 1482 iterum
1639 1456 1675 1483 ad
1687 1455 1823 1484 unitatem
1835 1454 1896 1486 red-

1080 1496 1200 1523 eundum
1219 1499 1273 1528 est,
1295 1495 1334 1522 ita
1356 1498 1388 1522 ut
1405 1502 1478 1522 anno
1497 1494 1563 1521 1596
1580 1494 1694 1522 Aureus
1709 1501 1844 1523 numerus
1860 1492 1897 1525 sit

1080 1543 1177 1563 rursus
1196 1536 1220 1569 1,
1237 1538 1264 1561 et
1282 1542 1354 1561 anno
1373 1534 1440 1561 1597
1458 1534 1495 1560 sit
1512 1534 1537 1567 2,
1555 1536 1606 1561 etc.

1132 1574 1218 1608 Igitur
1235 1578 1266 1601 ut
1283 1574 1394 1601 Aureus
1412 1580 1544 1600 numerus
1562 1572 1687 1607 quolibet
1704 1579 1778 1601 anno
1794 1578 1895 1608 propo-

1081 1613 1134 1640 sito
1147 1613 1311 1647 inveniatur,
1324 1612 1475 1646 composita
1488 1615 1531 1639 est
1544 1618 1664 1646 sequens
1675 1610 1778 1639 tabella
1789 1610 1896 1642 Auleo-

1081 1660 1143 1679 rum
1160 1659 1352 1686 numerorum,
1370 1652 1447 1686 cujus
1464 1658 1532 1678 usus
1548 1650 1645 1685 incipit
1663 1650 1699 1678 ab
1716 1657 1790 1678 anno
1807 1651 1897 1676 corre-

1081 1691 1179 1718 ctionis
1198 1691 1263 1718 1582
1281 1690 1426 1725 inclusive,
1442 1690 1580 1725 duratque
1598 1690 1627 1717 in
1645 1692 1818 1725 perpetuum.
1853 1688 1897 1715 Ex

1082 1738 1113 1758 ea
1127 1730 1198 1757 enim
1213 1730 1323 1757 Aureus
1336 1737 1468 1757 numerus
1481 1729 1625 1763 cujuslibet
1638 1728 1704 1756 anni
1715 1730 1780 1763 post
1792 1733 1896 1756 annum

1082 1770 1148 1796 1582
1166 1769 1319 1803 reperietur
1335 1769 1387 1795 hoc
1405 1769 1497 1796 modo.
1825 1786 1828 1790 -

1131 1823 1155 1849 6.
1207 1822 1231 1849 7.
1283 1823 1307 1849 8.
1360 1822 1384 1848 9.
1420 1822 1460 1849 10

1125 1857 1164 1883 15.
1201 1857 1546 1883 16.17.18.19.1.
1599 1856 1623 1883 2.
1676 1855 1701 1882 3.
1752 1854 1778 1881 4.
1829 1854 1854 1880 5.

1131 1904 1213 1931 Anno
1238 1905 1305 1931 1582
1329 1905 1467 1931 tribuatur
1490 1904 1595 1939 primus
1621 1910 1754 1931 numerus
1781 1900 1898 1929 tabellae.

1082 1943 1129 1978 qui
1142 1946 1184 1970 est
1197 1951 1257 1970 sex:
1270 1944 1408 1970 secundus
1421 1947 1512 1970 autem
1527 1943 1575 1977 qui
1589 1946 1630 1970 est
1643 1943 1668 1976 7,
1683 1941 1809 1977 sequenti
1822 1947 1896 1968 anno

1084 1983 1157 2016 1583,
1175 1986 1201 2009 et
1218 1982 1256 2009 ita
1275 1982 1403 2016 deinceps
1420 1982 1449 2009 in
1467 1982 1613 2016 infinitum,
1630 1982 1719 2009 donec
1735 1981 1772 2008 ad
1785 1987 1897 2013 annum,

1082 2022 1158 2055 cujus
1176 2021 1299 2047 Aureum
1318 2029 1463 2048 numerum
1488 2020 1603 2055 quaeris,
1625 2019 1815 2055 perveniatur,
1836 2018 1898 2045 red—

1082 2060 1172 2087 eundo
1196 2060 1231 2086 ad
1253 2059 1417 2093 principium
1443 2060 1562 2093 tabellae,
1585 2059 1813 2094 quotiescumque
1836 2064 1897 2084 eam

1083 2098 1260 2133 percurreris.
1295 2099 1364 2127 Nam
1383 2106 1514 2126 numerus
1538 2099 1566 2125 in
1588 2106 1670 2133 quem
1689 2105 1778 2125 annus
1795 2103 1896 2131 propo-

1082 2138 1151 2165 situs
1168 2137 1250 2171 cadit,
1268 2137 1344 2164 dabit
1362 2137 1485 2165 Aureum
1506 2145 1651 2164 numerum
1668 2136 1824 2171 quaesitum.

1513 1822 1553 1848 11.
1590 1820 1630 1847 12.
1667 1820 1707 1847 13.
1743 1819 1784 1847 14.

1085 2191 1181 2217 leclus
1200 2192 1290 2217 ἱππ-0115
1308 2193 1486 2218 coenosa-mli
1505 2193 1625 2219 Aureum
1646 2202 1789 2220 nnmerum
1808 2193 1894 2226 cujus-

1416 2241 1468 2264 que
1488 2234 1557 2258 unni.

1133 2281 1255 2309 Numero
1273 2280 1337 2307 anni
1355 2281 1390 2307 de
1407 2288 1463 2315 quo
1481 2280 1596 2314 quaeris,
1620 2280 1691 2306 adde
1709 2278 1819 2305 unicam
1837 2276 1896 2304 uni-

1082 2323 1165 2347 tatem
1181 2320 1207 2346 1:
1222 2320 1347 2354 Exempli
1360 2320 1460 2354 gratia:
1476 2319 1542 2346 1833
1555 2319 1627 2346 adde
1641 2320 1668 2346 1:
1682 2325 1819 2345 summam
1831 2316 1896 2343 inde

1082 2359 1227 2394 conflatam
1243 2358 1335 2385 divide
1348 2366 1398 2393 per
1413 2359 1458 2393 193
1477 2358 1550 2392 quod
1567 2361 1700 2392 superest,
1718 2357 1771 2383 erit
1783 2356 1896 2383 Aureus

1082 2404 1212 2424 numerus
1230 2397 1317 2431 ipsius
1335 2397 1411 2431 anni;
1429 2397 1452 2423 si
1471 2397 1538 2423 nihil
1556 2399 1693 2431 superest,
1716 2396 1768 2423 erit
1784 2394 1896 2423 Aureus

1081 2443 1213 2462 numerus
1233 2436 1271 2462 19.

1258 2499 1302 2527 ΗΟ
1331 2500 1457 2537 lsspaictis
1483 2507 1509 2531 ct
1536 2502 1725 2533 Noviluniis.

1094 2562 1211 2621 Fpacta
1229 2564 1295 2591 nihil
1313 2564 1387 2591 aliud
1405 2568 1454 2598 est,
1473 2572 1555 2599 quam
1570 2572 1702 2591 numerus
1715 2564 1821 2591 dierum
1835 2562 1895 2597 qui-

1117 2611 1129 2621 Α
1149 2603 1200 2629 bus
1219 2610 1307 2629 annus
1320 2603 1417 2629 solaris
1432 2603 1584 2629 communis
1597 2604 1703 2630 dierum
1722 2603 1773 2630 365
1791 2609 1893 2629 annum

1081 2649 1252 2668 communem
1278 2642 1402 2668 lunarem
1431 2642 1536 2668 dierum
1565 2642 1615 2668 354
1641 2645 1766 2677 superat:
1798 2641 1837 2667 ita
1863 2643 1894 2667 ut

1082 2680 1184 2714 Epacta
1202 2680 1283 2713 primi
1307 2680 1371 2706 anni
1395 2680 1430 2706 sit
1449 2681 1493 2713 11,
1516 2688 1578 2707 cum
1601 2681 1654 2708 hoc
1670 2688 1786 2709 numero
1804 2687 1894 2707 annus

1081 2718 1178 2745 solaris
1195 2719 1348 2746 communis
1366 2719 1490 2746 lunarem
1507 2727 1609 2746 annum
1625 2726 1798 2746 communem
1816 2726 1894 2745 exce-
