2040 2990
651 198 753 231 Infra
781 196 1075 231 Hebdomudam
1100 196 1162 229 IV.
1187 195 1401 229 Adventus.

164 295 287 348 pacis
315 294 396 336 erit
423 293 468 334 in
494 293 750 335 Jerusalem.
786 292 836 344 V.
865 293 996 335 Juxta

167 356 233 393 est
251 350 368 391 salus
386 362 500 399 mea,
519 354 568 391 ut
587 350 748 392 veniat:
773 355 816 392 et
834 350 997 402 justitia

164 419 272 456 mea,
291 410 339 447 ut
357 406 588 447 reveletur.
619 406 686 447 Et.

475 478 626 518 Lectio
649 479 685 518 ii.

240 539 427 581 ttendite
447 538 504 581 ad
522 551 593 581 me
609 539 774 591 popule
793 551 933 588 meUS‚
954 543 997 581 et

263 595 404 637 tribus
422 608 521 636 mea
540 607 610 636 me
626 594 789 637 audite:
810 596 911 647 quia
925 595 997 637 lex

163 665 189 693 a
212 664 284 694 me
309 652 445 701 exiet,
475 655 519 693 et
545 650 752 702 judicium
780 664 927 693 meum
952 651 997 691 in

162 708 306 750 lucem
323 707 592 760 populorum
611 707 869 759 requiescet.
892 707 995 748 Pro-

162 777 220 817 pe
253 769 320 806 est
351 764 489 815 justus
520 776 660 812 meuS,
693 764 896 814 egressus
929 767 996 804 est

164 820 358 861 salvator
375 832 516 869 meuS,
545 823 588 861 et
605 818 785 860 brachia
802 831 901 860 mea
919 821 996 871 po-

162 876 293 929 pulos
308 875 575 928 judicabunt:
590 888 660 916 me
674 875 828 916 insulae
844 887 996 927 exspe-

164 932 361 981 ctabunt,
391 936 435 973 et
454 931 683 973 brachium
703 944 850 973 meum
870 931 996 972 susti-

164 988 339 1030 nebunt.
380 988 546 1029 Levate
578 987 622 1027 in
651 987 813 1028 coelum
842 986 996 1028 oculos

163 1049 351 1094 vestros,
381 1048 424 1085 et
451 1043 597 1085 videte
626 1042 707 1084 sub
732 1048 851 1084 terra
872 1042 996 1084 deor-

163 1114 275 1142 sum:
305 1100 407 1152 quia
434 1099 536 1140 coeli
564 1099 678 1140 sicut
700 1099 844 1140 fumus
861 1098 995 1151 lique-

164 1160 303 1205 scent,
337 1160 381 1197 et
406 1160 524 1196 terra
551 1155 664 1195 sicut
687 1155 996 1196 vestimentum

163 1213 391 1261 atteretur,
421 1215 464 1252 et
482 1210 754 1252 habitatores
775 1211 864 1262 ejus
883 1210 996 1251 sicut

162 1269 260 1309 haec
283 1267 539 1309 interibunt:
571 1266 697 1307 Salus
725 1271 872 1307 autem
898 1279 996 1307 mea

162 1324 205 1364 in
220 1324 537 1376 sempiternum
554 1322 645 1373 erit,
665 1326 709 1364 et
721 1323 884 1374 justitia
898 1335 996 1364 mea

162 1393 250 1422 non
269 1380 455 1421 deficiet.

214 1441 265 1492 R«.
296 1440 399 1481 Non
425 1439 690 1480 discedimus
716 1452 742 1480 a
765 1443 826 1488 te,
860 1438 994 1480 vivifi-

163 1495 284 1536 cabis
303 1508 384 1536 nos
401 1495 607 1545 Domine,
632 1500 676 1536 et
692 1507 854 1536 nomen
872 1499 996 1536 tuum

163 1550 481 1592 invocabimus:
506 1553 528 1578 *
556 1550 753 1592 Ostende
782 1550 911 1592 nobis
937 1550 995 1591 fa-

164 1607 275 1648 ciem
295 1610 425 1656 tuam,
445 1610 489 1648 et
508 1606 618 1647 salvi
638 1607 810 1647 erimus.
836 1601 887 1653 V.
907 1606 994 1647 Me-

162 1665 311 1704 mento
339 1663 481 1703 nostri
497 1662 688 1704 Domine
718 1663 762 1703 in
789 1662 995 1714 benepla-

163 1719 252 1760 cito
277 1718 433 1771 populi
456 1718 534 1759 tui:
562 1718 691 1760 visita
711 1731 802 1764 nos,
816 1718 860 1758 in
884 1718 995 1759 salu-

162 1775 247 1816 tari
266 1779 356 1816 tuo.
385 1774 592 1816 Ostende.

467 1843 619 1883 Lectio
638 1844 691 1882 iii.

165 1902 362 2006 Audite
381 1921 452 1950 me
473 1908 547 1960 qui
573 1909 693 1950 scitis
711 1910 891 1961 justum,
917 1912 994 1962 po-

266 1964 396 2016 pulus
416 1977 556 2014 meus,
581 1965 653 2006 lex
675 1978 774 2007 mea
792 1966 836 2006 in
861 1965 995 2007 corde

164 2021 332 2061 eorum:
361 2020 498 2061 nolite
525 2020 679 2062 timere
704 2021 995 2074 opprobrium

162 2075 404 2125 hominum,
437 2080 481 2117 et
511 2075 809 2128 blasphemias
842 2080 995 2119 eorum

163 2144 218 2173 ne
236 2132 453 2173 metuatis.
485 2132 607 2173 Sicut
629 2132 744 2173 enim
762 2132 994 2175 vestimen-

161 2191 270 2237 tum,
303 2187 366 2228 sic
398 2187 602 2229 comedet
635 2200 712 2229 eos
740 2190 918 2230 vermis:
950 2194 994 2231 et

162 2243 276 2284 sicut
320 2243 479 2294 lanam,
531 2243 595 2284 sic
641 2243 872 2286 devorabit
917 2258 994 2287 eos

160 2300 292 2340 tinea:
327 2298 453 2340 Salus
478 2303 624 2340 autem
647 2312 745 2341 mea
771 2300 814 2340 in
838 2302 993 2353 sempi-

160 2356 333 2396 ternum
349 2354 441 2404 erit,
461 2359 505 2396 et
518 2355 681 2406 justitia
694 2368 793 2397 mea
809 2356 852 2397 in
867 2369 994 2408 gene-

162 2410 355 2451 rationes
374 2411 715 2460 generationum.

218 2468 268 2519 R'·
300 2470 548 2520 Intuemini,
587 2475 774 2522 quantus
807 2472 863 2512 sit
899 2472 992 2522 iste,

163 2525 237 2578 qui
264 2525 506 2577 ingreditur
534 2526 591 2567 ad
620 2526 854 2568 salvandas
879 2528 991 2569 Gen-

160 2586 243 2623 tes:
270 2581 366 2634 ipse
393 2586 460 2622 est
485 2594 564 2622 rex
587 2582 778 2633 justitiae,
811 2583 832 2607 *
860 2584 992 2634 Cujus

161 2637 386 2688 generatio
402 2649 491 2678 non
505 2636 639 2678 habet
653 2637 793 2679 finem.
814 2632 864 2683 Υ
877 2639 990 2680 Prae-

162 2695 316 2734 cursor
348 2704 429 2745 pro
466 2692 594 2734 nobis
635 2693 889 2745 ingreditur,
928 2707 990 2736 se-

1051 292 1242 334 cundum
1301 293 1501 335 ordinem
1553 292 1881 335 Melchisedech

1049 348 1254 389 Pontifex
1269 349 1411 390 factus
1430 349 1474 389 in
1490 350 1711 391 aetemum.
1739 349 1881 402 Cuius.

1053 404 1204 446 Gloria
1222 404 1354 446 Patri.
1383 405 1526 457 Cujus.

1103 472 1175 513 Ad
1194 472 1358 513 Bened.
1386 471 1486 512 Ant.
1518 472 1685 511 Ponam
1707 469 1752 510 in
1776 470 1881 511 Sion

1049 525 1073 551 *
1093 524 1291 575 salutem,
1312 528 1356 566 et
1373 525 1417 565 in
1435 525 1681 567 Jerusalem
1698 525 1882 577 gloriam

1048 593 1203 630 meam,
1223 580 1405 632 alleluja.

1102 643 1191 678 Nisi
1227 643 1393 678 dicenda
1431 643 1481 677 sit
1515 643 1603 678 Ant.
1639 642 1777 678 Nolite.
1817 644 1880 679 vel

1048 692 1136 726 Ant.
1161 691 1262 725 Ecce
1286 690 1488 734 completa.
1512 690 1589 725 158.

1101 749 1165 782 Ad
1188 748 1345 791 Magnis.
1370 748 1459 783 Ant.
1485 745 1527 781 O.

1251 865 1424 901 Feria
1456 866 1683 913 Quinta.

1232 930 1300 969 De
1327 926 1444 967 Isaia
1469 926 1703 979 Propheta.

1152 994 1305 1035 Lectio
1325 994 1349 1033 i.
1587 993 1690 1045 Cap.
1710 994 1777 1034 64.

1062 1051 1883 1151 1=tatianiissssssffiffzzigfflsszaossf

1049 1168 1116 1205 tes
1137 1162 1391 1205 defluerent.
1426 1163 1548 1206 Sicut
1574 1165 1747 1206 exustio
1770 1165 1882 1216 ignis

1049 1219 1344 1269 tabescerent,
1377 1232 1505 1272 aquae
1539 1220 1744 1262 arderent
1776 1221 1882 1272 igni,

1049 1279 1098 1316 ut
1117 1279 1270 1316 notum
1288 1276 1414 1318 fieret
1431 1289 1593 1317 nomen
1609 1281 1733 1318 tuum
1746 1276 1882 1317 inimi-

1050 1331 1111 1372 cis
1130 1331 1231 1372 tuis:
1259 1344 1285 1372 a
1311 1331 1423 1373 facie
1449 1337 1526 1374 tua
1543 1332 1710 1374 Gentes
1736 1331 1881 1374 turba-

1049 1388 1210 1428 rentur.
1244 1387 1354 1428 Cum
1372 1388 1529 1430 feceris
1547 1388 1774 1439 mirabilia,
1792 1401 1881 1430 non

1050 1443 1376 1485 sustinebimus:
1402 1444 1687 1494 descendisti,
1715 1449 1759 1486 et
1777 1457 1803 1486 a
1821 1445 1881 1486 fa-

1050 1499 1115 1540 cie
1133 1504 1209 1540 tua
1226 1504 1401 1541 montes
1421 1499 1710 1542 defluxerunt.
1742 1500 1784 1541 A
1803 1503 1881 1542 Βώ-

1049 1554 1149 1596 culo
1169 1568 1259 1596 non
1277 1555 1520 1606 audierunt,
1538 1569 1683 1608 neque
1702 1556 1881 1598 auribus

1049 1612 1359 1663 perceperunt:
1379 1611 1532 1653 oculus
1553 1625 1641 1653 non
1655 1612 1777 1663 vidit,
1796 1612 1881 1654 De-

1048 1679 1100 1707 us
1120 1666 1288 1719 absque
1307 1671 1370 1717 te,
1399 1679 1498 1719 quae
1522 1668 1786 1720 praeparasti
1810 1681 1880 1710 ex-

1048 1722 1351 1775 spectantibus
1370 1727 1426 1764 te.

1102 1783 1152 1834 R.
1181 1782 1334 1824 Canite
1362 1782 1471 1825 tuba
1497 1784 1542 1824 in
1569 1783 1688 1833 Sion,
1722 1786 1880 1826 vocate

1049 1838 1231 1888 Gentes,
1257 1839 1514 1881 annuntiate
1532 1840 1730 1892 populis,
1756 1844 1800 1881 et
1819 1839 1880 1881 di-

1049 1894 1151 1936 cite:
1172 1896 1194 1919 *
1213 1894 1331 1936 Ecce
1355 1895 1477 1937 Deus
1501 1895 1704 1937 Salvator
1728 1900 1880 1937 noster

1048 1950 1262 1993 adveniet.
1302 1945 1351 1996 V.
1377 1951 1666 2003 Annuntiate,
1693 1956 1739 1993 et
1763 1951 1880 1993 audi-

1047 2011 1141 2048 tum
1166 2007 1311 2048 facite:
1338 2006 1583 2059 loquimini,
1613 2012 1657 2050 et
1682 2008 1879 2049 clamate.

1047 2063 1175 2105 Ecce.

1361 2124 1513 2164 Lectio
1532 2124 1571 2163 ii.

1052 2182 1332 2289 Occurristi
1354 2193 1539 2243 laetanti,
1563 2198 1607 2234 et
1630 2193 1804 2235 facienti
1822 2194 1880 2245 ju-

1143 2249 1320 2291 stitiam:
1358 2249 1403 2289 in
1440 2249 1522 2290 viis
1557 2249 1645 2290 tuis
1677 2248 1879 2290 recorda-

1045 2306 1209 2347 buntur
1236 2304 1315 2346 tui:
1352 2317 1455 2346 ecce
1483 2309 1532 2345 tu
1559 2305 1697 2345 iratus
1732 2316 1796 2353 εει,
1836 2309 1879 2345 et

1045 2361 1340 2414 peccavimus:
1372 2361 1415 2401 in
1443 2360 1550 2412 ipsis
1578 2360 1739 2401 fuimus
1768 2372 1877 2401 sem-

1047 2430 1136 2470 per,
1157 2421 1200 2458 et
1220 2416 1497 2458 salvabimur.
1524 2416 1582 2457 Et
1601 2416 1706 2456 facti
1727 2428 1877 2457 sumus

1045 2478 1094 2515 ut
1113 2472 1362 2514 immundus
1387 2484 1539 2513 omnes
1560 2484 1659 2521 nOS,
1687 2476 1731 2513 et
1753 2472 1877 2524 quasi

1044 2542 1216 2581 pannus
1248 2530 1533 2569 menstruatae
1568 2527 1784 2568 universae
1818 2528 1877 2578 ju-

1045 2585 1177 2626 stitiae
1202 2589 1384 2625 nostrae:
1413 2587 1457 2625 et
1483 2583 1723 2624 cecidimus
1752 2583 1877 2635 quasi

1045 2640 1197 2682 folium
1220 2639 1430 2688 universi,
1459 2644 1503 2681 et
1525 2639 1779 2690 iniquitates
1802 2651 1876 2680 no-

1045 2701 1149 2738 strae
1170 2695 1295 2747 quasi
1314 2700 1471 2736 ventus
1491 2694 1767 2736 abstulerunt
1782 2706 1875 2735 nos.
