2040 2990
801 185 843 218 In
869 185 1080 220 Nativitatc
1107 187 1273 220 Domini.

181 272 229 323 V-
255 282 410 330 Beata,
439 293 538 332 quae
567 281 771 323 credidit:
801 283 1008 334 quoniam

177 337 371 389 perfecta
408 341 509 378 sunt
546 337 708 387 omnia,
754 350 853 389 quae
890 338 1008 380 dicta

177 398 277 434 sunt
296 392 336 433 ei
355 405 380 433 a
398 393 602 434 Domino.
629 393 788 435 Hodie.

233 445 392 485 ssened.
427 446 575 500 Ignem
594 450 661 490 sui
680 450 852 491 amoris.

478 512 630 552 Lectio
656 513 707 551 vi.

253 576 409 625 gamus
441 588 562 626 ergo,
595 574 881 624 dilectissimi,
912 578 1006 626 gra-

270 631 354 672 tias
372 631 470 673 Deo
490 631 621 681 Patri,
640 644 720 683 per
739 631 897 671 Filium
917 632 1007 683 ejus

174 687 217 727 in
232 687 398 739 Spiritu
416 692 584 729 sancto:
606 687 679 739 qui
697 692 882 739 propter
900 687 1006 728 mul-

175 747 266 783 tam
298 744 526 785 caritatem
560 755 699 792 suam,
737 756 823 795 qua
855 742 1008 785 dilexit

173 811 267 848 nos,
286 799 491 840 misertus
512 803 579 841 est
598 798 750 840 nostri:
770 804 814 840 et
828 811 928 840 cum
942 811 1006 840 es-

173 856 320 895 semus
348 856 510 896 mortui
537 855 752 907 peccatis,
785 855 1006 896 convivifi-

174 911 290 951 cavit
317 923 399 952 nos
429 911 623 961 Christo,
661 916 710 952 ut
740 913 934 952 essemus
962 911 1006 951 in

172 966 270 1018 ipso
294 980 410 1008 nova
429 970 640 1016 creatura,
659 970 912 1018 novumque
930 967 1005 1018 fig-

172 1024 379 1063 mentum.
431 1023 717 1075 Deponamus
749 1035 855 1073 ergo
889 1025 1006 1064 vete-

173 1090 267 1119 rem
286 1078 508 1120 hominem
527 1092 627 1120 cum
646 1079 818 1120 actibus
839 1078 942 1119 suis:
963 1084 1007 1120 et

173 1133 324 1187 adepti
351 1135 736 1187 participationem
763 1135 1005 1186 generatio-

171 1190 238 1231 nis
250 1190 421 1240 Christi,
437 1191 580 1231 carnis
595 1191 892 1232 renuntiemus
904 1192 1005 1243 ope-

172 1245 305 1287 ribus
345 1246 569 1298 Agnosce,
603 1259 629 1288 o
652 1247 912 1297 Christiane,
944 1246 1005 1288 di-

171 1302 383 1352 gnitatem
402 1308 537 1344 tuam:
567 1307 610 1344 et
636 1302 796 1344 divinae
823 1315 1005 1344 consors

172 1358 314 1399 factus
333 1362 513 1410 naturae,
533 1358 624 1400 noli
640 1359 684 1399 in
703 1361 899 1401 veterem
913 1359 1004 1400 vili-

170 1416 309 1455 tatem
329 1414 535 1466 degeneri
555 1415 890 1457 conversatione
908 1415 1004 1456 red-

170 1471 245 1511 ire.
280 1470 519 1521 Memento,
546 1471 667 1522 cujus
693 1472 851 1524 capitis
872 1476 916 1513 et
935 1484 1004 1513 cu-

171 1526 236 1577 jus
257 1527 457 1579 corporis
485 1527 544 1568 sis
568 1527 824 1568 membrum.
859 1528 1004 1568 Remi-

171 1583 358 1631 niscere,
389 1582 490 1634 quia
518 1584 668 1624 erutus
697 1583 752 1624 de
780 1585 1004 1635 potestate

170 1637 469 1687 tenebrarum,
505 1638 744 1680 translatus
773 1651 820 1679 es
848 1639 892 1679 in
919 1639 1004 1680 Dei

170 1692 318 1735 lumen
338 1698 383 1735 et
401 1706 596 1744 regnum.

224 1755 274 1806 R.
291 1754 451 1795 Sancta
470 1759 515 1796 et
532 1754 812 1795 immaculata
830 1755 1003 1806 virgini-

169 1814 249 1860 tas,
270 1810 429 1861 quibus
447 1816 492 1852 te
511 1810 715 1851 laudibus
735 1810 914 1852 efferam
932 1814 1003 1853 ne-

171 1866 279 1907 scio:
294 1869 316 1894 *
334 1866 445 1916 Quia
466 1879 596 1919 quem
615 1866 717 1907 coeli
735 1868 895 1919 capere
914 1881 1002 1909 non

169 1924 394 1973 poterant,
438 1927 516 1964 tuo
562 1922 728 1974 gremio
768 1923 1002 1966 contulisti.

169 1972 221 2023 V.
249 1977 491 2020 Benedicta
515 1984 564 2020 tu
587 1979 631 2019 in
655 1979 929 2030 mulieribus,
959 1985 1003 2022 et

168 2032 429 2075 benedictus
483 2035 650 2076 fructus
708 2036 873 2077 ventris
927 2037 1002 2077 tui.

170 2089 294 2138 Quia.
326 2089 480 2132 Gloria
498 2091 630 2132 Patri.
659 2091 781 2141 Quia.

383 2165 433 2204 In
460 2165 531 2203 111.
560 2165 783 2205 Nocturno.

223 2226 321 2267 Ant.
358 2228 461 2281 Ipse
488 2229 710 2270 invocabit
734 2230 757 2255 *
784 2242 872 2279 me,
899 2230 1000 2272 alle-

169 2282 271 2334 luja:
288 2284 421 2327 Pater
439 2297 563 2326 meus
583 2298 630 2326 es
649 2290 708 2335 tu,
728 2284 910 2337 alleluja.

443 2346 639 2387 Psalmus
659 2349 725 2387 88.

177 2451 179 2465 ζ
225 2415 286 2465 <4432
314 2408 605 2450 isericordias
630 2409 808 2450 Domini
831 2410 855 2435 *
878 2410 921 2451 in
945 2424 999 2452 ae-

177 2471 179 2504 5
197 2459 217 2521 ᾖ
343 2465 515 2506 ternum
534 2465 734 2506 cantabo.

192 2529 203 2536 Ἴ
243 2520 261 2536 ”’
280 2531 287 2533 ’
314 2520 321 2530 ”
391 2521 442 2561 In
461 2521 788 2572 generationem
809 2527 853 2563 et
871 2535 999 2573 gene-

169 2577 383 2617 rationem
413 2577 436 2602 *
469 2576 736 2618 annuntiabo
768 2579 999 2620 veritatem

167 2637 287 2674 tuam
307 2632 351 2673 in
370 2645 446 2674 ore
465 2645 577 2674 meo.

220 2688 437 2739 Quoniam
476 2688 644 2730 dixisti:
694 2689 746 2729 In
784 2691 997 2732 aeternum

1060 283 1363 325 misericordia
1383 283 1677 326 aedificabitur
1693 284 1738 325 in
1754 284 1894 326 coelis:

1060 340 1083 365 *
1104 339 1428 392 praeparabitur
1447 340 1611 381 veritas
1629 344 1706 382 tua
1724 341 1768 382 in
1788 341 1863 382 eis.

1112 396 1325 448 Disposui
1377 397 1691 438 testamentum
1742 397 1893 438 electis

1059 452 1186 501 meis,
1223 452 1362 503 juravi
1389 451 1536 493 David
1568 464 1698 494 servo
1725 464 1841 494 meo:
1869 453 1893 479 *

1059 520 1201 559 usque
1226 508 1269 548 in
1295 510 1508 550 aeternum
1533 508 1799 561 praeparabo
1828 521 1893 550 se-

1060 576 1160 604 men
1179 569 1314 605 tuum.

1112 620 1169 660 Et
1183 619 1415 662 aedificabo
1430 620 1474 660 in
1488 620 1830 671 generatiOnem,
1849 626 1893 663 et

1059 676 1390 726 generationem
1408 676 1432 702 *
1453 676 1604 718 sedem
1623 682 1755 718 tuam.

1112 731 1448 773 Confitebt'mtur
1468 733 1570 774 coeli
1587 732 1804 775 mirabilia
1818 737 1894 775 tua

1059 788 1264 829 Domine:
1282 789 1306 813 *
1328 788 1489 829 etenim
1513 789 1746 831 veritatem
1771 794 1892 831 tuam

1059 843 1102 884 in
1123 843 1310 885 ecclesia
1329 846 1593 886 sanctorum.

1113 900 1331 949 Quoniam
1355 900 1452 952 quis
1474 900 1519 941 in
1538 900 1728 943 nubibus
1747 902 1892 953 aequa-

1058 954 1176 997 bitur
1194 955 1403 997 Domino:
1418 956 1442 982 *
1457 957 1610 998 similis
1630 957 1714 999 erit
1730 957 1829 999 Deo
1848 957 1892 998 in

1059 1011 1160 1052 filiis
1179 1011 1286 1053 Dei?

1110 1068 1243 1117 Deus,
1265 1067 1339 1120 qui
1358 1067 1628 1119 glorificatur
1647 1068 1691 1109 in
1706 1068 1890 1110 consilio

1060 1126 1327 1165 sanctorum:
1352 1124 1375 1149 *
1400 1137 1584 1175 magnus
1616 1129 1660 1166 et
1683 1123 1892 1166 terribilis

1059 1193 1192 1232 super
1219 1192 1373 1221 omnes
1403 1180 1478 1232 qui
1503 1180 1549 1220 in
1581 1180 1768 1222 circuitu
1800 1181 1892 1232 ejus

1059 1241 1169 1278 sunt

1109 1292 1299 1334 Domine
1322 1293 1445 1334 Deus
1471 1293 1684 1335 virtutum
1713 1293 1810 1345 quis
1837 1294 1890 1333 si-

1057 1349 1171 1389 milis
1195 1347 1300 1390 tibi?
1320 1349 1344 1374 *
1363 1354 1524 1402 potens
1549 1361 1596 1390 es
1614 1349 1821 1399 Domine,
1847 1353 1892 1390 et

1058 1405 1220 1446 veritas
1238 1410 1315 1446 tua
1333 1405 1377 1446 in
1397 1405 1583 1447 circuitu
1601 1410 1690 1447 tuo.

1110 1461 1179 1502 Tu
1199 1461 1440 1502 dominaris
1463 1461 1676 1513 potestati
1699 1461 1848 1502 maris:
1866 1461 1891 1487 '⁸‘

1057 1522 1226 1558 motum
1245 1522 1393 1558 autem
1412 1517 1626 1559 fluctuum
1645 1518 1735 1569 ejus
1753 1521 1802 1558 tu
1814 1518 1890 1558 mi-

1057 1573 1183 1624 tigas.

1108 1629 1178 1670 Tu
1202 1628 1442 1670 humiliasti
1466 1629 1580 1670 sicut
1602 1629 1890 1681 vulneratum,

1057 1685 1317 1737 superbum:
1351 1686 1376 1710 *
1411 1685 1456 1725 in
1492 1685 1676 1727 brachio
1714 1686 1890 1728 virtutis

1056 1745 1145 1782 tuae
1165 1740 1418 1793 dispersisti
1436 1741 1637 1782 inimicos
1655 1746 1770 1783 tuos.

1108 1797 1192 1838 Tui
1216 1802 1317 1838 sunt
1346 1797 1466 1846 coeli,
1495 1802 1539 1839 et
1564 1802 1641 1839 tua
1667 1802 1736 1839 est
1759 1802 1888 1848 terra,

1057 1852 1210 1894 orbem
1235 1858 1365 1894 terrae
1391 1858 1436 1894 et
1458 1853 1778 1905 plenitudinem
1797 1854 1888 1906 ejus

1055 1913 1103 1949 tu
1122 1909 1335 1951 fundasti:
1354 1910 1378 1935 *
1400 1909 1679 1962 Aquilonem,
1704 1914 1749 1952 et
1766 1922 1888 1951 mare

1054 1969 1103 2006 tu
1124 1965 1295 2008 creasti.

1108 2021 1290 2062 Thabor
1326 2026 1372 2063 et
1398 2022 1596 2063 Hermon
1631 2022 1676 2063 in
1710 2022 1887 2064 nomine

1054 2083 1132 2119 tuo
1156 2077 1453 2120 exsultabunt:
1472 2078 1496 2104 *
1515 2083 1639 2119 tuum
1657 2077 1885 2120 brachium

1055 2147 1155 2175 cum
1173 2134 1383 2186 potentia.

1105 2189 1323 2231 Firmetur
1350 2203 1504 2231 manus
1532 2194 1624 2240 tua,
1653 2195 1697 2232 et
1725 2192 1886 2234 exalte-

1053 2250 1125 2287 tur
1154 2245 1336 2287 dextera
1362 2250 1453 2287 tua:
1471 2246 1495 2271 *
1518 2247 1682 2298 justitia
1710 2253 1754 2290 et
1779 2248 1885 2300 iudi-

1054 2301 1170 2342 cium
1187 2302 1455 2354 praeparatio
1476 2301 1594 2343 sedis
1613 2307 1713 2344 tuae.

1105 2356 1409 2398 Misericordia
1446 2362 1490 2398 et
1526 2358 1689 2399 veritas
1720 2361 1885 2411 praece-

1054 2413 1159 2455 dent
1182 2413 1342 2454 faciem
1367 2418 1502 2454 tuam:
1521 2414 1545 2439 *
1564 2412 1722 2455 beatus
1746 2417 1885 2467 popu-

1053 2469 1132 2518 lus,
1152 2469 1227 2520 qui
1246 2469 1330 2510 scit
1349 2468 1660 2521 iubilationem.

1104 2525 1305 2574 Domine,
1319 2525 1364 2565 in
1379 2525 1542 2567 lumine
1556 2525 1703 2566 vultus
1718 2526 1782 2567 tui
1797 2539 1884 2567 am·

1052 2580 1283 2629 bulabunt,
1308 2586 1352 2622 et
1376 2581 1420 2621 in
1444 2581 1620 2623 nomine
1645 2587 1723 2623 tuo
1744 2582 1883 2624 exsul-

1052 2636 1206 2678 tabunt
1228 2641 1323 2678 tota
1349 2636 1436 2678 die:
1455 2637 1479 2663 *
1499 2642 1544 2679 et
1561 2638 1606 2678 in
1624 2639 1790 2690 justitia
1807 2642 1884 2679 tua

1053 2692 1372 2734 exaltabuntur.
