2080 2990
211 222 255 257 ¹3

446 320 494 359 In
518 320 567 359 11.
590 320 812 359 Nocturno.

515 376 666 418 Lectio
687 377 740 416 iv.

216 436 250 482 ‘554
286 430 517 484 osephus
536 430 762 472 Leonissae
785 430 828 471 in
849 429 1039 483 Aprutio

236 530 241 538 ,
275 512 313 543 A.
340 488 424 540 piis
461 487 748 539 honestisque
783 485 1040 540 parentibus

340 549 483 594 natus,
516 557 542 585 a
572 543 762 596 pueritia
792 543 927 596 coepit
956 542 1039 583 cla-

211 605 306 644 rere
322 600 569 643 virtutibus.
595 600 710 642 Nam
729 605 773 642 et
792 604 937 642 certos
957 593 1040 639 sibi

211 658 367 701 indixit
399 657 544 710 jejunii
577 656 686 706 dies,
719 661 764 698 et
791 656 834 697 in
862 655 1040 708 pietatis

211 715 420 769 operibus
458 715 758 767 maximopere
791 711 1038 754 delectaba-

211 779 293 814 tur.
336 773 498 814 Factus
523 770 863 819 adolescentior,
892 768 1041 809 oblata

211 830 294 871 sibi
327 829 494 882 optima
529 827 729 879 conjugia
768 825 1040 868 castimoniae

212 886 392 928 sedulus
425 885 567 928 cultor
600 886 776 926 strenue
809 883 1040 931 recusavit,

211 949 255 985 et
282 942 706 994 consanguineorum
732 939 1040 982 blandimentis

212 1000 443 1053 superatis,
467 998 819 1051 Capuccinorum
837 996 1040 1037 instituto

212 1070 370 1099 nomen
398 1055 529 1098 dedit.
586 1055 637 1095 In
660 1054 870 1105 religione
900 1058 1040 1095 auste-

213 1114 431 1154 rissimum
452 1113 554 1154 vitae
581 1124 718 1162 genus
745 1112 938 1151 sectatus
963 1114 1041 1151 est.

212 1168 463 1222 Aliquando
506 1169 620 1211 enim
660 1168 859 1210 fabarum
895 1178 1039 1208 corru-

212 1229 387 1280 ptarum
406 1225 590 1279 pugillo,
615 1224 792 1267 modico
812 1236 943 1277 pane,
970 1225 1040 1264 eo-

213 1296 297 1335 que
313 1282 501 1332 mucido,
518 1287 560 1324 et
575 1284 754 1324 coenosa
769 1294 894 1334 aqua,
910 1280 1042 1321 etiam

213 1339 317 1381 dum
357 1339 492 1381 sacris
537 1338 822 1380 concionibus
859 1339 1042 1390 operam

213 1396 354 1446 daret,
399 1396 533 1438 vitam
577 1394 859 1446 transigebat.
913 1394 1042 1446 Saepe

213 1453 344 1495 etiam
373 1452 429 1495 ad
458 1466 550 1502 seX,
583 1458 628 1494 et
660 1457 762 1494 octo
797 1451 891 1493 dies
923 1450 1041 1492 omni

213 1523 395 1563 prorsus
410 1509 510 1552 cibo
527 1509 750 1559 abstinuit3
771 1508 875 1550 diris
891 1520 1041 1549 cruen-

212 1569 357 1618 tisque
383 1566 656 1616 verberibus,
684 1565 925 1618 asperrimo
954 1563 1040 1605 cili-

213 1624 282 1666 cio
316 1624 545 1675 ferreaque
579 1625 734 1665 catena
769 1634 932 1675 corpus
966 1619 1041 1662 do-

212 1681 371 1723 mabat.
982 1682 985 1684 ’

271 1743 318 1792 Ιζι.
342 1738 589 1780 Honestum
608 1738 723 1779 fecit.

526 1797 677 1838 Lectio
698 1812 735 1838 v.
879 1826 883 1830 -

218 1849 569 1954 Ardentissima
597 1851 795 1900 caritate,
807 1866 810 1870 >
824 1855 868 1891 et
893 1848 1041 1891 studio

327 1907 564 1949 dilatandae
594 1907 842 1949 christianae
870 1906 1042 1957 religio-

215 1964 281 2004 nis
332 1966 557 2014 accensus,
614 1963 1043 2016 Constantinopolim

215 2021 456 2072 profectus,
500 2020 865 2064 Christifidelibus
898 2021 941 2061 in
974 2033 1042 2062 ca-

215 2077 419 2129 ptivitate
439 2077 701 2129 degentibus
726 2077 881 2119 sedulo
901 2077 1043 2130 opitu-

216 2133 397 2176 labatur.
434 2134 559 2176 Fidei
587 2134 837 2177 desertores
864 2133 1043 2176 reduce·

215 2190 306 2240 bat3
338 2192 543 2232 nutantes
574 2191 618 2232 in
651 2191 860 2243 religione
888 2191 1043 2233 confir-

215 2246 374 2296 mabat,
389 2247 645 2290 verberibus
660 2248 773 2298 lieet,
792 2251 981 2296 carcere,
1001 2252 1045 2290 et

217 2304 490 2346 contumeliis
517 2307 712 2347 vexatus.
768 2307 913 2357 Quare
945 2318 1046 2347 cum

218 2361 348 2403 finem
372 2361 496 2403 verbi
515 2362 598 2403 Dei
622 2361 935 2405 disseminandi
956 2376 1045 2405 non

218 2417 396 2467 faceret,
424 2418 512 2460 alta
539 2431 563 2460 e
590 2418 715 2461 trabe
742 2419 937 2472 pendere
963 2421 1044 2471 jus-

218 2487 307 2524 sus,
340 2488 487 2525 manu,
516 2475 719 2528 pedeque
748 2475 903 2518 dextro
932 2489 1045 2518 unco

218 2530 360 2573 ferreo
380 2532 629 2583 perforatis,
657 2532 864 2585 fumoque
889 2539 936 2575 ut
961 2534 1044 2575 suf-

218 2586 437 2629 focaretur
451 2589 695 2641 supposito,
714 2589 757 2630 in
777 2602 829 2631 eo
850 2591 1045 2633 cruciatu

220 2643 380 2686 Christi
415 2644 579 2686 athleta
616 2646 762 2687 triduo
794 2648 1046 2699 permansit.

219 2699 415 2752 Indeque
466 2700 521 2742 ab
568 2701 739 2753 Angelo
791 2702 1046 2745 mirabiliter

222 2758 416 2809 ereptus,
445 2758 607 2799 sanatis
636 2758 907 2809 vulneribus,
935 2772 1044 2801 mar-

857 225 971 259 Festa
998 224 1207 259 Februarii.
1233 225 1288 264 (4.)

1092 315 1193 368 tyrii
1220 316 1377 358 merito
1406 315 1653 357 cumulatus
1680 315 1725 356 in
1748 316 1923 357 Italiam

1092 374 1295 414 reversus
1311 377 1389 423 est,
1407 372 1555 425 ibique
1571 371 1923 424 evangelizandis

1092 428 1361 482 pauperibus
1381 442 1480 471 cum
1498 429 1663 481 ingenti
1682 429 1923 472 animarum

1092 484 1215 527 lucro
1233 490 1352 528 totus
1370 485 1578 528 incubuit.
1612 485 1839 528 F’mitimas
1858 499 1922 529 re-

1092 542 1261 593 gioneS‚
1314 547 1358 585 et
1410 542 1596 584 familias
1647 542 1922 594 factionibus,

1093 597 1207 640 odiis
1253 599 1449 652 rixisque
1493 611 1635 652 prope
1681 599 1921 650 confectas-³,

1092 656 1312 708 precibus,
1349 655 1651 707 concionibus,
1684 657 1922 699 continenti

1093 713 1304 755 virtutum
1330 713 1532 767 exemplo
1558 712 1615 756 ad
1634 713 1922 767 tranquillita-

1092 774 1182 811 tem
1201 770 1373 822 redegit

1148 833 1198 885 R.
1223 827 1402 870 Amavit
1421 841 1532 870 eum.

1398 888 1551 929 Lectio
1572 888 1625 928 vi.

1096 939 1288 1049 Ludos,
1308 941 1504 990 choreas,
1524 941 1724 993 aliosque
1742 945 1837 983 tum
1853 943 1923 983 ve-

1194 1003 1328 1047 teres,
1361 1011 1461 1040 cum
1491 998 1727 1050 gliscentes
1759 997 1924 1040 abusus

1094 1055 1253 1097 acriter
1272 1054 1581 1096 insectabatur.
1609 1053 1814 1106 Illudque
1833 1054 1924 1108 pla-

1093 1124 1148 1153 ne
1167 1111 1436 1161 admirabile,
1458 1110 1579 1164 quod
1596 1111 1662 1153 vir
1677 1111 1762 1153 Dei
1780 1123 1923 1164 neque

1094 1167 1254 1218 inedia,
1290 1180 1435 1220 neque
1471 1167 1578 1209 solis
1611 1172 1738 1218 aestu,
1779 1180 1923 1220 neque

1094 1224 1297 1266 imbrium
1321 1225 1379 1273 vi,
1407 1236 1551 1276 neque
1574 1224 1774 1266 locorum
1797 1237 1923 1278 aspe-

1094 1282 1239 1331 ritate,
1272 1295 1390 1333 aegra
1421 1281 1632 1334 alioquin,
1667 1285 1711 1323 et
1738 1280 1925 1324 adversa

1095 1351 1215 1391 saepe
1236 1338 1489 1381 valetudine
1507 1337 1801 1391 praepeditus,
1830 1351 1924 1388 sex,

1095 1400 1138 1437 et
1169 1400 1271 1437 octo
1301 1395 1457 1437 eadem
1486 1394 1558 1438 die
1586 1395 1823 1437 conciones
1851 1395 1924 1437 ha-

1093 1451 1249 1494 buerit.
1294 1453 1384 1494 Tot
1416 1453 1529 1495 inter
1559 1451 1807 1505 Apostolici
1833 1455 1924 1494 mu-

1094 1509 1211 1551 neris
1239 1509 1432 1559 labores,
1461 1509 1708 1551 coelestium
1733 1514 1925 1552 contem-

1094 1565 1279 1618 plationi
1305 1565 1527 1616 addictus,
1558 1566 1713 1610 crebro
1739 1566 1783 1607 in
1808 1568 1925 1608 exta·
1991 1558 2000 1568 “

1095 1623 1178 1664 sim
1205 1628 1357 1676 raptus
1385 1628 1471 1673 est,
1501 1623 1740 1676 divinoque
1768 1623 1927 1677 spiritu

1095 1680 1285 1730 afflatus,
1314 1681 1514 1722 cordium
1541 1683 1701 1722 arcana
1724 1683 1925 1733 penetra-

1094 1750 1157 1786 re,
1190 1743 1234 1779 et
1262 1737 1408 1779 futura
1435 1739 1692 1790 prospicere
1719 1737 1925 1790 frequens

1093 1793 1155 1834 illi
1172 1794 1263 1835 fuit.
1292 1793 1444 1835 Gratia
1464 1793 1595 1835 etiam
1614 1793 1926 1836 miraculorum

1094 1850 1292 1900 illustris,
1312 1851 1571 1900 Truentum‚
1592 1852 1775 1892 extenso
1793 1863 1927 1904 super

1095 1920 1233 1960 aquas
1252 1907 1404 1960 pallio,
1433 1920 1533 1949 cum
1552 1907 1692 1958 socio,
1721 1911 1766 1949 et
1783 1907 1925 1949 Maro-

1095 1964 1180 2015 jam
1230 1965 1412 2006 fiuvium
1460 1963 1529 2006 bis
1573 1964 1693 2006 sicco
1737 1963 1925 2016 vestigio

1095 2021 1307 2063 transivit.
1377 2021 1678 2063 Praenuntiata
1735 2020 1925 2073 denique

1095 2078 1251 2120 mortis
1284 2091 1376 2119 suae
1414 2078 1501 2127 die,
1538 2077 1751 2120 Ecclesiae
1784 2090 1925 2119 sacra-

1095 2135 1254 2176 mentis
1289 2135 1497 2184 refectuS,
1542 2133 1840 2188 placidissime
1880 2133 1925 2175 in

1097 2191 1249 2233 osculo
1269 2192 1447 2233 Domini
1467 2191 1685 2234 occubuit.
1717 2190 1926 2232 Defuncti

1097 2261 1261 2302 corpus
1287 2262 1381 2302 prae
1406 2249 1547 2290 macie
1575 2247 1824 2300 squalidum
1849 2248 1924 2289 mi-

1097 2319 1191 2347 ram
1213 2305 1330 2347 illico
1349 2307 1626 2348 venustatem
1647 2303 1800 2346 induit.
1838 2304 1925 2346 Cor

1098 2363 1190 2415 ejus
1213 2375 1354 2416 usque
1377 2363 1421 2404 in
1439 2375 1636 2415 praesens
1654 2362 1805 2412 molle,
1831 2375 1925 2404 sua-

1098 2421 1285 2472 vemque
1317 2420 1487 2472 spirans
1519 2419 1720 2469 odorem,
1757 2432 1926 2461 summa

1099 2477 1292 2518 omnium
1332 2476 1622 2518 admiratione
1663 2477 1925 2518 asservatur.

1098 2533 1227 2574 Illum
1262 2533 1482 2575 miraculis
1519 2533 1685 2575 clarum
1724 2532 1925 2574 Clemens

1101 2589 1390 2632 duodecimus
1435 2589 1626 2631 Beatum
1670 2588 1925 2643 appellavit,

1099 2659 1151 2688 ac
1186 2645 1454 2688 Benedictus
1500 2646 1696 2688 decimus
1744 2649 1926 2699 quartus

1099 2703 1283 2745 solemni
1314 2716 1479 2757 pompa
1510 2704 1770 2746 Sanctorum
1802 2701 1926 2743 fastis

1099 2759 1346 2813 adscripsit.
1399 2765 1450 2815 R.
1477 2761 1568 2802 Iste
1587 2760 1733 2802 homo.
