2040 2990
653 195 753 228 Infra
780 195 1071 228 llcbdomadam
1099 195 1163 228 111.
1190 194 1402 227 Adventus:

174 293 246 329 tur
290 293 471 338 terram,
517 290 796 330 commistum
842 288 1004 338 migma

175 343 407 386 comedent
427 344 540 385 sicut
562 344 606 385 in
626 346 729 385 area
747 343 1004 384 ventilatum

174 405 252 441 est.
288 400 345 442 Et
371 405 497 442 erunt
523 413 655 452 super
682 412 858 441 omnem
882 412 1002 441 mon-

173 461 263 497 tem
299 456 538 506 excfflsum,
575 461 619 498 et
656 469 789 508 super
827 468 1003 497 omnem

173 511 331 553 collem
364 512 583 554 elevatum
618 512 698 553 rivi
734 512 1003 553 currentium

172 570 396 619 aquarum,
414 569 458 609 in
478 568 549 610 die
565 568 882 609 interfectionis
896 567 1002 608 mul-

171 625 328 673 terum,
347 637 446 665 cum
466 624 706 666 ceciderint
725 629 881 665 turres.

222 682 271 732 R.
307 680 454 733 Prope
483 685 551 722 est
578 685 627 721 ut
653 680 800 721 veniat
825 685 1001 732 tempus

171 736 278 786 ejus,
308 741 352 777 et
380 735 477 777 dies
505 737 596 787 ejus
624 749 711 777 non
737 735 1000 786 elongabun-

169 796 254 832 tur:
273 793 293 816 *
317 792 597 834 Miserebitur
616 792 832 851 Dominus
851 792 1000 841 Jacob,

171 853 214 888 et
234 847 372 889 Israel
397 848 648 890 salvabitur.
683 848 731 893 λ’.
759 849 1000 889 Revertere

170 904 293 954 virgo
315 904 462 954 Israel,
483 906 705 946 revertere
724 904 781 945 ad
801 904 999 945 civitates

169 965 280 1001 tuas.
308 961 598 1002 Miserebitur.

469 1016 620 1056 Lectio
643 1017 695 1055 iii.

251 1077 269 1114 t
298 1073 381 1114 erit
404 1072 480 1113 lux
502 1073 618 1114 lunae
645 1073 757 1114 sicut
782 1073 856 1114 lux
881 1074 998 1123 solis,

264 1134 307 1171 et
326 1129 401 1170 lux
421 1129 527 1170 solis
549 1130 630 1171 erit
653 1130 999 1182 septempliciter

168 1185 282 1226 sicut
317 1185 392 1226 lux
425 1189 596 1238 septem
634 1185 803 1227 dierum
834 1186 878 1226 in
912 1186 998 1236 die,

169 1253 256 1293 qua
300 1241 545 1292 alligaverit
581 1242 796 1283 Dominus
842 1242 998 1283 vulnus

168 1297 321 1350 pepuli
346 1298 428 1346 sui,
455 1302 498 1338 et
521 1301 831 1350 percussuram
854 1298 998 1350 plagae

169 1354 259 1405 ejus
292 1354 523 1395 sanaverit.
569 1354 686 1395 Ecce
717 1366 878 1395 nomen
910 1355 998 1395 Do-

167 1410 273 1450 mini
300 1410 421 1451 venit
455 1410 510 1451 de
539 1409 800 1462 longinquo,
839 1410 998 1452 ardens

168 1466 289 1506 furor
305 1467 407 1517 ejus,
427 1471 470 1507 et
485 1466 630 1516 gravis
646 1466 703 1507 ad
717 1466 999 1519 portandum:

168 1521 284 1562 labia
309 1523 400 1573 ejus
423 1522 593 1574 repleta
617 1527 717 1563 sunt
739 1522 998 1573 indignatio-

169 1590 234 1626 ne,
253 1582 297 1619 et
316 1577 463 1628 lingua
483 1579 574 1629 ejus
596 1579 721 1629 quasi
739 1579 853 1629 ignis
869 1579 999 1621 devo-

169 1646 280 1674 rans.
334 1633 520 1686 Spiritus
553 1635 643 1685 ejus
675 1634 794 1675 velut
825 1640 999 1676 torrens

168 1689 385 1730 inundans
419 1702 558 1742 usque
592 1690 649 1731 ad
679 1690 873 1731 medium
897 1691 999 1733 colli

169 1744 225 1786 ad
258 1745 508 1798 perdendas
540 1750 695 1796 gentes
728 1746 772 1786 in
805 1746 999 1798 nihilum,

169 1806 213 1842 et
227 1801 397 1842 frenum
412 1802 585 1851 erroris,
604 1802 724 1853 quod
744 1803 897 1844 eratin
911 1816 999 1844 ma-

168 1857 283 1898 xillis
300 1857 578 1909 populorum.

223 1913 272 1962 Rg.
290 1913 542 1955 Descendet
552 1914 768 1955 Dominus
786 1915 899 1957 sicut
914 1916 1000 1969 plu-

169 1969 240 2009 via
267 1969 310 2009 in
338 1969 494 2010 vellus:
519 1968 540 1990 *
567 1970 744 2011 Or-ietur
772 1972 815 2012 in
843 1971 999 2014 diebus

170 2026 261 2076 ejus
286 2026 464 2076 justitia,
496 2030 540 2067 et
572 2025 839 2068 abundantia
866 2029 999 2080 pacis.

171 2075 220 2125 V.
239 2081 296 2122 Et
315 2080 563 2122 adorabunt
579 2094 677 2123 eum
693 2095 845 2125 omnes
862 2097 999 2135 reges,

170 2149 323 2178 omnes
342 2141 497 2187 gentes
515 2138 707 2179 servient
726 2139 775 2180 ei.
811 2140 999 2182 Orietur.

170 2192 323 2234 Gloria
341 2192 471 2234 Patri.
503 2193 688 2234 Orietur.

223 2254 291 2294 Ad
320 2254 475 2294 Bened.
515 2255 608 2292 Ant.
649 2254 714 2295 Tu
741 2256 998 2299 Bethlehem

170 2309 194 2333 ¹⁸¹
213 2312 331 2350 terra
349 2308 476 2357 Juda,
504 2321 591 2350 non
616 2310 701 2351 eris
724 2312 916 2353 minima:
945 2327 999 2355 ex

170 2368 215 2405 te
234 2364 349 2405 enim
369 2365 485 2406 exiet
500 2365 613 2415 DuX,
633 2366 707 2417 qui
722 2373 847 2418 regat
861 2370 998 2421 popu-

170 2420 260 2461 lum
278 2433 424 2462 meum
442 2421 590 2461 Israel.

226 2478 293 2518 Ad
325 2478 494 2525 Magnis.
540 2479 637 2518 Ant.
686 2478 883 2531 1⁴]leve'1re‚
917 2483 998 2524 ele-

171 2533 292 2581 vare,
311 2533 335 2558 *
355 2536 570 2584 consurge
590 2534 847 2577 Jerusalem:
877 2538 999 2580 solve

172 2587 345 2629 vincula
364 2588 465 2630 colli
484 2590 559 2639 tui,
581 2593 755 2642 captiva
774 2592 863 2634 filia
883 2595 999 2636 Sion.

225 2650 306 2683 Nisi
334 2650 497 2683 dicenda
523 2649 570 2682 sit
597 2651 680 2683 Ant.
711 2650 752 2686 Ο,

1244 287 1279 323 F
1299 297 1322 322 e
1338 299 1358 323 r
1373 287 1386 323 i
1404 298 1429 323 a
1466 286 1502 333 Q
1519 298 1547 323 u
1564 297 1590 322 a
1606 299 1626 323 r
1641 291 1658 324 t
1675 298 1701 324 a

1216 348 1414 395 Quatuor
1446 347 1726 398 Temporum.

1057 418 1209 459 Lectio
1236 417 1374 458 sancti
1384 416 1624 513 I{Evangelii
1644 417 1886 459 secundum

1422 485 1561 514 ueam.

1158 536 1308 577 Lectio
1330 538 1352 576 i.
1582 537 1685 588 Cap.
1701 538 1729 576 1.
1746 550 1779 577 c.

1102 603 1131 630 n
1150 589 1225 630 illo
1243 592 1460 643 tempore:
1478 591 1640 632 Missus
1660 597 1727 634 est
1742 592 1886 644 Ange·

1119 646 1187 687 lus
1213 646 1395 688 Gabriel
1419 660 1444 688 a
1468 647 1565 688 Deo
1592 648 1635 688 in
1662 648 1886 690 civitatem

1056 703 1268 753 Galilaeae,
1295 703 1366 744 cui
1384 715 1545 745 nomen
1562 703 1803 754 Nazareth,
1829 704 1887 746 ad

1054 759 1282 811 Virginem
1319 759 1634 812 desponsatam
1668 761 1780 810 viro,
1817 761 1886 802 cui

1053 828 1213 857 nomen
1239 821 1332 857 erat
1349 815 1533 868 Joseph,
1565 816 1619 857 de
1646 816 1779 858 domo
1799 817 1885 858 Da-

1053 871 1142 921 vid,
1170 876 1214 913 et
1237 884 1398 913 nomen
1422 872 1616 923 Virginis
1640 872 1789 914 Maria.
1829 873 1886 914 Et

1053 927 1231 980 reliqua.

1055 997 1245 1038 Homilia
1265 997 1404 1039 sancti
1418 997 1644 1038 Ambrosii
1662 997 1886 1051 Episcopi.

1284 1059 1361 1092 Lib.
1385 1059 1414 1091 2.
1442 1059 1477 1091 in
1504 1058 1656 1092 Lucam.

1055 1130 1056 1142 ι
1084 1114 1265 1160 Qatent
1293 1110 1471 1162 quidem
1494 1109 1641 1151 divina
1665 1111 1885 1162 mysteria,

1084 1160 1123 1197 Μ’
1160 1179 1240 1208 nec
1265 1166 1408 1216 facile,
1433 1167 1553 1218 juxta
1575 1165 1885 1219 propheticum

1052 1222 1228 1271 dictum,
1249 1223 1483 1275 quisquam
1496 1222 1722 1263 hominum
1735 1227 1886 1275 potest

1053 1279 1164 1320 scire
1185 1279 1416 1320 consilium
1436 1279 1531 1320 Dei.
1559 1278 1647 1320 Sed
1665 1284 1813 1321 tamen
1829 1292 1885 1320 ex

1052 1335 1210 1376 ceteris
1228 1335 1366 1384 factis,
1386 1340 1519 1387 atque
1537 1335 1776 1388 praeceptis
1795 1336 1884 1378 Do-

1051 1391 1157 1431 mini
1186 1391 1428 1432 Salvatoris
1461 1393 1698 1443 possumus
1730 1391 1884 1434 intelli-

1051 1460 1171 1497 gere,
1208 1453 1252 1488 et
1287 1447 1373 1489 hoc
1409 1447 1714 1500 propensioris
1750 1448 1885 1491 fuisse

1053 1503 1241 1553 consilii,
1271 1503 1391 1555 quod
1419 1516 1471 1545 ea
1496 1503 1776 1556 potissimum
1801 1504 1884 1546 ele-

1052 1565 1123 1601 cta
1141 1564 1222 1609 est,
1242 1564 1291 1600 ut
1309 1559 1549 1600 Deminum
1568 1562 1760 1612 pareret,
1785 1573 1884 1613 quae

1053 1621 1147 1657 erat
1174 1615 1446 1668 desponsata
1474 1616 1581 1657 viro.
1622 1615 1709 1656 Cur
1738 1618 1885 1658 autem

1052 1684 1140 1713 non
1163 1674 1399 1724 antequam
1419 1671 1781 1724 desponsaretur,
1808 1673 1884 1714 im-

1051 1728 1172 1780 pleta
1204 1726 1293 1769 est?
1334 1728 1543 1770 Fortasse
1570 1741 1626 1770 ne
1654 1728 1884 1779 diceretur,

1054 1784 1174 1837 quod
1196 1787 1461 1837 conceperat
1480 1797 1535 1826 ex
1553 1785 1780 1827 adulterio.

1106 1846 1155 1896 Rv.
1184 1845 1334 1886 Clama
1356 1845 1399 1885 in
1420 1845 1691 1895 fortitudine,
1719 1846 1792 1898 qui
1812 1859 1883 1887 an-

1052 1902 1226 1942 nuntias
1245 1914 1402 1954 pacem
1419 1902 1463 1942 in
1481 1901 1739 1943 Jerusalem:
1757 1902 1780 1926 '⁸
1799 1903 1884 1944 Dic

1053 1957 1303 1999 civitatibus
1328 1957 1469 2007 Judae,
1495 1962 1539 1999 et
1562 1957 1883 2000 habitatoribus

1052 2014 1171 2055 Sion:
1194 2014 1311 2055 Ecce
1330 2014 1452 2055 Deus
1469 2018 1636 2063 noster,
1691 2027 1793 2056 uem
1813 2028 1883 2056 ex-

1053 2069 1378 2121 spectabamus,
1411 2069 1627 2112 adveniet.
1666 2103 1672 2117 ,
1702 2102 1709 2110 .
1741 2071 1883 2124 Supra

1051 2130 1246 2167 montem
1266 2126 1488 2167 excelsum
1508 2126 1697 2168 ascende
1716 2131 1782 2177 tu,
1808 2127 1882 2179 qui

1053 2182 1327 2233 evangelizas
1348 2183 1468 2231 Sion,
1488 2182 1633 2224 exalta
1652 2183 1695 2223 in
1714 2183 1883 2224 fortitu-

1052 2237 1154 2280 dine
1173 2250 1327 2280 vocem
1345 2242 1476 2279 tuam.
1503 2239 1598 2279 Dic.

1363 2301 1513 2341 Lectio
1533 2302 1571 2340 ii.

1135 2368 1153 2404 t
1192 2363 1415 2413 ingressus
1450 2362 1508 2404 ad
1546 2376 1643 2404 eam
1675 2363 1882 2415 Angelus.

1146 2419 1279 2460 Disce
1298 2418 1511 2469 virginem
1529 2419 1738 2469 meribu's,
1762 2419 1883 2462 disce

1052 2475 1263 2526 virginem
1299 2474 1582 2524 verecundia,
1628 2475 1750 2516 disce
1787 2478 1881 2517 ora—

1052 2530 1167 2579 culo,
1203 2529 1324 2571 disce
1361 2531 1581 2581 mysterio.
1635 2531 1882 2583 Trepidare

1051 2587 1266 2636 virginum
1287 2591 1371 2634 est,
1398 2590 1442 2627 et
1465 2585 1523 2627 ad
1546 2599 1699 2628 omnes
1722 2588 1802 2628 viri
1820 2588 1881 2628 in-

1051 2644 1227 2693 gressus
1246 2643 1424 2694 pavere,
1453 2654 1605 2683 omnes
1624 2643 1704 2684 viri
1724 2643 1881 2685 affatus

1051 2698 1203 2740 vereri.
1239 2698 1423 2739 Discant
1447 2697 1653 2740 mulieres
1679 2699 1880 2752 propesi-
