2080 2990
398 214 903 253 Dior»,11..3·.>.ct22;..1un.-
917 214 968 247 27.

125 314 322 369 pluribus
351 312 613 355 dioecesibus
640 312 812 354 recitari
837 311 945 353 eele-

126 372 329 422 brarique
348 369 532 420 benigne
551 368 738 411 indulsit.

179 443 229 493 R..
254 436 342 477 Iste
363 439 429 476 est
449 434 532 486 qui.

179 507 219 540 In
236 505 298 540 m.
312 504 510 538 Nocturno
528 502 729 536 Lectiones
749 502 793 535 dc
808 502 947 535 Homil.

129 555 164 589 in
184 553 364 596 Evangel.
382 551 556 596 Vigilate.
584 550 629 583 de
653 550 787 583 eodem
806 550 947 583 Comm.

127 604 156 637 2.
174 604 271 637 loco.

235 768 619 878 FESTA-JAN
633 768 646 827 Ι
662 767 844 827 lARH.

361 908 443 950 Die
461 909 500 949 5.
519 907 544 948 J
545 905 719 949 anuarii.

181 976 307 1010 Omitt.
331 986 525 1010 commem.
550 976 584 1008 S.
602 973 828 1015 'l‘elc-sphori
849 973 886 1006 P.
904 972 949 1005 M.

131 1023 176 1057 de
196 1035 270 1068 quo
290 1025 330 1058 fit
347 1024 407 1058 die
427 1024 475 1057 12.
494 1023 602 1056 Febr.

358 1122 440 1163 Die
460 1122 511 1162 11.
531 1121 555 1162 J
558 1120 731 1162 anuarii.

183 1188 310 1222 omitt.
334 1198 529 1222 commem.
553 1187 587 1221 S.
612 1186 756 1230 Hygini
782 1187 818 1220 P.
838 1186 883 1219 M.
906 1185 950 1218 dc

131 1247 206 1280 quo
224 1237 265 1271 fit
282 1236 342 1270 die
363 1236 411 1270 17.
431 1236 536 1270 Febr.

354 1334 436 1375 Die
455 1334 519 1374 22.
537 1333 562 1374 J
564 1332 737 1374 anuarii.

132 1410 174 1451 S.
198 1407 449 1450 Vincentii
479 1413 520 1445 et
547 1404 801 1447 Anastasii
831 1404 873 1443 M
878 1408 952 1443 art.

176 1519 178 1521 ‚
462 1469 623 1512 Duplex.

183 1528 318 1563 Omnia
345 1532 384 1563 ut
409 1529 446 1562 in
472 1528 672 1562 Breviario
699 1528 829 1561 eadem
856 1528 927 1561 die.

353 1625 435 1666 Die
454 1625 520 1666 23.
538 1623 562 1665 J
564 1623 738 1665 anuarii.

160 1696 570 1749 Desponsationjs
597 1697 648 1737 B.
674 1694 851 1736 Mariae
874 1693 930 1734 V.

394 1760 547 1804 Duplex
565 1760 698 1801 majus

187 1823 322 1859 Omnia
345 1827 385 1857 ut
407 1822 506 1856 inter
523 1821 619 1855 festa
639 1831 708 1863 pro
728 1820 841 1863 aliqu.
859 1820 955 1854 locis

136 1872 269 1907 eadem
290 1871 361 1905 die.

186 1925 233 1959 Et
249 1924 290 1958 fit
306 1933 500 1958 commem.
520 1922 555 1956 S.
573 1920 720 1964 Joseph
743 1920 833 1954 ibid.

358 2021 440 2062 Die
459 2020 521 2061 27.
539 2020 563 2060 J
565 2018 737 2061 anuarii.

214 2089 256 2130 S.
274 2088 517 2130 vitaliani
543 2088 671 2138 Papae
697 2091 738 2126 et
763 2085 881 2125 Conf.

465 2145 627 2187 Duplex.

189 2201 325 2236 Omnia
354 2202 399 2236 de
428 2201 590 2236 Comani
614 2199 787 2234 Confess.
809 2197 957 2237 Pontif.,

135 2250 276 2293 praeter
293 2250 503 2293 sequentia.

189 2298 330 2332 Oratio.
360 2298 428 2343 Da,
449 2300 680 2344 quaesumus.
868 2342 872 2343 ⁷

187 2346 230 2380 In
263 2346 516 2387 LNocturno
553 2345 752 2378 Lectiones
786 2342 831 2376 de
862 2341 958 2375 Scri-

136 2397 248 2436 ptura
273 2399 503 2428 occurrente.

366 2456 415 2494 In
433 2456 483 2494 ΙΙ.
504 2455 725 2493 Nocturno.

437 2515 587 2556 Lectio
608 2515 659 2554 iv.

149 2588 277 2643 Ng227'
292 2573 508 2622 italianuS‚
544 2572 685 2625 patria
716 2568 959 2620 Signiensis,

156 2634 279 2686 3ss32<ng
310 2630 483 2671 natione
502 2629 759 2681 Campanus,
778 2626 959 2666 Anasta-

312 2686 378 2728 sio
396 2691 531 2739 patre,
550 2684 720 2727 duobus
738 2683 827 2724 fere
845 2683 959 2722 men-

994 216 1028 249 δ’.
1046 216 1228 250 Yitaliani
1250 217 1363 259 Papa:
1382 223 1415 250 ct
1435 218 1540 250 (Ioni.

1754 214 1816 250 17*

999 310 1125 363 primi
1151 311 1288 361 obitu,
1315 325 1401 353 non
1429 312 1518 353 sine
1542 311 1716 364 publiea
1741 311 1816 353 bo—

998 369 1153 408 norum
1198 368 1387 409 omnium
1430 368 1731 418 gratulatione,
1775 368 1817 407 in

1000 424 1090 475 ejus
1108 423 1252 465 locum
1275 424 1534 475 subrogatus
1553 424 1646 473 fuit,
1670 424 1735 465 vir
1755 437 1818 465 sa-

999 493 1052 521 ne
1082 480 1321 533 disciplinae
1349 493 1398 522 ae
1426 480 1586 531 regulae
1619 480 1817 521 ecelesia-

999 537 1120 578 stieae
1141 537 1457 578 amantissimus
1479 542 1522 578 et
1541 536 1818 578 retinentissi-

999 606 1106 634 mus.
1133 593 1258 634 IHam
1270 593 1314 633 in
1328 593 1475 644 vigore
1492 606 1582 643 suo,
1601 598 1648 634 ut
1667 606 1692 633 a
1711 605 1818 645 prae-

1001 647 1232 691 decessore
1256 649 1382 691 laetus
1408 651 1651 701 acceperat,
1678 648 1738 690 ita
1757 650 1819 689 se-

1002 704 1129 747 dulus
1157 706 1401 747 successori
1428 705 1614 756 reliquit3
1647 710 1690 746 et
1717 704 1821 745 nihil

1001 774 1206 813 umquam
1248 762 1409 812 omisit,
1455 761 1574 813 quod
1614 760 1669 801 ad
1709 760 1821 801 illius

1002 818 1279 870 splendorem
1299 817 1560 860 servandum
1578 817 1822 869 pertineret.

1063 879 1107 929 Rg.
1129 879 1278 920 Inveni
1298 877 1451 920 David.
1472 880 1545 919 16*

1315 950 1463 989 Lectio
1486 963 1519 987 v.

1007 1006 1172 1111 Nulli
1190 1015 1346 1065 labori,
1365 1014 1469 1055 nulli
1488 1013 1684 1067 pepercit
1702 1011 1822 1053 inda-

1107 1073 1235 1123 striae,
1250 1077 1297 1113 ut
1309 1071 1573 1112 Orientalem
1586 1069 1823 1118 ecelesiam,

1004 1130 1086 1181 jam
1106 1128 1308 1170 diuturno
1329 1127 1559 1169 schismate
1583 1140 1608 1167 a
1627 1126 1825 1166 Romana

1005 1188 1267 1239 separatam,
1296 1189 1339 1226 et
1367 1183 1666 1225 Constantium
1693 1181 1825 1234 impe-

1004 1245 1208 1291 ratorem,
1227 1240 1418 1282 Heraclii
1437 1242 1656 1292 nepotem,
1678 1250 1824 1278 mono-

1004 1298 1253 1340 thelitarum
1276 1297 1498 1346 fautorem,
1524 1295 1730 1348 impiique
1755 1306 1824 1334 au-

1006 1357 1170 1396 ctorem
1188 1354 1316 1406 Typi,
1344 1353 1400 1395 ad
1418 1352 1640 1394 meliorem
1661 1351 1826 1401 frugem

1006 1410 1255 1452 redimeret·
1289 1409 1458 1451 Eodem
1490 1408 1632 1449 animo
1665 1412 1707 1448 et
1741 1406 1825 1446 fine

1006 1468 1183 1509 Petrum
1209 1465 1499 1520 patriarcham
1527 1462 1825 1505 Constantino-

1006 1523 1247 1577 politanum
1272 1521 1443 1574 seriptis
1471 1519 1527 1563 ad
1551 1533 1649 1561 eum
1673 1517 1825 1560 litteris

1006 1580 1205 1622 hortatus
1230 1584 1297 1621 est
1321 1577 1378 1620 ad
1397 1575 1662 1619 reddendam
1679 1573 1825 1616 Eccle-

1008 1636 1083 1677 siae
1115 1648 1284 1689 pacem,
1330 1639 1373 1676 et
1409 1633 1541 1675 fidem
1573 1630 1827 1674 catholicam

1010 1690 1366 1746 amplectendam.

1064 1751 1113 1801 R:-
1135 1752 1269 1794 Posui
1287 1750 1555 1803 adjutorium.
1575 1749 1648 1790 16*

1308 1825 1458 1865 Lectio
1481 1824 1532 1862 vi.

1013 1882 1213 1989 Varias
1242 1890 1415 1943 scripsit
1441 1887 1665 1942 epistolas,
1691 1891 1738 1927 ut
1765 1897 1827 1925 sa-

1103 1950 1276 1990 crorum
1303 1948 1516 1988 canonum
1542 1941 1827 1990 indemnitati,

1009 2010 1053 2047 et
1084 2004 1241 2046 divinae
1272 2002 1375 2044 fidei
1398 1998 1701 2055 propagationi
1728 2009 1825 2039 eon-

1011 2061 1182 2103 suleret.
1209 2060 1259 2100 In
1277 2058 1323 2100 id
1340 2057 1582 2111 praesertim
1596 2052 1827 2108 pastoralis

1009 2117 1122 2158 illius
1145 2127 1248 2158 eura
1269 2114 1477 2163 incubuit,
1505 2125 1591 2154 non
1617 2111 1707 2152 sine
1730 2111 1827 2163 pro-

1011 2186 1141 2226 spero
1161 2174 1328 2214 eventu.
1362 2169 1633 2220 Religionem
1656 2166 1769 2208 enim
1786 2165 1827 2205 in

1010 2229 1167 2280 Anglia
1211 2226 1499 2269 collabentem
1540 2222 1741 2266 restituit:
1785 2225 1828 2262 et

1010 2299 1108 2327 eum
1133 2284 1194 2327 ibi
1221 2288 1337 2325 esset
1364 2284 1586 2324 sacrorum
1617 2278 1826 2319 ministro—

1009 2355 1106 2382 rum
1123 2340 1315 2394 pem'iria,
1332 2350 1535 2390 magnum
1549 2333 1828 2377 Theodorum

1010 2397 1301 2439 Tharsensem
1317 2400 1360 2437 et
1374 2393 1612 2435 Adrianum
1626 2389 1829 2432 abbatem

1011 2467 1064 2495 eo
1083 2453 1212 2494 misit:
1230 2451 1350 2493 illum
1366 2449 1550 2503 quidem,
1568 2451 1616 2488 ut
1633 2444 1828 2487 eeclesiae

1011 2509 1264 2560 Anglieanae
1286 2507 1452 2548 Primas
1475 2508 1604 2553 esset3
1628 2502 1741 2542 hune
1758 2511 1828 2541 ve-

1011 2579 1078 2616 ro,
1102 2571 1150 2608 ut
1172 2563 1455 2606 monasticam
1478 2558 1748 2612 disciplinam
1765 2568 1828 2597 re-

1013 2624 1236 2664 stauraret.
1274 2620 1382 2661 Cum
1406 2617 1578 2659 demum
1603 2614 1716 2655 illius
1740 2614 1827 2664 pie-

1012 2684 1080 2721 tas
1103 2678 1285 2719 multum
1309 2675 1470 2726 diuque
1497 2671 1751 2718 refulsisset,
1777 2680 1828 2709 ac

142 2742 262 2785 sibus
303 2742 358 2784 ab
394 2741 576 2793 Eugenii
614 2741 739 2792 hujus
778 2737 962 2779 nominis
1012 2734 1198 2776 sedisset
1228 2744 1376 2774 *annos
1421 2725 1747 2782 quatuordeeim
1785 2729 1829 2764 et

172 2876 263 2908 Propr.
278 2883 325 2908 pro
342 2876 417 2900 Clero
433 2875 506 2899 Rom.
530 2875 594 2898 Pars
611 2873 743 2898 Hiemalis.

1579 2848 1601 2882 2
