2080 2990
748 199 924 233 Officium
951 199 990 232 B.
1017 199 1148 232 Murice
1174 199 1210 232 in
1237 199 1418 235 Sabbato.

309 296 331 334 J
333 306 421 343 esu,
439 292 520 334 tibi
539 293 596 334 sit
612 292 765 344 gloria,

358 349 442 400 Qui
459 354 587 391 natus
607 361 655 391 es
674 348 729 392 de
747 349 941 402 Virgine.

227 406 376 439 etiamsi
402 406 437 439 in
456 406 571 449 Yesp.
592 407 690 440 tacta
714 407 763 440 sit
784 412 931 441 tantum
950 406 1055 440 Com.

227 454 273 487 (le
304 454 340 486 B.
368 453 503 490 Maria.
535 454 609 487 nisi
638 454 777 498 Hymni
811 455 914 488 illius
942 455 1055 489 Festi

227 502 329 543 quod
356 502 466 535 Feria
497 502 554 535 ΥΙ.
586 503 818 537 celebratum
844 509 915 538 est.
946 503 1057 536 aliter

225 550 481 583 concludendi
517 550 609 586 sint.
647 556 685 584 ut
721 551 756 584 in
791 550 1055 591 'l'runstigura-

225 598 327 630 tione
353 597 517 631 Domini.

384 661 472 701 Ad
507 660 895 702 Matutinum.

277 720 400 760 lm-it.
438 720 529 760 Ave
556 718 712 770 Maria,
745 718 888 769 gratia
915 716 1056 770 plena,

223 778 244 800 *
267 776 484 817 Dominus
502 779 659 817 tecum.

276 832 342 872 ΡΒ.
373 833 538 881 Venite,
558 832 837 873 exsultemus.
856 831 893 871 2.

279 889 486 939 Hymnus.
517 890 657 938 Quem
676 894 802 930 terra.
830 886 935 939 [135]

275 944 513 978 Nocturnum
538 944 708 978 sabbati.
735 951 775 977 ut
801 944 836 976 in
862 942 976 975 I'sult.
1002 942 1057 986 94,

223 996 259 1024 et
285 992 319 1024 in
347 993 419 1025 tine

277 1038 324 1086 Y·
366 1041 538 1083 Diffusa
572 1046 639 1082 est
674 1040 818 1092 gratia
850 1040 894 1081 in
928 1039 1056 1081 labiis

222 1098 322 1140 tuis.
369 1099 418 1148 R=.
459 1099 705 1150 Propterea
744 1096 971 1138 benedixit
1011 1101 1056 1137 te

222 1155 345 1196 Deus
372 1154 417 1195 in
445 1156 669 1196 aeternum.

279 1211 410 1252 Pater
437 1216 600 1253 noster.

515 1271 761 1311 Absolutio.

221 1322 478 1428 Precibus
495 1332 539 1369 et
557 1327 725 1368 meritis
743 1326 889 1368 beatae
904 1326 1055 1367 Mariae

325 1397 501 1437 semper
532 1384 747 1435 Virginis,
785 1387 829 1424 et
861 1382 1056 1424 emnium

221 1442 495 1492 Sanctorum,
510 1441 726 1494 perducat
740 1453 823 1481 nos
837 1439 1055 1481 Dominus

221 1497 279 1540 ad
293 1511 433 1556 regna
451 1497 706 1540 coelerum·
727 1496 774 1546 R.
801 1497 969 1538 Amen.

277 1547 323 1597 δ’
350 1556 375 1596 J
377 1555 463 1597 ube
484 1555 645 1597 domne
663 1554 939 1596 benedicere.

276 1608 361 1647 Pro
400 1609 421 1647 i.
460 1609 577 1649 Lect.
618 1609 777 1648 l'ened.
823 1609 915 1652 Nos
951 1623 1051 1651 cum

220 1668 347 1721 prole
365 1668 440 1721 pia
458 1666 693 1710 benedicat
710 1667 850 1718 Virgo
868 1667 1020 1708 Maria.

272 1723 323 1773 R:-
349 1724 504 1766 Amen.

274 1776 410 1810 l'rimae
436 1777 523 1810 duze
546 1778 645 1811 Leet.
672 1778 718 1811 de
740 1777 937 1820 Scriptura
962 1776 1050 1809 libri

220 1825 422 1858 currentis:
454 1825 581 1860 tertia,
613 1836 686 1859 unu
717 1836 764 1859 ex
794 1825 954 1859 inferius
985 1835 1051 1867 po-

219 1872 303 1905 sitis
328 1883 396 1914 per
422 1873 605 1907 ordinem.

272 1921 320 1971 R:-
349 1921 371 1959 i·
403 1923 563 1965 Sancta
593 1927 636 1964 et
663 1922 946 1964 immaculata
970 1923 1052 1963 vir·

220 1980 398 2030 ginitas,
437 1979 596 2032 quibus
631 1984 677 2021 te
712 1978 918 2020 laudibus
953 1979 1052 2021 effe-

209 2039 334 2086 ram,
370 2037 536 2077 nescio:
572 2037 594 2059 *
635 2035 748 2086 Quia
785 2047 917 2087 quem
952 2035 1054 2077 coeli

219 2094 381 2145 capere
409 2105 498 2133 non
525 2094 749 2145 poterant,
779 2096 856 2133 tuo
885 2092 1053 2142 gremio

220 2147 456 2190 contulisti.
492 2142 539 2192 N.
571 2147 815 2190 Benedicta
832 2152 882 2189 tu
900 2148 943 2188 in
962 2161 1052 2190 mu-

218 2204 410 2255 lieribus,
430 2209 474 2246 et
491 2204 752 2246 benedictus
769 2205 936 2246 fructus
951 2217 1051 2247 ven-

218 2261 298 2302 tris
317 2261 393 2303 tui.
421 2261 545 2311 Quia.

273 2315 357 2355 Pro
386 2315 424 2354 ii.
452 2315 567 2356 Lect.
595 2315 755 2357 Bened.
784 2317 888 2370 Ipsa
910 2318 1050 2369 Virgo

218 2373 435 2424 virginum
462 2373 707 2415 intercedat
730 2386 813 2426 pro
840 2374 969 2416 nobis
994 2374 1052 2416 ad

218 2429 467 2471 Deminum.
518 2427 567 2477 Rv-
598 2430 751 2471 Amen.

271 2481 321 2532 R·
358 2483 395 2521 ii·
434 2485 559 2527 Felix
596 2499 786 2538 namque
822 2499 888 2536 es,
927 2499 1051 2528 sacra

218 2541 358 2593 Virgo
373 2541 521 2592 Maria,
542 2546 585 2583 et
605 2542 724 2584 omni
741 2542 871 2584 laude
892 2542 1050 2593 dignis-

218 2598 346 2639 sima:
381 2593 403 2615 *
435 2598 546 2648 Quia
575 2611 629 2640 ex
657 2603 702 2640 te
736 2604 859 2640 ortus
888 2603 955 2640 est
984 2599 1051 2640 sol

217 2654 413 2743 {Estffiae⁹
448 2650 468 2671 '¹
507 2654 705 2696 Christus
733 2655 854 2696 Deus
888 2660 1050 2697 noster.

225 2741 230 2750 .
261 2736 267 2743 -
295 2710 385 2752 Ora
408 2723 491 2763 pro
516 2711 699 2764 pepulo‚
728 2711 942 2753 interveni
966 2724 1049 2764 pro

1111 293 1247 343 clero,
1274 293 1499 335 intercede
1523 306 1606 346 pro
1633 293 1797 336 deveto
1822 294 1941 336 femi-

1110 362 1196 391 neo
1216 362 1339 391 sexu:
1361 350 1551 392 sentiant
1569 362 1722 392 omnes
1739 355 1865 392 tuum
1883 351 1942 403 ju-

1111 408 1279 455 vamen,
1295 405 1560 459 quicumque
1579 406 1802 448 celebrant
1820 411 1943 448 tuam

1111 467 1310 503 sanctam
1330 462 1804 504 commemoratienem.
1831 463 1943 523 Quia

1112 531 1167 559 ex
1184 522 1240 561 te.
1270 519 1286 557 (
1290 518 1422 560 110r1a
1438 519 1570 561 Patri.
1599 518 1809 561 Christus.

1164 574 1249 613 Pro
1280 574 1333 614 iii.
1358 574 1391 614 Ι
1396 580 1475 615 eet.
1504 574 1662 616 Bened.
1698 575 1779 617 Per
1799 575 1942 627 Virgi-

1110 643 1211 671 nem
1224 636 1410 673 matrem
1425 632 1641 674 concedat
1654 631 1783 675 nobis
1793 631 1942 674 Domi-

1110 700 1193 728 nus
1213 687 1400 730 salutem
1419 693 1464 730 et
1482 701 1648 741 pacem.
1683 690 1733 742 R.
1762 688 1917 730 Amen.

1163 743 1269 785 Post
1290 744 1343 784 iii.
1363 745 1480 786 Lect.
1501 745 1582 787 dic.
1608 747 1670 787 Te
1688 745 1844 786 Deum.
1862 746 1921 786 14.

1375 821 1454 862 Ad
1481 821 1677 863 Laudes

1320 880 1370 908 et
1410 885 1507 918 per
1546 875 1741 910 Horas.

1164 923 1300 958 Omnia
1332 931 1371 960 ut
1403 927 1440 960 in
1471 927 1597 961 Festis
1630 927 1667 961 Β.
1694 927 1740 961 Μ.
1766 927 1808 960 Υ.
1839 926 1941 971 [143],

1111 976 1251 1014 praeter
1275 975 1486 1017 sequentia.

1165 1019 1213 1067 V.
1247 1021 1491 1064 Benedicta
1521 1026 1571 1063 tu
1600 1023 1645 1063 in
1675 1021 1942 1064 mulieribus.

1112 1078 1161 1128 R.
1170 1077 1227 1119 Et
1238 1076 1499 1120 benedictus
1511 1078 1678 1120 fructus
1690 1078 1855 1120 ventris
1866 1079 1942 1120 tui.

1162 1134 1232 1175 Ad
1253 1135 1410 1176 Bened.
1432 1137 1531 1177 Ant.
1552 1137 1691 1178 Beata
1706 1135 1791 1176 Dei
1810 1134 1939 1176 Geni-

1109 1191 1195 1232 trix
1212 1191 1362 1241 Maria,
1385 1191 1409 1217 *
1427 1191 1568 1243 Virgo
1586 1193 1815 1244 perpetua,
1835 1195 1942 1233 tem-

1109 1246 1232 1299 plum
1259 1247 1458 1298 Domni,
1489 1248 1728 1290 sacrarium
1754 1247 1942 1301 Spiritus

1110 1303 1263 1345 sancti:
1285 1303 1382 1345 sola
1401 1303 1494 1346 sine
1515 1303 1719 1358 exemplo
1737 1304 1943 1357 placuisti

1109 1359 1302 1402 Domino
1330 1365 1483 1402 nostro
1510 1360 1535 1401 J
1537 1373 1615 1402 esu
1643 1361 1836 1403 Christo:
1864 1372 1943 1402 ora

1108 1428 1191 1469 pro
1222 1416 1412 1470 populo,
1447 1417 1665 1459 interveni
1694 1430 1778 1471 pro
1810 1417 1942 1468 clero,

1108 1472 1331 1515 intercede
1342 1486 1425 1527 pro
1441 1472 1606 1516 devoto
1619 1473 1808 1516 femineo
1822 1486 1941 1516 sexu.

1162 1528 1325 1568 (natio.
1355 1530 1573 1572 Concede.
1600 1530 1706 1583 [145]

1160 1586 1184 1630 ἦ
1218 1582 1293 1617 Sed
1329 1589 1419 1627 post
1450 1584 1482 1617 N
1487 1584 1565 1618 ιῖιι
1571 1585 1701 1618 1t1tem
1736 1595 1858 1628 usque
1891 1584 1940 1619 ad

1110 1629 1137 1662 Ι)
1142 1630 1262 1664 ιιιιῇυι
1265 1631 1431 1670 1ti0nem
1457 1632 1543 1666 Ant.
1568 1631 1618 1666 ad
1635 1631 1665 1665 L
1668 1632 1788 1666 audes
1812 1637 1848 1666 et
1871 1642 1941 1676 per

1107 1677 1253 1719 Horas,
1290 1680 1377 1714 int.
1411 1671 1459 1713 ad
1492 1679 1726 1714 Benedictus
1758 1690 1829 1714 nec
1861 1690 1940 1714 non

1108 1726 1241 1759 Oratio
1277 1727 1457 1761 dieuntm
1492 1731 1532 1761 ut
1567 1727 1606 1760 in
1641 1727 1778 1762 Officio
1815 1737 1938 1771 parto

1106 1773 1147 1807 B.
1170 1774 1216 1807 M.
1235 1774 1276 1807 Υ
1303 1780 1393 1818 post
1414 1775 1448 1809 N
1453 1775 1682 1818 atixitzhtem
1707 1776 1807 1811 infra
1834 1777 1939 1822 [159]-

1160 1821 1307 1856 Deinde
1344 1824 1438 1857 fiunt
1476 1824 1863 1859 commemorationes
1899 1828 1939 1859 ut

1107 1879 1200 1912 sup1
1203 1880 1233 1903 ¹
1340 1901 1420 1942 Ad.
1440 1901 1705 1953 Vesperas.

1159 1961 1245 1995 Ant.
1266 1966 1302 1996 et
1318 1962 1463 1996 Psalmi
1487 1962 1654 1997 feriales:
1682 1962 1806 2006 Capit.
1825 1967 1862 1997 et
1882 1973 1938 1998 re-

1105 2008 1211 2052 liqua
1237 2010 1381 2051 omnia,
1411 2011 1444 2044 si
1474 2020 1550 2044 non
1580 2015 1757 2045 occurrat
1781 2010 1937 2045 Festum

1105 2055 1270 2099 Duplex,
1296 2057 1342 2092 de
1365 2058 1474 2092 Dom.

1156 2104 1199 2137 In
1217 2105 1290 2139 fine
1308 2105 1705 2141 Commemorationes
1726 2109 1933 2150 consuetae,

1104 2156 1146 2186 ut
1171 2152 1208 2186 in
1235 2152 1351 2187 I'salt.
1380 2156 1452 2192 126.

1154 2199 1361 2237 Lectiones
1383 2204 1507 2245 sequ.
1550 2200 1730 2236 dicuntur
1770 2199 1936 2244 singulis

1104 2249 1303 2283 mensibus
1333 2248 1373 2282 in
1401 2248 1538 2283 Officio
1567 2249 1609 2283 B.
1635 2249 1680 2283 M.
1705 2248 1748 2282 V.
1779 2248 1817 2282 in
1842 2248 1936 2283 Sab-

1104 2296 1207 2338 bato‚
1232 2296 1367 2332 ordine
1393 2298 1623 2341 subscripto.

1279 2369 1455 2409 Mense
1486 2368 1764 2409 Januario.

1106 2433 1174 2473 Ex
1194 2433 1394 2486 Epistola
1416 2430 1456 2475 S.
1478 2433 1702 2474 Ambrosii
1724 2433 1936 2486 Episcopi

1286 2489 1343 2531 ad
1360 2489 1562 2532 Siricium
1580 2490 1758 2542 Papam.

1206 2548 1326 2591 Epist.
1351 2547 1407 2588 81,
1433 2548 1478 2581 al.
1502 2547 1532 2589 7,
1557 2551 1647 2590 post
1673 2547 1831 2581 initium.

1406 2597 1558 2637 Lectio
1580 2597 1634 2636 iii.

1255 2654 1335 2695 via.
1354 2653 1655 2706 perversitatis
1687 2652 1935 2706 produntur

1218 2711 1383 2753 dicere:
1419 2710 1557 2761 Virgo
1594 2709 1818 2762 concepit,
1854 2707 1935 2751 sed
