2040 2990
758 205 799 238 ln
826 205 887 238 dic
913 206 1059 239 Octava
1086 202 1326 247 Epiphaniae.

188 314 284 342 rum
312 305 356 342 et
382 300 486 342 thus
514 300 771 342 deferentes.
816 298 1013 350 Alleluia,

188 357 369 408 alleluja.
399 356 549 398 Gloria
569 357 699 398 Patri.
727 356 902 398 Omnes.

244 409 291 459 Y.
325 413 523 455 Adorate
550 413 805 463 Domuum,
832 411 1013 463 alleluja.

190 471 239 521 Ru
260 471 309 511 In
329 470 427 511 aula
446 475 597 512 sancta
616 470 718 522 ejus,
737 469 919 520 alleluja.

467 549 535 586 Ad
557 550 742 586 Nonam.

242 609 341 648 Ant.
370 606 502 648 Stella
521 606 616 649 ista.

243 672 500 725 Capitulum.
715 673 837 712 Rom.
853 672 909 710 12.
924 670 963 711 b.

256 738 347 779 icut
367 738 482 779 enim
502 738 545 778 in
563 750 652 778 uno
672 739 859 790 corpore
878 737 1015 779 multa

266 794 463 836 membra
473 793 695 843 habemus,
711 794 856 835 omnia
870 798 1014 836 autem

188 850 385 893 membra
410 863 499 892 non
531 850 733 892 eumdem
766 855 911 892 actum
942 850 1015 891 ha-

187 907 308 950 bent:
327 908 387 950 ita
402 907 526 949 multi
540 921 674 949 unum
690 920 850 960 corpus
866 921 1014 949 sumus

189 964 233 1005 in
253 964 445 1014 Christo,
471 964 628 1015 singuli
653 968 799 1006 autem
823 964 933 1006 alter
957 964 1014 1005 al-

188 1022 324 1062 terius
342 1020 540 1063 membra
560 1021 604 1062 in
620 1020 793 1062 Christo
808 1021 833 1062 J
836 1034 914 1063 esu
928 1021 1015 1062 Do-

188 1078 307 1119 mino
326 1082 490 1120 nostro.

242 1143 292 1194 Rf.
316 1141 377 1182 br.
403 1138 603 1182 Adorate
625 1139 881 1189 Dominum,
901 1138 923 1162 *
942 1138 1015 1180 Al-

188 1195 328 1248 leluia,
343 1195 526 1248 alleluja.
553 1196 763 1238 Adorate.
790 1193 839 1243 V
851 1196 903 1236 In
917 1195 1017 1237 aula

190 1258 341 1294 sancta
357 1253 457 1304 ejus.
485 1252 683 1305 Alleluia,
702 1252 882 1304 alleluja.
915 1250 1016 1293 Glo-

189 1309 253 1350 ria
272 1309 403 1353 Patri.
431 1308 641 1351 Adorate.

241 1366 290 1418 ,V⁷.
325 1370 523 1412 Adorate
550 1371 711 1419 Deum,
742 1369 925 1422 alleluja.
968 1369 1017 1420 R.

191 1428 354 1470 Omnes
373 1427 531 1479 Angeli
550 1428 652 1479 ejus,
671 1426 852 1479 alleluja.

422 1516 502 1558 Ad
524 1517 789 1568 vesperas.

245 1590 330 1623 Ant.
367 1590 413 1623 dc
445 1589 564 1624 Laud.
590 1590 664 1625 276.
717 1589 779 1624 Ps.
811 1589 857 1624 de
888 1589 1017 1624 Domi-

191 1637 286 1671 nica.
311 1638 395 1674 108.

245 1690 381 1742 Capit.
412 1690 599 1733 Fratres:
628 1691 827 1733 Obsecro
851 1703 943 1732 vos.
969 1694 1017 1730 ut

193 1760 334 1799 supra.
358 1749 449 1790 277.

243 1809 453 1860 Hymnus.
475 1809 673 1851 Crudelis
692 1808 908 1851 Herodes.
925 1808 1015 1850 273.

244 1867 293 1917 V'.
322 1870 467 1922 Reges
487 1870 669 1912 Tharsis
692 1875 736 1912 et
753 1869 907 1911 insulae
926 1873 1016 1911 mu-

190 1940 295 1970 nera
328 1926 523 1970 offerent.
569 1927 618 1978 Rv.
646 1927 792 1978 Reges
820 1926 1016 1968 Arabum

193 1989 237 2026 et
255 1983 370 2026 Saba
392 1983 509 2026 dona
525 1982 758 2025 adducent.

246 2045 316 2086 Ad
336 2045 509 2096 Magnis.
539 2047 637 2087 Ant.
666 2046 764 2099 Fili,
790 2047 895 2101 quid
918 2048 1017 2090 feci-

192 2104 250 2145 sti
267 2104 292 2130 ¹⁸¹
309 2104 437 2145 nobis
462 2102 549 2145 sic?
577 2104 672 2156 Ego
699 2110 743 2147 et
766 2110 893 2158 pater
917 2110 1018 2148 tuus

193 2159 392 2203 dolentes
413 2160 718 2213 quaerebamus
738 2166 792 2203 te.
821 2161 936 2212 Quid
951 2166 1019 2204 est

194 2217 315 2270 quod
339 2230 410 2259 me
438 2217 727 2270 quaerebatis?
756 2218 1019 2261 nesciebatis

195 2274 297 2327 quia
324 2274 367 2315 in
395 2274 468 2324 iis,
497 2286 595 2326 quae
623 2274 766 2315 Patris
793 2275 880 2317 mei
908 2280 1019 2325 sunt,

194 2333 371 2384 oportet
391 2343 461 2372 me
480 2328 599 2372 esse?

249 2390 413 2431 Oratio.
446 2390 576 2441 Vota,
603 2394 853 2444 quaesumus
872 2393 1019 2434 Demi-

194 2461 260 2491 ne.
283 2453 328 2486 ut
349 2460 491 2498 supra.
511 2448 602 2489 277.

252 2508 298 2541 Et
321 2510 361 2541 tit
386 2518 580 2542 commem.
606 2508 653 2542 dc
679 2509 907 2551 Epiphania.

250 2562 350 2601 Ant.
383 2561 544 2603 Tribus
570 2560 791 2602 miraculis
819 2563 1021 2603 ornatum

197 2618 312 2661 diem
327 2622 527 2660 sanctum
538 2618 736 2659 colimus:
751 2616 883 2659 hodie
895 2617 1021 2659 stella

196 2676 350 2727 Magos
370 2674 495 2716 duxit
513 2674 571 2716 ad
589 2674 869 2727 praesepium:
890 2673 1021 2716 hodie

196 2733 345 2775 vinum
371 2745 424 2774 ex
451 2744 565 2784 aqua
591 2731 754 2773 factum
780 2735 847 2772 est
872 2730 929 2772 ad
947 2734 1021 2772 nu-

1065 298 1196 351 ptias:
1224 297 1357 340 hodie
1386 298 1430 339 in
1454 297 1647 340 Jordane
1671 309 1697 338 a
1721 296 1891 338 Joanne

1067 354 1267 396 Christus
1284 354 1501 408 baptizari
1519 353 1668 404 voluit,
1686 357 1737 395 ut
1754 352 1890 394 salva-

1066 415 1132 452 ret
1150 423 1243 460 nos
1263 410 1445 462 alleluja.

1123 465 1173 514 Υ.
1193 467 1358 510 Omnes
1377 467 1431 510 de
1451 467 1567 509 Saba
1583 466 1768 516 venient,
1787 466 1888 508 alle-

1066 523 1163 575 luja.
1196 525 1431 577 R.Au1·um
1450 529 1494 566 et
1513 523 1615 566 thus
1634 522 1891 572 deferentes,

1066 579 1246 632 aUeluja.

1407 638 1572 679 Oratio.

1155 715 1247 753 eus,
1278 703 1352 756 qui
1370 702 1583 744 hodierna
1602 701 1673 744 die
1690 701 1892 753 Unigeni-

1171 764 1264 802 tum
1288 765 1411 801 tuum
1431 758 1647 801 Gentibus
1671 758 1798 800 stella
1817 757 1892 800 du-

1068 828 1118 858 ce
1138 817 1359 858 revelasti:
1378 815 1572 858 concede
1590 815 1825 868 propitius3
1844 818 1894 856 ut

1069 873 1143 925 qui
1160 873 1245 925 jam
1264 878 1308 915 te
1329 885 1383 915 ex
1401 872 1490 915 fide
1509 872 1806 923 cognovimus,
1824 884 1892 912 us-

1069 942 1154 983 que
1190 930 1247 971 ad
1284 928 1669 982 contemplandam
1700 928 1894 982 speciem

1067 992 1155 1029 tuae
1178 985 1448 1029 celsitudinis
1471 985 1776 1039 perducemur.
1807 985 1895 1026 Per

1069 1043 1272 1086 eumdem
1290 1043 1538 1085 Deminum.

1124 1114 1164 1147 Si
1181 1112 1328 1147 Octava
1346 1111 1580 1155 Epiphaniae
1599 1110 1748 1145 venerit
1765 1110 1804 1144 in
1822 1109 1898 1144 Do-

1071 1162 1227 1205 rninica,
1259 1160 1357 1195 nihil
1380 1161 1422 1194 fit
1447 1159 1493 1194 de
1518 1158 1724 1193 Dominica
1747 1158 1788 1193 in
1811 1158 1899 1202 ipsa

1073 1211 1134 1245 dic
1152 1210 1309 1253 Octava,
1332 1209 1401 1243 secl
1423 1212 1568 1243 tantum
1586 1208 1627 1242 in
1642 1207 1669 1241 I.
1685 1207 1803 1251 Vesp.
1821 1206 1899 1241 diei

1073 1260 1230 1293 Octava*
1256 1258 1295 1292 fit
1320 1267 1515 1292 commem.
1536 1267 1607 1300 pro
1624 1255 1670 1290 Π.
1686 1255 1804 1299 Vesp.
1823 1254 1899 1290 Do-

1073 1307 1224 1341 minieae
1250 1306 1349 1340 infra
1370 1305 1467 1347 Oct.7
1494 1305 1540 1339 de
1566 1315 1642 1348 qua
1665 1303 1901 1338 celebratum

1074 1362 1131 1390 cst
1161 1355 1337 1390 Officium
1369 1364 1415 1389 eo
1447 1353 1518 1388 die.
1564 1355 1652 1387 Ant.
1676 1351 1767 1396 Fili,
1799 1349 1895 1396 quid

1069 1403 1204 1439 fecisti.
1254 1398 1299 1444 V.
1326 1401 1468 1437 Omnes
1495 1401 1544 1437 de
1567 1399 1682 1436 Saba.
1718 1400 1786 1444 qui
1807 1399 1900 1435 Ver-

1074 1463 1139 1486 sus
1167 1452 1281 1486 ctiam
1301 1451 1451 1494 dicitur,
1476 1449 1632 1493 quando
1649 1448 1795 1484 Octava
1811 1448 1900 1493 Epi-

1074 1501 1229 1544 phaniae
1254 1499 1402 1535 venerit
1426 1499 1465 1532 in
1480 1498 1594 1532 Feria
1609 1497 1655 1532 Π.
1672 1507 1744 1542 pro
1763 1506 1898 1532 comm.

1076 1549 1289 1583 Dominieae
1308 1548 1347 1582 in
1361 1547 1389 1582 Ι.
1405 1545 1592 1590 Vesperis
1613 1545 1691 1580 diei
1709 1544 1878 1580 Oetavae.

1309 1623 1657 1651 -—-·-÷··÷--—

1127 1704 1188 1744 In
1209 1703 1290 1744 die
1315 1702 1505 1744 Octava
1525 1699 1836 1752 Epiphaniae.

1404 1769 1569 1813 Duplex.

1126 1832 1167 1866 In
1193 1832 1218 1866 I.
1236 1831 1352 1876 Vesp.
1380 1831 1508 1865 onmia
1534 1830 1713 1865 dicuntur
1737 1831 1836 1866 sicut
1862 1830 1901 1864 in
1976 1822 1978 1824 ’

1076 1881 1100 1915 1.
1125 1880 1310 1923 Vesperis
1340 1879 1479 1923 Epiph.
1504 1881 1580 1916 249.
1616 1882 1779 1923 excepta
1809 1879 1900 1914 Ora-

1073 1929 1188 1971 tione,
1214 1939 1301 1972 quae
1325 1929 1466 1963 dicitur
1488 1931 1530 1962 ut
1553 1927 1736 1971 sequitur.

1221 2015 1225 2018 ·
1407 1988 1572 2030 Oratio.

1074 2046 1254 2153 Deus⁷
1294 2052 1415 2104 cujus
1442 2049 1701 2102 Unigenitus
1726 2050 1771 2090 in
1798 2047 1896 2091 sub-

1165 2109 1327 2151 stantia
1340 2112 1505 2150 nostrae
1520 2106 1663 2149 carnis
1678 2105 1897 2159 apparuit:

1072 2170 1237 2220 praesta
1274 2167 1540 2217 quaesumus3
1581 2169 1631 2206 ut
1663 2175 1745 2216 per
1781 2175 1896 2212 eum,

1073 2235 1203 2276 quem
1226 2221 1413 2263 similem
1437 2221 1564 2263 nobis
1588 2220 1697 2262 foris
1722 2218 1897 2270 agnovi-

1070 2293 1184 2330 mus,
1219 2279 1336 2320 intus
1372 2277 1603 2319 reformari
1636 2278 1897 2318 mereamur:

1072 2336 1156 2387 Qui
1176 2341 1322 2378 tecum
1341 2334 1459 2376 vivit.

1231 2423 1319 2465 Ad
1353 2421 1741 2464 Matutinum.

1128 2485 1296 2520 Invitat..
1335 2484 1527 2528 Hymnus.
1566 2488 1601 2517 et
1635 2482 1695 2517 Ps.
1728 2488 1767 2517 ut
1800 2483 1899 2517 infra

1076 2534 1275 2568 Octavum:
1303 2538 1427 2566 cetera
1452 2532 1630 2565 dicuntur
1654 2531 1751 2566 sicut
1774 2531 1813 2565 in
1837 2531 1898 2565 die

1076 2582 1223 2625 Epiph..
1249 2586 1388 2624 praeter
1410 2580 1622 2614 Lectiones.

1128 2639 1168 2673 In
1187 2639 1211 2672 Ι.
1228 2638 1335 2671 Noet.
1353 2638 1531 2679 leguntur
1546 2637 1643 2670 Lect.
1662 2636 1709 2670 de
1722 2635 1899 2679 Epistola

1077 2689 1099 2722 1.
1118 2687 1167 2722 ad
1183 2686 1416 2721 Corinthios,
1441 2695 1528 2728 qua.-
1546 2688 1750 2719 occurrunt
1766 2694 1899 2718 secun-

1075 2737 1163 2770 dum
1186 2734 1421 2777 superiorem
1442 2733 1749 2769 Rubrieam.2'74.·
