2080 2990
637 192 702 225 I)ic
734 194 782 225 1⁸.
809 193 891 225 lun.
940 194 1143 226 (laiht-drzu
1168 194 1202 225 S.
1231 193 1329 226 l'ctri
1360 193 1497 226 lx'omoe.

213 289 358 330 claves
391 288 514 339 regni
546 287 769 330 coelorum.
818 285 862 333 δ”.
890 285 1035 337 Quod-

213 349 399 400 cumque
444 345 646 397 ligaveris
687 357 818 397 super
856 349 1036 392 terram,

213 402 295 443 erit
319 401 499 453 ligatum
524 406 568 443 et
592 401 634 442 in
661 400 799 443 coelis:
832 405 875 441 et
901 398 1036 452 quod-

213 461 399 509 eamque
419 458 601 499 solveris
616 470 748 510 super
763 461 935 506 terram,
954 455 1037 497 erit

213 514 404 555 solutum
429 519 472 556 et
495 514 538 554 in
562 514 696 555 coelis.
731 513 788 554 Et
806 512 897 554 tibi.
937 512 1036 553 (ilo-

213 570 277 611 ria
296 570 426 612 Patri.
453 570 510 612 Et
528 570 617 611 tibi.

448 636 494 673 In
515 636 563 672 ΙΙ.
584 636 804 672 Nocturno.

289 698 437 736 Sermo
466 694 604 735 sancti
631 693 791 735 Leonis
818 693 963 745 Papae.

216 755 330 786 Scrm.
359 754 382 786 l.
411 754 455 786 dc
482 755 536 786 δέ.
559 754 690 795 Apost.
720 754 829 786 Pon-m
856 760 889 786 ct
911 753 1038 787 Paulo.

487 810 571 835 autc
597 802 773 835 medium.

518 852 664 891 Lectio
688 853 737 890 ἰν.

329 920 401 948 um
420 905 653 948 duodecim
672 905 891 958 Apostoli,
918 907 1037 946 acce-

238 955 322 1017 '³†',-J;'ss3
347 968 422 1015 pta
466 975 545 1015 per
587 962 795 1015 Spiritum
840 967 1038 1003 sanctum

219 1013 232 1033 Q
262 1026 288 1043 ἵ
347 1019 539 1060 omnium
551 1018 772 1060 locutione
782 1018 1038 1069 linguarum,

212 1075 494 1117 imbuendum
540 1075 779 1126 Evangelio
828 1074 1038 1116 mundum

214 1131 457 1173 distribi'itis
485 1131 567 1173 sibi
594 1134 810 1172 terrarum
838 1131 1038 1184 partibus

213 1190 526 1240 suscepissent,
570 1187 846 1229 beatissimus
882 1188 1039 1229 Petrus

213 1244 418 1296 princeps
444 1244 676 1297 apostolici
705 1244 868 1286 ordinis
895 1243 951 1285 ad
976 1257 1039 1285 ar-

215 1313 310 1342 cem
346 1301 535 1342 Romani
572 1300 815 1342 destinatur
852 1300 1039 1353 imperii,

213 1362 262 1398 ut
293 1357 368 1398 lux
400 1357 613 1407 veritatis,
649 1370 747 1409 quae
775 1357 819 1397 in
847 1357 1039 1398 omnium

214 1414 409 1464 gentium
427 1413 706 1456 revelabatur
725 1413 926 1463 salutem,
951 1413 1039 1454 effi-

214 1470 360 1511 cacius
380 1482 426 1512 se
445 1469 499 1511 ab
520 1470 618 1523 ipso
639 1471 782 1523 capite
799 1482 879 1522 per
897 1475 1039 1511 totum

214 1526 366 1567 mundi
401 1539 563 1578 corpus
600 1526 854 1568 effunderet.
909 1525 1039 1577 Cujus

215 1587 360 1624 autem
403 1583 590 1624 nationis
631 1583 830 1624 homines
872 1583 916 1623 in
958 1582 1041 1624 hac

213 1644 317 1680 tunc
352 1638 460 1681 urbe
496 1652 585 1681 non
622 1637 789 1680 essent?
827 1644 903 1679 aut
942 1652 1040 1691 quae

138 1749 141 1752 .
213 1708 398 1747 usquam
427 1695 593 1737 Gentes
620 1696 887 1746 ignorarent,
922 1696 1040 1747 quod

214 1752 358 1793 Roma
382 1750 626 1793 didicisset?

269 1814 314 1863 R5.
333 1808 403 1849 Tu
422 1821 469 1850 es
489 1813 640 1861 pastor
658 1808 816 1857 ovium,
835 1809 1040 1861 princeps

215 1865 548 1917 Apostolorum:
586 1865 667 1906 tibi
702 1864 884 1906 tradidit
919 1865 1040 1906 Deus

216 1921 359 1962 omnia
383 1934 517 1972 regna
540 1920 703 1963 mundi:
724 1927 743 1946 *
766 1921 823 1962 Et
842 1921 943 1963 ideo
961 1921 1041 1963 tibi

215 1977 390 2018 traditae
406 1983 507 2019 sunt
522 1978 667 2019 claves
682 1978 804 2029 regni
817 1978 1041 2019 coelorum·

216 2032 263 2081 v.
309 2033 629 2086 Quodcumque
668 2034 873 2085 ligaveris
910 2047 1041 2087 super

215 2094 393 2139 terram,
414 2090 495 2131 erit
514 2090 697 2141 ligatum
715 2095 759 2132 et
777 2091 820 2131 in
841 2091 979 2132 coelis:
999 2096 1042 2133 et

218 2145 525 2198 quodciimque
566 2147 750 2188 solveris
790 2160 922 2200 super
958 2152 1041 2201 ter:

216 2214 320 2252 ram,
341 2202 423 2244 erit
442 2203 634 2245 solutum
653 2209 696 2245 et
715 2204 758 2244 in
778 2203 911 2245 coelis
940 2204 1007 2245 Et.

528 2261 674 2299 Lecti«)
698 2275 731 2298 κ’.

215 2312 351 2416 Hic
395 2314 705 2357 conculcandae
749 2315 1042 2369 philosophiae

320 2371 565 2424 opiniones,
622 2371 694 2413 hic
748 2372 1042 2415 dissolvendae

220 2433 343 2470 erant
364 2429 551 2469 terrenae
571 2428 797 2479 sapientiae
814 2429 1042 2479 vanitates,

216 2483 287 2525 hic
318 2483 573 2525 confutandi
608 2482 858 2525 daemonum
888 2485 1041 2535 cultus,

215 2539 287 2582 hic
314 2540 506 2582 omnium
533 2540 863 2591 sacrilegiorum
892 2541 1040 2594 impie-

216 2602 282 2638 tas
308 2595 589 2645 destruenda‚
613 2595 688 2638 ubi
711 2596 1042 2647 diligentissima

217 2653 526 2706 superstitione
542 2652 784 2694 habebatur
798 2653 1040 2704 collectum,

218 2707 431 2762 quidquid
458 2722 643 2762 usquam
668 2709 811 2751 faerat
830 2710 952 2751 vanis
977 2723 1039 2752 er-

1089 281 1261 327 roribus
1285 285 1542 327 institfitum.
1579 286 1651 328 Ad
1673 286 1785 328 hanc
1808 299 1911 338 ergo

1089 341 1243 385 urbem
1274 347 1322 383 tu
1352 341 1604 384 beatissime
1635 343 1765 385 Petre
1794 344 1912 396 Apo-

1090 398 1202 439 stole
1229 401 1377 440 venire
1410 411 1498 440 non
1530 399 1701 449 metuis3
1742 405 1786 441 et
1813 413 1912 442 con-

1090 457 1209 496 sorte
1233 454 1385 505 gloriae
1410 460 1498 495 tuae
1521 455 1658 496 Paulo
1682 455 1913 508 Apostolo‚

1090 510 1272 552 aliarum
1308 510 1451 552 adhuc
1487 511 1769 552 ecclesiarum
1802 511 1912 554 ordi-

1089 567 1337 609 nationibus
1358 569 1587 620 occupato,
1613 567 1767 608 silvam
1784 568 1914 610 istam

1089 623 1364 665 frementium
1395 623 1655 673 bestiarum,
1692 628 1736 665 et
1764 623 1912 666 turbu-

1089 679 1342 721 lentissimae
1368 679 1679 732 profunditatis
1704 682 1915 722 oceanum

1092 736 1380 785 constantior,
1408 749 1539 788 quam
1558 749 1658 777 cum
1677 749 1810 789 supra
1828 749 1915 778 ma-

1090 805 1138 833 re
1156 792 1412 843 gradereriS,
1430 792 1683 843 ingrederis.

1149 851 1195 901 Ra
1220 849 1315 900 Ego
1340 861 1422 902 pro
1450 854 1494 890 te
1519 849 1671 899 rogavi
1694 850 1842 899 Petre‚
1868 854 1916 892 ut

1090 917 1178 946 non
1205 905 1380 947 deficiat
1405 904 1516 946 fides
1539 911 1628 947 tua:
1651 910 1671 930 ¹⁸¹
1690 906 1747 947 Et
1769 911 1817 948 tu
1843 906 1915 947 ali-

1093 961 1269 1013 quando
1285 963 1522 1003 conversus
1537 962 1748 1003 confirma
1759 963 1915 1004 fratres

1091 1022 1204 1059 tuos.
1232 1012 1280 1063 ,V
1300 1018 1412 1059 Caro
1433 1022 1477 1059 et
1495 1019 1670 1069 sanguis
1688 1032 1776 1060 non
1796 1032 1915 1061 reve-

1090 1074 1197 1115 lavit
1215 1074 1310 1124 tibi,
1339 1074 1417 1116 sed
1436 1074 1567 1116 Pater
1582 1088 1722 1126 meus,
1751 1076 1825 1128 qui
1850 1080 1916 1117 est

1090 1131 1134 1171 in
1153 1131 1286 1173 coelis.
1314 1132 1370 1173 Et
1389 1136 1447 1173 tu.

1394 1198 1543 1238 Lectio
1569 1198 1618 1236 vi.

1094 1255 1230 1360 Jam
1258 1257 1464 1310 populos,
1502 1260 1575 1312 qui
1609 1272 1662 1301 ex
1696 1259 1915 1301 circumci-

1178 1314 1300 1355 sione
1338 1314 1629 1366 crediderant,
1679 1315 1916 1357 erudieras:

1091 1371 1175 1423 jam
1203 1370 1521 1413 Antiochenam
1556 1372 1802 1423 ecclesiam,
1842 1372 1917 1414 ubi

1091 1427 1280 1479 primum
1313 1427 1536 1469 christiani
1567 1429 1753 1470 nominis
1782 1428 1916 1481 digni-

1092 1488 1159 1524 tas
1179 1488 1247 1525 est
1267 1489 1378 1533 orta,
1402 1484 1678 1527 fundaveras:
1705 1486 1789 1537 jam
1806 1485 1917 1527 Pon-

1092 1544 1200 1589 tum,
1228 1540 1461 1590 Galatiam,
1489 1541 1832 1594 Cappadociam,
1859 1543 1916 1582 A·

1093 1596 1216 1644 siam,
1241 1602 1373 1649 atque
1391 1597 1640 1650 Bithyniam
1658 1598 1828 1648 legibus
1848 1611 1917 1640 ev*

1093 1652 1300 1703 angelicae
1343 1653 1671 1706 praedicationis
1712 1654 1916 1706 impleve-

1093 1721 1180 1749 ras:
1216 1721 1297 1750 nec
1330 1714 1405 1750 aut
1435 1709 1593 1751 dubius
1622 1710 1677 1751 de
1705 1712 1918 1762 provectu

1093 1765 1258 1817 operiS,
1285 1770 1361 1806 aut
1385 1764 1440 1807 de
1466 1766 1610 1818 spatio
1633 1770 1721 1807 tuae
1739 1766 1917 1816 ignarus

1093 1821 1255 1870 aetatis,
1291 1821 1540 1874 trophaeum
1577 1823 1717 1863 crucis
1755 1822 1918 1864 Christi

1093 1878 1302 1918 Romanis
1322 1877 1495 1919 arcibus
1512 1878 1743 1928 inferebas,
1768 1891 1855 1932 quo
1873 1883 1917 1921 te

1095 1933 1252 1975 divinis
1305 1934 1747 1987 praeordinationibus
1799 1940 1916 1977 ante-

1092 1989 1230 2040 ibant,
1259 1995 1303 2032 et
1325 1990 1466 2032 honor
1488 1991 1737 2044 potestatiS,
1766 1996 1810 2033 et
1827 1991 1917 2042 glo-

1093 2046 1156 2100 ria
1174 2047 1403 2099 passionis.

1148 2105 1196 2158 R.
1228 2104 1358 2145 Petre
1381 2117 1501 2145 amas
1526 2104 1619 2146 me?
1645 2109 1693 2146 tu
1719 2104 1805 2145 scis
1830 2104 1917 2146 Do-

1093 2159 1225 2210 mine,
1259 2161 1361 2212 quia
1391 2173 1490 2202 amo
1514 2166 1569 2202 te.
1594 2163 1615 2185 *
1644 2161 1780 2202 Pasce
1811 2173 1917 2202 oves

1092 2228 1224 2257 meas.
1249 2212 1298 2263 Y.
1321 2217 1471 2258 Simon
1484 2217 1508 2258 J
1512 2217 1664 2259 oannis
1684 2217 1827 2268 diligis
1847 2230 1917 2259 me

1092 2271 1192 2325 plus
1229 2271 1319 2314 his?
1362 2279 1411 2315 tu
1446 2274 1533 2315 scis
1568 2274 1773 2323 Domine,
1817 2274 1918 2326 quia

1094 2341 1192 2371 amo
1207 2333 1262 2371 te.
1284 2329 1433 2371 Pasce.
1456 2329 1606 2371 Gloria
1619 2330 1750 2372 Patri.
1771 2330 1917 2372 Pasce.

1313 2408 1360 2446 In
1380 2408 1449 2446 ΙΠ.
1471 2408 1692 2447 Nocturno.

1094 2473 1246 2515 Lectio
1270 2472 1409 2514 sancti
1428 2472 1654 2523 Evangelii
1678 2472 1918 2515 secandum

1372 2528 1639 2570 Matthaeum.

1174 2596 1321 2636 Lectio
1343 2595 1409 2634 vii.
1608 2598 1710 2647 (lap.
1728 2598 1783 2635 16.
1802 2596 1838 2636 b.

1139 2668 1167 2696 n
1198 2654 1273 2696 illo
1306 2655 1519 2706 tempore:
1552 2655 1685 2696 Venit
1713 2655 1839 2696 Jesus
1873 2654 1916 2695 in

1156 2716 1304 2764 partes
1325 2711 1539 2753 Caesareae
1559 2711 1764 2764 Philippi:
1790 2716 1834 2752 et
1855 2711 1914 2751 in-
