2080 2990
380 211 451 245 Die
474 211 526 245 27.
551 211 635 245 Jan.
683 211 717 244 S.
743 210 907 244 Joannis
933 209 1203 252 Chrysostomi
1230 210 1295 252 Ep.
1324 211 1430 244 Cous.
1458 216 1492 244 ct
1515 210 1620 244 Dour.

147 308 366 350 latronum
384 307 596 348 sustinere
617 307 800 355 cogatur
815 301 977 355 suppli-

118 385 131 393 ·
149 364 230 405 cia:
255 363 330 414 qui
353 362 560 413 loquatur
585 362 712 413 juste,
737 365 780 401 et
798 371 887 400 non
906 371 976 398 au-

149 418 307 461 diatur:
333 418 407 470 qui
430 418 636 469 loquatur
659 416 791 469 plena
814 414 978 464 salutis,

150 481 194 517 et
225 475 521 527 impugnetur:
563 479 611 515 ut
641 472 784 526 possit
816 470 978 512 dicere:

151 531 261 572 Cum
286 530 501 582 loquebar
528 529 630 579 illis,
663 527 979 581 impugnabant

149 599 219 628 me
248 587 394 637 gratis.
444 586 593 627 Gratis
618 585 749 636 igitur
775 590 977 636 persecu-

149 643 314 685 tionem
332 642 513 695 patitur,
537 642 612 693 qui
630 641 910 693 impugnatur
927 638 979 678 si-

149 711 204 740 ne
223 698 418 740 crimine:
439 698 718 750 impugnatur
741 700 790 737 ut
811 694 979 743 n6xius,

151 767 252 796 cum
276 754 332 797 sit
358 754 402 794 in
428 753 505 795 tali
531 752 805 794 confessione
831 748 978 791 lauda-

149 810 264 852 bilis:
292 810 572 862 impugnatur
599 808 724 861 quasi
747 805 979 854 veneficus,

151 866 227 917 qui
257 866 302 906 in
335 865 509 906 nomine
539 864 717 906 D6mini
752 862 980 914 gloriatur,

150 935 251 964 cum
271 924 415 974 pietas
437 921 648 964 virtutum
674 919 866 961 Omnium
888 918 979 958 fun-

151 977 404 1019 damentum
423 978 490 1018 sit.

203 1047 254 1098 Rn.
288 1045 567 1087 Desiderium
601 1045 757 1086 animae
790 1045 881 1095 ejus
910 1042 981 1083 tri-

151 1102 284 1144 buisti
319 1102 360 1143 ei
391 1101 597 1150 Domine,
618 1103 640 1126 *
666 1101 724 1142 Et
755 1100 981 1141 voluntate

150 1158 367 1200 labiorum
395 1159 486 1209 ejus
511 1170 600 1199 non
627 1155 841 1198 fraudasti
873 1168 982 1196 eum.

151 1209 202 1261 V.
222 1215 438 1265 Quoniam
457 1211 711 1266 praevenisti
730 1225 830 1253 eum
848 1211 892 1251 in
910 1211 982 1252 be-

151 1269 472 1311 nedicti6nibus
504 1267 763 1310 dulcedinis:
795 1266 984 1320 posuisti

150 1326 195 1367 in
223 1326 367 1379 capite
396 1326 487 1376 eius
516 1327 725 1366 coronam
753 1323 808 1365 de
835 1321 983 1376 lapide

152 1382 363 1435 pretioso.
389 1381 458 1423 Et.

455 1461 607 1502 Lectio
628 1462 680 1501 vi.

152 1527 321 1633 Vere
362 1532 524 1573 frustra
565 1530 861 1584 impugnatur,
911 1530 986 1582 qui

259 1587 378 1641 apud
401 1587 560 1640 impios
586 1593 630 1629 et
650 1586 812 1628 infidos
835 1587 983 1639 impie-

154 1645 258 1687 tatis
283 1644 536 1692 arcessitur,
565 1656 663 1685 cum
688 1642 792 1684 fidei
818 1643 873 1684 sit
898 1656 984 1684 ma-

154 1702 300 1751 gister.
327 1700 494 1741 Verum
514 1699 588 1751 qui
607 1699 743 1750 gratis
761 1699 984 1751 impugna-

155 1762 241 1807 tur,
266 1756 391 1798 fortis
415 1755 547 1797 debet
573 1768 671 1797 esse
698 1760 741 1796 et
768 1760 986 1797 constans.

157 1811 391 1863 Quomodo
433 1824 539 1863 ergo
582 1811 819 1853 subtexuit:
863 1811 920 1852 Et
961 1824 987 1852 a

156 1868 302 1911 verbis
332 1868 419 1910 tuis
451 1867 689 1921 trepidavit
717 1880 794 1908 cor
818 1866 985 1908 meum?

156 1923 400 1977 Trepidare
421 1923 685 1975 infirmitatis
707 1928 789 1972 est,
816 1923 986 1964 timoris

157 1985 288 2032 atque
320 1979 574 2022 formidinis.
628 1979 716 2021 Sed
752 1983 819 2020 est
856 1979 987 2020 etiam
1048 1990 1079 2032 ’ς

156 2036 383 2078 infirmitas
402 2035 458 2078 ad
477 2035 680 2085 salutem,
700 2040 767 2076 est
787 2035 918 2076 etiam
936 2035 985 2076 ti·
1109 2036 1111 2042 ’

156 2104 253 2133 mor
272 2094 533 2133 sanct6rum.
560 2091 731 2132 Timete
750 2091 987 2131 Dominum
1047 2092 1048 2095 ’

159 2160 309 2190 omnes
336 2148 474 2189 sancti
500 2148 604 2198 ejus:
634 2152 693 2197 et,
721 2147 884 2188 Beatus
910 2146 986 2194 vir,

159 2204 233 2255 qui
259 2204 383 2245 timet
407 2203 654 2258 Do1ninum.
696 2204 792 2253 Qua
818 2202 986 2243 ratione

157 2258 334 2301 beatus?
362 2260 473 2310 Quia
495 2260 540 2300 in
563 2258 780 2300 mandatis
800 2259 891 2310 ejus
915 2271 984 2299 cu-

157 2315 223 2367 pit
240 2315 378 2356 nimis.
724 2363 728 2365 ι

209 2381 260 2432 R».
287 2379 410 2421 Stola
429 2378 719 2431 jucunditatis.
739 2377 819 2431 [27]

210 2456 253 2490 In
275 2455 339 2491 ΠΙ.
359 2455 559 2491 Nocturno
584 2456 755 2491 Homilia
780 2456 816 2489 in
837 2455 982 2497 Evang.

158 2504 267 2539 Nihil
291 2508 350 2539 est
373 2506 558 2550 opertum.
586 2503 632 2538 de
658 2504 794 2545 eodem
821 2502 985 2537 Comuni

157 2552 187 2585 3.
212 2552 309 2585 loco.
338 2551 406 2596 [33]

211 2612 397 2655 Vesperae
416 2622 437 2646 a
453 2612 576 2655 Capit.
599 2613 646 2647 de
667 2623 772 2655 sequ.
789 2620 984 2645 commem.

159 2660 323 2703 praeced.

1250 301 1333 342 Die
1351 301 1417 341 27.
1436 301 1639 342 Januarii.

1032 369 1076 409 S.
1103 368 1314 409 Joannis
1340 369 1687 419 Chrysostomi
1718 369 1860 420 Episc.

1217 428 1336 468 Conf.
1358 434 1399 469 et
1424 429 1534 469 Eccl.
1559 429 1680 469 Doct.

1367 489 1529 531 Duplex.

1088 551 1224 585 Omnia
1258 552 1305 585 de
1338 553 1481 587 Comm.
1514 554 1622 587 Conf.
1652 554 1759 587 Pont.
1789 550 1860 594 [49]

1032 604 1173 641 praeter
1199 610 1303 643 sequ.
1329 596 1388 637 (m.
1411 600 1435 632 t.
1459 598 1508 640 v.)

1084 652 1128 685 In
1153 652 1326 695 utrisque
1350 654 1466 696 Vcsp.
1494 653 1540 686 ad
1568 653 1720 696 Magnis.

1085 700 1184 741 Ant.
1211 700 1247 740 O
1265 700 1436 742 Doctor
1456 701 1632 753 optime,
1650 701 1861 742 Ecclesiae

1034 760 1198 796 sanctae
1212 755 1369 805 lumen,
1386 757 1515 798 beate
1531 758 1555 797 J
1559 759 1723 798 oannes
1738 757 1864 809 Chry-

1034 813 1245 859 sostome‚
1271 811 1430 853 divinae
1450 813 1557 862 legis
1578 815 1764 862 amator,
1791 812 1861 854 de-

1033 869 1216 919 precare
1235 881 1317 920 pro
1337 868 1465 910 nobis
1484 868 1641 909 Filium
1660 869 1754 909 Dei.

1368 936 1532 976 Oratio.

1119 994 1322 1035 eclesiam
1339 1000 1475 1044 tuam,
1502 996 1753 1046 quaesumus
1776 994 1863 1034 Do-

1132 1050 1263 1099 mine,
1291 1051 1431 1100 gratia
1462 1051 1653 1092 coelestis
1682 1050 1863 1102 amplifi-

1036 1112 1119 1148 cet:
1153 1119 1284 1158 quam
1314 1106 1432 1148 beati
1464 1107 1645 1148 Joannis
1677 1106 1863 1158 Chryso-

1036 1162 1167 1204 stomi
1187 1163 1462 1204 Confessoris
1487 1163 1550 1204 tui
1569 1168 1701 1214 atque
1719 1163 1865 1203 Ponti-

1036 1219 1130 1260 ficis
1175 1218 1392 1260 illustrare
1438 1218 1615 1260 voluisti
1661 1218 1866 1268 gloridsis

1035 1275 1211 1324 meritis,
1227 1280 1270 1316 et
1284 1274 1505 1316 doctrinis.
1523 1275 1608 1316 Per
1619 1275 1866 1315 D6minum.

1088 1338 1237 1372 Deinde
1264 1339 1303 1373 fit
1328 1350 1523 1373 commem.
1549 1340 1712 1382 praeced.

1089 1391 1186 1431 Ant.
1231 1391 1314 1440 Qui
1346 1391 1439 1433 vult
1471 1393 1618 1432 venire
1651 1396 1754 1444 post
1785 1403 1866 1439 me,

1038 1446 1226 1497 abneget
1245 1449 1544 1499 semetipsum,
1565 1452 1608 1488 et
1627 1446 1753 1488 tollat
1774 1459 1865 1487 cru-

1038 1515 1134 1544 cem
1154 1516 1287 1552 suam,
1307 1508 1350 1544 et
1370 1506 1579 1554 sequatur
1597 1516 1678 1544 me.

1088 1560 1138 1612 V.
1192 1564 1342 1604 Justus
1391 1568 1438 1604 ut
1486 1563 1634 1616 palma
1683 1562 1867 1604 florebit.

1037 1620 1087 1672 Rss·
1124 1619 1245 1661 Sicut
1278 1618 1437 1660 cedrus
1472 1619 1629 1661 Libani
1662 1618 1866 1670 multipli-

1039 1675 1220 1716 cabitur.

1089 1741 1130 1774 In
1163 1741 1189 1774 I.
1222 1740 1422 1774 Nocturno
1455 1738 1658 1772 Lectiones
1690 1737 1735 1770 de
1768 1737 1865 1770 Scri-

1037 1793 1149 1831 ptura
1175 1792 1407 1822 occurrente.

1266 1857 1315 1894 In
1342 1857 1392 1894 Π.
1419 1855 1641 1894 Nocturno.

1339 1917 1490 1956 Lectio
1511 1916 1563 1955 iv.

1117 1982 1313 2022 oannes
1339 1979 1655 2029 Antiochenus‚
1683 1985 1867 2032 propter

1175 2040 1354 2078 aureum
1399 2036 1662 2086 eloquentiae
1707 2036 1867 2076 flumen

1115 2113 1120 2114 ⁷
1144 2094 1145 2098 ’
1167 2094 1460 2144 cognomento
1509 2091 1867 2143 Chrys6stomus,

1039 2162 1064 2190 a
1083 2149 1328 2190 forensibus
1348 2153 1391 2190 et
1411 2147 1694 2189 saecularibus
1712 2146 1867 2188 studiis

1039 2204 1095 2246 ad
1119 2204 1287 2246 divinas
1309 2204 1478 2246 litteras
1502 2216 1671 2244 summa
1690 2216 1789 2244 cum
1807 2202 1865 2242 in-

1038 2261 1153 2311 genii
1179 2266 1222 2302 et
1245 2259 1473 2302 industriae
1497 2258 1627 2301 laude
1651 2271 1698 2299 se
1718 2260 1865 2299 comu-

1038 2317 1098 2358 lit.
1125 2317 1281 2368 Itaque
1301 2316 1436 2357 sacris
1454 2316 1659 2364 initiatus,
1679 2327 1730 2355 ac
1747 2315 1865 2366 pres-

1037 2373 1165 2425 byter
1186 2372 1474 2414 Antiochenae
1496 2371 1694 2413 ecclesiae
1715 2370 1866 2418 factus,

1038 2431 1212 2470 mortuo
1232 2428 1457 2477 Nectario‚
1485 2425 1665 2468 Arcadii
1683 2426 1865 2478 impera-

1038 2485 1147 2526 toris
1181 2486 1335 2537 (Spera,
1368 2484 1529 2525 invitus
1563 2481 1865 2523 Constantino-

1038 2540 1247 2593 politanae
1267 2539 1466 2581 ecclesiae
1485 2537 1735 2591 praeficitur.
1768 2536 1864 2585 Quo

1039 2598 1247 2648 suscepto
1267 2594 1480 2648 pastorali
1498 2597 1693 2642 munere,
1713 2591 1864 2642 depra-

1039 2654 1166 2693 vatos
1184 2664 1347 2699 mores,
1377 2656 1420 2692 et
1443 2649 1707 2691 nobiliorum
1731 2645 1864 2687 homi-

1039 2721 1143 2748 num
1179 2706 1354 2748 vivendi
1388 2705 1608 2746 licentiam
1639 2702 1864 2744 vehemen-
