2080 2990
247 224 312 258 22*
348 215 354 221 ’

627 227 692 259 l)ic
723 226 767 258 12.
797 225 901 258 Febr.
949 226 982 258 S.
1007 224 1231 266 'felt-spheri
1259 223 1372 265 Papae
1399 228 1430 256 ct
1460 222 1562 255 Mart.

247 334 301 363 ne
328 327 369 363 et
394 321 487 373 ipse
513 320 698 362 animam
725 333 846 361 suam
871 333 953 372 pro
980 320 1067 361 όνί-

247 377 328 418 bus
364 377 532 429 posuit?
577 376 692 427 Quid
726 375 908 418 Paulus?
954 376 1067 427 Quid

248 434 380 475 ceteri
397 431 623 486 Apostoli?
654 432 768 483 Quid
792 435 943 475 eorum
961 434 1065 474 tem-

247 502 355 542 pora
384 491 699 541 consequentes
727 488 843 531 beati
871 489 1066 542 episcopi

246 545 483 599 Martyres?
513 546 627 596 Quid
646 546 776 587 etiam
794 546 876 587 iste
892 550 1066 587 sanctus

245 601 488 644 Antherus?
516 602 671 644 Nonne
696 615 847 644 omnes
866 604 1066 655 pastores

245 658 365 709 boni,
397 672 483 700 non
515 659 786 708 mercenarii,
824 658 878 700 de
911 657 1066 710 quibus

246 714 419 757 dicitur:
450 716 591 757 Amen
617 714 717 757 dico
742 715 886 763 vobis,
919 727 1066 767 perce-

245 773 402 824 perunt
433 770 680 813 mercedem
713 770 857 813 suam?
904 771 1066 812 Omnes

246 840 349 878 ergo
374 828 434 868 illi
454 830 654 880 pastores
674 827 792 876 boni,
817 840 903 868 non
927 826 1067 868 solum

246 884 345 935 quia
365 884 617 934 sanguinem
635 882 847 933 fuderunt,
868 883 947 925 sed
966 883 1067 935 quia

245 952 325 992 pro
346 940 499 982 ovibus
518 940 731 982 fuderunt.
758 939 859 981 Non
877 940 991 981 enim
1004 939 1066 980 fu-

245 995 400 1038 derunt
419 996 615 1046 elatione,
635 995 714 1038 sed
734 996 924 1038 caritate.

299 1056 344 1106 152
380 1053 657 1094 Desiderium
690 1053 846 1094 animae
875 1054 965 1105 ejus
993 1053 1066 1095 tri-

245 1108 377 1150 buisti
408 1109 447 1150 ei
475 1110 677 1160 Domine,
706 1112 727 1133 *
757 1109 814 1150 Et
841 1109 1066 1151 voluntate

244 1164 460 1206 labiorum
486 1167 575 1218 eius
603 1178 690 1207 non
714 1165 926 1207 fraudasti
957 1179 1066 1207 eum.

244 1219 293 1270 Y.
316 1222 532 1272 Quoniam
550 1222 803 1275 praevenisti
819 1235 917 1263 eum
935 1223 979 1263 in
993 1222 1065 1264 be-

244 1277 565 1320 nedictionibus
594 1278 853 1320 dulcedinis:
880 1280 1067 1331 posuisti

243 1333 287 1374 in
315 1334 458 1387 capite
485 1336 575 1387 ejus
604 1337 812 1377 coronam
837 1334 892 1377 de
917 1335 1065 1388 lapide

242 1390 451 1442 pretieso.
479 1392 545 1433 Et.

540 1448 691 1488 Lectio
713 1448 762 1488 vi.

242 1497 407 1603 Nam
423 1508 466 1545 et
484 1503 603 1556 apud
617 1504 857 1555 haereticos,
879 1506 951 1558 qui
965 1518 1063 1558 pro-

345 1565 444 1612 pter
466 1560 715 1613 iniquitates
739 1567 782 1603 et
806 1564 977 1603 errores
997 1575 1063 1603 su-

244 1628 294 1656 os
330 1616 494 1668 aliquid
536 1617 833 1660 molestiarum
866 1619 1064 1671 perpessi

242 1672 422 1722 fuerunt,
439 1673 611 1715 nemine
625 1675 818 1727 martyrii
833 1687 879 1716 se
892 1676 1064 1726 jactant:

241 1733 289 1770 ut
315 1728 400 1770 hoc
427 1728 561 1781 pallio
590 1730 782 1772 dealbati
808 1731 976 1772 facilius
1001 1732 1062 1773 fu-

241 1786 406 1834 rentur,
439 1785 541 1836 quia
567 1785 658 1839 lupi
686 1792 795 1828 sunt.
848 1787 893 1828 Si
918 1793 1063 1829 autem

241 1840 372 1882 vultis
391 1841 502 1882 scire
517 1841 559 1882 in
577 1855 663 1894 quo
678 1845 859 1884 numero
874 1843 1063 1886 habendi

242 1903 357 1946 sunt,
407 1899 630 1950 pastorem
672 1898 836 1940 bonum
880 1900 1063 1941 Paulum

241 1953 503 2005 Apestolum
536 1955 699 1997 audite:
737 1956 943 2008 queniam
975 1969 1061 1999 non

242 2021 407 2059 omnes,
436 2011 509 2062 qui
533 2014 718 2065 corpora
737 2025 815 2053 sua
834 2013 877 2053 in
896 2013 1060 2066 passie-

242 2078 295 2106 ne
332 2066 461 2108 etiam
498 2067 667 2118 ignibus
702 2069 897 2119 tradunt,
949 2070 1060 2112 aesti-

240 2122 387 2163 mandi
406 2128 506 2165 sunt
525 2125 778 2176 sanguinem
796 2125 960 2168 fudisse
979 2139 1061 2179 pro

241 2177 407 2228 (ivibus,
426 2179 504 2221 sed
523 2181 669 2232 petius
690 2187 843 2225 contra
862 2195 977 2224 oves.
1017 2183 1061 2224 Si

241 2233 519 2285 distribuero,
562 2236 717 2290 inquit,
771 2239 915 2281 omnia
963 2252 1060 2281 mea

239 2290 522 2344 pauperibus,
563 2298 606 2335 et
640 2294 862 2337 tradidero
899 2309 1058 2350 corpus

239 2359 399 2397 meum,
427 2353 475 2389 ut
500 2348 693 2391 ardeam:
725 2351 820 2393 Jam
843 2352 926 2405 ipsi
947 2360 1060 2396 sunt:

240 2403 319 2444 sed
338 2402 436 2446 vide
458 2404 563 2458 quid
588 2406 796 2458 sequitur:
825 2408 1060 2452 Caritatem

239 2464 383 2501 autem
427 2474 514 2503 non
557 2462 758 2513 habeam,
808 2465 912 2506 nihil
955 2466 1059 2508 mihi

239 2515 431 2567 prodest.
471 2518 586 2560 Ecce
614 2522 784 2561 venitur
812 2520 867 2562 ad
894 2523 1058 2575 passio-

236 2583 354 2622 nem,
380 2585 482 2615 ecce
507 2577 677 2617 venitur
702 2582 744 2618 et
763 2576 819 2618 ad
840 2579 1059 2629 sanguinis

239 2627 509 2680 effusiOnem‚
542 2634 712 2674 venitur
744 2638 788 2675 et
820 2633 876 2675 ad
905 2637 1057 2688 cerpo-

239 2696 335 2725 rum
362 2685 670 2739 incensienem3
704 2695 747 2731 et
779 2694 922 2732 tamen
955 2691 1059 2733 nihil

239 2739 437 2791 prodest,
463 2743 562 2794 quia
583 2745 739 2786 caritas
759 2745 893 2787 deest.
931 2746 1059 2789 Adde

1119 319 1360 368 caritatem,
1379 324 1565 372 prosunt
1584 320 1742 361 emnia:
1760 319 1939 362 detrahe

1120 375 1355 425 caritatem,
1374 374 1478 416 nihil
1497 380 1682 428 prosunt
1703 377 1857 418 cetera.

1171 434 1219 484 leg.
1246 431 1367 473 Stola
1385 431 1675 484 jucunditatis.

1172 494 1210 526 lu
1246 493 1305 526 111.
1337 493 1443 525 Noct.
1482 492 1616 525 llomil.
1651 492 1685 526 in
1720 493 1860 535 Evang.
1897 494 1939 529 Si

1120 541 1206 585 quis
1235 541 1350 576 venit.
1376 541 1421 573 dc
1454 540 1587 573 codem
1615 540 1758 574 Comm.
1792 542 1818 575 1.
1842 542 1937 577 loco.

1173 589 1209 622 111
1242 589 1431 628 Quam-2154.
1463 588 1592 622 Lectio
1624 588 1670 622 ix.
1702 589 1747 622 dc
1771 589 1938 625 Homilia

1119 644 1152 670 ct
1179 647 1370 670 commem.
1398 636 1530 673 Feriam,

1324 714 1406 755 Die
1426 715 1482 754 12.
1502 713 1736 755 Februarii.

1131 782 1173 824 S.
1192 782 1484 834 'telesphori
1508 786 1635 836 Papae
1656 789 1698 824 et
1718 784 1929 835 Martyris.

1452 845 1612 887 Duplex.

1169 904 1301 936 (nunizi
1330 904 1374 936 dc
1400 901 1599 935 (Iommuni
1625 899 1737 934 unius
1761 899 1939 943 Martyris

1119 959 1257 994 practer
1283 951 1491 994 sequentia.

1169 1001 1309 1033 (munio.
1344 1000 1455 1037 Deus,
1478 999 1544 1042 qui
1565 1009 1647 1034 nos.

1173 1048 1208 1081 In
1243 1049 1266 1081 1.
1299 1049 1406 1081 Not-t.
1434 1047 1634 1081 Lectiones
1666 1047 1711 1081 dc
1745 1046 1940 1090 Scriptura

1118 1102 1348 1130 occurrente.
1392 1096 1430 1128 lu
1467 1096 1700 1137 Quadragcs.
1735 1096 1769 1129 A
1798 1095 1939 1130 Mileto.

1119 1145 1164 1178 dc
1191 1145 1325 1178 codem
1352 1144 1551 1177 Communi
1582 1144 1606 1177 1.
1632 1144 1727 1177 loco.

1351 1214 1400 1252 In
1420 1214 1469 1252 II.
1488 1213 1710 1253 Nocturno.

1418 1278 1568 1318 Lectio
1589 1279 1641 1318 iv.

1195 1354 1217 1392 ξ.
1244 1334 1516 1388 elesphorus,
1541 1336 1716 1378 natione
1745 1337 1939 1388 Graecus,

1195 1412 1233 1450 ,33
1259 1392 1402 1443 patria
1429 1391 1682 1434 Thuriensis
1713 1393 1758 1434 in
1783 1407 1940 1446 magna

1261 1447 1449 1498 Graecia,
1484 1461 1538 1490 ex
1565 1449 1824 1502 presbytero
1852 1451 1938 1492 Ro-

1116 1505 1256 1545 manae
1275 1504 1485 1546 Ecclesiae
1509 1506 1643 1558 (cujus
1667 1505 1844 1558 dignum
1864 1508 1938 1548 mi-

1116 1562 1299 1602 nistrum
1323 1563 1484 1612 egerat)
1507 1562 1708 1604 Pentifex
1724 1563 1939 1606 Maximus

1117 1619 1288 1658 creatus
1303 1623 1380 1659 est.
1399 1618 1498 1660 Hoc
1517 1621 1769 1672 supremum
1783 1633 1938 1662 munus

1116 1673 1175 1714 ita
1200 1673 1323 1724 obiit,
1351 1680 1399 1716 ut
1426 1675 1609 1716 eximius
1627 1675 1746 1718 Petri
1771 1679 1937 1718 succes-

1117 1741 1191 1770 sor
1217 1729 1356 1772 lectus
1383 1743 1480 1772 esse
1503 1731 1734 1774 videretur.
1773 1733 1824 1774 In
1848 1734 1938 1785 ejus

1116 1785 1325 1829 cathedra
1343 1787 1457 1830 sedit
1475 1788 1556 1830 sub
1572 1789 1835 1842 imperatore
1850 1791 1936 1831 An-

1114 1845 1266 1885 tonino
1284 1844 1381 1894 Pio,
1406 1844 1599 1886 fervente
1621 1846 1938 1898 persecutidnis

1116 1905 1236 1941 aestu.
1279 1901 1364 1951 Qui
1389 1906 1535 1943 tamen
1558 1914 1647 1944 non
1672 1902 1857 1953 obstitit,
1882 1916 1937 1946 ne

1115 1955 1311 1998 sedulam
1339 1959 1520 2011 Operam
1547 1959 1750 2010 regendae
1777 1959 1937 2002 Christi

1114 2012 1324 2055 Ecclesiae
1345 2014 1557 2057 sollicitus
1575 2016 1755 2057 navarit.

1168 2072 1216 2112 Κ.
1245 2070 1490 2113 Honestum
1516 2071 1619 2114 fecit
1643 2072 1764 2114 illum
1788 2073 1936 2116 Demi-

1113 2138 1204 2176 nus,
1229 2131 1273 2168 et
1291 2127 1530 2170 custodivit
1549 2141 1649 2170 eum
1667 2128 1722 2171 ab
1741 2129 1935 2180 inimicis,

1114 2187 1157 2223 et
1181 2195 1207 2223 a
1234 2183 1541 2226 seductoribus
1567 2185 1726 2227 tutavit
1751 2186 1886 2228 illum:
1912 2182 1935 2207 *

1115 2238 1171 2279 Et
1199 2238 1320 2282 dedit
1350 2240 1412 2281 illi
1444 2241 1687 2283 claritatem
1717 2245 1936 2285 aeternam.

1114 2292 1163 2342 V.
1198 2296 1526 2350 Descenditque
1558 2310 1657 2338 cum
1691 2298 1768 2340 illo
1799 2299 1843 2340 in
1874 2300 1934 2342 fe-

1113 2363 1247 2402 veam,
1272 2357 1315 2394 et
1332 2353 1376 2394 in
1394 2354 1577 2395 vinculis
1596 2365 1683 2395 non
1703 2354 1935 2408 dereliquit

1113 2420 1222 2449 eum.
1266 2409 1323 2451 Et
1350 2409 1472 2452 dedit
1495 2409 1566 2451 illi.

1422 2466 1572 2507 Lectio
1595 2482 1629 2507 v.

1112 2517 1276 2622 Hinc
1299 2523 1424 2565 novis
1449 2522 1635 2566 decretis
1660 2523 1796 2566 multa
1813 2524 1933 2566 illum

1227 2580 1400 2630 egregie
1450 2580 1685 2622 sancivisse
1734 2580 1933 2632 legimus,

1113 2649 1211 2689 quae
1235 2635 1292 2678 ad
1315 2635 1506 2678 fidelium
1530 2649 1692 2686 mores,
1719 2637 1931 2678 Ecclesia-

1111 2693 1319 2734 sticorum
1343 2692 1606 2743 libertatem,
1635 2699 1678 2735 et
1705 2705 1854 2735 sacros
1879 2693 1931 2733 ri-

1110 2755 1180 2790 tus
1217 2749 1413 2791 attinent:
1455 2749 1619 2791 scilicet
1655 2749 1931 2801 quadragesi-
