2040 2990
725 192 833 225 Furia
859 198 967 227 sexta
994 194 1042 226 ad
1068 194 1305 228 Matutinuni.
1823 195 1870 230 87
1920 218 1922 222 ›

433 290 628 331 l’salmus
657 292 723 331 85.

159 339 347 445 Inclina
375 342 565 384 Domine
597 355 747 384 aurem
774 347 910 392 tuam,
943 347 987 384 et

236 398 396 440 exaudi
428 412 514 441 me:
546 401 570 425 *
605 399 812 451 quoniam
844 399 986 452 inops,

158 461 202 497 et
229 468 398 508 pauper
427 469 523 497 sum
551 468 645 507 ego.

210 512 394 554 Custodi
429 513 618 554 animam
654 525 798 554 meam
835 513 986 565 quoni-

157 582 229 611 am
248 574 425 611 sanctus
446 582 557 610 sum:
581 571 604 596 *
624 569 793 611 salvum
811 569 879 611 fac
899 582 986 610 ser-

157 639 261 667 vum
278 630 413 676 tuum,
431 626 553 667 Deus
578 639 714 675 meus,
734 628 986 678 sperantem

157 683 202 723 in
228 687 284 724 te.

210 740 418 781 Miserere
445 740 532 781 mei
551 740 751 790 Domine,
778 740 986 792 quoniam

157 796 215 838 ad
241 801 286 838 te
313 797 498 838 clamavi
526 802 622 838 tota
651 796 735 839 die:
760 799 783 823 *
810 796 986 838 laetifica

157 853 347 895 animam
374 854 491 895 servi
518 854 593 903 tui,
621 854 830 906 quoniam
857 853 914 894 ad
941 858 985 894 te

155 910 346 952 Demine
372 911 561 952 animam
588 923 731 952 meam
758 910 912 952 levavi.

215 967 432 1017 Queniam
481 973 530 1009 tu
579 967 769 1008 Domine
822 967 984 1016 suavis,

157 1028 201 1065 et
227 1024 360 1066 mitis:
380 1026 404 1052 *
424 1029 467 1066 et
493 1024 644 1067 multae
668 1023 983 1066 misericordiae

157 1081 360 1123 emnibus
387 1080 693 1123 invocantibus
721 1085 777 1123 te.

207 1137 401 1180 Auribus
428 1139 608 1192 percipe
636 1138 826 1179 Demine
854 1137 984 1179 orati-

156 1196 285 1236 6nem
303 1208 465 1237 meam:
487 1197 511 1222 *
531 1201 575 1237 et
593 1195 772 1237 intende
792 1195 892 1236 voci
913 1194 984 1236 de-

154 1252 424 1304 precationis
451 1265 573 1294 meae.

205 1309 258 1349 In
300 1308 371 1350 die
411 1308 711 1350 tribulationis
746 1321 858 1350 meae
900 1307 983 1349 cla-

153 1366 270 1406 mavi
302 1365 360 1407 ad
386 1370 448 1407 te:
475 1367 499 1392 *
527 1366 629 1417 quia
657 1365 874 1407 exaudisti
903 1378 983 1406 me.

206 1422 308 1464 Non
337 1426 404 1463 est
430 1422 583 1463 similis
617 1422 682 1463 tui
714 1422 759 1462 in
787 1421 871 1463 diis
895 1422 983 1462 Do—

154 1478 290 1520 mine:
322 1480 346 1505 *
374 1483 418 1520 et
445 1491 532 1519 non
563 1483 630 1520 est
663 1477 906 1520 secundum
940 1480 983 1519 ό-

154 1546 262 1586 pera
288 1539 375 1577 tua.

206 1592 371 1634 Omnes
398 1592 564 1634 Gentes
594 1595 893 1644 quascumque
921 1591 978 1633 fe-

155 1649 265 1700 cisti,
284 1649 472 1698 venient,
498 1653 541 1690 et
565 1648 812 1690 adorabunt
835 1661 984 1690 coram

154 1710 201 1747 te
217 1706 421 1748 Domine:
449 1707 473 1733 *
500 1711 544 1747 et
571 1705 881 1757 glorificabunt
909 1717 983 1747 no-

154 1775 255 1804 men
282 1766 416 1804 tuum.

208 1819 426 1870 Queniam
449 1831 632 1871 magnus
658 1831 704 1860 es
731 1822 789 1869 tu,
815 1823 859 1860 et
882 1819 984 1860 faci-

157 1888 234 1917 ens
259 1875 491 1918 mirabilia:
518 1877 542 1902 *
569 1880 617 1916 tu
642 1887 689 1916 es
707 1875 828 1916 Deus
854 1875 984 1916 solus.

206 1932 363 1975 Deduc
391 1945 462 1974 me
490 1932 679 1973 Demine
715 1931 758 1971 in
794 1931 865 1972 via
898 1937 984 1981 tua,

157 1993 201 2031 et
228 1989 449 2042 ingrediar
476 1989 520 2030 in
548 1988 734 2030 veritate
761 1993 850 2029 tua:
870 1989 894 2015 *
911 1988 983 2029 lae-

155 2047 273 2088 tetur
301 2058 378 2088 cor
405 2059 551 2087 meum
576 2050 624 2087 ut
644 2047 798 2087 timeat
822 2057 983 2087 nomen

155 2107 290 2144 tuum.

208 2158 463 2201 Confitebor
509 2158 590 2201 tibi
635 2158 823 2200 Domine
862 2158 983 2199 Deus

156 2227 279 2257 meus
302 2216 353 2259 in,
369 2221 467 2258 toto
494 2215 630 2257 corde
653 2227 766 2265 meo⁷
785 2217 809 2242 *
831 2219 874 2256 et
893 2214 982 2265 glo-

155 2271 338 2314 rificabo
364 2285 523 2314 nomen
550 2277 673 2314 tuum
696 2272 741 2312 in
758 2273 982 2312 aeternum:

208 2329 320 2379 Quia
334 2328 638 2370 misericerdia
652 2333 728 2370 tua
741 2340 899 2379 magna
916 2331 982 2368 est

157 2398 288 2438 super
306 2398 393 2427 me:
413 2387 437 2412 ²⁸¹
457 2390 501 2427 et
521 2385 673 2426 eruisti
693 2385 881 2426 animam
895 2396 982 2424 me-

155 2454 227 2482 am
254 2454 308 2483 ex
334 2442 503 2483 inferno
532 2441 737 2483 inferiori.

113 2547 115 2549 ,
206 2498 338 2548 Deus,
353 2498 491 2550 iniqui
506 2498 835 2539 insurrexerunt
851 2509 982 2549 super

156 2566 241 2603 me,
269 2560 313 2596 et
342 2557 566 2607 synagoga
590 2554 838 2607 potentium
867 2566 982 2604 quae-

157 2610 322 2652 sierunt
355 2612 544 2653 animam
571 2624 730 2652 meam:
763 2613 786 2637 *
820 2615 864 2651 et
895 2622 982 2650 non

156 2668 482 2719 proposuerunt
502 2673 547 2710 te
566 2668 610 2708 in
629 2669 871 2720 conspectu
891 2678 994 2711 suo.¹

208 2723 265 2764 Et
297 2728 346 2765 tu
377 2724 566 2766 Demine
598 2724 720 2765 Deus
749 2723 982 2764 miserator

1039 291 1084 327 et
1105 286 1366 337 misericors,
1392 290 1415 315 *
1438 290 1622 340 patiens,
1648 294 1691 331 et
1716 290 1867 332 multae

1038 343 1366 395 misericerdiae‚
1396 350 1439 386 et
1467 358 1611 387 verax.

1091 400 1281 452 Respice
1300 401 1343 441 in
1357 414 1438 452 ωε,
1455 407 1498 443 et
1512 403 1721 444 miserere
1737 404 1834 453 mei,
1844 406 1867 430 *

1039 455 1096 497 da
1124 456 1356 509 imperium
1383 463 1507 499 tuum
1534 463 1672 511 puero
1700 465 1795 502 tuo:
1824 466 1867 502 et

1039 513 1210 554 salvum
1237 514 1306 555 fac
1333 514 1472 556 filium
1505 516 1674 557 ancillae
1701 522 1802 558 tuae.

1090 570 1179 611 Fac
1211 584 1384 612 mecum
1418 572 1591 623 signum
1619 573 1663 613 in
1690 573 1866 623 bonum,

1038 631 1087 668 ut
1106 627 1286 669 videant
1306 629 1381 680 qui
1401 628 1590 670 oderunt
1608 642 1689 679 me,
1705 635 1749 672 et
1768 643 1865 672 con-

1037 683 1289 726 fundantur:
1317 687 1341 711 *
1367 686 1575 737 queniam
1603 691 1650 727 tu
1679 687 1866 728 Demine

1038 740 1242 792 adjuvisti
1266 755 1346 791 me,
1374 747 1417 783 et
1441 743 1695 784 consolatus
1721 756 1767 785 es
1786 757 1866 785 me.

1095 800 1195 839 Ant.
1214 798 1487 840 Benedixisti
1502 800 1690 841 Domine
1705 806 1867 842 terram

1038 858 1170 894 tuam.

1094 914 1193 953 Ant.
1230 911 1531 954 Fundamenta
1560 914 1660 966 ejus.

1313 970 1508 1010 l‘salnius
1538 972 1603 1009 86.

1040 1022 1390 1126 Fundamenta
1426 1027 1516 1078 ejus
1558 1026 1601 1067 in
1642 1026 1865 1068 montibus

1141 1082 1318 1123 sanctis:
1335 1083 1359 1109 *
1380 1081 1522 1134 diligit
1537 1083 1752 1124 Deminus
1767 1097 1865 1136 por-

1036 1143 1104 1179 tas
1125 1138 1230 1179 Sion
1253 1151 1385 1191 super
1415 1139 1562 1180 emnia
1582 1139 1865 1182 tabernacula

1035 1194 1186 1236 Jacob.

1090 1251 1298 1293 Gloriosa
1326 1251 1443 1293 dicta
1472 1258 1573 1294 sunt
1600 1253 1655 1295 de
1683 1258 1738 1303 te,
1762 1255 1785 1280 *
1809 1256 1863 1295 ci-

1036 1309 1150 1350 vitas
1178 1309 1273 1350 Dei.

1087 1365 1256 1407 Memor
1289 1379 1365 1408 ero
1395 1366 1565 1417 Rahab,
1602 1372 1645 1408 et
1676 1366 1863 1419 Babylo-

1035 1422 1102 1462 nis
1118 1423 1141 1447 '⁸‘
1158 1423 1389 1464 scientium
1416 1436 1497 1464 me.

1086 1478 1202 1520 Ecce
1217 1479 1484 1530 alienigenae,
1500 1484 1544 1522 et
1556 1480 1712 1532 Tyrus,
1729 1485 1772 1522 et
1787 1483 1863 1533 po-

1035 1534 1165 1587 pulus
1180 1535 1452 1588 AEthiopum,
1471 1539 1494 1563 *
1514 1536 1558 1577 hi
1573 1536 1748 1578 fuerunt
1768 1537 1864 1578 illic.

1087 1592 1314 1644 Numquid
1341 1593 1446 1634 Sion
1475 1592 1608 1634 dicet:
1635 1594 1792 1645 Homo,
1821 1598 1864 1635 et

1036 1647 1169 1689 homo
1202 1653 1330 1690 natus
1364 1654 1430 1691 est
1462 1650 1507 1690 in
1536 1662 1605 1691 ea:
1642 1652 1665 1676 *
1694 1656 1737 1692 et
1769 1651 1864 1703 ipse

1037 1704 1236 1746 fundavit
1266 1718 1362 1747 eam
1388 1706 1664 1747 Altissimus?

1087 1762 1304 1803 Deminus
1333 1762 1529 1804 narrabit
1560 1763 1605 1803 in
1634 1763 1863 1816 scripturis

1036 1818 1314 1871 populorum,
1330 1824 1374 1860 et
1388 1819 1651 1872 principum:
1662 1821 1685 1846 *
1698 1819 1864 1870 horum7

1038 1876 1113 1927 qui
1140 1875 1315 1916 fuerunt
1342 1875 1386 1916 in
1416 1888 1476 1917 ea.

1087 1931 1208 1973 Sicut
1227 1931 1471 1973 laetantium
1492 1932 1686 1974 emnium
1706 1933 1728 1959 *
1745 1931 1864 1973 habi-

1036 1988 1148 2030 tatio
1177 1993 1244 2030 est
1274 1989 1318 2029 in
1345 1993 1400 2031 te.

1305 2042 1504 2083 Psalmus
1533 2043 1596 2082 87.

1127 2101 1272 2143 emine
1299 2102 1421 2143 Deus
1450 2102 1603 2143 salutis
1626 2115 1752 2143 meae:
1774 2103 1798 2128 *
1820 2102 1863 2142 in

1141 2157 1212 2199 die
1227 2157 1423 2208 clamavi,
1437 2163 1480 2200 et
1499 2163 1630 2200 nocte
1644 2171 1793 2200 coram
1807 2162 1863 2199 te.

1087 2213 1230 2256 Intret
1266 2214 1310 2255 in
1338 2217 1578 2268 conspectu
1609 2220 1686 2256 tuo
1720 2214 1861 2256 oratio

1036 2283 1149 2312 mea:
1168 2272 1192 2298 *
1209 2271 1370 2312 inclina
1386 2284 1536 2314 aurem
1554 2276 1676 2313 tuam
1694 2270 1752 2312 ad
1766 2283 1861 2323 pre-

1036 2341 1132 2369 cem
1159 2341 1317 2369 meam:

1087 2385 1199 2435 Quia
1244 2383 1413 2437 repleta
1449 2388 1516 2425 est
1552 2383 1678 2425 malis
1719 2383 1862 2424 anima

1036 2453 1148 2482 mea:
1174 2443 1198 2467 *
1221 2446 1265 2482 et
1288 2441 1378 2482 vita
1402 2453 1499 2482 mea
1516 2440 1685 2481 inferno
1705 2452 1860 2492 appro-

1035 2497 1278 2550 pinquavit.

1087 2554 1350 2595 AEstimatus
1369 2567 1466 2594 sum
1481 2566 1580 2595 cum
1598 2551 1859 2594 descenden-

1035 2609 1153 2651 tibus
1181 2611 1225 2651 in
1252 2610 1412 2651 lacum:
1440 2612 1463 2636 *
1491 2610 1631 2651 factus
1660 2621 1755 2649 sum
1781 2607 1859 2648 sic-

1034 2671 1083 2707 ut
1100 2667 1232 2708 homo
1252 2667 1346 2708 sine
1365 2666 1595 2718 adjutorio,
1616 2666 1729 2705 inter
1746 2665 1859 2704 mor-

1035 2727 1135 2764 tuos
1163 2723 1284 2764 liber.
