2040 2990
693 190 803 223 Feria
823 190 991 223 secunda
1010 190 1058 223 ad
1075 190 1311 224 Matutinum.

203 283 229 324 J
230 283 357 324 unior
373 282 443 333 fui,
460 282 618 324 etenim
633 282 773 323 senui:
792 282 814 308 *
835 287 878 323 et
892 294 980 323 non

152 338 242 381 vidi
259 340 419 391 justum
439 338 712 389 derelictum,
731 352 812 380 nec
831 351 979 380 semen

153 396 243 447 ejus
264 409 464 448 quaerens
483 408 652 448 panem.

204 453 320 494 Tota
352 452 422 494 die
454 452 685 494 miseretur
718 457 761 494 et
791 454 980 494 commo-

153 508 246 551 dat:
279 510 302 535 *
336 514 379 551 et
411 522 560 550 semen
591 508 705 550 illius
734 509 777 549 in
804 508 979 550 benedi-

152 566 295 607 ctione
316 566 408 607 erit.

203 622 386 664 Declina
404 635 430 664 a
448 621 579 672 malo,
606 626 649 663 et
668 622 736 663 fac
755 622 937 664 bonum:
956 623 979 647 *

153 684 196 721 et
213 679 408 720 inhabita
426 679 468 719 in
488 678 697 720 saeculum
716 679 876 720 saeculi.

205 736 315 786 Quia
332 735 546 776 Deminus
566 740 682 777 amat
700 735 915 788 judicium,
937 741 979 777 et

151 805 240 834 non
260 791 534 844 derelinquet
552 797 727 834 sanctos
747 805 866 833 suos:
891 793 913 817 *
935 792 978 832 in

152 850 363 890 aeternum
382 848 767 890 conservabuntur.

202 905 356 957 Injusti
369 905 620 957 punientur:
635 906 659 931 *
674 910 718 947 et
737 918 885 947 semen
903 905 978 946 im-

151 962 324 1014 pierum
342 961 513 1015 peribit.

202 1018 227 1059 J
228 1019 315 1060 usti
350 1023 496 1060 autem
538 1018 861 1060 haereditabunt
894 1023 978 1060 ter-

151 1088 262 1116 ram:
280 1076 304 1101 *
325 1080 368 1116 et
386 1074 689 1116 inhabitabunt
707 1075 751 1116 in
770 1075 978 1116 saeculum

151 1131 301 1172 saeculi
319 1144 450 1184 super
471 1144 578 1173 eam.

203 1187 264 1229 Os
283 1188 383 1239 justi
403 1187 686 1230 meditabitur
710 1188 978 1240 sapientiam,

150 1244 173 1270 *
193 1249 236 1285 et
256 1243 403 1294 lingua
428 1244 518 1296 ejus
539 1244 743 1296 loquetur
763 1244 978 1296 judicium.

200 1300 294 1342 Lex
308 1301 392 1342 Dei
408 1301 497 1352 ejus
511 1301 554 1341 in
574 1301 708 1342 eorde
727 1301 882 1353 ipsius:
897 1302 919 1327 *
936 1307 979 1343 et

149 1370 236 1398 non
264 1356 659 1409 supplantabuntur
683 1371 858 1408 gressus
878 1358 977 1409 ejus.

202 1413 461 1454 Considerat
475 1416 684 1466 peccator
698 1415 875 1466 iustum:
894 1415 917 1439 *
935 1420 978 1456 et

152 1469 309 1522 quaerit
326 1469 592 1511 mortificare
612 1483 722 1511 eum.

200 1525 415 1566 Deminus
435 1531 581 1567 autem
599 1540 686 1567 non
705 1525 978 1578 derelinquet

150 1595 250 1623 eum
266 1582 312 1623 in
324 1581 524 1624 manibus
541 1583 649 1634 ejus:
667 1583 691 1608 *
705 1595 787 1624 nec
802 1581 976 1623 damna-

148 1637 213 1680 bit
233 1651 342 1688 eum,
362 1651 461 1679 cum
474 1638 735 1690 judicabitur
754 1638 826 1679 illi.

201 1695 421 1747 Exspecta
448 1695 700 1745 Deminum‚
734 1700 778 1737 et
806 1694 979 1736 custOdi

149 1750 263 1792 viam
285 1752 396 1803 ejus:
421 1756 464 1792 et
483 1751 693 1793 exaltabit
712 1756 756 1793 te
776 1756 824 1793 ut
842 1751 976 1792 haere-

149 1806 285 1849 ditate
312 1807 459 1860 capias
487 1812 668 1849 terram:
699 1808 723 1834 *
756 1820 855 1849 cum
881 1821 976 1860 per-

148 1863 277 1905 ierint
296 1865 554 1916 peccatores
575 1863 755 1906 videbis.

201 1919 306 1961 Vidi
329 1920 510 1972 impium
537 1919 925 1973 superexaltatum,
954 1921 977 1945 *

150 1981 193 2018 et
212 1976 430 2018 elevatum
448 1977 560 2018 sicut
580 1976 736 2018 cedros
754 1976 919 2017 Libani.

201 2033 257 2075 Et
274 2033 456 2075 transivi
472 2038 515 2074 et
536 2046 639 2075 ecce
654 2046 742 2075 non
761 2038 872 2074 erat:
890 2033 914 2058 *
934 2038 977 2074 et

151 2090 332 2141 quaesivi
357 2102 471 2139 eum,
499 2094 542 2131 et
568 2103 655 2131 non
685 2095 751 2131 est
777 2089 976 2131 inventus

149 2145 272 2187 locus
294 2147 396 2198 ejus.

202 2202 383 2244 Cust6di
426 2202 736 2252 innocentiam,
789 2207 832 2243 et
877 2201 976 2243 vide

150 2258 665 2311 aequitatem:*qu6niam
673 2258 976 2310 suntreliquiae

151 2314 313 2355 homini
335 2315 531 2367 pacifico.

201 2371 354 2422 Injnsti
374 2376 519 2412 autem
540 2370 813 2423 disperibunt
835 2370 975 2411 simul:

150 2427 173 2451 *
193 2426 389 2479 reliquiae
409 2427 642 2479 impiorum
660 2427 907 2469 interibunt.

201 2483 325 2524 Salus
341 2489 487 2525 autem
501 2484 713 2535 justorum
732 2496 757 2524 a
771 2483 976 2523 Domino:

150 2539 173 2564 ’⁸‘
204 2544 247 2580 et
270 2542 495 2591 protector
527 2541 680 2581 eorum
707 2539 750 2580 in
776 2541 975 2591 tempore

150 2593 453 2637 tribulatiOnis.

203 2651 257 2692 Et
281 2651 503 2703 adjuvabit
529 2664 605 2693 eos
624 2652 838 2693 Deminus
861 2656 904 2692 et
930 2650 975 2690 li-

151 2706 322 2748 berabit
339 2719 434 2749 eos:
453 2709 476 2734 *
496 2713 539 2749 et
555 2710 678 2750 eruet
693 2721 770 2749 eos
785 2721 809 2748 a
824 2708 983 2759 pecca-'

1815 187 1861 222 49

1033 281 1213 331 toribus,
1230 286 1273 322 et
1288 281 1473 323 salvabit
1489 295 1580 323 eos:
1597 283 1697 335 quia
1713 296 1858 336 spera-

1034 340 1190 379 verunt
1208 338 1252 378 in
1272 350 1336 379 eo.

1310 407 1502 447 psalmus
1523 409 1585 448 37.

1124 461 1267 502 emine
1292 473 1346 501 ne
1371 461 1413 500 in
1433 461 1578 502 furore
1601 466 1677 503 tuo
1702 465 1859 514 arguas

1128 531 1208 567 me,
1238 518 1261 542 *
1292 530 1434 570 neque
1462 518 1505 558 in
1535 518 1598 559 ira
1625 524 1699 560 tua
1728 523 1858 561 corri-

1032 588 1127 628 pias
1145 587 1226 615 me.

1086 635 1301 685 Quoniam
1312 636 1483 684 sagittae
1497 640 1584 676 tuae
1599 635 1744 676 infixae
1759 642 1858 677 sunt

1031 692 1154 732 mihi:
1187 692 1210 716 *
1244 696 1287 732 et
1326 691 1594 733 confirmasti
1626 705 1757 744 super
1789 706 1857 734 me

1031 762 1207 789 manum
1225 753 1356 789 tuam.

1083 809 1185 850 Non
1212 814 1277 850 est
1304 808 1466 850 sanitas
1491 809 1534 849 in
1559 821 1688 850 carne
1713 821 1810 850 mea
1834 823 1857 850 a

1033 866 1142 907 faeie
1158 866 1235 905 irae
1250 870 1353 906 tuae:
1365 866 1389 890 *
1400 878 1486 905 non
1504 870 1569 906 est
1583 879 1670 918 pax
1687 865 1857 906 Ossibus

1032 923 1140 963 meis
1165 935 1190 963 a
1210 922 1319 962 facie
1344 924 1626 973 peccatorum
1650 924 1858 963 meerum.

1084 983 1300 1034 Queniam
1320 982 1570 1034 iniquitates
1586 995 1695 1024 meae
1711 995 1857 1034 super·
1904 1007 1906 1009 -

1031 1042 1195 1091 gressae
1212 1044 1311 1080 sunt
1326 1044 1458 1091 caput
1472 1051 1635 1080 meum:
1651 1040 1674 1064 *
1690 1044 1732 1080 et
1747 1039 1858 1080 sicut

1033 1110 1142 1138 onus
1159 1109 1292 1147 grave
1307 1098 1501 1147 gravatae
1517 1101 1617 1137 sunt
1632 1108 1762 1148 super
1777 1108 1857 1136 me.

1083 1158 1349 1199 Putruerunt
1374 1161 1417 1198 et
1443 1159 1664 1209 corruptae
1684 1162 1783 1197 sunt
1803 1156 1856 1197 ci-

1032 1217 1215 1255 catrices
1236 1226 1363 1262 meae,
1383 1213 1407 1238 *
1429 1226 1453 1254 a
1473 1213 1582 1254 facie
1600 1212 1857 1265 insipientiae

1030 1284 1152 1312 meae.

1082 1332 1215 1372 Miser
1227 1331 1366 1372 factus
1378 1343 1482 1379 sum,
1492 1334 1535 1370 et
1546 1331 1750 1370 curvatus
1762 1343 1856 1370 sum

1030 1401 1169 1440 usque
1197 1388 1241 1427 in
1270 1387 1419 1428 finem:
1446 1387 1469 1411 *
1497 1390 1591 1427 tota
1611 1385 1680 1427 die
1701 1386 1856 1427 contri-

1031 1447 1169 1486 status
1186 1442 1471 1494 ingrediebar.

1084 1505 1299 1555 Queniam
1316 1503 1452 1545 lumbi
1471 1503 1556 1544 mei
1572 1503 1739 1555 impleti
1758 1509 1857 1545 sunt

1029 1561 1320 1603 illusionibus:
1339 1561 1362 1586 *
1379 1565 1422 1602 et
1439 1573 1528 1601 non
1548 1564 1614 1601 est
1635 1560 1795 1602 sanitas
1814 1560 1856 1601 in

1031 1631 1160 1660 carne
1179 1631 1287 1659 mea.

1082 1679 1284 1720 Afflictus
1304 1691 1410 1727 sum,
1431 1682 1474 1719 et
1491 1677 1741 1718 humiliatus
1761 1690 1856 1717 sum

1030 1737 1174 1777 nimis:
1194 1735 1217 1761 *
1238 1734 1462 1785 rugiebam
1482 1747 1507 1774 a
1525 1733 1688 1783 gemitu
1711 1733 1855 1774 cordis

1029 1794 1125 1834 mei.

1081 1849 1279 1897 Demine‚
1288 1852 1387 1888 ante
1398 1852 1442 1888 te
1452 1859 1578 1887 omne
1591 1845 1854 1887 desiderium

1029 1918 1191 1947 meum:
1209 1905 1232 1929 *
1253 1908 1296 1945 et
1314 1903 1499 1954 gemitus
1518 1915 1642 1943 meus
1661 1915 1686 1943 a
1704 1908 1748 1944 te
1769 1916 1854 1943 non

1031 1967 1097 2003 est
1116 1959 1411 2002 absconditus.

1082 2022 1168 2063 Cor
1186 2034 1332 2062 meum
1352 2021 1659 2062 conturbatum
1680 2025 1762 2069 est,
1785 2019 1854 2060 de-

1029 2078 1205 2130 reliquit
1223 2090 1293 2119 me
1314 2078 1451 2119 virtus
1470 2090 1586 2118 mea:
1605 2077 1628 2102 *
1649 2082 1691 2118 et
1710 2076 1854 2116 lumen

1030 2134 1259 2176 oculorum
1267 2135 1476 2183 meorum,
1486 2138 1529 2175 et
1539 2133 1681 2185 ipsum
1691 2145 1777 2173 non
1790 2136 1855 2173 est

1029 2204 1212 2232 mecum.

1081 2251 1224 2293 Amici
1242 2251 1347 2301 mei,
1367 2255 1411 2292 et
1428 2250 1616 2303 proximi
1635 2250 1721 2290 mei
1739 2250 1762 2275 *
1782 2248 1853 2290 ad-

1029 2310 1205 2350 versum
1223 2320 1292 2349 me
1312 2307 1791 2359 appropinquaverunt,
1812 2310 1854 2346 et

1029 2366 1253 2406 steterunt.

1080 2422 1137 2462 Et
1157 2421 1231 2472 qui
1258 2421 1377 2471 juxta
1400 2432 1470 2460 me
1491 2423 1623 2467 erant,
1651 2417 1705 2459 de
1725 2417 1852 2466 longe

1029 2479 1260 2519 steterunt:
1294 2477 1317 2502 *
1350 2481 1394 2517 et
1423 2475 1509 2516 vim
1538 2474 1753 2516 faciebant
1780 2473 1851 2524 qui

1030 2533 1284 2586 quaerebant
1303 2533 1490 2573 animam
1509 2544 1661 2572 meam.

1079 2595 1135 2636 Et
1151 2594 1225 2646 qui
1238 2592 1514 2645 inquirebant
1527 2591 1642 2632 mala
1658 2589 1770 2637 mihi,
1790 2588 1849 2628 lo-

1029 2651 1116 2692 enti
1137 2655 1236 2691 sunt
1255 2649 1488 2691 vanitates:
1507 2649 1529 2673 *
1550 2652 1593 2689 et
1612 2646 1737 2688 dolos
1757 2649 1849 2685 tota

1029 2707 1098 2748 die
1118 2705 1451 2748 meditabantur.
