<?xml version="1.0" encoding="UTF-8"?>
<!DOCTYPE html PUBLIC "-//W3C//DTD XHTML 1.0 Transitional//EN"
    "http://www.w3.org/TR/xhtml1/DTD/xhtml1-transitional.dtd">
<html xmlns="http://www.w3.org/1999/xhtml" xml:lang="en" lang="en">
 <head>
  <title>
</title>
<meta http-equiv="Content-Type" content="text/html;charset=utf-8" />
  <meta name='ocr-system' content='tesseract 3.04.00' />
  <meta name='ocr-capabilities' content='ocr_page ocr_carea ocr_par ocr_line ocrx_word'/>
</head>
<body>
  <div class='ocr_page' id='page_1' title='image "./p1breviariumroma00cathuoft_0132.png"; bbox 0 0 2040 2990; ppageno 0'>
   <div class='ocr_carea' id='block_1_1' title="bbox 733 189 1334 233">
    <p class='ocr_par' dir='ltr' id='par_1_1' title="bbox 733 189 1334 233">
     <span class='ocr_line' id='line_1_1' title="bbox 733 189 1334 233; baseline -0.005 -9"><span class='ocrx_word' id='word_1_1' title='bbox 733 191 840 224; x_wconf 60' lang='lat' dir='ltr'>Furia</span> <span class='ocrx_word' id='word_1_2' title='bbox 867 190 996 233; x_wconf 72' lang='lat' dir='ltr'>quintu</span> <span class='ocrx_word' id='word_1_3' title='bbox 1025 190 1071 223; x_wconf 77' lang='lat' dir='ltr'>ad</span> <span class='ocrx_word' id='word_1_4' title='bbox 1101 189 1334 223; x_wconf 72' lang='lat' dir='ltr'>Matutinum.</span> 
     </span>
    </p>
   </div>
   <div class='ocr_carea' id='block_1_2' title="bbox 176 294 1003 1590">
    <p class='ocr_par' dir='ltr' id='par_1_2' title="bbox 176 294 1000 406">
     <span class='ocr_line' id='line_1_2' title="bbox 177 294 1000 346; baseline -0.009 -8"><span class='ocrx_word' id='word_1_5' title='bbox 177 298 313 338; x_wconf 90' lang='lat' dir='ltr'>Deus:</span> <span class='ocrx_word' id='word_1_6' title='bbox 332 298 355 322; x_wconf 88' lang='lat'>*</span> <span class='ocrx_word' id='word_1_7' title='bbox 378 299 452 335; x_wconf 90' lang='lat' dir='ltr'>aut</span> <span class='ocrx_word' id='word_1_8' title='bbox 480 307 567 334; x_wconf 92' lang='lat' dir='ltr'>non</span> <span class='ocrx_word' id='word_1_9' title='bbox 596 294 789 346; x_wconf 86' lang='lat' dir='ltr'>apponet</span> <span class='ocrx_word' id='word_1_10' title='bbox 817 297 864 332; x_wconf 92' lang='lat' dir='ltr'>ut</span> <span class='ocrx_word' id='word_1_11' title='bbox 887 304 1000 332; x_wconf 91' lang='lat' dir='ltr'>com-</span> 
     </span>
     <span class='ocr_line' id='line_1_3' title="bbox 176 348 660 406; baseline -0.008 -12"><span class='ocrx_word' id='word_1_12' title='bbox 176 352 377 406; x_wconf 87' lang='lat' dir='ltr'>placitior</span> <span class='ocrx_word' id='word_1_13' title='bbox 406 351 463 391; x_wconf 88' lang='lat' dir='ltr'>sit</span> <span class='ocrx_word' id='word_1_14' title='bbox 491 348 660 391; x_wconf 90' lang='lat' dir='ltr'>adhuc?</span> 
     </span>
    </p>

    <p class='ocr_par' dir='ltr' id='par_1_3' title="bbox 177 404 1001 572">
     <span class='ocr_line' id='line_1_4' title="bbox 230 404 1000 449; baseline -0.006 0"><span class='ocrx_word' id='word_1_15' title='bbox 230 409 319 449; x_wconf 90' lang='lat' dir='ltr'>Aut</span> <span class='ocrx_word' id='word_1_16' title='bbox 346 408 389 448; x_wconf 93' lang='lat' dir='ltr'>in</span> <span class='ocrx_word' id='word_1_17' title='bbox 410 407 542 448; x_wconf 93' lang='lat' dir='ltr'>finem</span> <span class='ocrx_word' id='word_1_18' title='bbox 564 404 912 447; x_wconf 87' lang='lat' dir='ltr'>misericordiam</span> <span class='ocrx_word' id='word_1_19' title='bbox 933 417 1000 444; x_wconf 94' lang='lat' dir='ltr'>su-</span> 
     </span>
     <span class='ocr_line' id='line_1_5' title="bbox 177 460 1001 513; baseline -0.007 -7"><span class='ocrx_word' id='word_1_20' title='bbox 177 479 246 506; x_wconf 86' lang='lat' dir='ltr'>am</span> <span class='ocrx_word' id='word_1_21' title='bbox 274 463 517 512; x_wconf 76' lang='lat' dir='ltr'>abscindet,</span> <span class='ocrx_word' id='word_1_22' title='bbox 545 465 568 490; x_wconf 88' lang='lat'>*</span> <span class='ocrx_word' id='word_1_23' title='bbox 597 475 622 503; x_wconf 90' lang='lat' dir='ltr'>a</span> <span class='ocrx_word' id='word_1_24' title='bbox 649 462 930 513; x_wconf 74' lang='lat' dir='ltr'>generatione</span> <span class='ocrx_word' id='word_1_25' title='bbox 958 460 1001 500; x_wconf 91' lang='lat' dir='ltr'>in</span> 
     </span>
     <span class='ocr_line' id='line_1_6' title="bbox 177 518 527 572; baseline -0.009 -10"><span class='ocrx_word' id='word_1_26' title='bbox 177 518 527 572; x_wconf 64' lang='lat' dir='ltr'>generationem?</span> 
     </span>
    </p>

    <p class='ocr_par' dir='ltr' id='par_1_4' title="bbox 177 571 1000 732">
     <span class='ocr_line' id='line_1_7' title="bbox 228 571 1000 619; baseline -0.008 0"><span class='ocrx_word' id='word_1_27' title='bbox 228 578 319 619; x_wconf 90' lang='lat' dir='ltr'>Aut</span> <span class='ocrx_word' id='word_1_28' title='bbox 334 576 618 619; x_wconf 89' lang='lat' dir='ltr'>obliviscetur</span> <span class='ocrx_word' id='word_1_29' title='bbox 636 574 834 615; x_wconf 86' lang='lat' dir='ltr'>misereri</span> <span class='ocrx_word' id='word_1_30' title='bbox 855 571 1000 614; x_wconf 90' lang='lat' dir='ltr'>Deus?</span> 
     </span>
     <span class='ocr_line' id='line_1_8' title="bbox 177 630 1000 675; baseline -0.007 1"><span class='ocrx_word' id='word_1_31' title='bbox 177 636 199 661; x_wconf 91' lang='lat'>*</span> <span class='ocrx_word' id='word_1_32' title='bbox 227 639 302 675; x_wconf 88' lang='lat' dir='ltr'>aut</span> <span class='ocrx_word' id='word_1_33' title='bbox 321 632 561 675; x_wconf 78' lang='lat' dir='ltr'>continebit</span> <span class='ocrx_word' id='word_1_34' title='bbox 586 632 629 672; x_wconf 94' lang='lat' dir='ltr'>in</span> <span class='ocrx_word' id='word_1_35' title='bbox 652 632 716 672; x_wconf 89' lang='lat' dir='ltr'>ira</span> <span class='ocrx_word' id='word_1_36' title='bbox 736 644 815 672; x_wconf 91' lang='lat' dir='ltr'>sua</span> <span class='ocrx_word' id='word_1_37' title='bbox 836 630 1000 671; x_wconf 89' lang='lat' dir='ltr'>miseri-</span> 
     </span>
     <span class='ocr_line' id='line_1_9' title="bbox 179 687 509 732; baseline -0.009 0"><span class='ocrx_word' id='word_1_38' title='bbox 179 690 352 732; x_wconf 89' lang='lat' dir='ltr'>cordias</span> <span class='ocrx_word' id='word_1_39' title='bbox 381 687 509 731; x_wconf 87' lang='lat' dir='ltr'>suas?</span> 
     </span>
    </p>

    <p class='ocr_par' dir='ltr' id='par_1_5' title="bbox 176 743 1000 845">
     <span class='ocr_line' id='line_1_10' title="bbox 228 743 1000 797; baseline -0.006 -9"><span class='ocrx_word' id='word_1_40' title='bbox 228 748 285 789; x_wconf 90' lang='lat' dir='ltr'>Et</span> <span class='ocrx_word' id='word_1_41' title='bbox 313 746 420 788; x_wconf 85' lang='lat' dir='ltr'>dixi:</span> <span class='ocrx_word' id='word_1_42' title='bbox 447 746 576 787; x_wconf 91' lang='lat' dir='ltr'>Nunc</span> <span class='ocrx_word' id='word_1_43' title='bbox 596 744 726 797; x_wconf 88' lang='lat' dir='ltr'>coepi:</span> <span class='ocrx_word' id='word_1_44' title='bbox 746 746 769 771; x_wconf 90' lang='lat'>*</span> <span class='ocrx_word' id='word_1_45' title='bbox 788 743 883 785; x_wconf 85' lang='lat' dir='ltr'>haec</span> <span class='ocrx_word' id='word_1_46' title='bbox 911 757 1000 784; x_wconf 92' lang='lat' dir='ltr'>mu-</span> 
     </span>
     <span class='ocr_line' id='line_1_11' title="bbox 176 801 724 845; baseline -0.007 0"><span class='ocrx_word' id='word_1_47' title='bbox 176 804 287 845; x_wconf 61' lang='lat' dir='ltr'>tatio</span> <span class='ocrx_word' id='word_1_48' title='bbox 317 803 510 844; x_wconf 85' lang='lat' dir='ltr'>dexterae</span> <span class='ocrx_word' id='word_1_49' title='bbox 538 801 724 843; x_wconf 88' lang='lat' dir='ltr'>Excelsi.</span> 
     </span>
    </p>

    <p class='ocr_par' dir='ltr' id='par_1_6' title="bbox 178 857 1002 1021">
     <span class='ocr_line' id='line_1_12' title="bbox 230 857 1002 911; baseline -0.006 -10"><span class='ocrx_word' id='word_1_50' title='bbox 230 860 398 901; x_wconf 88' lang='lat' dir='ltr'>Memor</span> <span class='ocrx_word' id='word_1_51' title='bbox 435 859 496 900; x_wconf 91' lang='lat' dir='ltr'>fui</span> <span class='ocrx_word' id='word_1_52' title='bbox 533 860 717 911; x_wconf 90' lang='lat' dir='ltr'>operum</span> <span class='ocrx_word' id='word_1_53' title='bbox 752 857 945 897; x_wconf 88' lang='lat' dir='ltr'>Domini:</span> <span class='ocrx_word' id='word_1_54' title='bbox 978 858 1002 883; x_wconf 82' lang='lat'>*</span> 
     </span>
     <span class='ocr_line' id='line_1_13' title="bbox 179 912 1001 968; baseline -0.005 -11"><span class='ocrx_word' id='word_1_55' title='bbox 179 916 281 968; x_wconf 87' lang='lat' dir='ltr'>quia</span> <span class='ocrx_word' id='word_1_56' title='bbox 308 928 475 957; x_wconf 92' lang='lat' dir='ltr'>memor</span> <span class='ocrx_word' id='word_1_57' title='bbox 504 928 579 956; x_wconf 88' lang='lat' dir='ltr'>ero</span> <span class='ocrx_word' id='word_1_58' title='bbox 605 915 658 956; x_wconf 90' lang='lat' dir='ltr'>ab</span> <span class='ocrx_word' id='word_1_59' title='bbox 687 914 809 955; x_wconf 88' lang='lat' dir='ltr'>initio</span> <span class='ocrx_word' id='word_1_60' title='bbox 830 912 1001 954; x_wconf 88' lang='lat' dir='ltr'>mirabi-</span> 
     </span>
     <span class='ocr_line' id='line_1_14' title="bbox 178 972 499 1021; baseline -0.003 -8"><span class='ocrx_word' id='word_1_61' title='bbox 178 972 284 1013; x_wconf 89' lang='lat' dir='ltr'>lium</span> <span class='ocrx_word' id='word_1_62' title='bbox 311 974 499 1021; x_wconf 90' lang='lat' dir='ltr'>tuorum,</span> 
     </span>
    </p>

    <p class='ocr_par' dir='ltr' id='par_1_7' title="bbox 179 1027 1002 1183">
     <span class='ocr_line' id='line_1_15' title="bbox 230 1027 1001 1079; baseline -0.004 -9"><span class='ocrx_word' id='word_1_63' title='bbox 230 1030 286 1070; x_wconf 89' lang='lat' dir='ltr'>Et</span> <span class='ocrx_word' id='word_1_64' title='bbox 312 1028 560 1070; x_wconf 76' lang='lat' dir='ltr'>meditabor</span> <span class='ocrx_word' id='word_1_65' title='bbox 593 1028 637 1068; x_wconf 93' lang='lat' dir='ltr'>in</span> <span class='ocrx_word' id='word_1_66' title='bbox 665 1027 866 1068; x_wconf 89' lang='lat' dir='ltr'>omnibus</span> <span class='ocrx_word' id='word_1_67' title='bbox 901 1028 1001 1079; x_wconf 89' lang='lat' dir='ltr'>ope-</span> 
     </span>
     <span class='ocr_line' id='line_1_16' title="bbox 179 1083 1002 1127; baseline -0.002 -2"><span class='ocrx_word' id='word_1_68' title='bbox 179 1085 300 1127; x_wconf 86' lang='lat' dir='ltr'>ribus</span> <span class='ocrx_word' id='word_1_69' title='bbox 319 1086 419 1127; x_wconf 90' lang='lat' dir='ltr'>tuis:</span> <span class='ocrx_word' id='word_1_70' title='bbox 441 1087 464 1112; x_wconf 88' lang='lat'>*</span> <span class='ocrx_word' id='word_1_71' title='bbox 489 1090 531 1126; x_wconf 91' lang='lat' dir='ltr'>et</span> <span class='ocrx_word' id='word_1_72' title='bbox 550 1084 594 1125; x_wconf 93' lang='lat' dir='ltr'>in</span> <span class='ocrx_word' id='word_1_73' title='bbox 619 1083 1002 1125; x_wconf 84' lang='lat' dir='ltr'>adinventionibus</span> 
     </span>
     <span class='ocr_line' id='line_1_17' title="bbox 179 1141 543 1183; baseline 0 -1"><span class='ocrx_word' id='word_1_74' title='bbox 179 1142 266 1183; x_wconf 89' lang='lat' dir='ltr'>tuis</span> <span class='ocrx_word' id='word_1_75' title='bbox 295 1141 543 1183; x_wconf 86' lang='lat' dir='ltr'>exercebor.</span> 
     </span>
    </p>

    <p class='ocr_par' dir='ltr' id='par_1_8' title="bbox 179 1197 1002 1363">
     <span class='ocr_line' id='line_1_18' title="bbox 231 1197 1002 1248; baseline -0.001 -10"><span class='ocrx_word' id='word_1_76' title='bbox 231 1198 352 1240; x_wconf 91' lang='lat' dir='ltr'>Deus</span> <span class='ocrx_word' id='word_1_77' title='bbox 395 1199 439 1239; x_wconf 93' lang='lat' dir='ltr'>in</span> <span class='ocrx_word' id='word_1_78' title='bbox 480 1202 631 1239; x_wconf 90' lang='lat' dir='ltr'>sancto</span> <span class='ocrx_word' id='word_1_79' title='bbox 672 1198 742 1239; x_wconf 90' lang='lat' dir='ltr'>via</span> <span class='ocrx_word' id='word_1_80' title='bbox 776 1202 866 1238; x_wconf 87' lang='lat' dir='ltr'>tua:</span> <span class='ocrx_word' id='word_1_81' title='bbox 905 1197 1002 1248; x_wconf 91' lang='lat' dir='ltr'>quis</span> 
     </span>
     <span class='ocr_line' id='line_1_19' title="bbox 179 1251 1002 1306; baseline -0.002 -10"><span class='ocrx_word' id='word_1_82' title='bbox 179 1255 300 1296; x_wconf 91' lang='lat' dir='ltr'>Deus</span> <span class='ocrx_word' id='word_1_83' title='bbox 329 1267 511 1306; x_wconf 86' lang='lat' dir='ltr'>magnus</span> <span class='ocrx_word' id='word_1_84' title='bbox 540 1255 652 1296; x_wconf 90' lang='lat' dir='ltr'>sicut</span> <span class='ocrx_word' id='word_1_85' title='bbox 679 1255 801 1295; x_wconf 91' lang='lat' dir='ltr'>Deus</span> <span class='ocrx_word' id='word_1_86' title='bbox 830 1251 1002 1295; x_wconf 85' lang='lat' dir='ltr'>noster?</span> 
     </span>
     <span class='ocr_line' id='line_1_20' title="bbox 180 1310 982 1363; baseline -0.004 -10"><span class='ocrx_word' id='word_1_87' title='bbox 180 1312 272 1353; x_wconf 88' lang='lat' dir='ltr'>*tu</span> <span class='ocrx_word' id='word_1_88' title='bbox 301 1324 347 1353; x_wconf 92' lang='lat' dir='ltr'>es</span> <span class='ocrx_word' id='word_1_89' title='bbox 371 1312 492 1353; x_wconf 92' lang='lat' dir='ltr'>Deus</span> <span class='ocrx_word' id='word_1_90' title='bbox 522 1311 596 1363; x_wconf 94' lang='lat' dir='ltr'>qui</span> <span class='ocrx_word' id='word_1_91' title='bbox 624 1311 730 1352; x_wconf 89' lang='lat' dir='ltr'>facis</span> <span class='ocrx_word' id='word_1_92' title='bbox 758 1310 982 1352; x_wconf 86' lang='lat' dir='ltr'>mirabilia.</span> 
     </span>
    </p>

    <p class='ocr_par' dir='ltr' id='par_1_9' title="bbox 180 1367 1003 1590">
     <span class='ocr_line' id='line_1_21' title="bbox 231 1367 1003 1420; baseline -0.003 -11"><span class='ocrx_word' id='word_1_93' title='bbox 231 1368 394 1409; x_wconf 89' lang='lat' dir='ltr'>Notam</span> <span class='ocrx_word' id='word_1_94' title='bbox 426 1368 567 1410; x_wconf 83' lang='lat' dir='ltr'>fecisti</span> <span class='ocrx_word' id='word_1_95' title='bbox 595 1368 638 1409; x_wconf 93' lang='lat' dir='ltr'>in</span> <span class='ocrx_word' id='word_1_96' title='bbox 666 1367 844 1420; x_wconf 90' lang='lat' dir='ltr'>populis</span> <span class='ocrx_word' id='word_1_97' title='bbox 872 1367 1003 1408; x_wconf 85' lang='lat' dir='ltr'>virtu-</span> 
     </span>
     <span class='ocr_line' id='line_1_22' title="bbox 180 1422 1003 1466; baseline 0 -1"><span class='ocrx_word' id='word_1_98' title='bbox 180 1430 268 1465; x_wconf 91' lang='lat' dir='ltr'>tem</span> <span class='ocrx_word' id='word_1_99' title='bbox 296 1430 432 1466; x_wconf 86' lang='lat' dir='ltr'>tuam:</span> <span class='ocrx_word' id='word_1_100' title='bbox 457 1427 480 1451; x_wconf 83' lang='lat'>*</span> <span class='ocrx_word' id='word_1_101' title='bbox 500 1424 725 1466; x_wconf 83' lang='lat' dir='ltr'>redemisti</span> <span class='ocrx_word' id='word_1_102' title='bbox 751 1424 794 1464; x_wconf 90' lang='lat' dir='ltr'>in</span> <span class='ocrx_word' id='word_1_103' title='bbox 821 1422 1003 1465; x_wconf 78' lang='lat' dir='ltr'>brachio</span> 
     </span>
     <span class='ocr_line' id='line_1_23' title="bbox 181 1480 1003 1533; baseline 0 -11"><span class='ocrx_word' id='word_1_104' title='bbox 181 1486 257 1523; x_wconf 91' lang='lat' dir='ltr'>tuo</span> <span class='ocrx_word' id='word_1_105' title='bbox 292 1481 505 1533; x_wconf 91' lang='lat' dir='ltr'>populum</span> <span class='ocrx_word' id='word_1_106' title='bbox 533 1486 671 1531; x_wconf 81' lang='lat' dir='ltr'>tuum,</span> <span class='ocrx_word' id='word_1_107' title='bbox 704 1480 820 1522; x_wconf 89' lang='lat' dir='ltr'>filios</span> <span class='ocrx_word' id='word_1_108' title='bbox 853 1480 1003 1530; x_wconf 84' lang='lat' dir='ltr'>Jacob,</span> 
     </span>
     <span class='ocr_line' id='line_1_24' title="bbox 183 1537 429 1590; baseline -0.004 -11"><span class='ocrx_word' id='word_1_109' title='bbox 183 1542 226 1579; x_wconf 89' lang='lat' dir='ltr'>et</span> <span class='ocrx_word' id='word_1_110' title='bbox 253 1538 277 1578; x_wconf 89' lang='lat' dir='ltr'><strong>J</strong></span> <span class='ocrx_word' id='word_1_111' title='bbox 281 1537 429 1590; x_wconf 91' lang='lat' dir='ltr'>oseph.</span> 
     </span>
    </p>
   </div>
   <div class='ocr_carea' id='block_1_3' title="bbox 235 1593 1032 1646">
    <p class='ocr_par' dir='ltr' id='par_1_10' title="bbox 235 1593 1032 1646">
     <span class='ocr_line' id='line_1_25' title="bbox 235 1593 1032 1646; baseline 0.001 -12"><span class='ocrx_word' id='word_1_112' title='bbox 235 1593 451 1635; x_wconf 79' lang='lat' dir='ltr'>Viderunt</span> <span class='ocrx_word' id='word_1_113' title='bbox 485 1598 529 1635; x_wconf 90' lang='lat' dir='ltr'>te</span> <span class='ocrx_word' id='word_1_114' title='bbox 557 1608 683 1646; x_wconf 82' lang='lat' dir='ltr'>aquae</span> <span class='ocrx_word' id='word_1_115' title='bbox 712 1595 851 1644; x_wconf 88' lang='lat' dir='ltr'>Deus,</span> <span class='ocrx_word' id='word_1_116' title='bbox 887 1594 1004 1635; x_wconf 85' lang='lat' dir='ltr'>vide·</span> <span class='ocrx_word' id='word_1_117' title='bbox 1029 1638 1032 1642; x_wconf 63' lang='grc'><em>,</em></span> 
     </span>
    </p>
   </div>
   <div class='ocr_carea' id='block_1_4' title="bbox 183 1652 1016 2771">
    <p class='ocr_par' dir='ltr' id='par_1_11' title="bbox 183 1652 1005 1759">
     <span class='ocr_line' id='line_1_26' title="bbox 184 1652 1005 1702; baseline 0.002 -12"><span class='ocrx_word' id='word_1_118' title='bbox 184 1655 284 1691; x_wconf 89' lang='lat' dir='ltr'>runt</span> <span class='ocrx_word' id='word_1_119' title='bbox 311 1655 355 1691; x_wconf 91' lang='lat' dir='ltr'>te</span> <span class='ocrx_word' id='word_1_120' title='bbox 384 1663 525 1702; x_wconf 83' lang='lat' dir='ltr'>aquae:</span> <span class='ocrx_word' id='word_1_121' title='bbox 552 1652 575 1678; x_wconf 86' lang='lat'>*</span> <span class='ocrx_word' id='word_1_122' title='bbox 605 1657 647 1693; x_wconf 90' lang='lat' dir='ltr'>et</span> <span class='ocrx_word' id='word_1_123' title='bbox 675 1652 927 1701; x_wconf 81' lang='lat' dir='ltr'>timuerunt,</span> <span class='ocrx_word' id='word_1_124' title='bbox 963 1655 1005 1692; x_wconf 85' lang='lat' dir='ltr'>et</span> 
     </span>
     <span class='ocr_line' id='line_1_27' title="bbox 183 1706 684 1759; baseline 0.002 -12"><span class='ocrx_word' id='word_1_125' title='bbox 183 1706 370 1748; x_wconf 82' lang='lat' dir='ltr'>turbatae</span> <span class='ocrx_word' id='word_1_126' title='bbox 397 1711 497 1747; x_wconf 89' lang='lat' dir='ltr'>sunt</span> <span class='ocrx_word' id='word_1_127' title='bbox 526 1706 684 1759; x_wconf 72' lang='lat' dir='ltr'>abyssi.</span> 
     </span>
    </p>

    <p class='ocr_par' dir='ltr' id='par_1_12' title="bbox 186 1762 1006 1862">
     <span class='ocr_line' id='line_1_28' title="bbox 235 1762 1006 1816; baseline 0 -13"><span class='ocrx_word' id='word_1_128' title='bbox 235 1762 473 1805; x_wconf 90' lang='lat' dir='ltr'>Multitudo</span> <span class='ocrx_word' id='word_1_129' title='bbox 514 1764 683 1805; x_wconf 89' lang='lat' dir='ltr'>sonitus</span> <span class='ocrx_word' id='word_1_130' title='bbox 720 1766 947 1816; x_wconf 80' lang='lat' dir='ltr'>aquarum:</span> <span class='ocrx_word' id='word_1_131' title='bbox 983 1766 1006 1791; x_wconf 89' lang='lat'>*</span> 
     </span>
     <span class='ocr_line' id='line_1_29' title="bbox 186 1819 758 1862; baseline 0.003 -2"><span class='ocrx_word' id='word_1_132' title='bbox 186 1832 338 1861; x_wconf 84' lang='lat' dir='ltr'>vocem</span> <span class='ocrx_word' id='word_1_133' title='bbox 367 1819 581 1861; x_wconf 90' lang='lat' dir='ltr'>dederunt</span> <span class='ocrx_word' id='word_1_134' title='bbox 608 1820 758 1862; x_wconf 91' lang='lat' dir='ltr'>nubes.</span> 
     </span>
    </p>

    <p class='ocr_par' dir='ltr' id='par_1_13' title="bbox 187 1876 1008 1975">
     <span class='ocr_line' id='line_1_30' title="bbox 237 1876 1008 1927; baseline 0.003 -12"><span class='ocrx_word' id='word_1_135' title='bbox 237 1876 409 1916; x_wconf 90' lang='lat' dir='ltr'>Etenim</span> <span class='ocrx_word' id='word_1_136' title='bbox 441 1879 612 1927; x_wconf 85' lang='lat' dir='ltr'>sagittae</span> <span class='ocrx_word' id='word_1_137' title='bbox 645 1882 733 1918; x_wconf 88' lang='lat' dir='ltr'>tuae</span> <span class='ocrx_word' id='word_1_138' title='bbox 766 1879 1008 1919; x_wconf 78' lang='lat' dir='ltr'>transeunt:</span> 
     </span>
     <span class='ocr_line' id='line_1_31' title="bbox 187 1932 833 1975; baseline 0.005 -3"><span class='ocrx_word' id='word_1_139' title='bbox 187 1933 210 1958; x_wconf 84' lang='grc'>*</span> <span class='ocrx_word' id='word_1_140' title='bbox 237 1944 324 1973; x_wconf 83' lang='lat' dir='ltr'>vox</span> <span class='ocrx_word' id='word_1_141' title='bbox 352 1932 530 1973; x_wconf 88' lang='lat' dir='ltr'>tonitrui</span> <span class='ocrx_word' id='word_1_142' title='bbox 559 1933 623 1974; x_wconf 92' lang='lat' dir='ltr'>tui</span> <span class='ocrx_word' id='word_1_143' title='bbox 651 1934 695 1974; x_wconf 91' lang='lat' dir='ltr'>in</span> <span class='ocrx_word' id='word_1_144' title='bbox 727 1939 833 1975; x_wconf 88' lang='lat' dir='ltr'>rota.</span> 
     </span>
    </p>

    <p class='ocr_par' dir='ltr' id='par_1_14' title="bbox 188 1987 1009 2141">
     <span class='ocr_line' id='line_1_32' title="bbox 238 1987 1008 2032; baseline 0.006 -5"><span class='ocrx_word' id='word_1_145' title='bbox 238 1987 479 2029; x_wconf 88' lang='lat' dir='ltr'>Illuxerunt</span> <span class='ocrx_word' id='word_1_146' title='bbox 497 1990 823 2031; x_wconf 84' lang='lat' dir='ltr'>coruscationes</span> <span class='ocrx_word' id='word_1_147' title='bbox 837 1995 926 2031; x_wconf 85' lang='lat' dir='ltr'>tuae</span> <span class='ocrx_word' id='word_1_148' title='bbox 943 2003 1008 2032; x_wconf 92' lang='lat' dir='ltr'>or-</span> 
     </span>
     <span class='ocr_line' id='line_1_33' title="bbox 188 2042 1009 2095; baseline 0.005 -11"><span class='ocrx_word' id='word_1_149' title='bbox 188 2042 231 2084; x_wconf 96' lang='lat' dir='ltr'>bi</span> <span class='ocrx_word' id='word_1_150' title='bbox 255 2049 399 2085; x_wconf 88' lang='lat' dir='ltr'>terrae:</span> <span class='ocrx_word' id='word_1_151' title='bbox 427 2046 451 2070; x_wconf 84' lang='lat'>*</span> <span class='ocrx_word' id='word_1_152' title='bbox 479 2048 699 2087; x_wconf 89' lang='lat' dir='ltr'>commota</span> <span class='ocrx_word' id='word_1_153' title='bbox 728 2051 808 2095; x_wconf 86' lang='lat' dir='ltr'>est,</span> <span class='ocrx_word' id='word_1_154' title='bbox 838 2052 882 2087; x_wconf 90' lang='lat' dir='ltr'>et</span> <span class='ocrx_word' id='word_1_155' title='bbox 909 2059 1009 2088; x_wconf 92' lang='lat' dir='ltr'>con-</span> 
     </span>
     <span class='ocr_line' id='line_1_34' title="bbox 188 2100 520 2141; baseline 0.006 -2"><span class='ocrx_word' id='word_1_156' title='bbox 188 2100 366 2141; x_wconf 88' lang='lat' dir='ltr'>tremuit</span> <span class='ocrx_word' id='word_1_157' title='bbox 391 2105 520 2141; x_wconf 86' lang='lat' dir='ltr'>terra.</span> 
     </span>
    </p>

    <p class='ocr_par' dir='ltr' id='par_1_15' title="bbox 190 2156 1011 2319">
     <span class='ocr_line' id='line_1_35' title="bbox 240 2156 1010 2206; baseline 0.008 -11"><span class='ocrx_word' id='word_1_158' title='bbox 240 2156 292 2195; x_wconf 94' lang='lat' dir='ltr'>In</span> <span class='ocrx_word' id='word_1_159' title='bbox 314 2156 422 2197; x_wconf 88' lang='lat' dir='ltr'>mari</span> <span class='ocrx_word' id='word_1_160' title='bbox 451 2157 521 2197; x_wconf 84' lang='lat' dir='ltr'>via</span> <span class='ocrx_word' id='word_1_161' title='bbox 548 2162 634 2206; x_wconf 86' lang='lat' dir='ltr'>tua,</span> <span class='ocrx_word' id='word_1_162' title='bbox 663 2163 706 2199; x_wconf 90' lang='lat' dir='ltr'>et</span> <span class='ocrx_word' id='word_1_163' title='bbox 727 2159 894 2200; x_wconf 83' lang='lat' dir='ltr'>semitae</span> <span class='ocrx_word' id='word_1_164' title='bbox 922 2165 1010 2201; x_wconf 86' lang='lat' dir='ltr'>tuae</span> 
     </span>
     <span class='ocr_line' id='line_1_36' title="bbox 190 2212 1011 2266; baseline 0.006 -14"><span class='ocrx_word' id='word_1_165' title='bbox 190 2212 232 2252; x_wconf 92' lang='lat' dir='ltr'>in</span> <span class='ocrx_word' id='word_1_166' title='bbox 261 2212 387 2263; x_wconf 89' lang='lat' dir='ltr'>aquis</span> <span class='ocrx_word' id='word_1_167' title='bbox 414 2213 578 2254; x_wconf 92' lang='lat' dir='ltr'>multis:</span> <span class='ocrx_word' id='word_1_168' title='bbox 606 2215 629 2240; x_wconf 89' lang='lat'>*</span> <span class='ocrx_word' id='word_1_169' title='bbox 653 2219 695 2255; x_wconf 91' lang='lat' dir='ltr'>et</span> <span class='ocrx_word' id='word_1_170' title='bbox 725 2216 908 2266; x_wconf 88' lang='lat' dir='ltr'>vestigia</span> <span class='ocrx_word' id='word_1_171' title='bbox 935 2221 1011 2257; x_wconf 87' lang='lat' dir='ltr'>tua</span> 
     </span>
     <span class='ocr_line' id='line_1_37' title="bbox 190 2270 639 2319; baseline 0.004 -11"><span class='ocrx_word' id='word_1_172' title='bbox 190 2280 275 2308; x_wconf 92' lang='lat' dir='ltr'>non</span> <span class='ocrx_word' id='word_1_173' title='bbox 305 2270 639 2319; x_wconf 79' lang='lat' dir='ltr'>cognoscentur.</span> 
     </span>
    </p>

    <p class='ocr_par' dir='ltr' id='par_1_16' title="bbox 191 2324 1013 2479">
     <span class='ocr_line' id='line_1_38' title="bbox 241 2324 1012 2380; baseline 0.005 -15"><span class='ocrx_word' id='word_1_174' title='bbox 241 2324 475 2366; x_wconf 86' lang='lat' dir='ltr'>Deduxisti</span> <span class='ocrx_word' id='word_1_175' title='bbox 511 2326 623 2367; x_wconf 88' lang='lat' dir='ltr'>sicut</span> <span class='ocrx_word' id='word_1_176' title='bbox 661 2339 767 2368; x_wconf 85' lang='lat' dir='ltr'>oves</span> <span class='ocrx_word' id='word_1_177' title='bbox 801 2328 1012 2380; x_wconf 88' lang='lat' dir='ltr'>populum</span> 
     </span>
     <span class='ocr_line' id='line_1_39' title="bbox 191 2382 1013 2435; baseline 0.006 -14"><span class='ocrx_word' id='word_1_178' title='bbox 191 2383 364 2430; x_wconf 83' lang='lat' dir='ltr'>tuum,*</span> <span class='ocrx_word' id='word_1_179' title='bbox 385 2382 427 2422; x_wconf 93' lang='lat' dir='ltr'>in</span> <span class='ocrx_word' id='word_1_180' title='bbox 448 2395 579 2423; x_wconf 89' lang='lat' dir='ltr'>manu</span> <span class='ocrx_word' id='word_1_181' title='bbox 608 2382 751 2435; x_wconf 87' lang='lat' dir='ltr'>Moysi</span> <span class='ocrx_word' id='word_1_182' title='bbox 781 2389 823 2424; x_wconf 91' lang='lat' dir='ltr'>et</span> <span class='ocrx_word' id='word_1_183' title='bbox 852 2384 1013 2426; x_wconf 85' lang='lat' dir='ltr'>Aaron.</span> 
     </span>
     <span class='ocr_line' id='line_1_40' title="bbox 460 2439 751 2479; baseline 0.003 -1"><span class='ocrx_word' id='word_1_184' title='bbox 460 2439 658 2479; x_wconf 78' lang='lat' dir='ltr'>psalmus</span> <span class='ocrx_word' id='word_1_185' title='bbox 688 2440 751 2479; x_wconf 91' lang='lat'>77.</span> 
     </span>
    </p>

    <p class='ocr_par' dir='ltr' id='par_1_17' title="bbox 193 2493 1016 2649">
     <span class='ocr_line' id='line_1_41' title="bbox 273 2493 1016 2548; baseline 0.007 -14"><span class='ocrx_word' id='word_1_186' title='bbox 273 2493 460 2535; x_wconf 88' lang='lat' dir='ltr'>ttendite</span> <span class='ocrx_word' id='word_1_187' title='bbox 505 2494 668 2547; x_wconf 89' lang='lat' dir='ltr'>popule</span> <span class='ocrx_word' id='word_1_188' title='bbox 711 2509 833 2537; x_wconf 91' lang='lat' dir='ltr'>meus</span> <span class='ocrx_word' id='word_1_189' title='bbox 876 2497 1016 2548; x_wconf 87' lang='lat' dir='ltr'>legem</span> 
     </span>
     <span class='ocr_line' id='line_1_42' title="bbox 313 2551 1013 2595; baseline 0.007 -5"><span class='ocrx_word' id='word_1_190' title='bbox 313 2563 470 2591; x_wconf 89' lang='lat' dir='ltr'>meam:</span> <span class='ocrx_word' id='word_1_191' title='bbox 490 2553 512 2577; x_wconf 86' lang='lat'>*</span> <span class='ocrx_word' id='word_1_192' title='bbox 534 2551 738 2592; x_wconf 83' lang='lat' dir='ltr'>inclinate</span> <span class='ocrx_word' id='word_1_193' title='bbox 767 2566 915 2594; x_wconf 85' lang='lat' dir='ltr'>aurem</span> <span class='ocrx_word' id='word_1_194' title='bbox 945 2567 1013 2595; x_wconf 80' lang='lat' dir='ltr'>ve-</span> 
     </span>
     <span class='ocr_line' id='line_1_43' title="bbox 193 2606 804 2649; baseline 0.003 -2"><span class='ocrx_word' id='word_1_195' title='bbox 193 2611 328 2647; x_wconf 81' lang='lat' dir='ltr'>stram</span> <span class='ocrx_word' id='word_1_196' title='bbox 357 2606 399 2646; x_wconf 92' lang='lat' dir='ltr'>in</span> <span class='ocrx_word' id='word_1_197' title='bbox 429 2606 560 2647; x_wconf 81' lang='lat' dir='ltr'>verba</span> <span class='ocrx_word' id='word_1_198' title='bbox 591 2608 680 2647; x_wconf 87' lang='lat' dir='ltr'>oris</span> <span class='ocrx_word' id='word_1_199' title='bbox 708 2608 804 2649; x_wconf 88' lang='lat' dir='ltr'>mei.</span> 
     </span>
    </p>

    <p class='ocr_par' dir='ltr' id='par_1_18' title="bbox 194 2663 1015 2771">
     <span class='ocr_line' id='line_1_44' title="bbox 245 2663 1015 2715; baseline 0.006 -13"><span class='ocrx_word' id='word_1_200' title='bbox 245 2663 452 2715; x_wconf 83' lang='lat' dir='ltr'>Aperiam</span> <span class='ocrx_word' id='word_1_201' title='bbox 473 2663 516 2702; x_wconf 93' lang='lat' dir='ltr'>in</span> <span class='ocrx_word' id='word_1_202' title='bbox 537 2663 760 2715; x_wconf 79' lang='lat' dir='ltr'>parabolis</span> <span class='ocrx_word' id='word_1_203' title='bbox 781 2677 830 2705; x_wconf 92' lang='lat' dir='ltr'>os</span> <span class='ocrx_word' id='word_1_204' title='bbox 855 2679 1015 2707; x_wconf 92' lang='lat' dir='ltr'>meum:</span> 
     </span>
     <span class='ocr_line' id='line_1_45' title="bbox 194 2718 991 2771; baseline 0.005 -12"><span class='ocrx_word' id='word_1_205' title='bbox 194 2721 216 2745; x_wconf 85' lang='lat'>*</span> <span class='ocrx_word' id='word_1_206' title='bbox 237 2718 396 2770; x_wconf 77' lang='lat' dir='ltr'>loquar·</span> <span class='ocrx_word' id='word_1_207' title='bbox 419 2719 744 2771; x_wconf 89' lang='lat' dir='ltr'>propositiones</span> <span class='ocrx_word' id='word_1_208' title='bbox 773 2720 828 2762; x_wconf 85' lang='lat' dir='ltr'>ab</span> <span class='ocrx_word' id='word_1_209' title='bbox 857 2722 991 2763; x_wconf 85' lang='lat' dir='ltr'>initio.</span> 
     </span>
    </p>
   </div>
   <div class='ocr_carea' id='block_1_5' title="bbox 1052 285 1882 500">
    <p class='ocr_par' dir='ltr' id='par_1_19' title="bbox 1052 285 1881 443">
     <span class='ocr_line' id='line_1_46' title="bbox 1106 285 1881 339; baseline -0.005 -9"><span class='ocrx_word' id='word_1_210' title='bbox 1106 290 1278 339; x_wconf 87' lang='lat' dir='ltr'>Quanta</span> <span class='ocrx_word' id='word_1_211' title='bbox 1313 287 1559 329; x_wconf 82' lang='lat' dir='ltr'>audivimus</span> <span class='ocrx_word' id='word_1_212' title='bbox 1595 291 1638 327; x_wconf 89' lang='lat' dir='ltr'>et</span> <span class='ocrx_word' id='word_1_213' title='bbox 1674 285 1881 338; x_wconf 89' lang='lat' dir='ltr'>cognovi-</span> 
     </span>
     <span class='ocr_line' id='line_1_47' title="bbox 1052 342 1880 397; baseline -0.005 -10"><span class='ocrx_word' id='word_1_214' title='bbox 1052 359 1149 387; x_wconf 91' lang='lat' dir='ltr'>mus</span> <span class='ocrx_word' id='word_1_215' title='bbox 1179 358 1244 386; x_wconf 91' lang='lat' dir='ltr'>ea:</span> <span class='ocrx_word' id='word_1_216' title='bbox 1273 346 1296 371; x_wconf 89' lang='lat'>*</span> <span class='ocrx_word' id='word_1_217' title='bbox 1317 349 1360 386; x_wconf 91' lang='lat' dir='ltr'>et</span> <span class='ocrx_word' id='word_1_218' title='bbox 1387 348 1538 397; x_wconf 88' lang='lat' dir='ltr'>patres</span> <span class='ocrx_word' id='word_1_219' title='bbox 1566 342 1709 384; x_wconf 89' lang='lat' dir='ltr'>nostri</span> <span class='ocrx_word' id='word_1_220' title='bbox 1736 355 1880 384; x_wconf 88' lang='lat' dir='ltr'>narra-</span> 
     </span>
     <span class='ocr_line' id='line_1_48' title="bbox 1053 400 1378 443; baseline -0.006 0"><span class='ocrx_word' id='word_1_221' title='bbox 1053 404 1209 443; x_wconf 81' lang='lat' dir='ltr'>verunt</span> <span class='ocrx_word' id='word_1_222' title='bbox 1237 400 1378 442; x_wconf 91' lang='lat' dir='ltr'>nobis.</span> 
     </span>
    </p>

    <p class='ocr_par' dir='ltr' id='par_1_20' title="bbox 1103 455 1882 500">
     <span class='ocr_line' id='line_1_49' title="bbox 1103 455 1882 500; baseline -0.005 0"><span class='ocrx_word' id='word_1_223' title='bbox 1103 459 1205 500; x_wconf 92' lang='lat' dir='ltr'>Non</span> <span class='ocrx_word' id='word_1_224' title='bbox 1235 462 1336 499; x_wconf 87' lang='lat' dir='ltr'>sunt</span> <span class='ocrx_word' id='word_1_225' title='bbox 1368 456 1590 498; x_wconf 77' lang='lat' dir='ltr'>occultata</span> <span class='ocrx_word' id='word_1_226' title='bbox 1620 468 1646 497; x_wconf 89' lang='lat' dir='ltr'>a</span> <span class='ocrx_word' id='word_1_227' title='bbox 1677 455 1780 497; x_wconf 89' lang='lat' dir='ltr'>filiis</span> <span class='ocrx_word' id='word_1_228' title='bbox 1811 457 1882 497; x_wconf 90' lang='lat' dir='ltr'>eo-</span> 
     </span>
    </p>
   </div>
   <div class='ocr_carea' id='block_1_6' title="bbox 1002 512 1774 565">
    <p class='ocr_par' dir='ltr' id='par_1_21' title="bbox 1002 512 1774 565">
     <span class='ocr_line' id='line_1_50' title="bbox 1002 512 1774 565; baseline -0.004 -9"><span class='ocrx_word' id='word_1_229' title='bbox 1002 538 1004 540; x_wconf 30' lang='lat' dir='ltr'>r</span> <span class='ocrx_word' id='word_1_230' title='bbox 1053 529 1159 565; x_wconf 92' lang='lat' dir='ltr'>rum,</span> <span class='ocrx_word' id='word_1_231' title='bbox 1188 517 1211 542; x_wconf 81' lang='lat'>*</span> <span class='ocrx_word' id='word_1_232' title='bbox 1239 515 1283 555; x_wconf 91' lang='lat' dir='ltr'>in</span> <span class='ocrx_word' id='word_1_233' title='bbox 1311 514 1596 565; x_wconf 85' lang='lat' dir='ltr'>generatione</span> <span class='ocrx_word' id='word_1_234' title='bbox 1624 512 1774 554; x_wconf 77' lang='lat' dir='ltr'>altera.</span> 
     </span>
    </p>
   </div>
   <div class='ocr_carea' id='block_1_7' title="bbox 1053 568 1891 2428">
    <p class='ocr_par' dir='ltr' id='par_1_22' title="bbox 1053 568 1882 727">
     <span class='ocr_line' id='line_1_51' title="bbox 1104 568 1881 619; baseline -0.005 -6"><span class='ocrx_word' id='word_1_235' title='bbox 1104 572 1346 613; x_wconf 82' lang='lat' dir='ltr'>Narrantes</span> <span class='ocrx_word' id='word_1_236' title='bbox 1362 569 1517 611; x_wconf 88' lang='lat' dir='ltr'>laudes</span> <span class='ocrx_word' id='word_1_237' title='bbox 1532 569 1723 619; x_wconf 88' lang='lat' dir='ltr'>Domini,</span> <span class='ocrx_word' id='word_1_238' title='bbox 1743 573 1787 611; x_wconf 89' lang='lat' dir='ltr'>et</span> <span class='ocrx_word' id='word_1_239' title='bbox 1799 568 1881 609; x_wconf 91' lang='lat' dir='ltr'>vir-</span> 
     </span>
     <span class='ocr_line' id='line_1_52' title="bbox 1053 626 1882 680; baseline -0.004 -10"><span class='ocrx_word' id='word_1_240' title='bbox 1053 632 1170 670; x_wconf 80' lang='lat' dir='ltr'>tutes</span> <span class='ocrx_word' id='word_1_241' title='bbox 1193 629 1295 680; x_wconf 88' lang='lat' dir='ltr'>ejus,</span> <span class='ocrx_word' id='word_1_242' title='bbox 1315 629 1339 654; x_wconf 87' lang='grc'><em>*</em></span> <span class='ocrx_word' id='word_1_243' title='bbox 1359 631 1402 668; x_wconf 93' lang='lat' dir='ltr'>et</span> <span class='ocrx_word' id='word_1_244' title='bbox 1422 626 1642 668; x_wconf 85' lang='lat' dir='ltr'>mirabilia</span> <span class='ocrx_word' id='word_1_245' title='bbox 1659 626 1761 678; x_wconf 87' lang='lat' dir='ltr'>ejus,</span> <span class='ocrx_word' id='word_1_246' title='bbox 1782 638 1882 677; x_wconf 83' lang='lat' dir='ltr'>quae</span> 
     </span>
     <span class='ocr_line' id='line_1_53' title="bbox 1053 686 1167 727; baseline -0.009 -1"><span class='ocrx_word' id='word_1_247' title='bbox 1053 686 1167 727; x_wconf 89' lang='lat' dir='ltr'>fecit.</span> 
     </span>
    </p>

    <p class='ocr_par' dir='ltr' id='par_1_23' title="bbox 1054 739 1881 849">
     <span class='ocr_line' id='line_1_54' title="bbox 1105 739 1881 783; baseline -0.003 0"><span class='ocrx_word' id='word_1_248' title='bbox 1105 742 1162 783; x_wconf 86' lang='lat' dir='ltr'>Et</span> <span class='ocrx_word' id='word_1_249' title='bbox 1182 740 1412 783; x_wconf 78' lang='lat' dir='ltr'>suscitavit</span> <span class='ocrx_word' id='word_1_250' title='bbox 1432 739 1736 781; x_wconf 91' lang='lat' dir='ltr'>testimonium</span> <span class='ocrx_word' id='word_1_251' title='bbox 1753 739 1798 781; x_wconf 90' lang='lat' dir='ltr'>in</span> <span class='ocrx_word' id='word_1_252' title='bbox 1813 740 1838 781; x_wconf 91' lang='lat' dir='ltr'><strong>J</strong></span> <span class='ocrx_word' id='word_1_253' title='bbox 1841 752 1881 781; x_wconf 89' lang='lat' dir='ltr'>a·</span> 
     </span>
     <span class='ocr_line' id='line_1_55' title="bbox 1054 796 1874 849; baseline -0.004 -9"><span class='ocrx_word' id='word_1_254' title='bbox 1054 798 1154 840; x_wconf 92' lang='lat' dir='ltr'>cob:</span> <span class='ocrx_word' id='word_1_255' title='bbox 1183 800 1206 826; x_wconf 86' lang='lat'>*</span> <span class='ocrx_word' id='word_1_256' title='bbox 1235 803 1278 839; x_wconf 90' lang='lat' dir='ltr'>et</span> <span class='ocrx_word' id='word_1_257' title='bbox 1304 798 1448 849; x_wconf 86' lang='lat' dir='ltr'>legem</span> <span class='ocrx_word' id='word_1_258' title='bbox 1474 796 1626 849; x_wconf 88' lang='lat' dir='ltr'>posuit</span> <span class='ocrx_word' id='word_1_259' title='bbox 1652 796 1698 837; x_wconf 89' lang='lat' dir='ltr'>in</span> <span class='ocrx_word' id='word_1_260' title='bbox 1725 796 1874 838; x_wconf 78' lang='lat' dir='ltr'>Israel.</span> 
     </span>
    </p>

    <p class='ocr_par' dir='ltr' id='par_1_24' title="bbox 1053 853 1882 1021">
     <span class='ocr_line' id='line_1_56' title="bbox 1106 853 1882 907; baseline -0.003 -11"><span class='ocrx_word' id='word_1_261' title='bbox 1106 856 1279 905; x_wconf 87' lang='lat' dir='ltr'>Quanta</span> <span class='ocrx_word' id='word_1_262' title='bbox 1310 854 1537 895; x_wconf 77' lang='lat' dir='ltr'>mandavit</span> <span class='ocrx_word' id='word_1_263' title='bbox 1569 853 1772 907; x_wconf 71' lang='lat' dir='ltr'>patribus</span> <span class='ocrx_word' id='word_1_264' title='bbox 1806 866 1882 895; x_wconf 93' lang='lat' dir='ltr'>no-</span> 
     </span>
     <span class='ocr_line' id='line_1_57' title="bbox 1055 910 1882 953; baseline -0.002 0"><span class='ocrx_word' id='word_1_265' title='bbox 1055 913 1158 953; x_wconf 90' lang='lat' dir='ltr'>stris</span> <span class='ocrx_word' id='word_1_266' title='bbox 1189 917 1295 953; x_wconf 85' lang='lat' dir='ltr'>nota</span> <span class='ocrx_word' id='word_1_267' title='bbox 1330 911 1476 952; x_wconf 79' lang='lat' dir='ltr'>facere</span> <span class='ocrx_word' id='word_1_268' title='bbox 1505 923 1556 952; x_wconf 86' lang='lat' dir='ltr'>ea</span> <span class='ocrx_word' id='word_1_269' title='bbox 1583 910 1687 951; x_wconf 88' lang='lat' dir='ltr'>filiis</span> <span class='ocrx_word' id='word_1_270' title='bbox 1723 910 1831 951; x_wconf 85' lang='lat' dir='ltr'>suis:</span> <span class='ocrx_word' id='word_1_271' title='bbox 1858 911 1882 938; x_wconf 83' lang='lat'>*</span> 
     </span>
     <span class='ocr_line' id='line_1_58' title="bbox 1053 966 1804 1021; baseline -0.004 -11"><span class='ocrx_word' id='word_1_272' title='bbox 1053 974 1102 1011; x_wconf 91' lang='lat' dir='ltr'>ut</span> <span class='ocrx_word' id='word_1_273' title='bbox 1131 971 1370 1021; x_wconf 85' lang='lat' dir='ltr'>cognoscat</span> <span class='ocrx_word' id='word_1_274' title='bbox 1397 967 1624 1019; x_wconf 76' lang='lat' dir='ltr'>generatio</span> <span class='ocrx_word' id='word_1_275' title='bbox 1655 966 1804 1009; x_wconf 76' lang='lat' dir='ltr'>altera.</span> 
     </span>
    </p>

    <p class='ocr_par' dir='ltr' id='par_1_25' title="bbox 1054 1026 1882 1131">
     <span class='ocr_line' id='line_1_59' title="bbox 1105 1026 1882 1078; baseline -0.003 -12"><span class='ocrx_word' id='word_1_276' title='bbox 1105 1026 1205 1066; x_wconf 91' lang='lat' dir='ltr'>Filii</span> <span class='ocrx_word' id='word_1_277' title='bbox 1222 1026 1296 1078; x_wconf 91' lang='lat' dir='ltr'>qui</span> <span class='ocrx_word' id='word_1_278' title='bbox 1310 1026 1557 1074; x_wconf 88' lang='lat' dir='ltr'>nascentur,</span> <span class='ocrx_word' id='word_1_279' title='bbox 1573 1028 1617 1065; x_wconf 86' lang='lat' dir='ltr'>et</span> <span class='ocrx_word' id='word_1_280' title='bbox 1633 1027 1882 1075; x_wconf 81' lang='lat' dir='ltr'>exsurgent,</span> 
     </span>
     <span class='ocr_line' id='line_1_60' title="bbox 1054 1080 1682 1131; baseline -0.005 -7"><span class='ocrx_word' id='word_1_281' title='bbox 1054 1084 1078 1110; x_wconf 91' lang='lat'>*</span> <span class='ocrx_word' id='word_1_282' title='bbox 1107 1087 1150 1124; x_wconf 91' lang='lat' dir='ltr'>et</span> <span class='ocrx_word' id='word_1_283' title='bbox 1178 1082 1420 1124; x_wconf 78' lang='lat' dir='ltr'>narrabunt</span> <span class='ocrx_word' id='word_1_284' title='bbox 1447 1081 1550 1122; x_wconf 84' lang='lat' dir='ltr'>filiis</span> <span class='ocrx_word' id='word_1_285' title='bbox 1580 1080 1682 1131; x_wconf 89' lang='lat' dir='ltr'>suis,</span> 
     </span>
    </p>

    <p class='ocr_par' dir='ltr' id='par_1_26' title="bbox 1055 1138 1883 1304">
     <span class='ocr_line' id='line_1_61' title="bbox 1107 1138 1883 1192; baseline -0.004 -12"><span class='ocrx_word' id='word_1_286' title='bbox 1107 1140 1167 1181; x_wconf 91' lang='lat' dir='ltr'>Ut</span> <span class='ocrx_word' id='word_1_287' title='bbox 1194 1144 1363 1192; x_wconf 91' lang='lat' dir='ltr'>ponant</span> <span class='ocrx_word' id='word_1_288' title='bbox 1397 1139 1442 1179; x_wconf 92' lang='lat' dir='ltr'>in</span> <span class='ocrx_word' id='word_1_289' title='bbox 1468 1138 1565 1179; x_wconf 92' lang='lat' dir='ltr'>Deo</span> <span class='ocrx_word' id='word_1_290' title='bbox 1594 1150 1720 1190; x_wconf 91' lang='lat' dir='ltr'>spem</span> <span class='ocrx_word' id='word_1_291' title='bbox 1748 1149 1883 1187; x_wconf 86' lang='lat' dir='ltr'>suam,</span> 
     </span>
     <span class='ocr_line' id='line_1_62' title="bbox 1056 1193 1883 1247; baseline -0.004 -10"><span class='ocrx_word' id='word_1_292' title='bbox 1056 1201 1100 1237; x_wconf 93' lang='lat' dir='ltr'>et</span> <span class='ocrx_word' id='word_1_293' title='bbox 1127 1208 1214 1237; x_wconf 92' lang='lat' dir='ltr'>non</span> <span class='ocrx_word' id='word_1_294' title='bbox 1237 1195 1554 1237; x_wconf 80' lang='lat' dir='ltr'>obliviscantur</span> <span class='ocrx_word' id='word_1_295' title='bbox 1579 1196 1764 1247; x_wconf 89' lang='lat' dir='ltr'>operum</span> <span class='ocrx_word' id='word_1_296' title='bbox 1783 1193 1883 1235; x_wconf 88' lang='lat' dir='ltr'>Dei:</span> 
     </span>
     <span class='ocr_line' id='line_1_63' title="bbox 1055 1252 1779 1304; baseline -0.004 -10"><span class='ocrx_word' id='word_1_297' title='bbox 1055 1255 1079 1280; x_wconf 88' lang='lat'>*</span> <span class='ocrx_word' id='word_1_298' title='bbox 1109 1258 1152 1295; x_wconf 93' lang='lat' dir='ltr'>et</span> <span class='ocrx_word' id='word_1_299' title='bbox 1179 1252 1387 1294; x_wconf 77' lang='lat' dir='ltr'>mandata</span> <span class='ocrx_word' id='word_1_300' title='bbox 1417 1253 1507 1304; x_wconf 91' lang='lat' dir='ltr'>ejus</span> <span class='ocrx_word' id='word_1_301' title='bbox 1536 1253 1779 1303; x_wconf 85' lang='lat' dir='ltr'>exquirant.</span> 
     </span>
    </p>

    <p class='ocr_par' dir='ltr' id='par_1_27' title="bbox 1056 1308 1884 1419">
     <span class='ocr_line' id='line_1_64' title="bbox 1107 1308 1884 1361; baseline -0.004 -10"><span class='ocrx_word' id='word_1_302' title='bbox 1107 1310 1175 1351; x_wconf 93' lang='lat' dir='ltr'>Ne</span> <span class='ocrx_word' id='word_1_303' title='bbox 1202 1309 1309 1350; x_wconf 87' lang='lat' dir='ltr'>fiant</span> <span class='ocrx_word' id='word_1_304' title='bbox 1338 1309 1451 1350; x_wconf 92' lang='lat' dir='ltr'>sicut</span> <span class='ocrx_word' id='word_1_305' title='bbox 1480 1313 1630 1361; x_wconf 89' lang='lat' dir='ltr'>patres</span> <span class='ocrx_word' id='word_1_306' title='bbox 1664 1309 1832 1349; x_wconf 87' lang='lat' dir='ltr'>eorum:</span> <span class='ocrx_word' id='word_1_307' title='bbox 1859 1308 1884 1334; x_wconf 85' lang='grc'>*</span> 
     </span>
     <span class='ocr_line' id='line_1_65' title="bbox 1056 1366 1828 1419; baseline -0.004 -11"><span class='ocrx_word' id='word_1_308' title='bbox 1056 1366 1282 1418; x_wconf 79' lang='lat' dir='ltr'>generatio</span> <span class='ocrx_word' id='word_1_309' title='bbox 1311 1379 1449 1419; x_wconf 89' lang='lat' dir='ltr'>prava</span> <span class='ocrx_word' id='word_1_310' title='bbox 1478 1369 1521 1407; x_wconf 88' lang='lat' dir='ltr'>et</span> <span class='ocrx_word' id='word_1_311' title='bbox 1550 1367 1828 1417; x_wconf 79' lang='lat' dir='ltr'>exasperans.</span> 
     </span>
    </p>

    <p class='ocr_par' dir='ltr' id='par_1_28' title="bbox 1056 1420 1885 1589">
     <span class='ocr_line' id='line_1_66' title="bbox 1109 1420 1884 1474; baseline -0.004 -9"><span class='ocrx_word' id='word_1_312' title='bbox 1109 1423 1360 1472; x_wconf 61' lang='lat' dir='ltr'>Generatim</span> <span class='ocrx_word' id='word_1_313' title='bbox 1390 1435 1488 1474; x_wconf 84' lang='lat' dir='ltr'>quae</span> <span class='ocrx_word' id='word_1_314' title='bbox 1508 1434 1596 1463; x_wconf 92' lang='lat' dir='ltr'>non</span> <span class='ocrx_word' id='word_1_315' title='bbox 1627 1420 1787 1463; x_wconf 88' lang='lat' dir='ltr'>direxit</span> <span class='ocrx_word' id='word_1_316' title='bbox 1807 1433 1884 1463; x_wconf 93' lang='lat' dir='ltr'>cor</span> 
     </span>
     <span class='ocr_line' id='line_1_67' title="bbox 1057 1477 1885 1521; baseline -0.004 0"><span class='ocrx_word' id='word_1_317' title='bbox 1057 1493 1198 1521; x_wconf 92' lang='lat' dir='ltr'>suum:</span> <span class='ocrx_word' id='word_1_318' title='bbox 1227 1481 1250 1507; x_wconf 87' lang='lat'>*</span> <span class='ocrx_word' id='word_1_319' title='bbox 1279 1484 1323 1521; x_wconf 92' lang='lat' dir='ltr'>et</span> <span class='ocrx_word' id='word_1_320' title='bbox 1350 1492 1439 1520; x_wconf 93' lang='lat' dir='ltr'>non</span> <span class='ocrx_word' id='word_1_321' title='bbox 1467 1483 1534 1520; x_wconf 90' lang='lat' dir='ltr'>est</span> <span class='ocrx_word' id='word_1_322' title='bbox 1563 1477 1758 1520; x_wconf 91' lang='lat' dir='ltr'>creditus</span> <span class='ocrx_word' id='word_1_323' title='bbox 1786 1490 1885 1519; x_wconf 90' lang='lat' dir='ltr'>cum</span> 
     </span>
     <span class='ocr_line' id='line_1_68' title="bbox 1056 1536 1495 1589; baseline -0.005 -11"><span class='ocrx_word' id='word_1_324' title='bbox 1056 1537 1154 1578; x_wconf 92' lang='lat' dir='ltr'>Deo</span> <span class='ocrx_word' id='word_1_325' title='bbox 1183 1536 1364 1589; x_wconf 89' lang='lat' dir='ltr'>spiritus</span> <span class='ocrx_word' id='word_1_326' title='bbox 1393 1537 1495 1588; x_wconf 91' lang='lat' dir='ltr'>ejus.</span> 
     </span>
    </p>

    <p class='ocr_par' dir='ltr' id='par_1_29' title="bbox 1056 1591 1886 1748">
     <span class='ocr_line' id='line_1_69' title="bbox 1109 1591 1886 1645; baseline -0.003 -11"><span class='ocrx_word' id='word_1_327' title='bbox 1109 1593 1208 1634; x_wconf 86' lang='lat' dir='ltr'>Filii</span> <span class='ocrx_word' id='word_1_328' title='bbox 1259 1592 1455 1645; x_wconf 90' lang='lat' dir='ltr'>Ephrem</span> <span class='ocrx_word' id='word_1_329' title='bbox 1507 1591 1786 1633; x_wconf 90' lang='lat' dir='ltr'>intendentes</span> <span class='ocrx_word' id='word_1_330' title='bbox 1841 1595 1886 1632; x_wconf 88' lang='lat' dir='ltr'>et</span> 
     </span>
     <span class='ocr_line' id='line_1_70' title="bbox 1056 1648 1886 1691; baseline -0.002 0"><span class='ocrx_word' id='word_1_331' title='bbox 1056 1650 1283 1691; x_wconf 86' lang='lat' dir='ltr'>mittentes</span> <span class='ocrx_word' id='word_1_332' title='bbox 1311 1662 1475 1691; x_wconf 88' lang='lat' dir='ltr'>arcum:</span> <span class='ocrx_word' id='word_1_333' title='bbox 1502 1650 1526 1676; x_wconf 87' lang='lat'>*</span> <span class='ocrx_word' id='word_1_334' title='bbox 1554 1648 1757 1690; x_wconf 90' lang='lat' dir='ltr'>conversi</span> <span class='ocrx_word' id='word_1_335' title='bbox 1785 1652 1886 1689; x_wconf 84' lang='lat' dir='ltr'>sunt</span> 
     </span>
     <span class='ocr_line' id='line_1_71' title="bbox 1057 1706 1345 1748; baseline -0.003 -1"><span class='ocrx_word' id='word_1_336' title='bbox 1057 1707 1101 1747; x_wconf 91' lang='lat' dir='ltr'>in</span> <span class='ocrx_word' id='word_1_337' title='bbox 1130 1706 1202 1748; x_wconf 92' lang='lat' dir='ltr'>die</span> <span class='ocrx_word' id='word_1_338' title='bbox 1229 1706 1345 1747; x_wconf 92' lang='lat' dir='ltr'>belli.</span> 
     </span>
    </p>

    <p class='ocr_par' dir='ltr' id='par_1_30' title="bbox 1058 1762 1888 1918">
     <span class='ocr_line' id='line_1_72' title="bbox 1109 1762 1888 1804; baseline -0.003 0"><span class='ocrx_word' id='word_1_339' title='bbox 1109 1764 1211 1804; x_wconf 91' lang='lat' dir='ltr'>Non</span> <span class='ocrx_word' id='word_1_340' title='bbox 1239 1762 1544 1804; x_wconf 90' lang='lat' dir='ltr'>custodierunt</span> <span class='ocrx_word' id='word_1_341' title='bbox 1574 1762 1888 1803; x_wconf 84' lang='lat' dir='ltr'>testamentum</span> 
     </span>
     <span class='ocr_line' id='line_1_73' title="bbox 1058 1818 1888 1871; baseline -0.002 -10"><span class='ocrx_word' id='word_1_342' title='bbox 1058 1820 1156 1861; x_wconf 86' lang='lat' dir='ltr'>Dei:</span> <span class='ocrx_word' id='word_1_343' title='bbox 1189 1822 1213 1847; x_wconf 83' lang='lat'>*</span> <span class='ocrx_word' id='word_1_344' title='bbox 1242 1824 1285 1862; x_wconf 92' lang='lat' dir='ltr'>et</span> <span class='ocrx_word' id='word_1_345' title='bbox 1319 1820 1364 1860; x_wconf 92' lang='lat' dir='ltr'>in</span> <span class='ocrx_word' id='word_1_346' title='bbox 1395 1819 1493 1871; x_wconf 91' lang='lat' dir='ltr'>lege</span> <span class='ocrx_word' id='word_1_347' title='bbox 1527 1819 1618 1870; x_wconf 90' lang='lat' dir='ltr'>ejus</span> <span class='ocrx_word' id='word_1_348' title='bbox 1652 1818 1888 1859; x_wconf 89' lang='lat' dir='ltr'>noluerunt</span> 
     </span>
     <span class='ocr_line' id='line_1_74' title="bbox 1059 1876 1295 1918; baseline -0.004 0"><span class='ocrx_word' id='word_1_349' title='bbox 1059 1876 1295 1918; x_wconf 78' lang='lat' dir='ltr'>ambulare.</span> 
     </span>
    </p>

    <p class='ocr_par' dir='ltr' id='par_1_31' title="bbox 1059 1931 1889 2088">
     <span class='ocr_line' id='line_1_75' title="bbox 1110 1931 1888 1984; baseline -0.004 -9"><span class='ocrx_word' id='word_1_350' title='bbox 1110 1934 1167 1975; x_wconf 92' lang='lat' dir='ltr'>Et</span> <span class='ocrx_word' id='word_1_351' title='bbox 1179 1933 1305 1975; x_wconf 84' lang='lat' dir='ltr'>obliti</span> <span class='ocrx_word' id='word_1_352' title='bbox 1323 1937 1423 1974; x_wconf 90' lang='lat' dir='ltr'>sunt</span> <span class='ocrx_word' id='word_1_353' title='bbox 1440 1931 1774 1974; x_wconf 88' lang='lat' dir='ltr'>benefactorum</span> <span class='ocrx_word' id='word_1_354' title='bbox 1785 1932 1888 1984; x_wconf 84' lang='lat' dir='ltr'>eius,</span> 
     </span>
     <span class='ocr_line' id='line_1_76' title="bbox 1059 1987 1889 2041; baseline -0.004 -9"><span class='ocrx_word' id='word_1_355' title='bbox 1059 1991 1083 2017; x_wconf 87' lang='lat'>*</span> <span class='ocrx_word' id='word_1_356' title='bbox 1104 1995 1147 2032; x_wconf 90' lang='lat' dir='ltr'>et</span> <span class='ocrx_word' id='word_1_357' title='bbox 1168 1990 1434 2031; x_wconf 87' lang='lat' dir='ltr'>mirabilium</span> <span class='ocrx_word' id='word_1_358' title='bbox 1455 1990 1545 2041; x_wconf 88' lang='lat' dir='ltr'>ejus</span> <span class='ocrx_word' id='word_1_359' title='bbox 1569 2001 1668 2040; x_wconf 87' lang='lat' dir='ltr'>quae</span> <span class='ocrx_word' id='word_1_360' title='bbox 1693 1987 1889 2030; x_wconf 90' lang='lat' dir='ltr'>ostendit</span> 
     </span>
     <span class='ocr_line' id='line_1_77' title="bbox 1061 2059 1135 2088; baseline -0.014 0"><span class='ocrx_word' id='word_1_361' title='bbox 1061 2059 1135 2088; x_wconf 88' lang='lat' dir='ltr'>e1s.</span> 
     </span>
    </p>

    <p class='ocr_par' dir='ltr' id='par_1_32' title="bbox 1061 2101 1888 2258">
     <span class='ocr_line' id='line_1_78' title="bbox 1113 2101 1888 2156; baseline -0.003 -12"><span class='ocrx_word' id='word_1_362' title='bbox 1113 2103 1273 2145; x_wconf 90' lang='lat' dir='ltr'>Coram</span> <span class='ocrx_word' id='word_1_363' title='bbox 1291 2103 1493 2156; x_wconf 75' lang='lat' dir='ltr'>patribus</span> <span class='ocrx_word' id='word_1_364' title='bbox 1514 2104 1667 2144; x_wconf 90' lang='lat' dir='ltr'>eorum</span> <span class='ocrx_word' id='word_1_365' title='bbox 1686 2101 1790 2143; x_wconf 90' lang='lat' dir='ltr'>fecit</span> <span class='ocrx_word' id='word_1_366' title='bbox 1813 2101 1888 2143; x_wconf 89' lang='lat' dir='ltr'>mi-</span> 
     </span>
     <span class='ocr_line' id='line_1_79' title="bbox 1061 2159 1888 2213; baseline -0.002 -12"><span class='ocrx_word' id='word_1_367' title='bbox 1061 2160 1216 2201; x_wconf 84' lang='lat' dir='ltr'>rabilia</span> <span class='ocrx_word' id='word_1_368' title='bbox 1238 2160 1281 2200; x_wconf 91' lang='lat' dir='ltr'>in</span> <span class='ocrx_word' id='word_1_369' title='bbox 1297 2164 1415 2201; x_wconf 87' lang='lat' dir='ltr'>terra</span> <span class='ocrx_word' id='word_1_370' title='bbox 1430 2159 1626 2213; x_wconf 73' lang='lat' dir='ltr'>AEgypti,</span> <span class='ocrx_word' id='word_1_371' title='bbox 1637 2161 1661 2186; x_wconf 82' lang='lat'>*</span> <span class='ocrx_word' id='word_1_372' title='bbox 1671 2159 1716 2200; x_wconf 92' lang='lat' dir='ltr'>in</span> <span class='ocrx_word' id='word_1_373' title='bbox 1731 2170 1888 2211; x_wconf 87' lang='lat' dir='ltr'>campo</span> 
     </span>
     <span class='ocr_line' id='line_1_80' title="bbox 1061 2217 1249 2258; baseline -0.005 -1"><span class='ocrx_word' id='word_1_374' title='bbox 1061 2217 1249 2258; x_wconf 81' lang='lat' dir='ltr'>Taneos.</span> 
     </span>
    </p>

    <p class='ocr_par' dir='ltr' id='par_1_33' title="bbox 1062 2272 1889 2382">
     <span class='ocr_line' id='line_1_81' title="bbox 1113 2272 1889 2326; baseline -0.001 -12"><span class='ocrx_word' id='word_1_375' title='bbox 1113 2273 1354 2325; x_wconf 83' lang='lat' dir='ltr'>Interrupit</span> <span class='ocrx_word' id='word_1_376' title='bbox 1371 2286 1503 2322; x_wconf 85' lang='lat' dir='ltr'>mare,</span> <span class='ocrx_word' id='word_1_377' title='bbox 1521 2277 1565 2315; x_wconf 91' lang='lat' dir='ltr'>et</span> <span class='ocrx_word' id='word_1_378' title='bbox 1575 2272 1783 2326; x_wconf 83' lang='lat' dir='ltr'>perduxit</span> <span class='ocrx_word' id='word_1_379' title='bbox 1797 2285 1889 2314; x_wconf 88' lang='lat' dir='ltr'>eos:</span> 
     </span>
     <span class='ocr_line' id='line_1_82' title="bbox 1062 2330 1864 2382; baseline -0.001 -11"><span class='ocrx_word' id='word_1_380' title='bbox 1062 2332 1085 2356; x_wconf 88' lang='lat'>*</span> <span class='ocrx_word' id='word_1_381' title='bbox 1115 2334 1158 2371; x_wconf 89' lang='lat' dir='ltr'>et</span> <span class='ocrx_word' id='word_1_382' title='bbox 1186 2330 1341 2371; x_wconf 76' lang='lat' dir='ltr'>statuit</span> <span class='ocrx_word' id='word_1_383' title='bbox 1369 2342 1506 2381; x_wconf 90' lang='lat' dir='ltr'>aquas</span> <span class='ocrx_word' id='word_1_384' title='bbox 1536 2330 1662 2382; x_wconf 90' lang='lat' dir='ltr'>quasi</span> <span class='ocrx_word' id='word_1_385' title='bbox 1689 2330 1735 2371; x_wconf 91' lang='lat' dir='ltr'>in</span> <span class='ocrx_word' id='word_1_386' title='bbox 1756 2333 1864 2371; x_wconf 88' lang='lat' dir='ltr'>utre.</span> 
     </span>
    </p>

    <p class='ocr_par' dir='ltr' id='par_1_34' title="bbox 1113 2385 1891 2428">
     <span class='ocr_line' id='line_1_83' title="bbox 1113 2385 1891 2428; baseline -0.001 -1"><span class='ocrx_word' id='word_1_387' title='bbox 1113 2387 1170 2427; x_wconf 88' lang='lat' dir='ltr'>Et</span> <span class='ocrx_word' id='word_1_388' title='bbox 1200 2385 1383 2427; x_wconf 85' lang='lat' dir='ltr'>deduxit</span> <span class='ocrx_word' id='word_1_389' title='bbox 1412 2399 1489 2428; x_wconf 92' lang='lat' dir='ltr'>eos</span> <span class='ocrx_word' id='word_1_390' title='bbox 1518 2387 1562 2427; x_wconf 94' lang='lat' dir='ltr'>in</span> <span class='ocrx_word' id='word_1_391' title='bbox 1590 2386 1706 2428; x_wconf 92' lang='lat' dir='ltr'>nube</span> <span class='ocrx_word' id='word_1_392' title='bbox 1735 2385 1840 2427; x_wconf 85' lang='lat' dir='ltr'>diei:</span> <span class='ocrx_word' id='word_1_393' title='bbox 1866 2387 1891 2412; x_wconf 90' lang='lat'>*</span> 
     </span>
    </p>
   </div>
   <div class='ocr_carea' id='block_1_8' title="bbox 1064 2442 1892 2777">
    <p class='ocr_par' dir='ltr' id='par_1_35' title="bbox 1064 2442 1890 2494">
     <span class='ocr_line' id='line_1_84' title="bbox 1064 2442 1890 2494; baseline -0.002 -10"><span class='ocrx_word' id='word_1_394' title='bbox 1064 2448 1107 2484; x_wconf 90' lang='lat' dir='ltr'>et</span> <span class='ocrx_word' id='word_1_395' title='bbox 1120 2448 1216 2484; x_wconf 87' lang='lat' dir='ltr'>tota</span> <span class='ocrx_word' id='word_1_396' title='bbox 1230 2447 1363 2483; x_wconf 90' lang='lat' dir='ltr'>nocte</span> <span class='ocrx_word' id='word_1_397' title='bbox 1378 2443 1422 2483; x_wconf 92' lang='lat' dir='ltr'>in</span> <span class='ocrx_word' id='word_1_398' title='bbox 1432 2443 1752 2485; x_wconf 83' lang='lat' dir='ltr'>illuminatione</span> <span class='ocrx_word' id='word_1_399' title='bbox 1766 2442 1890 2494; x_wconf 88' lang='lat' dir='ltr'>ignis.</span> 
     </span>
    </p>

    <p class='ocr_par' dir='ltr' id='par_1_36' title="bbox 1064 2499 1892 2777">
     <span class='ocr_line' id='line_1_85' title="bbox 1114 2499 1890 2551; baseline -0.001 -11"><span class='ocrx_word' id='word_1_400' title='bbox 1114 2499 1355 2551; x_wconf 87' lang='lat' dir='ltr'>Interrupit</span> <span class='ocrx_word' id='word_1_401' title='bbox 1389 2505 1561 2551; x_wconf 89' lang='lat' dir='ltr'>petram</span> <span class='ocrx_word' id='word_1_402' title='bbox 1594 2500 1638 2541; x_wconf 92' lang='lat' dir='ltr'>in</span> <span class='ocrx_word' id='word_1_403' title='bbox 1676 2500 1838 2541; x_wconf 90' lang='lat' dir='ltr'>eremo:</span> <span class='ocrx_word' id='word_1_404' title='bbox 1866 2500 1890 2525; x_wconf 86' lang='lat'>*</span> 
     </span>
     <span class='ocr_line' id='line_1_86' title="bbox 1065 2555 1889 2608; baseline 0 -12"><span class='ocrx_word' id='word_1_405' title='bbox 1065 2561 1107 2596; x_wconf 91' lang='lat' dir='ltr'>et</span> <span class='ocrx_word' id='word_1_406' title='bbox 1137 2555 1374 2607; x_wconf 83' lang='lat' dir='ltr'>adaquavit</span> <span class='ocrx_word' id='word_1_407' title='bbox 1403 2568 1480 2597; x_wconf 90' lang='lat' dir='ltr'>eos</span> <span class='ocrx_word' id='word_1_408' title='bbox 1508 2556 1629 2598; x_wconf 88' lang='lat' dir='ltr'>velut</span> <span class='ocrx_word' id='word_1_409' title='bbox 1656 2557 1701 2597; x_wconf 92' lang='lat' dir='ltr'>in</span> <span class='ocrx_word' id='word_1_410' title='bbox 1727 2555 1889 2608; x_wconf 71' lang='lat' dir='ltr'>abysso</span> 
     </span>
     <span class='ocr_line' id='line_1_87' title="bbox 1064 2612 1892 2722; baseline 0 -13"><span class='ocrx_word' id='word_1_411' title='bbox 1064 2612 1353 2710; x_wconf 38' lang='lat' dir='ltr'>mllilttaeduxit</span> <span class='ocrx_word' id='word_1_412' title='bbox 1381 2681 1539 2720; x_wconf 86' lang='lat' dir='ltr'>aquam</span> <span class='ocrx_word' id='word_1_413' title='bbox 1568 2669 1623 2711; x_wconf 90' lang='lat' dir='ltr'>de</span> <span class='ocrx_word' id='word_1_414' title='bbox 1648 2674 1789 2722; x_wconf 88' lang='lat' dir='ltr'>petra:</span> <span class='ocrx_word' id='word_1_415' title='bbox 1808 2670 1832 2696; x_wconf 84' lang='grc'>*</span> <span class='ocrx_word' id='word_1_416' title='bbox 1848 2672 1892 2710; x_wconf 89' lang='lat' dir='ltr'>et</span> 
     </span>
     <span class='ocr_line' id='line_1_88' title="bbox 1066 2724 1892 2777; baseline -0.001 -11"><span class='ocrx_word' id='word_1_417' title='bbox 1066 2724 1249 2766; x_wconf 89' lang='lat' dir='ltr'>deduxit</span> <span class='ocrx_word' id='word_1_418' title='bbox 1276 2730 1502 2777; x_wconf 86' lang='lat' dir='ltr'>tamquam</span> <span class='ocrx_word' id='word_1_419' title='bbox 1531 2726 1711 2767; x_wconf 88' lang='lat' dir='ltr'>flumina</span> <span class='ocrx_word' id='word_1_420' title='bbox 1742 2738 1892 2777; x_wconf 86' lang='lat' dir='ltr'>aquas.</span> 
     </span>
    </p>
   </div>
   <div class='ocr_carea' id='block_1_9' title="bbox 113 128 1965 2822">
    <p class='ocr_par' dir='ltr' id='par_1_37' title="bbox 113 128 1965 2822">
     <span class='ocr_line' id='line_1_89' title="bbox 113 128 1965 2822; baseline 0 0"><span class='ocrx_word' id='word_1_421' title='bbox 113 128 1965 2822; x_wconf 95' lang='lat' dir='ltr'> </span> 
     </span>
    </p>
   </div>
  </div>
 </body>
</html>
