2040 2990
747 193 951 227 Dominica
977 193 1039 226 IV.
1064 192 1278 226 Adventus.

264 289 522 340 Capitulum.
680 290 708 327 1.
731 289 826 328 Cor.
845 290 882 327 4.

157 339 394 444 Fratres:
419 343 491 384 Sic
514 356 597 384 nos
617 344 837 385 existimet
854 343 989 385 homo

250 404 299 441 ut
314 399 539 440 ministros
556 399 731 449 Christi,
752 404 796 441 et
816 399 990 452 dispen-

159 457 331 497 sateres
349 456 661 507 mysterierum
678 456 773 497 Dei.
800 456 887 496 Hic
906 455 990 506 jam

161 512 372 565 quaeritur
407 512 522 553 inter
559 511 902 564 dispensatores,
941 515 991 552 ut

158 568 302 610 fidelis
324 568 421 620 quis
440 568 696 609 inveniatur.

470 632 679 682 Hymnus.

262 699 291 726 n
310 685 428 727 clara
445 695 534 727 vox
551 684 776 735 redarguit

278 741 479 783 Obscura
504 753 707 793 quaeque,
731 741 990 793 personans:

236 797 396 838 Procul
414 797 618 847 fugentur
638 796 822 837 sumnia:

240 853 312 894 Ab
334 853 425 894 alto
444 853 470 893 J
472 865 572 894 esus
591 852 823 905 premicat.

186 923 309 964 Mens
328 922 414 973 jam
431 923 633 972 resurgat
651 919 843 972 terpida,

235 977 338 1018 Non
358 977 546 1030 amplius
565 978 711 1028 jacens
730 976 869 1017 humi:

237 1033 367 1075 Sidus
386 1032 576 1084 refulget
594 1034 679 1085 jam
698 1044 874 1081 novum,

237 1089 297 1131 Ut
316 1089 446 1131 tollat
468 1101 598 1130 omne
616 1089 808 1130 nexium.

184 1156 253 1195 En
270 1154 423 1205 Agnus
441 1152 498 1194 ad
517 1165 599 1194 nos
618 1152 806 1193 mittitur

236 1210 409 1251 Laxare
428 1209 565 1260 gratis
589 1208 803 1250 debitum:

239 1265 403 1307 Omnes
422 1265 552 1306 simul
571 1277 671 1306 cum
689 1263 880 1305 lacrimis

236 1322 474 1363 Precemur
493 1320 822 1371 indulgentiam.

186 1387 254 1436 Ut,
273 1399 373 1427 cum
393 1384 588 1427 secundo
607 1384 789 1433 fulserit,

238 1442 450 1494 Metuque
468 1440 680 1482 mundum
700 1440 895 1489 cinxerit,

236 1497 340 1539 Non
359 1510 442 1550 pro
462 1499 589 1538 reatu
607 1496 773 1548 puniat,

238 1553 327 1595 Sed
344 1566 427 1594 nos
444 1553 544 1605 pius
562 1556 669 1593 tunc
687 1554 903 1604 pretegat.

187 1618 350 1668 Virtus,
369 1617 521 1667 honor,
539 1617 646 1666 laus,
667 1615 808 1667 gleria

236 1674 335 1716 Deo
355 1673 475 1716 Patri
495 1685 595 1714 cum
611 1672 736 1723 Filio,

237 1731 399 1772 Sancto
420 1728 550 1770 simul
565 1728 799 1777 Paraclito,

237 1786 291 1827 In
310 1785 574 1827 saeculorum
594 1784 766 1825 saecula.
794 1783 948 1824 Amen.

214 1844 267 1894 V.
280 1846 386 1887 Vox
399 1844 628 1887 clamantis
643 1844 687 1884 in
702 1843 892 1893 deserto,
913 1843 990 1883 Pa-

162 1904 256 1944 rate
274 1902 389 1942 viam
403 1900 592 1942 Demini.
617 1904 668 1955 R.
680 1900 845 1940 Rectas
859 1899 992 1940 facite

163 1958 341 1999 semitas
362 1957 464 2009 ejus.

216 2017 289 2058 Ad
316 2018 480 2059 Bened.
515 2019 616 2059 Ant.
663 2017 758 2058 Ave
786 2015 940 2064 Maria,
968 2015 992 2042 *

163 2073 304 2124 gratia
322 2073 467 2126 plena:
491 2072 709 2113 Deminus
730 2075 892 2112 tecum:
919 2070 992 2111 be-

164 2129 342 2171 nedicta
359 2133 408 2170 tu
426 2129 471 2169 in
489 2126 756 2177 mulieribus,
776 2126 958 2178 alleluja.

214 2186 302 2221 Nisi
326 2187 491 2224 dicenda
516 2187 567 2222 sit
590 2187 677 2221 Ant.
702 2187 832 2222 Nolite
849 2186 992 2221 timere.

164 2234 228 2269 vel
243 2234 332 2270 Ant.
355 2236 456 2272 Ecce
477 2235 679 2279 completa.
703 2239 744 2269 ut
765 2246 892 2279 supra.
918 2233 993 2268 158.

502 2287 664 2329 Oratio.

165 2337 379 2443 Excita,
406 2346 658 2396 quaesumus
684 2342 892 2391 Demine,
919 2353 995 2393 po-

261 2400 444 2442 tentiam
467 2404 606 2449 tuam,
635 2402 679 2440 et
699 2398 814 2447 veni,
843 2402 886 2439 et
908 2409 996 2437 ma-

166 2469 251 2508 gna
271 2456 400 2498 nobis
419 2456 581 2497 virtute
603 2456 825 2495 succurre:
847 2457 896 2494 ut
917 2464 998 2504 per

168 2511 377 2552 auxilium
395 2511 549 2563 gratiae
570 2515 676 2560 tuae,
703 2509 824 2561 quod
845 2512 998 2549 nostra

166 2569 351 2619 peccata
387 2566 682 2619 praepediunt,
727 2563 1000 2614 indulgentia

167 2627 256 2664 tuae
283 2622 611 2675 propitiatienis
641 2620 872 2663 acceleret:
915 2618 1000 2668 Qui

167 2678 278 2720 vivis
299 2682 343 2720 et
363 2690 530 2730 regnas.

319 2819 384 2844 Pars
399 2819 533 2842 Hiemalis.

1315 283 1382 319 Ad
1406 283 1606 320 Tertiam.

1094 338 1194 377 Ant.
1223 336 1339 376 Ecce
1355 335 1511 376 veniet.

1097 398 1234 449 Capit.
1262 396 1454 436 Fratres:
1483 395 1554 436 Sic
1571 408 1663 437 nos.

1095 456 1145 507 R.
1175 456 1233 495 br.
1260 455 1374 496 Veni
1402 454 1460 496 ad
1486 454 1762 496 liberandum
1789 469 1871 497 nos

1042 513 1065 537 *
1100 510 1290 551 Demine
1323 511 1445 552 Deus
1481 511 1699 552 virtutum.
1746 512 1871 553 Veni.

1042 565 1093 617 W.
1122 566 1320 607 Ostende
1347 567 1504 608 faciem
1531 572 1667 618 tuam,
1695 572 1739 609 et
1764 568 1873 609 salvi

1043 622 1215 662 erimus.
1251 622 1450 664 Demine.
1486 623 1646 664 Gloria.
1683 623 1807 665 Veni.

1096 678 1146 729 V.
1173 678 1410 720 Timebunt
1433 679 1599 720 Gentes
1622 692 1782 721 nomen
1806 685 1869 721 tu-

1043 746 1116 774 um
1144 734 1344 775 Demine.
1391 739 1436 788 lx‘g.
1467 735 1529 779 Et
1562 748 1714 777 omnes
1745 749 1871 787 reges

1042 793 1172 830 terrae
1191 790 1375 841 gleriam
1394 795 1526 832 tuam.

1321 859 1389 895 Ad
1412 859 1599 897 Sextam.

1101 915 1198 953 Ant.
1221 914 1363 953 Erunt
1380 925 1528 964 prava.

1150 974 1409 1024 Capitulum.
1581 974 1605 1011 1.
1623 974 1719 1012 (lor.
1735 973 1771 1010 4.

1043 1022 1209 1127 Mihi
1233 1032 1381 1069 autem
1406 1040 1489 1080 pro
1511 1028 1690 1069 minimo
1714 1032 1797 1077 est,
1825 1033 1874 1069 ut

1149 1096 1190 1124 -a
1209 1083 1336 1124 vobis
1356 1084 1533 1135 judicer,
1556 1089 1630 1125 aut
1650 1083 1704 1125 ab
1725 1084 1871 1125 huma-

1042 1151 1099 1180 no
1117 1139 1201 1180 die:
1222 1139 1301 1181 sed
1319 1152 1464 1192 neque
1482 1142 1699 1192 meipsum
1716 1140 1873 1192 judico.

1098 1198 1148 1248 Ην.
1171 1198 1232 1238 br.
1259 1195 1455 1236 Ostende
1480 1195 1608 1236 nobis
1633 1196 1822 1237 Demine
1853 1194 1874 1216 *

1041 1250 1391 1292 Misericerdiam
1398 1256 1528 1291 tuam.
1540 1251 1747 1292 Ostende.
1756 1244 1805 1294 Y·
1816 1251 1872 1292 Et

1043 1306 1234 1348 salutare
1254 1311 1377 1347 tuum
1392 1306 1448 1347 da
1462 1306 1602 1348 nobis.
1629 1307 1871 1348 Misericer-

1043 1362 1170 1403 diam.
1203 1362 1353 1404 Gleria
1371 1363 1501 1403 Patri.
1528 1363 1734 1404 Ostende.

1099 1414 1150 1465 V.
1184 1418 1406 1459 Memento
1439 1419 1578 1459 nostri
1608 1419 1796 1459 Domine
1828 1418 1872 1458 in

1041 1473 1320 1526 beneplacito
1351 1474 1506 1526 pepuli
1534 1475 1608 1516 tui.
1658 1475 1708 1525 lx‘g.
1726 1474 1872 1515 Visita

1041 1543 1123 1571 nos
1142 1530 1187 1570 in
1204 1530 1384 1571 salutari
1402 1534 1490 1571 tuo.

1320 1603 1388 1639 Ad
1411 1604 1596 1639 Nonam.

1099 1658 1199 1697 Ant.
1228 1657 1519 1708 Omnipotens
1539 1667 1683 1696 sermo
1701 1659 1813 1696 tuus.

1153 1717 1411 1767 Capitulum.
1579 1716 1606 1754 1.
1623 1715 1718 1754 Cor.
1735 1715 1771 1752 4.

1091 1776 1225 1823 taque
1261 1770 1396 1811 nolite
1427 1774 1528 1811 ante
1559 1774 1734 1822 tempus
1765 1770 1871 1821 judi-

1105 1829 1221 1876 care,
1250 1825 1538 1878 quoadusque
1561 1826 1706 1866 veniat
1724 1826 1871 1866 Demi-

1043 1896 1139 1924 nus:
1165 1882 1239 1934 qui
1264 1886 1307 1923 et
1331 1880 1591 1922 illuminabit
1614 1881 1873 1922 abscendita

1043 1938 1334 1986 tenebrarum,
1358 1941 1402 1978 et
1420 1937 1717 1979 manifestabit
1736 1939 1873 1978 consi-

1043 1994 1102 2035 lia
1121 1993 1336 2034 cordium:
1364 1997 1408 2034 et
1432 1996 1537 2033 tunc
1562 1993 1657 2034 laus
1682 1993 1763 2034 erit
1784 1993 1873 2034 uni-

1046 2051 1202 2101 cuique
1222 2061 1248 2090 a
1267 2049 1376 2090 Deo.

1101 2106 1151 2157 R.
1167 2105 1229 2145 br.
1243 2105 1384 2157 Super
1398 2108 1442 2145 te
1456 2104 1700 2146 Jerusalem
1717 2102 1740 2127 *
1755 2104 1875 2146 Orie-

1046 2165 1117 2202 tur
1136 2160 1364 2202 Deminus.
1395 2161 1536 2212 Super
1553 2165 1609 2202 te.
1642 2154 1691 2204 V·
1711 2160 1769 2201 Et
1785 2160 1875 2210 gle-

1046 2217 1111 2257 ria
1142 2217 1233 2268 ejus
1264 2216 1309 2257 in
1339 2220 1383 2257 te
1415 2215 1645 2257 videbitur.
1690 2215 1875 2257 Orietur.

1050 2272 1202 2313 Gloria
1219 2271 1350 2313 Patri.
1377 2271 1520 2324 Super
1537 2276 1593 2312 te.

1100 2325 1152 2374 V.
1181 2328 1370 2369 Demine
1394 2328 1517 2368 Deus
1542 2327 1753 2367 virtutum
1776 2338 1874 2367 con-

1049 2385 1171 2425 verte
1198 2396 1291 2425 nos.
1338 2382 1390 2433 R.
1420 2383 1478 2424 Et
1506 2382 1691 2423 ostende
1719 2382 1874 2422 faciem

1049 2444 1186 2489 tuam,
1205 2443 1250 2480 et
1268 2438 1378 2480 salvi
1397 2438 1568 2479 erimus.

1283 2522 1362 2563 Ad.
1385 2522 1649 2572 vesperas.

1100 2588 1189 2621 Ant.
1215 2587 1261 2620 de
1279 2584 1398 2620 Laud.
1422 2584 1483 2617 Ps.
1502 2583 1549 2616 de
1566 2580 1716 2615 Domin.
1739 2577 1871 2619 Capit..

1050 2635 1188 2679 Hymn.
1207 2639 1243 2668 et
1259 2629 1304 2674 V.
1322 2636 1362 2666 ut
1380 2642 1506 2674 supra.
1529 2635 1600 2669 165,

1101 2682 1165 2716 Ad
1188 2680 1343 2723 Magnis.
1368 2679 1456 2712 Ant.
1483 2681 1525 2716 O,

1632 2801 1671 2833 12
