2080 2990
245 189 314 233 [94]

243 285 359 326 milis
377 299 474 327 esse
491 286 781 330 denuntiatur.
799 290 851 330 In
867 303 951 342 qua
963 290 1063 342 quia

243 342 345 383 mali
373 355 472 383 cum
499 342 646 394 bonis,
681 350 724 387 et
754 346 933 398 reprobi
966 359 1063 387 cum

244 398 394 439 electis
419 398 602 441 admixti
625 406 740 452 sunt,
768 407 887 443 recte
911 402 1062 443 similis

243 454 483 505 virginibus
523 456 811 508 prudentibus
857 464 899 500 et
933 458 1062 500 fatuis

243 523 340 552 esse
358 511 622 563 perhibetur.
650 514 758 556 Sunt
772 527 959 566 namque
974 514 1063 567 ple—

242 569 366 618 rique
386 568 678 619 continentes,
698 571 772 622 qui
791 571 845 612 ab
865 573 1062 623 appetitu

243 636 290 665 se
314 624 521 666 exterieri
543 626 813 677 custodiunt,
842 633 885 669 et
908 639 986 679 spe
1005 626 1061 668 ad

242 679 451 721 interiora
469 681 712 734 rapiuntur,
731 696 906 725 carnem
923 686 1061 725 mace-

243 741 356 786 rant,
385 742 428 779 et
455 742 552 779 toto
583 738 801 780 desiderio
830 739 887 782 ad
915 741 1062 792 super-

243 806 343 834 nam
390 795 577 845 patriam
625 795 846 845 anhelant,
900 798 1063 837 aeterna

243 850 424 902 praemia
461 852 687 903 expetunt,
725 865 806 904 pro
838 851 1063 894 laberibus

243 906 332 947 suis
357 909 553 959 recipere
579 907 730 949 laudes
755 908 965 950 humanas
988 921 1062 950 no-

176 964 177 967 ’
242 962 345 1003 lunt.
398 963 456 1003 Hi
491 963 693 1004 nimirum
723 964 907 1015 gloriam
941 978 1063 1006 suam

242 1031 331 1059 non
354 1019 398 1059 in
425 1031 501 1061 ore
525 1019 750 1062 hominum
771 1026 958 1074 ponunt,
984 1021 1063 1063 sed

241 1075 355 1117 intra
385 1076 695 1118 conscientiam
721 1079 970 1129 contegunt.
1006 1079 1063 1120 Et

243 1136 343 1173 sunt
362 1132 576 1185 plerique,
597 1133 670 1184 qui
691 1146 850 1186 corpus
869 1147 948 1187 per
968 1134 1062 1176 abs-

242 1188 468 1230 tinentiam
483 1189 691 1240 affligunt,
710 1190 788 1231 sed
804 1190 858 1232 de
873 1191 970 1243 ipsa
985 1204 1063 1232 sua

242 1244 506 1287 abstinentia
536 1245 749 1301 humanos
783 1246 956 1289 faveres
993 1249 1062 1288 ex-

241 1306 406 1353 petunt.

294 1361 357 1400 Te
373 1358 515 1400 Deum
534 1358 772 1401 laudamus.
790 1361 849 1400 14.

503 1439 582 1481 Ad
607 1440 802 1482 Laudes

444 1507 491 1533 ct
532 1511 628 1543 per
672 1503 861 1536 Horas.

295 1556 389 1595 Ant.
412 1558 436 1595 1.
469 1557 577 1595 Haec
597 1559 664 1596 est
678 1555 815 1606 Virgo
835 1555 1020 1608 sapiens,
1038 1556 1062 1581 *

243 1615 286 1651 et
304 1623 389 1651 una
409 1610 464 1652 de
482 1614 663 1652 numero
684 1610 959 1663 prudentum.

297 1670 447 1709 psalm.
484 1667 694 1709 Dominus
722 1668 930 1719 regnavit.
963 1684 1058 1710 cum

243 1724 390 1774 reliqu.
422 1723 480 1764 15.

292 1782 325 1819 2.
349 1781 455 1821 Haec
472 1780 685 1832 estVirgo
701 1780 885 1833 sapiens,
896 1781 920 1807 *
933 1794 1062 1833 quam

241 1835 455 1877 Dominus
475 1836 726 1888 vigilantem
744 1837 921 1882 invenit.

292 1896 327 1933 13.
358 1895 465 1934 Haec
482 1898 548 1934 est
565 1906 662 1945 quae
677 1894 861 1935 nescivit
876 1894 900 1920 *
916 1899 1063 1935 torum

242 1948 285 1988 in
306 1948 482 1990 delicto:
510 1949 689 1991 habebit
713 1950 902 1991 fructum
929 1951 972 1991 in
999 1963 1061 1993 re-

242 2005 468 2056 specti6ne
488 2006 726 2047 animarum
743 2009 1001 2049 sanctarum.

296 2063 330 2099 4.
363 2061 471 2102 Veni
497 2062 635 2103 electa
660 2076 774 2113 mea,
791 2063 814 2089 *
837 2068 879 2105 et
900 2076 1061 2116 ponam

242 2116 285 2156 in
304 2120 348 2157 te
367 2116 573 2158 thronum
591 2131 745 2169 meum,
765 2119 947 2172 alleluia.

294 2175 330 2212 5.
362 2174 450 2214 Ista
475 2179 540 2215 est
560 2175 759 2227 speciesa
778 2176 801 2202 *
819 2176 931 2218 inter
950 2175 1061 2217 filias

242 2228 493 2270 Jerusalem.

320 2297 576 2347 Capitulum.
703 2300 737 2338 2.
754 2298 848 2338 Cor.
867 2301 927 2339 w.
945 2299 982 2339 d.

320 2358 473 2396 ratres:
510 2356 593 2405 Qui
629 2356 856 2407 gloriatur,
893 2358 936 2398 in
974 2359 1062 2399 Do-

332 2410 450 2452 mino
470 2411 692 2462 glorietur.
727 2413 825 2455 Non
852 2414 965 2455 enim
988 2415 1060 2467 qui

242 2469 435 2520 seipsum
454 2468 740 2519 commendat,
762 2470 834 2511 ille
849 2470 1061 2523 probatus

243 2528 324 2565 est:
344 2523 422 2565 sed
441 2537 571 2576 quem
588 2525 708 2566 Deus
728 2526 1013 2568 commendat.

545 2590 751 2640 Hymnus.

294 2645 439 2751 Jesu
458 2648 619 2687 corena
639 2647 879 2698 Virginum‚

380 2703 518 2753 Quem
538 2708 677 2745 mater
696 2703 769 2745 illa
787 2705 988 2757 concipit,

866 196 1071 228 Commune
1100 195 1307 235 Virginum.

1218 288 1326 338 Quae
1345 287 1439 330 sola
1458 288 1596 339 Virgo
1615 289 1818 341 parturit:

1218 345 1327 386 Haec
1345 349 1448 386 vota
1467 344 1656 387 clemens
1675 345 1836 398 accipe.

1169 414 1253 467 Qui
1271 413 1419 466 pergis
1438 414 1552 455 inter
1570 413 1670 463 lilia,

1216 470 1375 523 Septus
1395 469 1567 512 choreis
1586 470 1825 521 Virginum‚

1216 527 1413 579 Sponsus
1433 526 1620 568 decerus
1638 527 1788 578 gloria,

1216 584 1485 636 Sponsisque
1504 582 1693 625 reddens
1711 584 1902 635 praemia.

1167 651 1454 703 Quocumque
1472 646 1627 697 tendis,
1646 648 1850 699 Virgines

1216 705 1477 756 Sequuntur,
1497 708 1630 756 atque
1646 703 1848 745 laudibus

1216 761 1325 802 Post
1344 766 1388 802 te
1407 762 1614 802 canentes
1633 760 1854 810 cursitant,

1216 818 1503 870 Hymnosque
1523 816 1674 858 dulces
1688 818 1934 869 personant.

1167 888 1230 928 Te
1249 886 1536 939 deprecamur
1556 885 1789 938 supplices,

1214 943 1390 984 Nostris
1408 947 1456 984 ut
1475 941 1612 983 addas
1634 941 1843 992 sensibus,

1216 1000 1397 1041 Nescire
1415 1011 1596 1052 prorsus
1615 998 1760 1040 omnia

1217 1055 1521 1109 Corruptienis
1539 1055 1728 1096 vulnera.

1172 1126 1328 1175 Virtus,
1348 1125 1500 1175 honor,
1518 1124 1624 1174 laus,
1641 1124 1781 1176 gloria

1217 1183 1313 1223 Deo
1332 1181 1453 1223 Patri
1472 1193 1571 1222 cum
1588 1180 1712 1230 Filio,

1216 1239 1377 1280 Sancto
1396 1237 1525 1279 simul
1542 1236 1773 1287 Paraclito,

1216 1295 1267 1335 In
1288 1294 1548 1336 saeculorum
1567 1293 1738 1335 saecffla.

1370 1351 1523 1392 Amen.

1167 1418 1215 1466 V.
1251 1416 1423 1458 Diffusa
1454 1420 1521 1458 est
1555 1416 1697 1468 gratia
1728 1416 1774 1457 in
1804 1416 1932 1458 labiis

1114 1474 1211 1515 tuis.
1272 1476 1316 1527 Rg.
1351 1474 1596 1526 Propterea
1630 1472 1855 1515 benedixit
1890 1477 1935 1514 te

1114 1531 1233 1572 Deus
1259 1530 1303 1571 in
1328 1532 1549 1572 aeternum.

1168 1600 1234 1641 Ad
1261 1600 1418 1640 Bened.
1462 1600 1559 1640 Ant.
1600 1597 1748 1640 Simile
1775 1602 1843 1639 est
1869 1610 1933 1640 re·

1113 1669 1246 1708 gnum
1270 1655 1482 1697 coelorum
1503 1655 1527 1681 ’⁸¹
1550 1654 1715 1696 homini
1740 1654 1932 1705 negotia-

1113 1713 1200 1754 tori
1237 1712 1449 1765 quaerenti
1483 1710 1624 1752 bonas
1658 1712 1932 1762 margaritas:

1113 1770 1288 1811 inventa
1305 1781 1390 1810 una
1406 1768 1616 1821 pretiosa,
1640 1766 1762 1809 dedit
1788 1766 1932 1808 emnia

1114 1839 1207 1875 sua,
1232 1830 1275 1867 et
1294 1824 1567 1877 comparavit
1586 1837 1692 1866 eam.

1443 1896 1605 1936 Oratio.

1199 1968 1290 2005 eus,
1319 1955 1393 2008 qui
1417 1955 1530 1996 inter
1553 1956 1699 1996 cetera
1721 1953 1931 2007 potentiae

1219 2017 1306 2054 tuae
1340 2011 1550 2053 miracula
1587 2010 1718 2053 etiam
1749 2010 1793 2051 in
1825 2021 1932 2051 sexu

1112 2069 1254 2121 fragili
1278 2068 1507 2110 victoriam
1530 2067 1726 2119 martyrii
1752 2065 1932 2108 contuli-

1113 2126 1183 2167 sti:
1210 2125 1403 2167 concede
1426 2123 1658 2178 propitius3
1690 2127 1738 2164 ut
1763 2122 1838 2175 qui
1859 2122 1932 2164 be·

1113 2185 1197 2224 atae
1228 2183 1277 2223 N.
1301 2181 1494 2232 Virginis
1527 2184 1571 2221 et
1606 2179 1811 2231 Martyris
1842 2183 1931 2220 tuae

1112 2238 1308 2280 natalitia
1335 2237 1535 2286 celimus,
1571 2248 1651 2289 per
1684 2237 1774 2287 ejus
1803 2234 1859 2276 ad
1886 2240 1930 2277 te

1113 2294 1312 2347 exempla
1329 2293 1589 2345 gradiamur.
1625 2292 1710 2334 Per
1728 2292 1853 2332 Dfim.

1384 2363 1482 2404 Alia
1504 2363 1667 2404 Oratio.

1159 2423 1455 2475 ndulgentiam
1490 2420 1635 2470 nobis,
1683 2423 1930 2473 quaesumus

1176 2480 1374 2530 Domine,
1392 2478 1523 2521 beata
1539 2480 1589 2520 N.
1602 2478 1741 2528 Virgo
1762 2482 1805 2519 et
1819 2477 1930 2518 Mar—

1112 2543 1181 2590 tyr
1200 2536 1418 2589 impleret:
1447 2548 1545 2587 quae
1570 2535 1650 2577 tibi
1673 2539 1799 2586 grata
1822 2546 1929 2575 sem-

1112 2606 1191 2647 per
1210 2592 1376 2635 exstitit
1396 2596 1439 2634 et
1457 2592 1613 2634 merito
1635 2590 1863 2640 eastitatis,
1887 2595 1930 2631 et

1112 2656 1200 2692 tuae
1224 2648 1498 2703 professiOne
1522 2649 1705 2690 virtutis.
1741 2647 1824 2688 Per
1842 2646 1929 2688 Do-

1112 2707 1275 2748 minum
1293 2710 1503 2746 nostrum.
