2080 2990
679 197 888 229 Commune
916 195 1162 229 confessoris
1190 196 1395 230 I'ontiticis.

231 296 283 336 In
307 308 416 348 pace
444 296 487 336 in
514 296 705 350 idipsum
730 298 754 322 *
783 297 1008 346 dormiam,

181 356 225 393 et
244 352 532 403 requiescam3

231 408 448 458 Quoniam
462 413 510 450 tu
523 410 713 451 Domine
732 409 1008 460 singulariter

178 464 222 505 in
242 477 321 517 spe
339 465 363 491 *
384 466 650 508 constituisti
668 479 749 508 me.

234 520 333 560 Ant.
362 520 643 564 Invocantem
672 522 895 564 exaudivit
919 523 1007 564 Do-

178 577 320 619 minus
362 583 563 620 sanctum
603 592 747 629 suum,
791 580 1007 621 Dominus

179 634 403 676 exaudivit
430 648 546 685 eum,
584 641 628 677 01
655 636 883 677 constituit
908 649 1006 678 eum

178 690 222 731 in
249 704 371 743 pace.

234 747 332 786 Ant.
359 746 583 790 Laetentur
598 761 762 799 01111108,
776 749 799 775 *
821 749 895 802 qui
911 762 1006 802 spe-

178 808 276 844 rant
295 804 339 844 in
358 809 403 846 te
416 805 620 846 Domine:
641 806 848 857 quoniam
867 812 916 847 tu
934 806 1006 848 be-

178 859 385 902 nedixisti
402 862 534 913 justo,
563 867 690 904 scuto
709 861 838 904 bonae
856 862 1006 904 volun-

178 916 281 958 tatis
300 922 389 958 tuae
409 919 630 960 coronasti
651 931 761 960 eum.

464 970 659 1009 Psalmus
690 971 725 1009 ἴ).

180 1020 373 1127 Verba
399 1044 498 1073 mea
521 1032 698 1074 auribus
719 1032 898 1085 percipe
917 1033 1005 1074 Do-

296 1087 429 1138 mine,
467 1088 491 1114 *
530 1088 723 1139 intellige
769 1088 1006 1131 clamorem

175 1154 331 1183 meum.

229 1199 412 1241 Intende
449 1200 548 1242 voci
584 1201 794 1243 orationis
832 1213 954 1251 meae,
981 1202 1005 1226 *

178 1255 276 1297 Rex
302 1269 425 1298 meus
454 1262 498 1298 et
523 1257 644 1299 Deus
671 1270 805 1299 meus.

230 1312 445 1362 Quoniam
464 1313 521 1355 ad
539 1319 584 1355 te
604 1313 757 1356 orabo:
775 1315 799 1340 *
817 1314 1005 1356 Domine

176 1381 304 1410 mane
333 1369 540 1411 exaudies
568 1383 724 1412 vocem
750 1384 903 1412 meam.

229 1425 357 1467 Mane
394 1426 549 1468 astabo
583 1426 663 1468 tibi
697 1432 740 1469 et
772 1427 947 1469 videbo:
982 1427 1005 1453 *

179 1481 383 1533 quoniam
410 1495 498 1524 non
524 1482 646 1524 Deus
673 1483 825 1525 volens
852 1484 1004 1536 iniqui-

176 1539 314 1579 tatem
339 1542 388 1580 tu
415 1551 472 1580 es.

227 1593 384 1647 Neque
414 1594 630 1637 habitabit
661 1596 780 1647 juxta
810 1601 855 1638 te
886 1596 1004 1638 mali-

176 1662 304 1700 gnus:
320 1651 344 1676 *
362 1663 505 1704 neque
523 1652 841 1705 permanebunt
859 1653 1004 1704 injusti

176 1711 276 1748 ante
306 1707 458 1749 oculos
484 1712 596 1750 tuos.

228 1762 372 1805 Odisti
391 1777 553 1815 omnes,
579 1765 653 1818 qui
672 1767 910 1818 operantur
928 1765 1003 1806 ini-

177 1819 404 1871 quitatem:
423 1821 447 1847 *
465 1821 626 1874 perdes
650 1834 812 1871 01111108,
842 1822 916 1874 qui
942 1821 1003 1863 10-

177 1878 368 1927 quuntur
395 1877 682 1919 mendacium.

226 1932 382 1974 Virum
418 1934 676 1984 sanguinum
715 1939 759 1976 et
799 1933 1002 1975 dolosum

174 1987 495 2031 abominabitur
513 1990 742 2031 Dominus:
769 1990 793 2016 *
822 2003 904 2041 ego
931 2004 1002 2032 au-

173 2048 263 2086 tem
298 2045 343 2086 111
378 2045 654 2088 multitudine
689 2046 1002 2088 misericordiae

173 2104 272 2142 tuae.

225 2157 423 2200 Introibo
451 2158 495 2199 in
523 2158 702 2200 domum
728 2163 862 2201 tuam:
886 2160 909 2185 *
929 2159 1001 2201 ad-

175 2213 313 2256 orabo
341 2214 399 2256 ad
420 2214 632 2267 templum
656 2220 854 2257 sanctum
878 2220 1002 2257 tuum

174 2268 218 2310 in
244 2270 403 2312 timore
429 2275 518 2313 tuo.

226 2325 414 2368 Domine
428 2326 571 2369 deduc
584 2340 655 2369 me
672 2328 716 2368 in
734 2328 895 2380 justitia
913 2333 1001 2370 tua.

174 2381 403 2435 *propter
424 2383 622 2426 inimicos
645 2397 768 2426 meos
793 2384 932 2435 dirige
956 2385 1000 2425 in

174 2441 414 2491 conspectu
439 2445 516 2482 tuo
544 2441 659 2482 viam
686 2453 839 2482 meam

226 2495 440 2545 Quoniam
462 2509 551 2538 non
578 2502 645 2538 081
671 2497 715 2538 111
744 2509 821 2538 010
849 2498 1000 2538 00111111

175 2551 348 2592 veritas:
374 2552 399 2578 *
427 2565 504 2594 cor
531 2555 683 2595 eorum
710 2566 869 2594 vanum
897 2558 973 2594 est.

226 2607 513 2660 Sepulchrum
552 2614 707 2662 patens
750 2615 816 2652 est
851 2614 999 2660 guttur

174 2665 336 2714 eorum,
354 2663 511 2715 linguis
526 2666 614 2707 suis
630 2665 784 2707 dolose
801 2665 998 2717 agebant,

172 2720 196 2745 *
223 2719 366 2771 judica
392 2720 491 2762 illos
518 2721 649 2764 Deus.

326 2863 390 2888 Pars
405 2863 539 2890 ffiemalis.

1112 295 1329 338 Decidant
1361 310 1386 338 a
1419 298 1755 349 cogitationibus
1788 302 1888 351 suis,

1060 352 1301 394 secundum
1336 354 1658 397 multitudinem
1691 357 1887 410 impieta-

1059 413 1152 449 tum
1172 411 1324 450 eorum
1343 410 1513 462 expelle
1533 424 1620 461 008,
1638 413 1661 438 *
1683 414 1888 465 queniam

1059 465 1339 507 irritaverunt
1365 471 1409 507 te
1436 467 1634 509 Domine.

1111 521 1168 563 Et
1194 521 1396 564 laetentur
1425 536 1586 573 01111108,
1617 526 1689 577 qui
1711 532 1888 578 sperant

1059 578 1103 618 in
1134 583 1193 627 te,
1221 579 1244 604 *
1272 579 1316 619 in
1348 582 1560 621 aeternum
1593 582 1887 625 exsultabunt:

1060 639 1104 676 et
1130 634 1348 677 habitabis
1376 636 1419 676 in
1448 636 1521 677 018

1111 691 1168 733 Et
1185 691 1519 742 gloriabuntur
1507 707 1551 734 111
1570 698 1614 735 10
1634 707 1795 745 omnes,
1804 696 1888 760 ‘qui

1060 746 1244 798 diligunt
1276 761 1435 790 nomen
1465 755 1603 799 tuum,
1631 751 1654 776 *
1684 752 1887 803 quoniam

1059 810 1107 845 tu
1134 804 1368 846 benedices
1396 806 1520 857 justo.

1110 860 1313 911 Domine,
1345 867 1393 904 ut
1425 868 1550 904 scuto
1581 863 1710 905 bonae
1739 864 1886 906 volun-

1058 917 1161 959 tatis
1188 922 1277 959 tuae
1305 918 1328 943 *
1357 920 1579 961 coronasti
1605 933 1697 962 nos.

1116 984 1213 1021 Ant.
1245 982 1466 1025 Laetentur
1492 997 1659 1035 omnes,
1694 986 1768 1038 qui
1793 999 1887 1038 spe-

1058 1044 1156 1080 rant
1191 1040 1236 1080 in
1274 1045 1318 1081 te
1351 1041 1558 1083 Domine:
1601 1043 1807 1093 quoniam
1838 1048 1887 1084 tu

1058 1095 1321 1138 benedixisti
1343 1097 1477 1149 justo,
1512 1103 1637 1140 scuto
1663 1098 1792 1140 bonae
1815 1112 1886 1140 vo-

1057 1152 1235 1195 luntatis
1254 1158 1342 1195 tuae
1361 1156 1585 1197 coronasti
1604 1169 1716 1197 eum.

1117 1219 1149 1255 A
1158 1223 1213 1256 nt.
1242 1218 1425 1260 Domine
1444 1220 1660 1261 Dominus
1681 1225 1843 1270 noster,
1863 1221 1886 1246 *

1060 1287 1191 1327 quam
1215 1275 1472 1318 admirabile
1493 1282 1559 1318 est
1579 1290 1739 1318 nomen
1762 1282 1886 1318 tuum

1057 1332 1100 1371 in
1132 1332 1334 1373 universa
1360 1332 1496 1374 terra!
1539 1334 1641 1386 quia
1672 1334 1811 1385 gloria
1842 1339 1885 1375 et

1057 1387 1225 1430 honore
1258 1390 1483 1430 coronasti
1521 1395 1720 1431 sanctum
1752 1396 1885 1439 tuum,

1059 1449 1102 1485 et
1139 1445 1406 1487 constituisti
1443 1459 1543 1487 eum
1580 1460 1712 1499 super
1750 1449 1886 1500 opera

1057 1502 1264 1543 manuum
1290 1504 1475 1543 tuarum.

1347 1581 1545 1621 Psalmus
1575 1582 1610 1620 8.

1059 1640 1293 1746 Domine
1308 1651 1524 1691 Dominus
1543 1656 1703 1701 noster,
1714 1652 1737 1677 *
1754 1665 1884 1704 quam

1166 1706 1422 1748 admirabile
1443 1712 1509 1748 est
1524 1720 1684 1749 nomen
1699 1713 1821 1749 tuum
1840 1709 1883 1749 in

1056 1762 1260 1804 universa
1279 1763 1411 1805 terra!

1108 1820 1325 1869 Quoniam
1341 1820 1510 1861 elevata
1526 1825 1593 1861 est
1606 1821 1883 1871 magnificen-

1055 1876 1116 1916 tia
1135 1880 1220 1925 tua,
1239 1876 1262 1901 *
1283 1889 1415 1928 super
1435 1876 1585 1918 coelos.

1107 1932 1175 1972 Ex
1203 1945 1279 1974 ore
1307 1933 1537 1974 infantium
1562 1938 1605 1974 et
1628 1933 1882 1975 lactentium

1055 1988 1278 2040 perfecisti
1293 1988 1468 2030 laudem
1486 1995 1668 2042 propter
1682 1990 1882 2032 inimicos

1054 2049 1166 2094 11108,
1184 2045 1208 2071 *
1227 2050 1276 2086 111
1296 2044 1497 2086 destruas
1515 2046 1739 2088 inimicum
1759 2052 1803 2088 et
1822 2047 1881 2088 ul-

1053 2103 1208 2142 torem.

1106 2158 1323 2208 Quoniam
1341 2158 1502 2200 videbo
1529 2158 1667 2200 coelos
1691 2164 1808 2209 11108,
1837 2162 1880 2201 0-

1053 2226 1161 2266 pera
1189 2214 1426 2265 digitorum
1453 2217 1645 2256 tuorum:
1677 2216 1701 2241 *
1733 2216 1880 2257 lunam

1054 2275 1098 2311 et
1115 2270 1275 2320 8101108,
1296 2284 1394 2324 quae
1413 2276 1461 2313 tu
1479 2271 1683 2314 fundasti.

1105 2327 1220 2377 Quid
1240 2332 1307 2369 est
1324 2327 1474 2377 homo,
1501 2328 1620 2381 quod
1642 2341 1811 2370 memor
1832 2341 1879 2369 es

1053 2381 1166 2434 ejus?
1185 2384 1209 2409 *
1229 2389 1304 2425 aut
1322 2384 1436 2425 filius
1454 2385 1654 2434 hominis,
1673 2385 1879 2437 quoniam

1052 2439 1202 2481 visitas
1222 2439 1348 2481 eum?

1103 2496 1297 2538 Minuisti
1333 2510 1434 2539 eum
1474 2497 1606 2550 paulo
1642 2497 1785 2538 minus
1821 2496 1876 2538 ab

1051 2551 1248 2604 Angelis,
1272 2553 1412 2605 gloria
1436 2558 1480 2595 et
1503 2553 1671 2595 honore
1696 2555 1876 2595 corona-

1052 2609 1107 2650 sti
1123 2621 1238 2650 eum:
1252 2610 1275 2635 *
1295 2614 1339 2651 et
1353 2610 1617 2651 constituisti
1632 2623 1731 2651 eum
1745 2621 1877 2661 super

1052 2667 1189 2718 opera
1207 2667 1415 2707 manuum
1434 2668 1619 2707 tuarum.

1103 2722 1261 2764 Omnia
1305 2722 1527 2774 subjecisti
1570 2721 1652 2763 sub
1687 2720 1875 2774 pedibus

1612 2851 1670 2885 D*
