2080 2990
222 198 321 243 [140]

222 294 354 336 homo
374 298 501 335 natus
521 299 588 336 est
605 293 649 334 in
669 306 733 335 ea:
746 294 770 320 ¹⁸¹
786 299 830 336 et
847 294 942 347 ipse
959 294 1048 335 fun-

223 351 344 393 davit
363 364 459 392 eam
477 349 753 393 Altissimus?

273 408 489 450 Deminus
521 408 716 451 narrabit
747 408 790 449 in
820 406 1048 460 scripturis

222 464 499 517 populorum,
515 470 559 507 et
570 465 830 518 principum:
843 465 867 490 *
881 463 1048 513 horum,

222 522 296 572 qui
314 521 488 563 fuerunt
506 522 551 563 in
569 535 631 564 ea.

272 578 393 620 Sicut
411 578 654 620 laetantium
676 578 868 620 emnium
886 577 910 602 *
928 575 1048 617 habi-

221 635 330 677 tatio
351 641 417 677 est
434 635 478 676 in
496 640 552 678 te.

278 706 374 745 Ant.
418 701 540 743 Sicut
575 700 819 743 laetantium
855 699 1048 740 omnium

221 763 420 799 nostrum
439 757 651 800 habitatio
672 763 738 799 est
756 757 800 797 in
818 762 878 806 te,
898 760 1048 797 sancta

221 814 305 855 Dei
326 815 534 857 Genitrix.

273 879 322 929 Y.
363 879 601 931 Adiuvabit
637 892 733 921 eam
768 879 889 920 Deus
925 877 1048 920 vultu

221 947 311 976 suo.
352 939 401 989 Rg.
431 936 552 977 Deus
579 936 623 976 in
651 935 796 978 medio
822 936 928 988 ejus,
959 948 1047 977 non

221 992 582 1034 commovebitur.

275 1056 400 1094 Pater
422 1059 582 1096 noster.

272 1121 517 1162 Absolutio.
547 1121 689 1171 Ipsius
708 1121 860 1172 pietas.

272 1182 321 1232 Y.
348 1183 372 1223 J
375 1183 459 1225 ube
480 1183 640 1226 domne
659 1184 930 1226 benedicere.

276 1252 433 1292 Hened.
463 1252 581 1291 Deus
604 1249 734 1291 Pater
758 1252 1046 1302 omnipotens.

370 1340 522 1378 Sermo
549 1337 687 1378 sancti
715 1337 739 1376 J
742 1335 895 1377 oannis

477 1392 791 1445 Chrysustomi.

413 1460 530 1502 Apud
553 1460 849 1503 Mctaphrasten.

520 1517 671 1557 Lectio
693 1518 744 1556 iv.

237 1583 336 1626 ,ΙΝ
348 1579 388 1620 ei
407 1579 540 1620 Filius
560 1592 648 1620 non
668 1579 863 1630 divitem,
888 1585 962 1622 aut
985 1580 1045 1622 lo-

253 1626 317 1690 241'1'
337 1621 341 1673 ἶ
365 1635 584 1688 cupletem
618 1635 809 1688 aliquam
842 1636 1046 1678 feminam

229 1695 231 1697 ’
253 1693 255 1696 ⁴
286 1686 341 1716 ³³¹
364 1691 447 1733 sibi
473 1697 659 1734 matrem
688 1692 834 1744 elegit,
867 1693 945 1735 sed
972 1693 1043 1736 be-

219 1750 335 1790 atam
354 1749 581 1800 Virginem
605 1749 736 1800 illam,
763 1751 883 1802 cujus
903 1751 1046 1792 anima

218 1805 451 1847 virtutibus
476 1808 631 1847 ornata
655 1811 758 1848 erat.
800 1806 909 1848 Cum
932 1807 1047 1849 enim

218 1861 349 1903 beata
374 1862 513 1903 Maria
538 1875 670 1915 supra
698 1876 872 1905 omnem
898 1863 1045 1905 huma-

219 1931 319 1959 nam
343 1922 543 1959 naturam
569 1919 815 1961 castitatem
839 1922 1046 1970 servaret,

219 1977 456 2028 propterea
484 1975 704 2017 Christum
731 1977 971 2018 Deminum
1003 1977 1047 2017 in

219 2037 373 2073 ventre
409 2033 621 2085 concepit.
667 2032 739 2075 Ad
771 2033 884 2075 hanc
916 2035 1047 2086 igitur

221 2089 539 2130 sanctissimam
553 2089 779 2141 Virginem
798 2096 842 2132 et
860 2091 944 2133 Dei
958 2091 1046 2133 Ma-

219 2149 332 2186 trem
364 2147 659 2195 accurrentes,
700 2147 789 2198 ejus
816 2149 1047 2200 patrocinii

219 2200 452 2243 utilitatem
462 2205 758 2254 assequamur.
774 2204 929 2257 Itaque
940 2218 1049 2257 quae-

221 2259 408 2310 cumque
428 2258 533 2299 estis
553 2259 757 2310 virgines,
785 2261 842 2302 ad
861 2261 1047 2303 Matrem

220 2313 398 2355 D6mini
429 2314 661 2365 confligite.
701 2316 779 2357 Illa
813 2318 927 2359 enim
954 2318 1047 2371 pul-

221 2369 497 2421 cherrimam,
521 2372 898 2424 pretiosissimam,
923 2379 967 2415 et
986 2375 1046 2415 in-

221 2427 548 2480 corruptibilem
562 2429 887 2481 possessionem
901 2435 1047 2483 patro-

221 2483 333 2524 cinio
354 2497 434 2525 suo
454 2484 580 2526 vobis
603 2485 891 2528 conservabit.

269 2555 320 2607 R..
350 2549 469 2590 Sicut
494 2549 650 2591 cedrus
675 2550 864 2592 exaltata
889 2565 984 2593 sum
1003 2553 1046 2593 in

220 2605 402 2654 Libano,
422 2610 465 2647 et
482 2606 594 2648 sicut
613 2608 844 2659 cypressus
864 2608 907 2648 in
928 2621 1046 2650 mon-

220 2666 264 2702 te
278 2661 397 2702 Sion:
418 2663 540 2714 quasi
558 2663 734 2715 myrrha
751 2663 901 2713 electa,
918 2668 939 2691 *
963 2665 1046 2706 De-

222 2717 265 2758 di
290 2718 549 2760 suavitatem
575 2719 735 2761 oderis
770 2719 820 2770 Y.
853 2720 910 2761 Et
935 2721 1047 2763 sicut

699 200 738 232 ln
767 199 887 233 Festis
916 200 953 232 Β.
982 200 1111 233 Maria·
1138 200 1178 232 V.
1205 211 1272 242 per
1297 211 1446 234 annum.

1101 293 1423 335 cinnamomum
1443 299 1488 336 et
1501 293 1746 336 balsamum
1761 307 1926 336 aroma-

1100 351 1250 390 tizans.
1277 349 1405 392 Dedi.
1870 395 1873 399 ,

1154 410 1315 451 Bened.
1344 406 1543 449 Christus
1561 409 1799 460 perpetuae.

1411 466 1562 507 Lectio
1583 480 1619 505 v.

1204 532 1363 570 agnum
1381 521 1534 561 revera
1550 520 1818 570 miraculum,
1846 521 1926 562 fra-

1219 580 1309 617 tres
1346 575 1633 627 dilectissimi,
1682 577 1762 618 fuit
1796 576 1927 619 beata

1101 645 1275 685 semper
1301 633 1440 684 Virgo
1472 633 1620 674 Maria.
1661 632 1777 684 Quid
1810 646 1927 675 nam-

1102 701 1185 740 que
1219 689 1293 730 illa
1320 690 1458 741 majus
1490 694 1565 731 aut
1594 689 1805 731 illustrius
1835 689 1926 732 ullo

1100 758 1306 797 umquam
1347 747 1546 798 tempore
1584 746 1809 788 inventum
1851 751 1927 796 est,

1100 814 1177 843 seu
1226 801 1461 854 aliquando
1513 802 1696 844 inveniri
1742 802 1928 856 peterit?

1099 858 1209 899 Haec
1228 858 1322 900 sola
1342 858 1502 900 coelum
1525 872 1576 900 ac
1595 864 1758 901 terram
1777 859 1926 912 ampli-

1099 914 1250 956 tudine
1265 915 1498 968 superavit.
1517 915 1735 966 Quidnam
1748 915 1822 957 illa
1832 917 1927 957 san-

1099 971 1231 1012 ctius?
1275 971 1378 1013 Non
1405 971 1655 1024 Prophetae,
1687 985 1775 1014 non
1808 973 1926 1025 Ape-

1099 1027 1216 1078 stoli,
1244 1041 1332 1070 non
1362 1028 1597 1080 Martyres,
1625 1042 1713 1070 non
1740 1029 1926 1070 Patriar-

1098 1084 1208 1134 chae,
1226 1098 1314 1126 non
1333 1084 1506 1136 Angeli,
1529 1098 1618 1126 non
1636 1085 1818 1135 Throni,
1837 1097 1926 1126 non

1096 1141 1447 1191 Dominatienes,
1466 1153 1553 1182 non
1572 1141 1819 1195 Seraphim,
1837 1154 1927 1183 non

1099 1197 1348 1239 Cherubim:
1363 1210 1451 1239 non
1466 1196 1655 1250 denique
1670 1197 1789 1239 aliud
1804 1197 1926 1250 quid-

1096 1254 1215 1306 piam
1234 1254 1346 1295 inter
1366 1256 1536 1296 creatas
1555 1267 1626 1296 res
1641 1254 1834 1296 visibiles
1852 1258 1926 1295 aut

1097 1310 1352 1360 invisibiles,
1380 1311 1518 1362 majus
1542 1317 1618 1353 aut
1643 1310 1924 1353 excellentius

1096 1367 1279 1408 inveniri
1297 1372 1457 1420 potest.
1484 1368 1653 1410 Eadem
1672 1367 1828 1409 ancilla
1841 1367 1925 1408 Dei

1097 1428 1165 1464 est
1190 1428 1233 1465 et
1255 1429 1409 1466 mater:
1438 1424 1593 1466 eadem
1610 1424 1749 1476 Virgo
1777 1429 1821 1466 et
1842 1423 1924 1465 Ge-

1096 1480 1240 1521 nitrix.

1152 1545 1202 1597 R,
1235 1538 1343 1588 Quae
1377 1542 1443 1579 est
1469 1538 1553 1580 ista
1581 1550 1679 1590 quae
1707 1537 1924 1591 processit

1097 1593 1208 1635 sicut
1249 1594 1335 1644 sol,
1383 1599 1427 1635 et
1464 1594 1658 1636 formosa
1699 1599 1924 1647 tamquam

1095 1649 1363 1692 Jerusalem?
1392 1659 1415 1682 *
1433 1650 1651 1692 Viderunt
1687 1664 1783 1693 eam
1818 1651 1922 1692 filiae

1095 1705 1210 1755 Sion,
1226 1712 1270 1747 et
1282 1706 1458 1748 beatam
1473 1707 1684 1758 dixerunt,
1703 1712 1747 1750 et
1761 1709 1922 1759 reginae

1095 1762 1384 1804 laudaverunt
1433 1776 1539 1805 eam.
1600 1767 1651 1818 V,
1705 1764 1762 1805 Et
1810 1764 1923 1805 sicut

1098 1818 1193 1860 dies
1220 1820 1342 1861 verni
1366 1819 1698 1862 circumdabant
1726 1833 1822 1862 eam
1847 1820 1923 1862 flo-

1096 1888 1167 1917 res
1203 1878 1405 1918 rosarum
1442 1881 1486 1918 et
1524 1876 1613 1918 lilia
1648 1876 1925 1918 convallium.

1097 1931 1324 1974 Viderunt.

1148 1994 1308 2035 Bcncd.
1336 1995 1488 2041 Ignem
1507 1990 1573 2031 sui
1593 1990 1766 2031 ameris.

1397 2051 1548 2092 Lectio
1567 2052 1620 2091 vi.

1192 2114 1257 2143 aec
1277 2103 1368 2154 ejus
1387 2109 1526 2144 mater
1546 2109 1627 2152 est,
1653 2103 1727 2154 qui
1750 2115 1775 2143 a
1793 2102 1923 2144 Patre

1201 2164 1301 2200 ante
1321 2171 1449 2200 omne
1471 2159 1731 2212 principium
1753 2159 1923 2210 genitus

1098 2215 1187 2265 fuit,
1204 2228 1334 2267 quem
1348 2215 1505 2266 Angeli
1521 2219 1566 2256 et
1579 2215 1777 2257 hemines
1793 2217 1923 2267 agne-

1099 2276 1226 2313 scunt
1261 2271 1500 2312 Deminum
1537 2284 1682 2313 rerum
1720 2273 1923 2313 emnium.

1097 2327 1233 2369 Visne
1275 2330 1541 2379 cognoscere
1585 2333 1747 2381 quanto
1784 2328 1922 2380 Virgo

1098 2383 1193 2425 haec
1211 2384 1492 2436 praestantior
1506 2384 1561 2425 sit
1576 2384 1829 2427 coelestibus
1843 2386 1923 2426 Po-

1097 2438 1265 2482 tentiis?
1316 2440 1409 2481 111ae
1441 2453 1540 2482 cum
1572 2441 1730 2483 timere
1765 2446 1808 2483 et
1840 2446 1923 2483 tre-

1097 2498 1220 2538 more
1261 2499 1488 2546 assistunt,
1535 2497 1691 2539 faciem
1728 2497 1923 2539 velantes

1098 2565 1234 2594 suam:
1259 2552 1355 2594 haec
1371 2552 1607 2594 humanum
1625 2566 1763 2604 genus
1780 2553 1843 2595 illi
1862 2554 1922 2595 of-

1098 2610 1192 2659 fert,
1213 2622 1341 2662 quem
1355 2610 1515 2660 genuit.
1538 2610 1621 2651 Per
1637 2610 1750 2652 hanc
1767 2615 1811 2652 et
1823 2623 1922 2663 pec-

1098 2668 1296 2707 caterum
1306 2665 1477 2706 veniam
1488 2667 1807 2719 consequimur.
1826 2666 1922 2708 Ave

1097 2722 1227 2773 igitur
1246 2726 1396 2771 mater,
1420 2722 1592 2772 coelum,
1612 2722 1768 2775 puella,
1787 2723 1922 2774 virgo,
