2080 2990
820 1310 904 1352 Die
931 1311 967 1351 2.
996 1310 1231 1352 Februarii.

300 1407 380 1482 IN
422 1406 1054 1482 PURIFICATIONE
1094 1407 1160 1481 Β.
1199 1407 1494 1482 MARIAE
1534 1407 1745 1481 VIRG.

833 1518 986 1560 Duplex
1011 1519 1039 1552 2.
1067 1519 1214 1552 classis.

219 1587 259 1621 Si
285 1587 357 1620 hoc
378 1586 534 1620 Festum
560 1586 738 1619 inciderit
764 1587 801 1619 in
830 1587 997 1629 aliquam

165 1634 409 1669 Dominicam
440 1634 740 1677 privilegiatam,
771 1634 999 1668 transfertur

168 1683 211 1715 in'
227 1682 377 1716 Feriam
400 1682 444 1715 Π.
471 1687 667 1724 tamquam
692 1682 730 1714 in
756 1682 886 1715 sedem
913 1692 998 1724 pro-

168 1730 302 1772 priam,
322 1730 508 1763 translato
528 1738 770 1771 quocumque
783 1729 904 1765 ‚Festo
924 1729 998 1763 Du—

118 1810 120 1813 .
168 1777 261 1820 plici
282 1787 329 1810 ex
346 1777 569 1818 majoribus,
596 1781 659 1809 aut
678 1776 839 1819 alicujus
859 1777 998 1810 Docto-

169 1825 221 1857 ris
235 1824 432 1860 Ecclesiae,
453 1824 567 1857 etiam
585 1823 758 1865 aequalis,
777 1834 852 1856 uon
872 1828 995 1857 tamen

170 1871 318 1905 altioris
337 1871 443 1904 ritus
472 1871 530 1904 Dc
549 1870 625 1903 alio
645 1876 769 1903 autem
790 1871 904 1904 Festo
924 1871 998 1904 l‘)u-

168 1919 261 1961 plici
290 1919 429 1952 minori
459 1919 518 1952 vel
546 1918 592 1951 dc
618 1918 831 1960 Semidup1.·
854 1928 997 1951 occurr.

169 1967 209 2000 fit
234 1976 429 2000 commem.
454 1966 491 1999 in
516 1965 689 2007 utrisque
707 1965 822 2007 Vcsp.
849 1970 885 1998 ct
904 1966 998 1998 Lau-

171 2013 284 2048 dibus
310 2024 393 2047 cum
420 2014 469 2047 ix.
496 2013 676 2047 Lectione
702 2012 896 2046 historica.

389 2073 451 2113 In
473 2072 510 2113 Ι.
533 2071 785 2121 vesperis.

326 2187 334 2190 ..
474 2135 649 2187 Antiph.
671 2138 698 2176 1.

217 2181 341 2260 ῥξξἺἿ
388 2191 644 2234 admirabile
679 2191 1004 2232 commercium:

189 2262 192 2280 =.
221 2239 342 2325 ’ζδέχῖ
376 2249 556 2290 Creator
602 2247 772 2298 generis
818 2246 1003 2296 humani,

189 2283 254 2316 ἓχ
309 2303 351 2336 :is-
375 2305 611 2346 animatum
634 2316 795 2355 corpus
818 2315 1004 2351 sumens,

177 2359 231 2402 de
258 2361 438 2411 Virgine
466 2359 587 2400 nasci
615 2358 818 2409 dignatus
847 2363 929 2399 est:
962 2363 1005 2399 et

176 2415 422 2468 procedens
445 2416 580 2457 homo
605 2416 696 2456 sine
722 2414 901 2463 semine,
925 2413 1004 2454 lar—

176 2473 292 2521 gitus
311 2477 377 2514 est
394 2472 522 2514 nobis
541 2484 665 2512 suam
683 2471 914 2512 Deitatem.

226 2538 370 2571 Psalmi
392 2543 428 2571 et
448 2538 522 2571 alia
543 2538 605 2571 hic
627 2547 703 2571 nou
724 2536 881 2578 propria
904 2543 942 2568 ut
965 2536 999 2567 in

178 2585 285 2619 festis
310 2585 351 2619 Β.
376 2585 422 2619 M.
443 2585 486 2618 V.
516 2583 606 2626 [133]

228 2642 264 2679 2.
292 2637 478 2688 Quando
503 2643 631 2679 natus
658 2651 704 2679 es
731 2636 1007 2678 ineffabiliter

178 2702 232 2737 ex
272 2694 453 2745 Virgine
468 2726 477 2744 ‚
520 2699 624 2735 tunc
668 2693 862 2746 impletae
907 2696 1006 2733 sunt

1050 1578 1308 1631 Scripturae:
1343 1578 1456 1618 sicut
1488 1577 1637 1629 pluvia
1668 1578 1711 1616 in
1744 1577 1882 1618 vellus

1052 1633 1334 1683 descendisti,
1360 1638 1409 1674 ut
1432 1633 1601 1673 salvum
1622 1633 1788 1674 faceres
1812 1645 1881 1682 ge-

1053 1703 1134 1730 nus
1158 1690 1412 1730 humanum:
1439 1694 1483 1730 te
1507 1687 1737 1729 laudamus
1762 1688 1883 1728 Deus

1053 1751 1350 1849 nossioelllubum,
1371 1812 1501 1850 quem
1518 1798 1688 1840 viderat
1706 1798 1882 1850 Meyses

1054 1855 1394 1904 incombustum,
1423 1857 1728 1895 conservatam
1754 1857 1883 1904 agne-

1054 1913 1195 1953 vimus
1222 1917 1342 1953 tuam
1374 1909 1639 1951 laudabilem
1666 1910 1882 1960 virginita-

1054 1973 1162 2032 temf
1198 1968 1282 2009 Dei
1315 1966 1515 2008 Genitrix
1547 1965 1770 2007 intercede
1802 1978 1884 2017 pro

1055 2024 1438 2120 nOElSGerminavit
1463 2076 1588 2119 radix
1612 2077 1637 2117 J
1640 2089 1753 2125 esse,
1781 2081 1878 2117 orta
1926 2071 1927 2075 ’

1056 2139 1123 2175 est
1146 2134 1271 2176 stella
1295 2147 1350 2175 ex
1373 2133 1527 2183 Jacob,
1550 2132 1689 2182 Virgo
1713 2132 1886 2185 peperit

1056 2189 1349 2231 Salvat6rem:
1402 2194 1446 2230 te
1490 2188 1720 2230 laudamus
1764 2187 1885 2228 Deus

1055 2250 1289 2342 nogtelgcce
1312 2301 1450 2341 Maria
1475 2299 1623 2350 genuit
1645 2298 1772 2340 nobis
1795 2298 1883 2338 Sal-

1056 2359 1265 2407 Vmorem,
1285 2369 1416 2408 quem
1432 2357 1456 2396 J
1459 2358 1623 2397 oannes
1641 2353 1794 2395 videns
1814 2366 1883 2394 ex-

1058 2412 1276 2462 clamavit,
1296 2411 1461 2453 dicens:
1484 2412 1600 2451 Ecce
1620 2411 1772 2460 Agnus
1792 2409 1886 2458 Dei,

1057 2480 1161 2563 ieclce
1188 2468 1262 2520 qui
1285 2467 1400 2509 tollit
1425 2468 1609 2520 peccata
1633 2464 1800 2514 mundi,
1827 2463 1883 2505 al-

1075 2536 1097 2564 e
1116 2536 1392 2633 u(ljaapitulum.
1568 2580 1746 2620 Malach.
1767 2582 1802 2617 3.

1138 2647 1214 2676 cce
1239 2647 1322 2685 ego
1346 2633 1472 2674 mitto
1492 2631 1709 2682 Angelum
1730 2642 1885 2677 meum,

1150 2696 1193 2732 et
1207 2688 1474 2742 praeparabit
1487 2687 1603 2730 viam
1617 2691 1716 2728 ante
1730 2684 1886 2726 faciem
