2080 2990
769 250 979 284 Commune
1007 250 1120 284 unius
1144 249 1336 293 Martyris.

482 344 634 385 Lectio
654 345 736 385 viii.

198 395 324 503 Sed
364 396 422 438 ad
462 397 559 439 haec
602 397 752 439 audita
792 397 1028 439 inardescit

284 453 469 504 animus,
507 454 679 506 jamque
703 453 791 495 illic
818 455 939 507 cupit
963 467 1027 495 as-

196 511 361 559 sistere,
380 509 456 551 ubi
475 523 523 552 se
543 514 693 563 sperat
711 510 804 552 sine
823 510 910 552 fine
927 523 1027 562 gau-

196 565 311 607 dere.
348 565 437 607 Sed
461 566 517 607 ad
544 579 703 618 magna
725 567 909 619 praemia
931 579 1027 619 per-

195 622 334 663 veniri
352 635 441 667 non
460 627 620 674 potest,
648 623 732 663 nisi
745 635 826 675 per
843 635 1027 673 magnos

195 677 382 719 labores.
418 678 546 720 Unde
572 683 616 720 et
639 678 801 719 Paulus
828 679 1027 729 egregius

195 733 464 786 praedicator
479 734 597 776 dicit:
616 734 718 775 Non
734 734 1027 785 coronabitur,

196 790 279 831 nisi
306 791 380 843 qui
402 790 596 841 legitime
623 791 866 832 certaverit.
899 791 1026 833 Delo-

196 851 286 888 ctat
306 859 410 898 ergo
430 851 622 889 mentem
639 846 896 898 magnitudo
916 860 1026 900 prae-

195 903 398 954 miorum,
430 903 509 945 sed
532 916 621 945 non
645 902 865 945 deterreat
890 906 1026 945 certa-

195 971 295 1000 men
318 959 529 1001 laborum.
565 959 692 1001 Unde
712 959 769 1001 ad
788 972 836 1002 se
855 960 1026 1001 venien-

194 1015 312 1057 tibus
331 1015 508 1057 Veritas
541 1015 660 1057 dicit:
701 1016 746 1058 Si
780 1016 876 1068 quis
909 1017 1027 1058 venit

195 1071 252 1113 ad
274 1084 361 1122 me,
395 1077 440 1114 et
462 1085 550 1113 non
574 1071 668 1113 odit
691 1077 863 1125 patrem
889 1086 1026 1122 suum,

195 1132 240 1169 et
258 1133 454 1178 matrem,
483 1133 527 1170 et
545 1131 740 1179 uxorem,
766 1134 810 1170 et
828 1129 954 1179 filios,
983 1134 1027 1171 et

195 1184 366 1235 fratres,
404 1189 447 1226 et
477 1187 670 1235 sorores,
708 1185 852 1227 adhuc
880 1190 1026 1227 autem

196 1245 240 1282 et
260 1241 449 1282 animam
468 1254 602 1291 suam,
627 1254 715 1282 non
734 1246 884 1293 potest
902 1255 1026 1284 meus

196 1309 293 1338 esse
313 1296 565 1350 discipulus.

243 1360 295 1413 Rz.
324 1357 410 1399 Hic
430 1362 498 1399 est
516 1370 620 1400 vere
637 1358 821 1410 Martyr,
850 1358 924 1410 qui
943 1371 1025 1411 pro

197 1413 358 1455 Christi
393 1414 568 1455 nomine
606 1414 862 1465 sanguinem
899 1427 1026 1455 suum

195 1469 324 1512 fudit:
355 1475 377 1499 *
421 1462 506 1520 Qui
537 1470 677 1511 minas
713 1470 906 1522 judicum
937 1484 1026 1512 non

195 1526 349 1576 timuit,
376 1539 457 1567 nec
480 1528 666 1568 terrenae
691 1526 916 1578 dignitatis
935 1527 1026 1577 glo-

195 1582 305 1623 riam
343 1583 564 1635 quaesivit,
618 1582 698 1624 sed
735 1583 792 1624 ad
829 1583 1027 1624 coelestia

196 1651 329 1690 regna
347 1639 558 1691 pervenit.
578 1635 627 1687 W.
649 1639 822 1680 Justum
843 1639 1027 1688 deduxit

194 1694 410 1735 Dominus
427 1707 508 1747 per
526 1695 619 1736 vias
639 1699 794 1744 rectas,
819 1700 863 1737 et
883 1698 1025 1737 osten-

196 1750 261 1792 dit
291 1750 353 1791 illi
383 1763 566 1802 regnum
597 1751 693 1792 Dei.
734 1751 831 1802 Qui.
870 1752 1026 1793 Gloria

194 1806 325 1863 Patri.
362 1807 456 1857 Qui.

244 1870 418 1913 Sequens
446 1870 491 1912 R.
520 1869 661 1904 dicitur
692 1870 828 1904 ultimo
860 1871 947 1904 loco
982 1871 1021 1904 in

192 1918 302 1952 festis
341 1927 412 1951 sex
447 1916 503 1952 Ss.
540 1917 753 1961 Martyrum
790 1918 1021 1952 Pontificum

192 1965 368 2007 Eusebii,
406 1964 597 2007 Marcelli,
636 1965 819 2007 Joannis,
854 1965 1020 2007 silverii,

192 2013 362 2055 Martini,
392 2016 429 2048 et
451 2013 642 2048 Pontiani.

243 2069 296 2122 R.
333 2067 523 2109 Domine
555 2068 808 2120 praevenisti
845 2080 943 2109 eum
980 2068 1024 2108 in

195 2123 576 2165 benedictionibus
605 2123 866 2165 dulcedinis:
888 2123 911 2149 *
944 2124 1025 2165 Po-

197 2180 322 2221 suisti
353 2180 398 2220 in
430 2180 575 2232 capite
607 2180 697 2231 ejus
728 2182 937 2221 coronam
970 2179 1025 2221 de

194 2235 341 2288 lapide
359 2235 570 2288 pretioso.
602 2230 653 2282 V.
684 2236 836 2278 Vitam
855 2236 982 2288 petiit
1001 2249 1026 2277 a
1059 2268 1062 2272 .

194 2296 249 2342 te,
274 2296 318 2333 et
335 2291 527 2334 tribuisti
542 2292 581 2334 ei
600 2291 918 2343 longitudinem
938 2291 1025 2333 die-

195 2360 291 2389 rum
317 2348 361 2389 in
390 2347 600 2390 saeculum
627 2348 787 2389 saeculi.
823 2349 1025 2389 Posuisti.

197 2403 349 2445 Gloria
368 2404 499 2446 Patri.
526 2404 732 2445 Posuisti.

248 2465 411 2507 Bened.
439 2464 511 2507 Ad
530 2465 800 2506 societatem.

493 2527 645 2568 Lectio
667 2527 737 2567 ix„

198 2582 324 2689 Sed
350 2589 602 2641 percontari
634 2590 758 2640 libet,
800 2589 1025 2642 quomodo

282 2647 505 2697 parantes,
533 2651 577 2687 et
596 2646 829 2688 carnaliter
849 2647 1026 2698 propin-

198 2714 308 2754 quos
328 2702 608 2753 praecipimur
629 2702 788 2752 odisse,
817 2702 892 2754 qui
910 2701 1025 2753 jube-

195 2770 292 2800 mur
311 2762 355 2800 et
373 2757 572 2800 inimicos
592 2758 796 2809 diligere?
831 2759 888 2799 Et
907 2761 1025 2799 certe

1078 339 1258 382 Veritas
1274 339 1329 381 de
1346 332 1486 381 lixore
1503 338 1623 381 dicit:
1644 339 1774 390 Quod
1789 340 1911 381 Deus

1080 395 1318 448 conjunxit,
1351 395 1485 437 homo
1512 409 1599 437 non
1627 398 1812 448 separet.
1852 396 1909 437 Et

1078 452 1241 494 Paulus
1279 452 1354 502 ait:
1394 452 1507 502 Viri,
1546 451 1711 502 diligite
1747 454 1910 493 uxores

1078 514 1268 558 vestras,
1309 508 1424 549 sicut
1457 513 1501 549 et
1530 508 1728 549 Christus
1761 509 1910 549 Eccle-

1078 566 1197 606 siam.
1229 565 1357 614 Ecce,
1384 564 1626 617 discipulus
1645 566 1828 606 uxorem
1850 564 1910 605 di-

1077 620 1298 673 ligendam
1322 620 1552 673 praedicat,
1582 634 1681 661 cum
1701 623 1910 671 magister

1079 678 1212 719 dicat:
1250 677 1334 727 Qui
1359 679 1544 718 uxorem
1571 689 1659 717 non
1688 676 1792 725 odit,
1825 689 1910 717 non

1078 738 1228 787 potest
1247 746 1371 774 meus
1392 746 1489 774 esse
1506 732 1759 784 discipulus.
1778 733 1910 773 Num-

1081 790 1187 842 quid
1228 789 1348 831 aliud
1389 789 1520 841 judex
1562 789 1750 837 nuntiat,
1793 788 1911 829 aliud

1078 859 1229 899 praeco
1249 844 1430 887 clamat?
1459 846 1531 885 An
1551 844 1680 885 simul
1700 849 1743 885 et
1764 843 1911 885 odisse

1079 905 1326 955 possumus,
1355 906 1399 944 et
1419 899 1623 952 diligere?
1661 900 1748 942 Sed
1768 901 1804 941 si
1824 901 1911 940 vim

1079 959 1294 1012 praecepti
1319 957 1643 1011 perpendimus,
1677 960 1911 1007 utrumque

1080 1018 1210 1066 agere
1243 1028 1322 1068 per
1358 1014 1667 1056 discretionem
1700 1012 1911 1053 valomus:

1079 1077 1127 1113 ut
1145 1074 1339 1121 uxorem,
1360 1076 1404 1112 et
1422 1083 1509 1120 eOS,
1531 1070 1605 1122 qui
1623 1069 1752 1110 nobis
1770 1069 1911 1109 carnis

1080 1128 1341 1180 cognatione
1361 1126 1581 1178 conjuncti
1601 1130 1711 1175 sunt,
1737 1129 1780 1166 et
1801 1138 1912 1176 quos

1079 1185 1308 1238 proximos
1336 1183 1558 1231 novimus,
1589 1181 1839 1232 diligamus;
1869 1186 1912 1222 et

1081 1254 1193 1293 quos
1221 1240 1501 1282 adversarios
1529 1239 1573 1279 in
1601 1238 1671 1278 via
1690 1238 1775 1279 Dei
1803 1237 1910 1289 pati-

1078 1310 1192 1347 mur,
1221 1295 1412 1338 odiendo
1441 1300 1485 1337 et
1514 1293 1720 1345 fugiendo
1747 1293 1910 1335 nescia-

1078 1367 1187 1395 mus.
1608 1377 1613 1381 -

1134 1416 1195 1456 Te
1214 1414 1358 1455 Deum
1376 1411 1618 1453 laudamus.
1647 1412 1706 1451 14.

1345 1503 1425 1544 Ad.
1451 1501 1649 1543 Laudes

1297 1563 1345 1591 et
1380 1568 1474 1601 per
1504 1558 1710 1592 Horas‘

1130 1619 1230 1658 Ant.
1246 1620 1273 1657 1.
1300 1617 1388 1667 Qui
1407 1629 1478 1658 me
1497 1615 1723 1657 confessus
1743 1616 1873 1657 fuerit
1888 1616 1911 1641 *

1081 1687 1230 1716 coram
1268 1673 1538 1723 hominibus,
1585 1672 1830 1713 confitebor
1869 1677 1912 1713 et

1079 1744 1161 1782 ego
1191 1744 1292 1772 eum
1321 1742 1470 1771 coram
1497 1729 1628 1770 Patre
1656 1741 1767 1769 meo.

1131 1797 1201 1837 Ps.
1231 1795 1446 1836 Dominus
1466 1794 1675 1844 regnavit.
1704 1794 1762 1833 15.

1128 1863 1163 1901 2.
1200 1860 1286 1911 Qui
1318 1859 1514 1911 sequitur
1542 1871 1628 1907 me,
1652 1858 1676 1883 *
1704 1870 1792 1898 non
1822 1859 1908 1897 am-

1078 1916 1201 1958 bulat
1227 1916 1271 1956 in
1299 1914 1503 1963 tenebris,
1535 1913 1615 1955 sed
1642 1913 1821 1955 habebit
1849 1913 1909 1953 lu-

1078 1985 1179 2014 men
1199 1972 1312 2021 vitae,
1341 1970 1447 2012 dicit
1461 1970 1689 2011 Dominus.

1126 2039 1164 2077 3.
1200 2037 1288 2086 Qui
1311 2036 1417 2077 mihi
1439 2036 1672 2085 ministrat,
1695 2036 1719 2061 *
1747 2048 1817 2076 me
1846 2047 1909 2075 se-

1080 2096 1255 2147 quatur:
1283 2097 1327 2135 et
1346 2092 1421 2134 ubi
1441 2104 1522 2142 ego
1543 2105 1655 2142 sum,
1684 2092 1771 2133 illic
1792 2091 1848 2132 sit
1867 2096 1910 2132 et

1079 2151 1277 2191 minister
1296 2161 1432 2190 meus.

1131 2215 1166 2253 4.
1202 2214 1250 2254 Si
1279 2214 1376 2266 quis
1402 2213 1509 2254 mihi
1535 2212 1863 2260 ministraverit,
1886 2212 1909 2237 *

1079 2270 1388 2311 honorificabit
1407 2282 1507 2311 eum
1525 2270 1656 2310 Pater
1676 2282 1811 2318 meus,
1836 2268 1910 2319 qui
1980 2268 1985 2273 ’

1080 2331 1147 2368 est
1165 2327 1208 2367 in
1229 2326 1363 2375 coelis,
1392 2325 1498 2367 dicit
1518 2325 1746 2366 Dominus.

1129 2390 1167 2430 5.
1202 2388 1312 2431 Volo
1327 2391 1471 2441 Pater,
1489 2390 1513 2416 *
1538 2395 1586 2431 ut
1605 2390 1679 2439 ubi
1699 2401 1781 2439 ego
1802 2401 1908 2436 sum,

1078 2447 1166 2488 illic
1185 2447 1241 2488 sit
1261 2451 1304 2488 et
1322 2447 1520 2488 minister
1538 2459 1673 2487 meus.

1184 2515 1443 2567 Capitulum.
1614 2514 1637 2553 J
1641 2526 1703 2554 ac.
1719 2515 1747 2553 1.
1764 2513 1802 2553 b.

1078 2583 1286 2689 Beatus
1311 2588 1391 2638 vir,
1431 2588 1504 2640 qui
1529 2587 1683 2628 suffert
1708 2586 1908 2628 tentatio-

1183 2657 1298 2686 nem:
1337 2644 1543 2697 quoniam
1570 2656 1670 2684 cum
1695 2642 1908 2695 probatus

1078 2700 1220 2750 fuerit,
1231 2701 1418 2753 accipiet
1434 2702 1643 2741 coronam
1653 2699 1766 2746 vitae,
1778 2709 1907 2748 quarn

1078 2757 1331 2809 repromisit
1349 2757 1470 2798 Deus
1488 2754 1766 2807 diligentibus
1787 2765 1845 2793 se.
