2040 2990
263 335 312 385 Rg.
339 330 476 378 Deus,
506 328 579 381 qui
605 327 732 369 sedes
759 338 889 378 super
913 325 1028 367 thro-

210 402 330 437 num,
363 392 406 428 et
434 385 598 438 judicas
627 383 898 436 aequitatem,
934 387 1028 422 esto

210 444 422 494 refugium
451 445 694 495 pauperum
721 440 764 480 in
789 438 1028 480 tribulatio-

209 513 277 542 ne:
297 503 317 525 *
340 499 451 550 Quia
467 503 515 539 tu
534 497 653 539 solus
676 495 873 537 laborem
893 499 936 536 et
955 493 1029 535 do-

209 557 347 598 lorem
383 554 645 597 consideras.
699 550 747 601 X'.
783 551 881 593 Tibi
916 551 1030 592 enim

210 613 443 654 derelictus
473 616 539 653 est
566 622 752 663 pauper,
786 607 954 660 pupillo
982 611 1030 648 tu

210 670 294 711 eris
315 669 497 721 adjutor.
525 668 635 717 Quia
654 671 701 707 tu
720 665 850 706 solus.

509 734 657 773 Lectio
679 734 730 772 iii.

304 812 361 841 on
381 799 493 841 enim
512 797 711 838 volumus
729 796 931 847 ignorare
950 806 1029 836 vos

313 856 469 897 fratres
494 855 548 896 de
571 853 850 895 tribulatione
869 856 1029 900 nostra,

211 926 309 965 quae
330 912 445 953 facta
464 916 530 953 est
547 911 590 951 in
606 910 722 959 Asia,
742 909 947 961 quoniam
963 921 1028 949 su-

210 983 290 1022 pra
318 968 496 1010 modum
524 966 692 1018 gravati
722 978 871 1007 sumus
898 978 1030 1018 supra

212 1026 431 1075 virtutem,
451 1025 511 1066 ita
530 1029 577 1065 ut
595 1022 779 1065 taederet
798 1035 879 1063 nos
900 1022 1030 1062 etiam

210 1085 367 1124 vivere.
410 1080 496 1122 Sed
523 1080 607 1132 ipsi
633 1080 676 1120 in
703 1078 1030 1130 nobismetipsis

211 1140 469 1192 responsum
505 1137 656 1178 mortis
695 1135 941 1185 habuimus,
982 1138 1031 1175 ut

211 1208 298 1236 non
326 1195 460 1236 simus
488 1193 673 1235 fidentes
703 1192 747 1232 in
775 1191 919 1240 nobis,
953 1190 1031 1232 sed

210 1252 253 1292 in
272 1252 386 1301 Deo,
417 1250 489 1303 qui
514 1250 695 1291 suscitat
716 1251 928 1290 mortuos:
958 1247 1032 1299 qui

211 1308 266 1350 de
295 1308 428 1350 tantis
455 1306 660 1359 periculis
683 1318 764 1347 nos
784 1305 959 1358 eripuit,
988 1308 1032 1346 et

212 1365 335 1406 eruit:
359 1364 402 1405 in
422 1376 551 1416 quem
570 1365 807 1416 speramuS,
829 1361 1032 1414 quoniam

212 1426 255 1462 et
282 1420 425 1462 adhuc
453 1420 625 1472 eripiet,
657 1417 961 1470 adjuvantibus
989 1421 1033 1459 et

211 1477 337 1519 vobis
360 1477 403 1517 in
423 1477 620 1517 oratione
640 1488 720 1528 pro
744 1474 886 1516 nobis:
910 1478 959 1516 ut
979 1486 1033 1515 ex

212 1534 447 1575 multorum
478 1533 696 1586 personis,
734 1532 823 1583 ejus
859 1543 958 1583 quae
989 1531 1033 1571 in

212 1589 337 1630 nobis
367 1594 433 1631 est
461 1589 730 1638 donationis,
761 1601 841 1641 per
870 1587 1033 1629 multos

212 1646 364 1697 gratiae
387 1648 570 1697 agantur
588 1658 669 1698 pro
689 1644 827 1686 nobis.

267 1702 314 1752 Ην.
341 1702 381 1742 Α
405 1701 571 1743 dextris
597 1706 662 1743 est
684 1701 789 1742 mihi
808 1700 1032 1749 Dominus,

214 1771 268 1800 ne
293 1760 583 1800 commovear:
609 1763 631 1786 *
653 1758 841 1810 Propter
864 1757 949 1798 hoc
974 1756 1033 1797 di-

214 1815 395 1856 latatum
415 1820 481 1856 est
501 1827 576 1856 cor
595 1828 754 1864 meum,
783 1819 828 1856 et
848 1813 1033 1855 exsulta-

215 1872 275 1913 vit
299 1872 444 1923 lingua
467 1884 575 1913 mea.
611 1872 660 1921 Y.
693 1871 909 1912 Dominus
932 1882 1034 1923 pars

216 1928 483 1969 haereditatis
515 1940 642 1977 meae,
682 1933 726 1969 et
758 1927 905 1969 calicis
939 1926 1035 1967 mei.

215 1985 413 2037 Propter.
445 1985 593 2026 Gloria
610 1985 739 2025 Patri.
766 1985 965 2037 Propter.

438 2067 485 2104 In
513 2067 562 2104 ΙΙ.
590 2060 810 2105 Νόοωηιο.

220 2132 368 2170 Sermo
393 2127 531 2168 sancti
550 2127 698 2168 Joafiis
724 2126 1036 2179 Chrysostomj.

327 2195 381 2228 Ex
411 2196 637 2229 1³1··.usatione
666 2196 700 2228 in
730 2196 923 2237 [epistolas

504 2244 606 2277 beuti
633 2243 749 2276 I'auli.

513 2298 662 2337 Lectio
684 2298 734 2336 iv.

230 2362 244 2410 j
320 2358 414 2398 eati
433 2357 555 2398 Pauli
574 2358 869 2410 Epistolarum
891 2359 1036 2401 lectio-

305 2415 322 2464 ·³}
346 2427 444 2455 nem
479 2413 581 2455 dum
618 2414 791 2455 assidue
825 2416 1037 2466 ausculto,

232 2469 287 2494 ²³⁴
321 2465 323 2472 ’
346 2483 511 2523 perque
530 2470 828 2511 hebdomadas
849 2472 1038 2522 singulas

220 2527 289 2569 bis
307 2539 436 2580 saepe,
457 2532 500 2568 et
517 2532 583 2568 ter
604 2532 646 2568 et
667 2532 830 2579 quater,
850 2529 1037 2579 quoties-

221 2586 407 2635 cumque
426 2585 674 2624 sanctorum
694 2583 934 2634 Martyrum
952 2598 1038 2626 me—

220 2640 383 2681 morias
395 2639 677 2688 celebramus,
689 2639 848 2690 gaudio
858 2640 1038 2690 exsulto,

221 2695 327 2737 tuba
346 2695 419 2736 illa
439 2695 621 2747 spiritali
640 2695 880 2747 perfruens,
907 2701 950 2737 et
970 2698 1038 2737 ex-

222 2752 353 2801 citor,
381 2765 431 2793 ac
460 2751 676 2793 desiderio
707 2752 939 2802 incalesco,
969 2766 1038 2794 vo-

716 230 914 263 Dominica
940 229 982 262 11.
1012 234 1098 270 post
1124 226 1390 269 Epiphaniam.

1082 336 1177 365 cem
1208 323 1314 364 mihi
1346 325 1530 364 amicam
1562 325 1820 374 agnoscens,
1860 326 1903 365 et

1082 380 1172 421 fere
1198 381 1460 432 praesentem
1486 380 1631 432 ipsum
1657 380 1831 430 intueri,
1860 385 1903 421 et

1083 436 1371 478 disserentem
1414 435 1565 478 audire
1601 435 1765 478 videor.
1817 436 1904 478 Sed

1082 498 1227 534 tamen
1247 492 1376 535 doleo
1397 497 1441 534 et
1458 492 1642 535 moleste
1661 493 1765 543 fero,
1785 492 1904 545 quod

1082 549 1222 591 virum
1245 549 1359 591 hunc
1378 562 1468 591 non
1490 562 1657 599 omnes,
1686 550 1799 591 sicut
1824 562 1905 602 par

1083 611 1167 656 est,
1201 609 1486 658 cognoscunt:
1519 619 1670 648 verum
1696 606 1757 648 ita
1782 605 1904 648 illum

1082 662 1278 712 nonnulli
1296 663 1514 714 ignorant,
1542 667 1590 704 ut
1613 675 1667 704 ne
1685 662 1904 716 Epistola-

1082 732 1179 760 rum
1205 719 1380 772 quidem
1406 720 1496 771 ejus
1522 723 1749 761 numerum
1775 718 1905 772 plane

1083 776 1233 818 sciant.
1260 777 1360 817 Hoc
1379 789 1485 818 vero
1506 789 1594 818 non
1611 775 1829 829 imperitia
1845 775 1904 816 fa-

1083 832 1158 874 cit:
1195 832 1274 874 sed
1307 832 1427 885 quod
1458 833 1599 875 nolint
1629 832 1749 874 beati
1780 831 1904 884 hujus

1082 889 1164 988 {iri
1180 890 1343 942 scripta
1362 889 1537 931 assidue
1556 890 1600 930 in
1616 888 1816 930 manibus
1832 887 1904 930 ha-

1115 948 1198 988 ere.

1137 1006 1187 1056 Ru
1222 1003 1365 1045 Notas
1401 1002 1507 1044 mihi
1543 1001 1684 1044 fecisti
1715 1001 1905 1043 Domine

1083 1059 1176 1100 vias
1192 1060 1308 1101 vitae:
1329 1061 1351 1085 *
1371 1058 1647 1112 Adimplebis
1666 1071 1736 1100 me
1753 1057 1906 1100 laetitia

1084 1129 1183 1158 cum
1220 1116 1343 1158 vultu
1380 1122 1471 1159 tuo:
1511 1115 1825 1158 delectationes
1861 1114 1905 1155 in

1085 1172 1265 1214 dextera
1283 1178 1358 1214 tua
1378 1185 1516 1224 usque
1534 1172 1578 1213 in
1597 1172 1739 1213 finem.
1772 1168 1823 1218 Y.
1837 1170 1906 1212 Tu

1085 1242 1130 1270 es
1161 1229 1236 1281 qui
1263 1231 1466 1272 restitues
1492 1228 1797 1271 haereditatem
1819 1240 1905 1270 me—

1085 1299 1155 1326 am
1173 1285 1289 1327 mihi.
1316 1285 1594 1338 Adimplebis
1613 1298 1695 1327 me.

1392 1343 1543 1383 Lectio
1564 1357 1600 1382 v.

1087 1395 1290 1501 Neque
1311 1399 1424 1440 enim
1443 1411 1536 1448 nos,
1561 1411 1659 1451 quae
1679 1397 1850 1448 scimus,
1870 1397 1907 1439 si

1188 1455 1295 1507 quid
1318 1455 1496 1505 scimus,
1523 1454 1577 1497 ab
1602 1454 1763 1506 ingenii
1785 1453 1907 1496 boni-

1084 1514 1176 1553 tate
1209 1516 1341 1564 atque
1374 1512 1572 1554 aelimine
1610 1511 1787 1553 scimus:
1829 1510 1909 1552 sed

1086 1568 1207 1620 quod
1227 1581 1330 1620 erga
1348 1568 1463 1610 hunc
1482 1568 1623 1610 virum
1637 1568 1835 1620 impense
1850 1566 1908 1608 af-

1085 1626 1203 1675 fecti,
1232 1625 1286 1667 ab
1314 1625 1429 1667 illius
1456 1625 1646 1667 lectione
1671 1637 1909 1677 numquam

1087 1681 1366 1723 discedimus:
1399 1681 1615 1734 siquidem
1648 1681 1722 1733 qui
1752 1685 1909 1730 amant,

1086 1738 1116 1779 ii
1139 1737 1240 1791 plus
1265 1751 1395 1790 quam
1422 1738 1557 1780 ceteri
1581 1749 1733 1779 omnes
1758 1739 1910 1778 eorum
1971 1762 1973 1765 »

1087 1795 1202 1836 facta
1226 1799 1402 1844 norunt,
1432 1807 1542 1847 quos
1567 1797 1734 1843 amant,
1761 1797 1809 1835 ut
1836 1793 1911 1846 qui

1087 1850 1142 1892 de
1167 1851 1220 1891 iis
1246 1851 1354 1904 ipsis
1380 1851 1465 1892 sint
1490 1850 1676 1892 solliciti.
1717 1849 1772 1892 Id
1791 1848 1911 1902 quod

1087 1906 1242 1948 beatus
1278 1907 1348 1949 hic
1387 1907 1524 1948 veluti
1561 1906 1817 1955 ostendens,
1854 1904 1910 1947 ad

1086 1963 1391 2017 Philippenses
1428 1964 1504 2005 ait:
1545 1963 1666 2005 Sicut
1703 1967 1770 2005 est
1804 1961 1911 2004 mihi

1087 2021 1262 2073 justum,
1290 2026 1338 2062 ut
1363 2020 1449 2062 hoc
1477 2020 1531 2063 de
1555 2019 1682 2063 vobis
1710 2018 1910 2061 omnibus

1088 2077 1288 2127 sentiam,
1317 2090 1370 2119 eo
1399 2077 1520 2130 quod
1547 2076 1735 2119 habeam
1759 2088 1840 2117 vos
1866 2075 1910 2116 in

1089 2133 1233 2182 eorde,
1255 2137 1298 2175 et
1316 2133 1360 2174 in
1377 2133 1562 2175 vinculis
1580 2133 1700 2183 meis,
1720 2137 1763 2174 et
1780 2132 1824 2173 in
1839 2131 1910 2174 de-

1089 2189 1283 2231 fensione
1324 2194 1368 2231 et
1407 2189 1738 2231 confirmatione
1772 2188 1911 2229 Evan-

1088 2245 1200 2296 gelii.
1679 2247 1682 2251 ’

1142 2304 1191 2354 R.
1234 2302 1423 2353 Diligam
1466 2307 1511 2343 te
1547 2301 1734 2342 Domine
1774 2301 1911 2342 virtus

1089 2371 1201 2399 mea:
1234 2358 1448 2399 Dominus
1475 2358 1797 2398 firmamentum
1825 2370 1911 2398 me-

1089 2427 1172 2463 um,
1195 2418 1216 2440 *
1235 2414 1290 2455 Et
1307 2414 1519 2466 refugium
1538 2426 1693 2455 meum.
1719 2406 1768 2457 V.
1786 2412 1912 2454 Libe-

1090 2473 1209 2511 rator
1240 2483 1378 2518 meus,
1410 2471 1531 2512 Deus
1564 2482 1704 2520 meuS,
1740 2469 1911 2521 adjutor

1089 2539 1222 2568 meus.
1249 2526 1305 2568 Et
1324 2527 1547 2579 refugium.

1389 2587 1539 2627 Lectio
1563 2587 1612 2625 vi.

1172 2642 1412 2693 uapropter
1437 2640 1474 2680 si
1498 2644 1540 2681 et
1559 2652 1640 2680 vos
1660 2651 1836 2691 quoque
1854 2638 1910 2679 le-

1190 2697 1324 2738 ctioni
1344 2695 1572 2747 diligenter
1593 2695 1819 2737 attendere
1837 2706 1910 2736 vo-

1091 2753 1272 2802 lueritis,
1309 2752 1413 2793 nihil
1442 2751 1559 2793 aliud
1586 2752 1712 2793 vobis
1741 2751 1821 2793 erit
1847 2762 1910 2791 re-
