2080 2990
762 236 974 271 Commune
999 235 1113 269 unius
1138 234 1330 277 Martyris.

288 327 482 373 Homilia
500 328 539 369 S.
560 327 763 378 Gregerii
780 327 926 379 Papae.

390 399 532 433 Homil.
549 399 601 432 32.
620 399 658 432 in
675 399 821 441 Evang.

231 493 232 496 Ἰ
259 468 268 485 ε,-
318 448 390 488 uia
420 449 636 489 Dominus
670 460 722 489 ac
750 447 1026 511 Redemptor

220 502 282 557 «22:3⁸5
304 555 306 558 ι
342 509 495 546 1105ῒο1
520 517 663 546 novus
687 503 821 545 homo
841 504 961 545 venit
981 503 1026 543 in

199 558 274 583 -ν-ῑέ
343 560 573 610 mundum,
631 573 748 601 nova
801 561 1028 612 praecepta

193 615 315 658 dedit
333 616 510 658 mundo.
542 616 660 658 Vitae
681 616 843 657 etenim
861 621 1026 658 nostrae

192 673 332 714 veteri
355 673 399 713 in
422 673 538 714 vitiis
564 674 765 714 enutritae
791 673 1027 713 contrarie—

195 731 333 770 tatem
348 729 557 781 oppesuit
569 728 777 770 novitatis
793 741 896 769 suae.
912 728 1028 778 Quid

194 785 309 826 enim
345 790 487 834 vetus,
529 784 635 837 quid
671 784 857 825 carnalis
893 784 1027 826 homo

194 843 396 891 neverat,
430 841 514 882 nisi
542 854 621 882 sua
645 841 854 890 retinere,
889 841 1030 882 aliena

194 900 363 950 rapere,
383 898 420 938 si
438 902 608 950 possen
637 899 964 950 concupiscere,
993 898 1030 938 si

194 967 283 996 non
300 952 479 1006 posset?
513 953 601 995 Sed
620 953 813 995 coelestis
831 953 1029 995 medicus

195 1010 375 1061 singulis
397 1009 645 1062 quibusque
664 1010 781 1051 vitiis
804 1009 1031 1051 obviantia

196 1066 377 1108 adhibet
403 1065 735 1108 medicamenta.
777 1066 893 1107 Nam
918 1067 1030 1107 sicut

196 1127 289 1164 arte
313 1122 543 1164 medicinae
569 1122 712 1165 calida
738 1122 923 1174 frigidis,
961 1123 1030 1163 fri—

195 1178 299 1231 gida
315 1179 468 1221 calidis
488 1181 712 1221 curantur:
734 1180 797 1221 ita
815 1180 1030 1221 Deminus

195 1241 347 1278 noster
366 1236 587 1277 contraria
606 1236 817 1289 opposuit
842 1235 1030 1277 medica-

196 1294 344 1334 menta
370 1292 583 1345 peccatis,
616 1298 665 1334 ut
687 1292 871 1334 lubricis
895 1292 1030 1333 conti-

196 1349 398 1400 nentiam,
417 1349 647 1390 tenacibus
666 1349 927 1400 largitatem,
950 1349 1030 1389 ira-

197 1405 353 1447 cundis
367 1405 762 1455 mansuetudinem,
778 1405 905 1447 elatis
920 1418 1030 1457 prae-

197 1464 365 1514 ciperet
382 1461 684 1503 humilitatem.

252 1534 303 1585 R!-
343 1531 517 1572 Corena
554 1534 688 1572 aurea
727 1543 861 1584 super
898 1535 1032 1583 caput

199 1587 301 1639 ejus,
321 1591 344 1617 *
368 1588 592 1640 Expressa
620 1587 746 1638 signo
774 1587 1031 1637 sanctitatis,

197 1643 339 1694 gloria
352 1643 545 1694 honoris,
563 1648 607 1685 et
623 1656 736 1696 opus
751 1643 1031 1685 fortitudinis.

200 1699 252 1751 V.
268 1700 487 1751 Queniam
503 1700 760 1753 praevenisti
776 1713 877 1741 eum
895 1700 940 1740 in
958 1699 1031 1741 be-

196 1756 523 1798 nedictienibus
549 1755 809 1806 dulcedinis,
841 1756 1032 1809 posuisti

197 1812 243 1853 in
271 1813 416 1866 capite
444 1813 536 1864 ejus
562 1815 772 1854 coronam
800 1812 856 1854 de
882 1811 1032 1865 lapide

198 1869 408 1921 pretieso.
434 1869 670 1922 Expressa.

487 1948 640 1989 Lectio
663 1948 746 1988 viii.

202 2002 370 2111 Certe
401 2029 501 2057 cum
524 2029 571 2057 se
606 2016 891 2068 sequentibus
918 2029 1034 2058 nova

313 2071 520 2114 mandata
555 2075 849 2125 propeneret,
905 2072 1034 2114 dixit:

200 2128 298 2170 Nisi
334 2129 431 2181 quis
473 2129 791 2171 renuntiaverit
831 2128 1034 2170 emnibus

204 2197 302 2237 quae
338 2185 559 2237 possidet,
601 2199 690 2227 non
725 2190 876 2238 potest
910 2198 1034 2227 meus

204 2253 301 2282 esse
317 2241 571 2294 discipulus.
599 2243 667 2283 Ac
682 2242 720 2283 si
734 2243 887 2295 aperte
904 2241 1035 2283 dicat:

204 2297 289 2347 Qui
306 2310 388 2350 per
406 2298 541 2339 vitam
558 2300 756 2340 veterem
775 2298 916 2339 aliena
935 2311 1035 2340 con-

204 2354 445 2406 cupiscitis,
479 2367 560 2406 per
586 2367 715 2396 novae
740 2355 1036 2396 conversatie-

204 2409 272 2450 nis
309 2409 504 2451 studium
543 2416 587 2452 et
623 2416 771 2453 vestra
807 2411 1037 2462 largimini.

207 2465 323 2514 Quid
353 2478 459 2507 vero
492 2467 536 2507 in
567 2467 651 2508 hac
682 2467 872 2508 lectione
910 2467 1037 2515 dicat,

206 2520 449 2563 audiamus:
468 2523 553 2573 Qui
567 2523 661 2565 vult
674 2528 778 2576 post
792 2536 863 2564 me
878 2524 1038 2572 venire,

207 2576 396 2629 abneget
423 2581 719 2632 semetipsum.
771 2579 841 2621 Ibi
869 2579 1038 2628 dicitur,

207 2637 256 2674 ut
284 2633 550 2685 abnegemus
572 2641 737 2678 nostra:
770 2635 841 2677 hic
868 2635 1038 2684 dicitur,

208 2694 258 2730 ut
276 2689 543 2741 abnegemus
561 2705 655 2733 nos.
691 2692 748 2733 Et
773 2692 961 2733 fortasse
980 2691 1038 2732 la-

207 2745 436 2787 boriesum
476 2760 565 2788 non
603 2753 670 2789 est
710 2747 877 2789 hemini
913 2747 1038 2789 relin-

365 2885 429 2909 Pars
445 2884 579 2910 Hiemalis.

1841 226 1910 272 [33]

1079 337 1215 377 quere
1243 337 1337 374 sua3
1375 323 1455 365 sed
1481 323 1610 364 valde
1638 323 1911 365 laboriesum

1079 386 1146 422 est
1165 380 1413 432 relinquere
1434 381 1729 432 semetipsum.
1765 380 1910 420 Minus

1080 437 1245 489 quippe
1275 441 1343 477 est
1371 436 1590 486 abnegare
1620 435 1740 487 quod
1760 435 1911 477 habet:

1078 493 1207 535 valde
1231 497 1378 534 autem
1400 491 1587 532 multum
1606 496 1673 533 est
1693 491 1911 542 abnegare

1081 549 1200 602 quod
1219 554 1296 591 est.

1132 619 1182 669 Rg.
1210 614 1297 654 Hic
1317 617 1385 654 est
1404 625 1508 653 vere
1527 612 1705 664 Martyr,
1734 613 1808 665 qui
1829 626 1911 665 pro

1082 670 1244 711 Christi
1279 669 1456 710 nemine
1494 669 1751 719 sanguinem
1787 682 1914 710 suum

1080 726 1210 767 fudit:
1246 731 1267 755 *
1306 726 1391 776 Qui
1423 725 1565 765 minas
1599 725 1790 776 judicum
1825 738 1913 766 non

1081 783 1236 832 timuit,
1263 795 1346 824 nec
1367 783 1554 823 terrenae
1579 780 1804 832 dignitatis
1824 782 1913 833 glo-

1082 840 1191 880 riam
1212 839 1426 891 quaesivit,
1455 837 1535 879 sed
1555 837 1612 879 ad
1634 837 1832 878 coelestia
1850 851 1914 879 re-

1082 909 1167 947 gna
1194 895 1406 948 pervenit.
1448 892 1497 942 Y.
1529 894 1704 935 Justum
1732 893 1916 935 deduxit

1082 953 1300 993 Deminus
1319 965 1399 1005 per
1419 952 1511 993 vias
1531 956 1687 1000 rectas,
1708 955 1751 992 et
1771 953 1914 992 osten-

1084 1008 1148 1050 dit
1179 1008 1241 1049 illi
1273 1022 1455 1060 regnum
1487 1008 1582 1050 Dei.
1626 1007 1721 1058 Qui.
1763 1007 1916 1048 Gleria

1083 1066 1213 1106 Patri.
1251 1066 1346 1116 Qui.

1390 1140 1539 1180 Lectio
1561 1140 1614 1179 ix.

1153 1204 1182 1246 d
1220 1217 1267 1246 se
1301 1209 1449 1246 autem
1480 1203 1607 1245 nobis
1640 1203 1916 1245 venientibus

1195 1261 1412 1302 Dominus
1435 1260 1666 1313 praecepit,
1691 1264 1740 1301 ut
1762 1273 1916 1301 renun-

1083 1318 1241 1359 tiemus
1260 1318 1438 1359 nostris:
1459 1317 1560 1369 quia
1577 1317 1841 1369 quicumque
1862 1316 1918 1358 ad

1083 1373 1189 1416 fidei
1221 1376 1407 1426 agenem
1441 1376 1659 1423 venimus,
1697 1373 1918 1414 luctamen

1085 1436 1238 1473 contra
1256 1430 1471 1481 malignos
1496 1430 1676 1483 spiritus
1696 1429 1918 1470 sumimus.

1083 1487 1204 1528 Nihil
1220 1492 1366 1529 autem
1383 1487 1563 1537 maligni
1578 1486 1756 1538 spiritus
1773 1486 1818 1526 in
1832 1486 1919 1527 hoc

1083 1543 1248 1585 mundo
1278 1544 1507 1596 preprium
1534 1542 1780 1595 possident:
1812 1542 1920 1583 nudi

1086 1613 1191 1651 ergo
1221 1613 1321 1641 cum
1348 1600 1477 1641 nudis
1508 1599 1664 1640 luctari
1697 1598 1919 1640 debemus.

1083 1657 1199 1698 Nam
1219 1657 1256 1697 si
1274 1659 1461 1698 vestitus
1479 1656 1665 1708 quisque
1681 1668 1781 1696 cum
1799 1655 1919 1696 nudo

1084 1713 1286 1763 luctatur,
1308 1714 1437 1754 citius
1453 1712 1510 1754 ad
1528 1717 1694 1754 terram
1710 1712 1919 1762 dejicitur,

1087 1770 1189 1822 quia
1225 1769 1360 1811 habet
1393 1769 1509 1811 unde
1546 1771 1758 1810 teneatur.
1804 1767 1921 1818 Quid

1086 1826 1202 1867 enim
1217 1831 1318 1867 sunt
1332 1828 1507 1867 terrena
1522 1825 1679 1873 emnia,
1699 1824 1783 1865 nisi
1804 1837 1919 1875 quae-

1087 1882 1189 1923 dam
1203 1883 1403 1935 co'rporis
1418 1879 1696 1923 indumenta?
1715 1881 1799 1931 Qui
1814 1893 1919 1931 ergo

1086 1943 1240 1980 contra
1259 1938 1485 1980 diabolum
1504 1937 1561 1979 ad
1580 1939 1802 1978 certamen
1821 1938 1919 1989 pre-

1086 2000 1224 2047 perat,
1252 1995 1516 2036 vestimenta
1538 1993 1723 2045 abjiciat,
1753 2006 1808 2034 ne
1827 2005 1920 2034 suc-

1088 2051 1277 2092 cumbat.

1142 2119 1205 2158 Te
1224 2117 1369 2157 Deum
1387 2115 1632 2157 laudemus.
1661 2116 1721 2155 14.

1451 2210 1559 2237 ‹nze-0

1253 2311 1341 2351 111.
1379 2310 1496 2351 Alia
1523 2308 1759 2350 Homilia.

1090 2383 1245 2425 Lectio
1269 2383 1412 2424 sancti
1429 2382 1658 2434 Evangelii
1681 2380 1922 2423 secundum

1374 2439 1645 2480 Matthaeum.

1196 2508 1349 2549 Lectio
1371 2508 1439 2547 vii.
1586 2506 1688 2557 Cap.
1705 2506 1768 2544 lo.
1783 2517 1816 2544 c.

1090 2574 1168 2681 In
1194 2578 1271 2621 illo
1299 2581 1515 2631 tempore:
1551 2577 1676 2619 Dixit
1703 2578 1727 2618 J
1732 2590 1832 2618 esus
1862 2575 1922 2617 di·
1980 2617 1982 2620 Α

1157 2636 1338 2688 scipulis
1355 2636 1461 2676 suis:
1479 2634 1602 2676 Nihil
1622 2638 1690 2675 est
1711 2635 1922 2686 opertum,

1093 2691 1215 2743 quod
1252 2705 1341 2733 non
1372 2691 1660 2740 revelabitur,
1706 2694 1750 2730 et
1782 2687 1925 2729 occul-

1091 2752 1196 2799 tum,
1218 2748 1339 2800 quod
1356 2760 1445 2789 non
1465 2747 1637 2788 scietur.
1670 2746 1726 2786 Et
1744 2744 1924 2795 reliqua.

1689 2874 1717 2907 G
