2080 2990
215 216 281 251 472
650 215 715 247 Ula·
741 215 769 246 f»,
799 214 903 246 Febr,

217 311 321 351 vitia
347 310 600 359 declinaret,
630 322 749 361 saepe
775 322 799 349 a
824 314 963 349 matre
989 308 1047 347 in-

218 368 423 417 crepatus
444 366 533 407 fuit.
561 366 646 407 Ubi
666 370 811 406 autem
831 363 1049 413 cognovit,

218 434 264 462 se
284 423 514 473 parentum
533 427 640 462 voto
658 421 865 472 Deiparae
880 418 1050 468 Virgini

218 476 411 518 dicatum
431 477 580 526 fuisse,
601 478 683 518 Dei
704 480 853 518 amore
873 477 1048 516 succen-

218 545 308 581 sus,
333 531 477 583 deque
500 532 597 573 visu
616 533 767 573 matris
791 530 1049 578 admonitus,

220 587 551 629 Carmelitarum
564 588 810 629 institutum
822 586 1050 638 amplexus

219 649 304 692 est,
335 643 379 683 in
408 656 495 695 quo
523 644 655 684 variis
682 641 997 684 tentationibus
1025 653 1050 681 a

219 698 419 740 daemone
437 702 632 747 vexatus,
651 710 890 749 numquam
904 702 1050 737 tamen

218 755 364 806 potuit
381 767 406 795 a
426 755 648 805 religionis
664 754 896 806 proposito
914 752 1050 793 dimo-

219 810 322 850 veri.
354 810 459 850 Mox
479 810 698 851 Lutetiam
716 809 889 856 missus,
909 809 1050 848 emen-

219 878 270 906 so
297 865 543 907 studiorum
569 865 803 913 curriculo,
833 869 876 905 et
900 863 1051 904 laurea

220 921 420 970 donatus,
440 922 482 961 in
498 922 687 973 patriam
704 922 948 968 revocatur,
968 921 1052 959 sui-

221 990 306 1029 que
349 976 515 1018 ordinis
555 977 755 1027 regimini
794 976 839 1016 in
875 975 1052 1017 Etruria

219 1033 470 1085 praeficitur.

279 1091 322 1139 leg.
349 1089 503 1129 Inveni
526 1087 672 1129 David
696 1100 872 1128 servum
894 1098 1051 1135 meum,

221 1143 320 1184 oleo
367 1149 521 1185 sancto
566 1156 667 1184 meo
712 1143 818 1184 unxi
863 1155 984 1183 eum:
1028 1143 1047 1161 *

219 1200 375 1240 Manus
412 1201 526 1240 enim
557 1212 656 1240 mea
692 1198 971 1240 auxiliabitur
1003 1197 1053 1239 ei.

226 1251 270 1301 δ”.
302 1255 423 1295 Nihil
455 1255 657 1307 proficiet
689 1255 889 1295 inimicus
915 1254 960 1294 in
988 1266 1052 1302 eo,

221 1316 265 1352 et
288 1311 404 1351 filius
428 1311 670 1363 iniquitatis
693 1324 782 1352 non
805 1310 983 1351 nocebit
1003 1309 1053 1350 ei.

220 1367 376 1408 Manus
397 1368 523 1408 enim.

536 1422 684 1462 Lectio
708 1436 741 1459 v.

268 1481 419 1520 nterea
438 1479 655 1520 Fesulana
680 1478 868 1519 ecclesia
890 1489 969 1517 suo
994 1476 1053 1518 vi-

288 1535 422 1576 duata
440 1537 635 1587 pastore,
662 1547 762 1575 eum
783 1533 866 1576 sibi
886 1535 1053 1585 episco-

222 1603 327 1642 pum
357 1590 507 1641 elegit:
542 1603 629 1642 quo
659 1594 839 1630 munere
872 1601 919 1629 se
946 1588 1053 1629 indi-

221 1659 354 1696 gnum
374 1647 607 1696 aestimans,
627 1646 703 1686 diu
720 1645 848 1686 latuit
866 1645 1054 1695 ignotus,

224 1701 367 1743 donec
400 1703 526 1754 pueri
560 1714 671 1743 voce
704 1700 959 1742 mirabiliter
992 1700 1054 1741 lo-

223 1758 398 1808 quentis
425 1757 647 1810 proditus,
676 1763 719 1798 et
748 1762 871 1798 extra
899 1756 1055 1797 urbem

223 1814 440 1862 inventus,
467 1827 522 1854 ne
548 1813 707 1855 divinae
733 1812 1056 1853 contradiceret

223 1868 456 1918 voluntati,
502 1870 809 1921 episcopatum
850 1868 1055 1920 suscepit.

222 1924 287 1964 Ea
335 1924 547 1975 dignitate
592 1930 765 1974 auctus,
811 1924 1055 1973 humilitati,

225 1992 355 2030 quam
381 1993 556 2032 semper
580 1981 790 2029 coluerat,
815 1979 1056 2031 impensius

222 2034 436 2076 incubuit:
465 2041 509 2076 et
534 2036 746 2088 pastorali
772 2034 1058 2076 sollicitudini

222 2090 570 2132 misericerdiam
589 2092 633 2131 in
652 2095 882 2144 pauperes,
903 2090 1056 2132 libera-

223 2144 403 2195 litatem,
428 2147 639 2187 orationis
661 2146 975 2195 assiduitatem,
997 2146 1056 2186 vi·

224 2201 369 2251 gilias,
406 2202 601 2254 aliasque
633 2203 817 2244 virtutes
850 2202 1056 2253 adjunxit,

225 2263 268 2299 et
293 2258 450 2310 spiritu
474 2259 606 2299 etiam
629 2258 892 2311 prophetico
913 2258 1056 2299 clarus

226 2313 323 2362 fuit;
353 2312 466 2355 adeo
495 2319 542 2355 ut
571 2314 662 2365 ejus
690 2314 899 2355 sanctitas
928 2313 983 2354 ab
1013 2315 1056 2353 o-

224 2368 399 2410 mnibus
419 2369 727 2410 celebraretur.

283 2426 331 2475 Ιςν.
360 2424 494 2466 Posui
526 2424 791 2475 adjuterium
819 2436 952 2476 super
979 2436 1055 2475 po-

224 2481 401 2529 tentem,
422 2485 465 2521 et
484 2480 674 2521 exaltavi
694 2479 882 2520 electum
898 2478 953 2520 de
968 2480 1056 2532 ple-

225 2535 282 2576 be
305 2548 418 2576 mea:
450 2537 470 2558 *
495 2536 651 2594 Manus
677 2535 793 2576 enim
816 2548 913 2576 mea
939 2536 1056 2576 auxi-

225 2591 404 2632 liabitur
433 2592 484 2632 ei.
524 2589 571 2634 Y.
604 2590 757 2631 Inveni
780 2590 942 2639 David,
970 2603 1056 2632 ser-

226 2660 329 2688 vum
348 2659 509 2695 meum,
535 2646 634 2687 oleo
661 2651 813 2687 sancto
834 2658 932 2686 meo
953 2646 1058 2686 unxi

227 2712 337 2744 eum.
364 2702 662 2744 Manusvenim.

952 216 984 246 N.
1015 214 1175 249 Aumlm·
1205 213 1304 246 Yirzz.
1331 220 1365 245 ct
1394 213 1496 245 Mart.

1406 306 1555 345 Lectio
1578 306 1627 343 vi.

1102 362 1231 465 His
1258 368 1486 418 permotus
1508 364 1715 406 Urbanus
1742 365 1930 417 quintus,

1213 421 1269 463 ad
1293 420 1511 462 sedandas
1531 419 1742 461 Bononiae
1765 419 1930 468 turbas,

1101 477 1325 518 Andream
1360 477 1554 526 legatum
1588 475 1724 516 misit:
1763 487 1851 527 quo
1887 475 1931 515 in

1100 537 1281 574 munere
1312 532 1450 574 multa
1482 533 1738 584 perpessus,
1770 531 1932 572 civium

1102 589 1219 638 odia,
1246 602 1344 640 quae
1369 587 1426 629 ad
1447 587 1790 629 internecionem
1810 589 1931 627 exar-

1102 650 1259 694 serant,
1280 656 1450 685 summa
1467 643 1700 696 prudentia
1716 642 1933 683 restinxit:

1101 707 1193 742 tum
1207 701 1410 742 restituta
1423 697 1747 750 tranquillitate,
1763 695 1820 738 ad
1833 699 1931 749 pro-

1102 757 1196 809 pria
1219 758 1422 797 reversus
1444 760 1521 796 est.
1557 753 1652 795 Nec
1670 752 1810 794 multo
1829 757 1934 804 post

1102 812 1290 853 assiduis
1326 810 1571 859 laboribus,
1609 814 1653 851 et
1685 808 1935 851 voluntaria

1102 869 1245 909 carnis
1268 867 1562 908 maceratione
1588 865 1828 913 confectus,
1859 863 1933 905 ob-

1102 923 1187 965 itus
1213 923 1284 964 die
1309 936 1334 964 a
1358 923 1488 964 beata
1508 922 1689 973 Virgine
1715 919 1799 961 sibi
1823 932 1934 972 prae-

1104 979 1239 1028 dicto,
1265 978 1322 1020 ad
1341 978 1538 1019 coelesti-a
1561 989 1696 1027 regna
1718 975 1935 1026 migravit,

1103 1047 1217 1076 anno
1247 1034 1426 1075 Domini
1457 1033 1688 1074 millesimo
1722 1031 1934 1073 tercente-

1104 1091 1215 1131 simo
1250 1090 1574 1142 septuagesimo
1606 1088 1759 1137 tertio,
1791 1086 1936 1128 aetatis

1106 1159 1198 1187 suae
1231 1146 1555 1199 septuagesimo
1587 1144 1743 1196 primo.
1795 1143 1938 1192 Quem
1998 1174 2004 1182 .

1105 1202 1310 1244 Urbanus
1323 1203 1506 1242 octavus
1519 1199 1667 1240 multis
1678 1200 1937 1250 magnisque

1104 1257 1326 1299 miraculis
1363 1257 1530 1298 clarum
1565 1255 1826 1296 Sanctorum
1860 1256 1935 1294 nu-

1104 1326 1226 1355 mero
1248 1313 1496 1365 adscripsit.
1531 1311 1635 1363 Ejus
1655 1323 1818 1362 eorpus
1837 1309 1935 1350 Flo-

1105 1370 1258 1411 rentiae
1275 1370 1320 1410 in
1341 1368 1528 1410 ecclesia
1547 1367 1614 1408 sui
1633 1365 1799 1407 ordinis
1819 1365 1936 1418 quie-

1105 1426 1199 1475 scit,
1219 1431 1263 1467 et
1277 1425 1467 1466 maxima
1481 1424 1641 1465 civium
1655 1422 1937 1463 veneratione

1106 1482 1279 1531 colitur,
1306 1480 1464 1533 quibus
1486 1492 1575 1521 non
1599 1477 1736 1520 semel
1757 1478 1802 1518 in
1825 1489 1936 1530 prae-

1106 1538 1218 1579 senti
1237 1536 1486 1578 discrimine
1505 1534 1715 1588 praesidio
1734 1533 1826 1575 fuit.

1164 1599 1211 1648 Κ.
1235 1598 1325 1638 Iste
1346 1601 1413 1638 est
1433 1595 1518 1647 qui.
1547 1594 1632 1647 [54]

1162 1672 1198 1704 ln
1231 1671 1291 1703 III.
1316 1670 1511 1702 Not-turno
1536 1667 1706 1700 llomilia
1734 1667 1769 1698 in
1792 1666 1936 1706 Evang.

1113 1719 1234 1752 Homo
1269 1717 1441 1760 peregre.
1480 1716 1526 1749 dc
1563 1715 1699 1748 codem
1734 1713 1937 1747 Communi

1114 1768 1137 1798 l.
1164 1767 1258 1798 lom).
1283 1763 1352 1806 [56]

1162 1818 1345 1858 chpcioec
1380 1827 1397 1848 a
1428 1814 1609 1857 Cupitulo
1641 1813 1687 1846 de
1718 1824 1823 1855 sequ.
1854 1821 1938 1846 cum

1110 1875 1305 1898 commem.
1332 1863 1495 1906 praeced.

1325 1950 1409 1991 Die
1428 1951 1466 1990 5.
1485 1948 1724 1991 Februarii.

1212 2023 1256 2064 S.
1276 2022 1493 2072 Agathae
1514 2023 1633 2071 Virg.
1654 2028 1696 2062 et
1716 2021 1839 2061 Mart.

1443 2087 1606 2129 Duplex.

1166 2148 1204 2181 ln
1225 2148 1248 2180 l.
1264 2147 1378 2189 R'csp.
1398 2147 1554 2189 quando
1574 2145 1752 2178 dicuntur
1771 2145 1938 2185 integrae,

1112 2196 1197 2228 Ant.
1224 2201 1330 2228 crunt
1357 2194 1449 2233 Quis
1470 2203 1511 2227 es
1532 2196 1584 2227 tu.
1606 2202 1689 2225 cum
1714 2192 1873 2234 reliquis
1893 2192 1939 2225 de

1112 2243 1229 2275 Laud.
1265 2243 1320 2275 Γῆ,
1343 2242 1448 2276 Dixit
1466 2239 1667 2275 Dominus.
1694 2250 1777 2273 eum
1806 2240 1938 2281 reliqu.

1112 2290 1158 2323 de
1185 2291 1328 2323 Comm.
1355 2290 1490 2331 Apost.
1515 2287 1563 2330 [2]

1190 2354 1449 2405 ‹Vlapitulunr
1653 2351 1783 2391 Eccli.
1804 2352 1861 2389 51.

1114 2415 1404 2521 Confitebor
1430 2417 1510 2460 tibi
1537 2417 1726 2458 Domine
1751 2417 1866 2465 Rex,
1898 2420 1942 2457 et

1205 2473 1467 2517 collaudabo
1502 2479 1547 2514 te
1574 2474 1718 2513 Deum
1746 2471 1940 2513 Salvato-

1111 2546 1204 2574 rem
1218 2544 1374 2572 meum.
1404 2528 1656 2571 Confitebor
1670 2528 1835 2569 nomini
1849 2533 1941 2568 tuo:

1112 2588 1319 2640 quoniam
1350 2586 1524 2637 adjutor
1553 2590 1596 2626 et
1626 2586 1853 2636 protector
1881 2583 1939 2623 fa-

1112 2650 1208 2686 etus
1240 2656 1287 2685 es
1318 2642 1443 2690 mihi,
1476 2646 1520 2682 et
1551 2640 1749 2682 liberasti
1781 2651 1942 2691 corpus

1111 2713 1257 2742 meum
1275 2711 1301 2740 a
1319 2697 1578 2750 perditione.
