2080 2990
574 210 645 243 Die
670 210 701 243 8.
728 210 863 243 Martii.
911 211 945 244 S.
971 210 1134 244 -loannis
1162 212 1206 245 dc
1232 212 1314 245 Dco
1340 214 1446 246 (tons.

469 303 619 343 Lectio
642 317 676 341 v.

159 359 480 463 Pauperibus
515 362 711 412 aegrotiS‚
745 375 857 413 quos
889 365 989 414 pro-

264 417 372 469 priis
399 417 665 469 quandoque
691 417 883 459 humeris
913 418 987 460 do-

159 485 280 514 mum
301 472 537 522 deferebat,
556 473 675 514 nulla
693 486 740 514 re
761 473 816 514 ad
834 474 988 515 animae

161 531 451 580 corporisque
480 529 666 570 salutem
690 528 889 581 proficua
917 530 988 570 de-

161 589 263 625 erat.
295 584 446 625 Effusa
467 596 643 636 quoque
662 589 787 625 extra
805 597 988 626 nosoco-

159 641 294 680 mium
317 640 499 681 caritate
522 638 817 690 indigentibus
840 641 987 682 mulie-

160 695 280 736 ribus
304 695 467 745 viduis,
497 700 542 737 et
565 698 790 748 praecipue
814 696 988 747 virgini-

159 750 242 792 bus
269 751 618 803 periclitantibus
646 751 758 792 clam
785 751 989 794 alimenta

160 806 538 856 subministrabat,
587 808 825 858 curamque
869 808 987 849 inde-

160 861 321 902 fessam
349 861 602 911 adhibebat,
631 866 681 902 ut
712 863 853 903 carnis
889 875 987 904 con-

160 917 475 969 cupiscentiam
504 930 546 960 ,a
589 917 802 969 proximis
843 917 986 969 hujus-

158 973 280 1014 modi
317 973 423 1014 vitio
461 973 698 1025 inquinatis
731 975 986 1015 extermina-

84 1042 87 1047 ·
158 1033 236 1069 ret.
283 1029 392 1069 Cum
417 1033 563 1069 autem
588 1029 828 1069 maximum
853 1030 897 1070 in
922 1032 985 1071 re-

157 1084 231 1134 gio
252 1084 514 1125 Granatensi
531 1084 851 1126 valetudinario
873 1086 984 1126 exci-

155 1141 297 1181 tatum
321 1140 476 1181 fuisset
502 1139 765 1190 incendium,
793 1141 817 1181 J
821 1143 985 1183 oannes

156 1194 407 1248 impavidus
431 1195 621 1248 prosiliit
645 1195 689 1236 in
711 1196 872 1246 ignem,
901 1197 985 1238 huc

155 1250 258 1292 illuc
278 1250 541 1300 discurrens,
565 1255 796 1303 quousque
814 1257 907 1293 tum
925 1253 984 1293 in-

155 1306 307 1347 firmos
343 1306 537 1348 humeris
575 1310 848 1359 exportatos,
892 1313 985 1349 tum

154 1361 341 1403 lectulos
379 1376 403 1404 e
437 1363 638 1404 fenestris
674 1364 895 1415 projectos
929 1364 983 1405 ab

154 1417 254 1468 igne
282 1418 537 1468 vindicavit,
569 1431 621 1460 ac
651 1431 732 1471 per
761 1419 984 1460 dimidiam

155 1472 310 1514 horam
334 1474 448 1515 inter
473 1475 688 1524 flammas,
720 1476 805 1526 jam
835 1475 878 1515 in
906 1476 982 1516 im-

153 1530 352 1570 mensum
389 1531 732 1579 succrescenteS,
768 1533 982 1582 versatus,

155 1583 311 1627 exinde
332 1584 537 1626 divinitus
554 1586 795 1635 incolumis,
814 1587 981 1627 univer-

154 1640 215 1681 sis
234 1640 402 1682 civibus
421 1641 752 1691 admirantibus,
776 1642 920 1692 exivit,
939 1643 982 1682 in

153 1695 305 1737 schola
341 1697 535 1738 caritatis
572 1695 778 1747 edocens,
814 1698 981 1749 segnio-

152 1764 246 1792 rem
265 1753 310 1792 in
329 1765 429 1794 eum
447 1753 582 1794 fuisse
600 1753 760 1803 ignem,
782 1754 856 1805 qui
874 1754 981 1795 foris

152 1810 342 1858 usserat,
388 1821 521 1860 quam
565 1809 639 1860 qui
678 1809 794 1849 intus
832 1812 981 1851 accen-

154 1862 288 1904 derat.

204 1931 254 1981 R.
281 1927 459 1969 Amavit
480 1941 580 1969 eum
599 1929 833 1980 Dominus,
853 1934 896 1971 et
917 1943 981 1971 or-

151 1983 273 2024 navit
306 1996 421 2024 eum:
459 1984 620 2025 stolam
656 1985 808 2036 gloriae
841 1986 982 2027 induit

153 2051 262 2089 eum,
278 2043 299 2065 ¹⁸¹
320 2039 377 2080 Et
397 2039 454 2081 ad
471 2045 624 2111 portas
643 2041 837 2093 paradisi
857 2054 980 2082 coro-

150 2095 272 2136 navit
301 2108 410 2136 eum.
453 2098 502 2143 W.
533 2096 680 2138 Induit
708 2110 806 2138 eum
831 2098 981 2138 Domi-

150 2163 232 2191 nus
255 2151 438 2192 loricam
461 2151 581 2203 fidei,
609 2157 652 2194 et
676 2154 848 2194 ornavit
871 2166 979 2194 eum.

151 2206 208 2247 Et
226 2207 283 2248 ad
299 2212 464 2259 portas.

452 2292 603 2332 Lectio
627 2294 677 2332 vi.

253 2352 436 2404 ultiplici
481 2354 767 2406 asperitatum
804 2356 978 2404 genere,

272 2407 586 2449 demississima
614 2409 878 2458 obedientia,
908 2422 977 2450 ex-

150 2463 291 2503 trema
321 2466 600 2516 paupertate,
634 2464 789 2505 orandi
821 2463 976 2513 studio,

150 2530 296 2558 rerum
323 2518 569 2560 divinarum
597 2519 977 2571 contemplatione,

152 2586 204 2614 ac
222 2574 266 2614 in
282 2573 458 2615 beatam
470 2575 697 2625 Virginem
717 2576 882 2626 pietate
901 2575 977 2614 mi-

150 2629 270 2670 rifice
283 2629 510 2679 excelluit,
534 2636 578 2672 et
601 2631 880 2671 lacrimarum
901 2630 975 2670 do-

149 2697 206 2726 no
235 2685 399 2726 enituit.
438 2685 641 2738 Denique
668 2687 792 2737 gravi
819 2685 975 2727 morbo

1796 207 1868 242 501

1043 301 1290 351 correptus,
1329 299 1530 341 omnibus
1562 300 1772 341 Ecclesiae
1803 313 1867 342 sa-

1043 355 1276 395 cramentis
1302 356 1384 396 rite
1409 358 1644 408 sancteque
1668 357 1867 407 refectus,

1042 410 1207 451 viribus
1243 410 1346 451 licet
1381 410 1633 460 destitutus,
1677 414 1867 464 propriis

1040 465 1219 507 indutus
1235 466 1440 515 vestibus,
1458 479 1481 507 e
1495 467 1658 508 lectulo
1675 481 1867 519 surgens,

1041 533 1093 562 ac
1121 521 1382 573 provolutus
1408 522 1451 561 in
1479 524 1637 572 genua,
1668 537 1799 564 manu
1824 529 1868 566 et

1042 577 1176 618 corde
1197 577 1417 618 Christum
1435 577 1671 619 Dominum
1695 592 1718 620 e
1738 592 1867 621 cruce

1040 632 1306 684 pendentem
1349 635 1663 684 perstringens,
1709 637 1866 676 octavo

1040 687 1147 728 Idus
1171 688 1318 730 Martii
1345 701 1459 730 anno
1486 689 1716 730 millesimo
1746 691 1866 742 quin-

1041 745 1283 794 gentesimo
1309 745 1668 795 quinquagesimo
1694 745 1802 787 obiit
1823 747 1867 786 in

1042 799 1193 840 osculo
1220 800 1413 840 Domini:
1444 812 1575 851 quem
1599 801 1730 841 etiam
1754 804 1866 842 mor-

1041 859 1141 896 tuus
1168 855 1323 905 tenuit,
1351 867 1432 896 nec
1458 855 1638 905 dimisit,
1665 861 1709 897 et
1732 857 1775 897 in
1800 859 1867 898 ea-

1042 909 1142 950 dem
1187 911 1385 962 eorporis
1432 911 1741 953 constitutione
1792 925 1868 953 sex

1042 966 1213 1006 circiter
1241 965 1388 1014 horas,
1422 969 1653 1018 quousque
1678 967 1779 1009 inde
1806 968 1866 1008 di-

1040 1024 1186 1062 motus
1211 1022 1382 1070 fuisset,
1408 1027 1503 1062 tota
1528 1022 1703 1064 civitate
1725 1023 1866 1074 inspe-

1042 1079 1199 1126 ctante,
1217 1076 1474 1118 mirabiliter
1491 1079 1741 1129 permansit,
1762 1079 1866 1120 odo-

1040 1145 1133 1173 rem
1166 1133 1273 1173 mire
1309 1132 1574 1183 fragrantem
1606 1133 1865 1175 diffundens.

1040 1189 1180 1237 Quem
1208 1194 1307 1229 ante
1336 1193 1380 1229 et
1406 1194 1509 1239 post
1537 1189 1706 1230 obitum
1733 1190 1863 1241 pluri-

1037 1244 1120 1284 mis
1147 1244 1368 1285 miraculis
1399 1244 1579 1295 clarum,
1612 1245 1865 1287 Alexander

1038 1302 1221 1340 octavus
1240 1299 1443 1340 Pontifex
1462 1300 1679 1341 Maximus
1698 1301 1741 1341 in
1760 1302 1861 1343 San-

1037 1358 1206 1396 ctorum
1223 1359 1452 1397 numerum
1471 1357 1628 1397 retulit.

1090 1428 1138 1478 R„
1165 1421 1255 1461 Iste
1275 1419 1418 1461 homo.
1438 1420 1518 1472 [72]

1256 1515 1303 1552 In
1323 1515 1392 1552 III.
1412 1515 1634 1552 Nooturno.

1036 1581 1188 1624 Lectio
1212 1581 1351 1622 sancti
1369 1581 1595 1632 Evangelii
1619 1583 1861 1624 secundum

1313 1636 1583 1677 Matthaeum.

1139 1710 1288 1749 Lectio
1310 1710 1376 1748 vii.
1522 1710 1622 1759 Cap.
1639 1711 1700 1747 22.
1719 1709 1755 1748 d.

1081 1784 1109 1810 n
1136 1770 1211 1811 illo
1238 1772 1451 1823 tempore:
1480 1773 1774 1813 Accesserunt
1802 1773 1859 1813 ad

1098 1826 1122 1866 J
1125 1839 1248 1867 esum
1266 1826 1485 1878 pharisaei:
1510 1832 1552 1868 et
1571 1828 1859 1878 interrogavit

1033 1893 1132 1922 eum
1151 1895 1263 1922 unus
1284 1895 1337 1923 ex
1358 1883 1419 1923 eis
1439 1882 1547 1932 legis
1568 1882 1740 1931 doctor,
1767 1888 1857 1924 ten-

1032 1942 1131 1978 tans
1150 1950 1262 1978 eum:
1281 1938 1498 1987 Magister,
1519 1938 1637 1988 quod
1657 1943 1722 1978 est
1740 1951 1856 1978 man-

1033 1992 1183 2033 datum
1198 2006 1402 2043 magnum
1416 1994 1459 2033 in
1475 1991 1592 2044 lege?
1612 1993 1670 2034 Et
1682 1994 1857 2045 reliqua.

1035 2065 1222 2109 Homilia
1233 2066 1373 2107 sancti
1383 2066 1407 2106 J
1411 2066 1534 2107 oafiis
1544 2066 1856 2118 Chrysostomi.

1216 2133 1385 2166 Homilia
1409 2133 1459 2165 72.
1488 2133 1523 2165 in
1553 2132 1680 2165 Matth.

1037 2184 1358 2269 njadducaeis
1400 2186 1607 2235 confusis,
1653 2186 1856 2238 pharisaei

1036 2239 1125 2307 ὃ
1151 2253 1301 2281 rursus
1321 2241 1645 2291 aggrediuntur:
1671 2255 1855 2294 cumque

1043 2293 1125 2325 &vs
1152 2296 1377 2347 quiescere
1421 2299 1663 2349 oporteret,
1709 2297 1854 2338 decer-

1029 2353 1123 2392 tare
1156 2351 1401 2393 voluerunt:
1441 2358 1484 2394 et
1515 2352 1622 2403 legis
1654 2353 1855 2404 peritiam

1029 2407 1311 2459 profitentem
1342 2410 1630 2460 praemittunt,
1670 2420 1758 2448 non
1793 2408 1853 2448 di-

1030 2475 1169 2511 scere,
1206 2463 1286 2504 sed
1321 2466 1490 2505 tentare
1524 2463 1762 2514 cupientes;
1803 2476 1853 2504 ae

1029 2518 1091 2558 ita
1109 2518 1392 2569 interrogant:
1417 2518 1646 2568 Quodnam
1665 2519 1853 2570 primum

1029 2573 1283 2615 mandatum
1311 2575 1354 2614 in
1381 2574 1478 2624 lege
1507 2574 1572 2614 sit.
1613 2574 1726 2614 Nam
1754 2586 1852 2614 cum

1028 2629 1217 2681 primum
1248 2629 1356 2670 illud
1391 2630 1463 2678 sit,
1504 2629 1672 2679 Diliges
1704 2628 1850 2668 Domi-

1028 2698 1132 2726 num
1150 2685 1295 2726 Deum
1312 2690 1448 2726 tuum:
1474 2686 1677 2737 putantes
1697 2695 1850 2725 causas
