2040 2990
184 187 234 222 70

242 286 319 323 l'ro
351 285 468 324 (Ionf.
501 286 617 325 l’ont.
678 280 723 330 X
764 282 832 323 Tu
866 295 912 323 es
941 295 1004 322 sa-

185 337 338 379 cerdos
363 338 404 377 in
430 340 650 379 aeternum.
689 341 732 391 R.
758 338 1004 380 Secundum

184 394 377 435 ordinem
404 394 733 437 Melchisedech.

240 453 318 491 l’ro
344 454 536 493 (jont‘css.
556 467 637 493 non
665 454 816 494 Pontis.
846 448 893 499 Υ,
911 451 1004 493 Lex

182 507 263 548 Dei
300 508 389 558 ejus
423 508 463 548 in
499 508 631 550 eorde
666 509 813 561 ipsius.
866 511 912 561 Rg.
950 509 1005 550 Et

182 577 266 605 non
292 564 686 617 supplantabuntur
705 578 881 615 gressus
903 565 1004 616 ejus.

238 621 317 659 l'ro
349 635 427 662 una
459 624 624 662 Sancta.
661 617 707 667 X.
738 622 879 672 Elegit
907 634 1002 663 eam

181 677 312 727 Deus,
337 683 380 719 et
403 678 627 731 praeelegit
649 691 754 720 eam.
800 679 843 729 R.
873 678 923 718 In
943 683 1003 719 ta-

180 733 417 776 bernaculo
437 748 517 776 suo
536 735 732 776 habitare
751 735 851 776 facit
871 747 977 776 eam.

540 814 645 840 ’ἐῢ-ο

434 876 511 916 Ad
539 877 746 919 Laudes.

238 938 332 977 Ant.
367 937 557 990 Amplius
577 939 674 980 lava
691 952 760 981 me
777 940 800 965 *
815 939 1002 981 Demine

181 993 235 1035 ab
264 994 467 1046 injustitia
494 1008 602 1036 mea.

239 1050 298 1087 l‘s.
332 1051 543 1092 Miserere.
570 1052 642 1093 50.

238 1106 332 1145 Ant.
375 1107 434 1148 Te
463 1107 599 1149 decet.

450 1177 641 1217 ils—almus
671 1180 735 1217 (54.

257 1258 276 1292 f*
304 1250 327 1278 e
356 1237 483 1280 decet
509 1238 693 1291 hymnus
722 1239 842 1282 Deus
870 1241 913 1281 in
941 1241 1001 1282 Si-

184 1324 229 1345 4
256 1309 294 1352 21‘·
329 1307 399 1335 on:
422 1297 445 1321 *
465 1301 508 1337 et
526 1294 604 1337 tibi
626 1295 832 1338 reddetur
851 1302 1001 1339 votum

203 1350 211 1353 ”
272 1346 293 1367 ”
327 1350 369 1391 in
395 1351 646 1393 Jerusalem.

229 1406 398 1449 Exaudi
418 1409 659 1450 oratit'mem
674 1422 831 1451 meam:
846 1412 869 1437 *
885 1409 941 1452 ad
955 1415 999 1452 te

178 1463 316 1504 omnis
344 1476 445 1506 caro
474 1465 627 1507 veniet.

228 1519 375 1561 Verba
402 1521 647 1573 iniquorum
679 1523 1000 1575 praevaluerunt

178 1588 309 1628 super
344 1590 438 1618 nos:
466 1580 489 1604 *
518 1584 561 1620 et
597 1579 893 1632 impietatibus
925 1594 999 1622 no-

178 1632 278 1673 stris
305 1638 352 1674 tu
379 1634 697 1687 propitiaberis.

228 1688 402 1740 Beatus,
423 1703 551 1743 quem
572 1692 750 1743 elegisti,
774 1700 817 1736 et
837 1707 998 1736 assum-

177 1745 319 1797 psisti:
347 1748 370 1773 *
397 1746 654 1791 inhabitabit
681 1750 724 1790 in
753 1751 873 1792 atriis
903 1753 998 1794 tuis.

228 1801 511 1855 Replebimur
525 1805 568 1845 in
582 1805 709 1847 bonis
724 1806 880 1849 domus
896 1814 999 1850 tuae:

176 1860 199 1884 ¹⁸¹
223 1865 418 1901 sanctum
443 1867 510 1903 est
533 1863 746 1915 templum
769 1870 901 1916 tuum,
923 1866 998 1907 mi-

176 1914 312 1957 rabile
340 1916 382 1957 in
409 1918 639 1971 aequitate:

227 1971 397 2014 Exa1'1di
430 1986 510 2015 nos
542 1975 662 2018 Deus
695 1978 896 2021 salutaris
924 1994 997 2022 no-

177 2032 275 2077 ster,
302 2030 324 2055 *
343 2041 444 2081 spes
471 2032 660 2073 emnium
684 2033 832 2077 finium
857 2042 997 2087 terrae,

178 2089 221 2125 et
248 2084 291 2125 in
318 2086 424 2127 mari
452 2086 590 2138 longe.

229 2141 485 2194 Praeparans
530 2151 700 2187 montes
750 2148 793 2189 in
838 2150 997 2193 virtute

176 2202 260 2246 tua,
284 2200 503 2241 accinctus
527 2203 737 2253 potentia:
758 2206 781 2231 *
802 2206 873 2257 qui
898 2220 996 2249 con-

176 2253 326 2295 turbas
367 2256 629 2308 profundum
669 2261 799 2301 maris
843 2275 995 2305 sonum

176 2310 385 2352 fluctuum
414 2313 515 2364 ejus.

227 2366 537 2411 Turbabuntur
574 2371 752 2422 Gentes,
795 2380 837 2415 et
876 2376 996 2418 time-

175 2421 283 2464 bunt
300 2425 370 2475 qui
388 2424 584 2468 habitant
598 2429 805 2471 terminos
823 2444 847 2471 a
863 2432 995 2482 signis

174 2478 275 2519 tuis:
301 2482 324 2506 *
349 2481 488 2523 exitus
508 2485 714 2534 matutini,
743 2491 786 2527 et
814 2489 995 2540 vespere

177 2533 426 2577 delectabis.

228 2591 425 2635 Visitasti
466 2601 643 2645 terram,
691 2603 734 2639 et
773 2599 995 2643 inebriasti

176 2659 288 2688 eam:
329 2651 351 2675 *
393 2650 687 2704 multiplicasti
728 2654 994 2708 locupletare

176 2716 282 2746 eam.

765 191 868 224 Furia
898 198 1030 232 quartu
1059 191 1105 223 ad
1138 191 1293 224 Laudes,

1110 280 1291 322 Flumen
1310 280 1393 322 Dei
1418 279 1632 337 repletum
1657 284 1724 322 est
1749 280 1884 334 aquis,

1058 337 1222 390 parasti
1246 336 1391 378 cibum
1413 336 1600 378 illorum:
1628 338 1651 364 *
1680 337 1884 390 queniam

1057 395 1115 436 ita
1145 398 1211 436 est
1239 393 1503 446 praeparatio
1533 393 1633 444 ejus.

1108 451 1245 492 Rivos
1290 451 1379 501 ejus
1425 449 1607 500 inebria,
1644 449 1885 503 multiplica

1057 563 1276 606 laetabitur
1302 564 1560 614 germinans.

1109 620 1352 663 Benediees
1372 623 1548 662 coronae
1574 621 1674 662 anni
1691 619 1883 671 benigni-

1055 678 1159 720 tatis
1192 683 1295 719 tuae:
1332 680 1355 705 *
1393 683 1436 719 et
1473 678 1615 730 campi
1650 677 1715 720 tui
1747 677 1884 730 reple-

1056 734 1216 776 bantur
1244 733 1454 776 ubertate.

1107 791 1397 842 pinguescent
1425 791 1626 844 speciosa
1653 790 1832 832 deserti:
1859 792 1883 818 *

1057 853 1100 889 et
1123 847 1412 890 exsultatiOne
1433 847 1569 889 colles
1594 847 1883 898 accingentur.

1107 903 1254 946 Induti
1294 910 1394 946 sunt
1434 907 1592 946 arietes
1636 904 1797 954 evium,
1840 909 1884 946 et

1055 960 1190 1002 valles
1246 960 1532 1003 abundabunt
1578 962 1812 1004 frumento:
1858 962 1882 989 *

1055 1017 1314 1068 clamabunt,
1330 1018 1491 1060 etenim
1505 1018 1713 1071 hymnum
1727 1017 1883 1060 dicent.

1112 1080 1206 1119 Ant.
1236 1080 1298 1120 'l‘e
1327 1079 1455 1121 decet
1481 1079 1667 1132 hymnus
1691 1079 1813 1122 Deus
1839 1080 1883 1121 in

1054 1135 1168 1177 Sion.

1112 1197 1206 1236 Ant.
1239 1195 1371 1237 habia
1398 1208 1496 1237 mea
1523 1197 1547 1222 ¹⁸¹
1570 1194 1812 1238 laudabunt
1837 1201 1882 1238 te

1053 1252 1096 1292 in
1126 1252 1213 1294 vita
1243 1265 1350 1303 mea,
1379 1253 1500 1294 Deus
1527 1264 1661 1294 meuS.

1112 1314 1173 1353 l's.
1225 1314 1337 1355 Deus
1365 1314 1486 1355 Deus
1510 1326 1644 1355 meus.
1672 1315 1732 1355 16.

1108 1375 1205 1415 Ant.
1238 1374 1447 1417 Dominus
1475 1373 1694 1427 judicabit.

1125 1453 1347 1493 Canticum
1377 1453 1527 1493 Annae.
1629 1458 1654 1492 Ι.
1672 1457 1763 1502 Reg.
1780 1458 1810 1493 2.

1051 1522 1341 1629 Exsultavit
1360 1540 1436 1569 cor
1455 1541 1601 1570 meum
1619 1528 1664 1569 in
1678 1528 1879 1579 D6mino,

1157 1587 1180 1612 *
1207 1589 1250 1626 et
1275 1584 1514 1626 exaltatum
1542 1589 1610 1627 est
1633 1596 1770 1626 cornu
1792 1597 1880 1627 me-

1051 1654 1123 1682 um
1150 1641 1195 1682 in
1221 1641 1319 1683 Deo
1347 1653 1458 1682 meo.

1102 1697 1342 1740 Dilatatum
1377 1703 1445 1740 est
1479 1710 1530 1739 os
1565 1710 1712 1739 meum
1748 1710 1881 1751 super

1050 1755 1248 1796 inimicos
1275 1767 1415 1796 meos:
1432 1756 1456 1782 *
1477 1755 1578 1807 quia
1603 1754 1753 1800 laetata
1781 1768 1879 1796 sum

1050 1812 1094 1853 in
1123 1811 1303 1854 salutari
1328 1817 1417 1855 tuo.

1101 1869 1202 1910 Non
1230 1874 1298 1911 est
1326 1874 1517 1919 sanctus,
1550 1874 1598 1911 ut
1632 1874 1699 1911 est
1730 1869 1878 1910 Demi-

1050 1939 1146 1967 nus:
1181 1938 1324 1978 neque
1358 1926 1474 1968 enim
1510 1930 1578 1967 est
1612 1925 1721 1967 alius
1755 1931 1878 1968 extra

1049 1988 1103 2032 te,
1131 1985 1155 2010 *
1184 1988 1227 2024 et
1255 1996 1341 2024 non
1370 1989 1437 2025 est
1465 1983 1588 2025 fortis
1617 1982 1729 2024 sicut
1755 1982 1876 2025 Deus

1049 2044 1209 2081 noster.

1100 2096 1248 2138 Nolite
1276 2096 1566 2149 multiplicare
1598 2097 1719 2150 loqui
1748 2097 1876 2140 subli-

1048 2153 1146 2202 mia,
1174 2155 1198 2180 ¹⁸¹
1225 2152 1479 2203 gloriantes:

1100 2208 1327 2251 Recedant
1353 2212 1501 2252 vetera
1526 2211 1580 2253 de
1610 2223 1686 2253 ore
1713 2215 1875 2253 vestro:

1050 2265 1151 2317 quia
1176 2266 1299 2307 Deus
1334 2267 1628 2317 scientiarum,
1661 2267 1875 2309 Deminus

1049 2327 1125 2372 est,
1153 2323 1176 2349 *
1206 2327 1250 2363 et
1276 2323 1359 2374 ipsi
1383 2326 1686 2377 praeparantur
1714 2324 1873 2375 cogita-

1046 2379 1201 2420 tienes.

1099 2435 1241 2476 Arcus
1277 2435 1450 2477 fortium
1479 2439 1710 2489 superatus
1738 2442 1822 2487 est,
1850 2439 1874 2464 ¹⁸¹

1048 2496 1091 2532 et
1118 2491 1275 2532 infirmi
1303 2493 1485 2534 accincti
1514 2499 1614 2535 sunt
1640 2493 1811 2535 robore.

1099 2547 1275 2600 Repleti
1310 2549 1446 2600 prius,
1483 2562 1565 2602 pro
1601 2550 1787 2603 panibus
1825 2563 1872 2592 se

1047 2603 1314 2646 locaverunt:
1343 2607 1365 2631 *
1394 2610 1437 2646 et
1470 2606 1656 2648 famelici
1691 2607 1873 2649 saturati

1048 2665 1157 2702 sunt.

1021 2766 1023 2769 Ι
1098 2717 1251 2758 Donec
1273 2717 1430 2759 sterilis
1453 2719 1622 2772 peperit
1643 2720 1872 2773 plurimos:
