<?xml version="1.0" encoding="UTF-8"?>
<!DOCTYPE html PUBLIC "-//W3C//DTD XHTML 1.0 Transitional//EN"
    "http://www.w3.org/TR/xhtml1/DTD/xhtml1-transitional.dtd">
<html xmlns="http://www.w3.org/1999/xhtml" xml:lang="en" lang="en">
 <head>
  <title>
</title>
<meta http-equiv="Content-Type" content="text/html;charset=utf-8" />
  <meta name='ocr-system' content='tesseract 3.04.00' />
  <meta name='ocr-capabilities' content='ocr_page ocr_carea ocr_par ocr_line ocrx_word'/>
</head>
<body>
  <div class='ocr_page' id='page_1' title='image "./p1breviariumroma00cathuoft_0101.png"; bbox 0 0 2040 2990; ppageno 0'>
   <div class='ocr_carea' id='block_1_1' title="bbox 673 187 1842 226">
    <p class='ocr_par' dir='ltr' id='par_1_1' title="bbox 673 187 1842 226">
     <span class='ocr_line' id='line_1_1' title="bbox 673 187 1842 226; baseline 0.004 -3"><span class='ocrx_word' id='word_1_1' title='bbox 673 190 788 224; x_wconf 43' lang='lat' dir='ltr'>Feria*</span> <span class='ocrx_word' id='word_1_2' title='bbox 810 191 977 225; x_wconf 72' lang='lat' dir='ltr'>secunda</span> <span class='ocrx_word' id='word_1_3' title='bbox 1005 192 1051 225; x_wconf 76' lang='lat' dir='ltr'>ad</span> <span class='ocrx_word' id='word_1_4' title='bbox 1080 192 1313 226; x_wconf 73' lang='lat' dir='ltr'>Matutinum.</span> <span class='ocrx_word' id='word_1_5' title='bbox 1798 187 1842 224; x_wconf 87' lang='grc'>47</span> 
     </span>
    </p>
   </div>
   <div class='ocr_carea' id='block_1_2' title="bbox 187 278 962 331">
    <p class='ocr_par' dir='ltr' id='par_1_2' title="bbox 187 278 962 331">
     <span class='ocr_line' id='line_1_2' title="bbox 187 278 962 331; baseline 0 -11"><span class='ocrx_word' id='word_1_6' title='bbox 187 278 348 320; x_wconf 89' lang='lat' dir='ltr'>Veniat</span> <span class='ocrx_word' id='word_1_7' title='bbox 374 278 437 319; x_wconf 90' lang='lat' dir='ltr'>illi</span> <span class='ocrx_word' id='word_1_8' title='bbox 463 278 657 330; x_wconf 89' lang='lat' dir='ltr'>laqueus,</span> <span class='ocrx_word' id='word_1_9' title='bbox 689 291 818 331; x_wconf 91' lang='lat' dir='ltr'>quem</span> <span class='ocrx_word' id='word_1_10' title='bbox 845 278 962 329; x_wconf 77' lang='lat' dir='ltr'>igne-</span> 
     </span>
    </p>
   </div>
   <div class='ocr_carea' id='block_1_3' title="bbox 1067 281 1839 337">
    <p class='ocr_par' dir='ltr' id='par_1_3' title="bbox 1067 281 1839 337">
     <span class='ocr_line' id='line_1_3' title="bbox 1067 281 1839 337; baseline 0.008 -16"><span class='ocrx_word' id='word_1_11' title='bbox 1067 281 1124 322; x_wconf 90' lang='lat' dir='ltr'>Et</span> <span class='ocrx_word' id='word_1_12' title='bbox 1169 281 1458 325; x_wconf 87' lang='lat' dir='ltr'>dilataverunt</span> <span class='ocrx_word' id='word_1_13' title='bbox 1501 298 1633 337; x_wconf 91' lang='lat' dir='ltr'>super</span> <span class='ocrx_word' id='word_1_14' title='bbox 1674 298 1744 327; x_wconf 88' lang='lat' dir='ltr'>me</span> <span class='ocrx_word' id='word_1_15' title='bbox 1790 299 1839 327; x_wconf 93' lang='lat' dir='ltr'>os</span> 
     </span>
    </p>
   </div>
   <div class='ocr_carea' id='block_1_4' title="bbox 135 334 1838 444">
    <p class='ocr_par' dir='ltr' id='par_1_4' title="bbox 135 334 1838 444">
     <span class='ocr_line' id='line_1_4' title="bbox 135 334 1838 393; baseline 0.004 -17"><span class='ocrx_word' id='word_1_16' title='bbox 135 339 221 376; x_wconf 86' lang='lat' dir='ltr'>rat:</span> <span class='ocrx_word' id='word_1_17' title='bbox 258 339 302 377; x_wconf 89' lang='lat' dir='ltr'>et</span> <span class='ocrx_word' id='word_1_18' title='bbox 338 335 505 387; x_wconf 78' lang='lat' dir='ltr'>captio,</span> <span class='ocrx_word' id='word_1_19' title='bbox 548 348 677 387; x_wconf 91' lang='lat' dir='ltr'>quam</span> <span class='ocrx_word' id='word_1_20' title='bbox 718 334 963 386; x_wconf 73' lang='lat' dir='ltr'>abscondit,</span> <span class='ocrx_word' id='word_1_21' title='bbox 1015 350 1159 379; x_wconf 86' lang='lat' dir='ltr'>suum:</span> <span class='ocrx_word' id='word_1_22' title='bbox 1186 339 1210 363; x_wconf 88' lang='grc'><em>*</em></span> <span class='ocrx_word' id='word_1_23' title='bbox 1239 338 1455 382; x_wconf 84' lang='lat' dir='ltr'>dixerunt:</span> <span class='ocrx_word' id='word_1_24' title='bbox 1481 341 1612 392; x_wconf 85' lang='lat' dir='ltr'><strong>Euge,</strong></span> <span class='ocrx_word' id='word_1_25' title='bbox 1633 354 1752 393; x_wconf 84' lang='lat' dir='ltr'>euge,</span> <span class='ocrx_word' id='word_1_26' title='bbox 1782 343 1838 383; x_wconf 83' lang='lat' dir='ltr'>vi-</span> 
     </span>
     <span class='ocr_line' id='line_1_5' title="bbox 135 391 1474 444; baseline 0.004 -12"><span class='ocrx_word' id='word_1_27' title='bbox 135 391 439 444; x_wconf 87' lang='lat' dir='ltr'>apprehendat</span> <span class='ocrx_word' id='word_1_28' title='bbox 458 404 575 433; x_wconf 91' lang='lat' dir='ltr'>eum:</span> <span class='ocrx_word' id='word_1_29' title='bbox 594 392 617 417; x_wconf 87' lang='lat'>*</span> <span class='ocrx_word' id='word_1_30' title='bbox 637 397 680 433; x_wconf 91' lang='lat' dir='ltr'>et</span> <span class='ocrx_word' id='word_1_31' title='bbox 700 391 743 432; x_wconf 92' lang='lat' dir='ltr'>in</span> <span class='ocrx_word' id='word_1_32' title='bbox 758 391 963 444; x_wconf 87' lang='lat' dir='ltr'>laqueum</span> <span class='ocrx_word' id='word_1_33' title='bbox 1015 393 1172 436; x_wconf 90' lang='lat' dir='ltr'>derunt</span> <span class='ocrx_word' id='word_1_34' title='bbox 1192 395 1306 436; x_wconf 85' lang='lat' dir='ltr'>oculi</span> <span class='ocrx_word' id='word_1_35' title='bbox 1325 397 1474 438; x_wconf 81' lang='lat' dir='ltr'><strong>nostri.</strong></span> 
     </span>
    </p>
   </div>
   <div class='ocr_carea' id='block_1_5' title="bbox 125 447 962 2764">
    <p class='ocr_par' dir='ltr' id='par_1_5' title="bbox 136 447 500 501">
     <span class='ocr_line' id='line_1_6' title="bbox 136 447 500 501; baseline -0.003 -12"><span class='ocrx_word' id='word_1_36' title='bbox 136 447 265 490; x_wconf 88' lang='lat' dir='ltr'>cadat</span> <span class='ocrx_word' id='word_1_37' title='bbox 282 448 327 488; x_wconf 93' lang='lat' dir='ltr'>in</span> <span class='ocrx_word' id='word_1_38' title='bbox 346 448 500 501; x_wconf 93' lang='lat' dir='ltr'>ipsum.</span> 
     </span>
    </p>

    <p class='ocr_par' dir='ltr' id='par_1_6' title="bbox 134 509 962 664">
     <span class='ocr_line' id='line_1_7' title="bbox 187 509 962 552; baseline 0.003 -3"><span class='ocrx_word' id='word_1_39' title='bbox 187 509 347 550; x_wconf 85' lang='lat' dir='ltr'>Anima</span> <span class='ocrx_word' id='word_1_40' title='bbox 374 514 520 551; x_wconf 88' lang='lat' dir='ltr'>autem</span> <span class='ocrx_word' id='word_1_41' title='bbox 543 521 640 550; x_wconf 92' lang='lat' dir='ltr'>mea</span> <span class='ocrx_word' id='word_1_42' title='bbox 666 509 901 552; x_wconf 84' lang='lat' dir='ltr'>exsultabit</span> <span class='ocrx_word' id='word_1_43' title='bbox 919 510 962 551; x_wconf 94' lang='lat' dir='ltr'>in</span> 
     </span>
     <span class='ocr_line' id='line_1_8' title="bbox 135 565 962 620; baseline 0.001 -14"><span class='ocrx_word' id='word_1_44' title='bbox 135 565 344 607; x_wconf 81' lang='lat' dir='ltr'>Domino:</span> <span class='ocrx_word' id='word_1_45' title='bbox 381 566 404 591; x_wconf 89' lang='lat'>*</span> <span class='ocrx_word' id='word_1_46' title='bbox 442 570 485 607; x_wconf 91' lang='lat' dir='ltr'>et</span> <span class='ocrx_word' id='word_1_47' title='bbox 514 565 803 608; x_wconf 63' lang='lat' dir='ltr'>delectabitur</span> <span class='ocrx_word' id='word_1_48' title='bbox 831 580 962 620; x_wconf 91' lang='lat' dir='ltr'>super</span> 
     </span>
     <span class='ocr_line' id='line_1_9' title="bbox 134 621 424 664; baseline 0 -2"><span class='ocrx_word' id='word_1_49' title='bbox 134 621 314 664; x_wconf 89' lang='lat' dir='ltr'>salutari</span> <span class='ocrx_word' id='word_1_50' title='bbox 333 635 424 664; x_wconf 92' lang='lat' dir='ltr'>suo.</span> 
     </span>
    </p>

    <p class='ocr_par' dir='ltr' id='par_1_7' title="bbox 133 683 960 792">
     <span class='ocr_line' id='line_1_10' title="bbox 187 683 960 726; baseline 0.004 -3"><span class='ocrx_word' id='word_1_51' title='bbox 187 683 343 724; x_wconf 91' lang='lat' dir='ltr'>Omnia</span> <span class='ocrx_word' id='word_1_52' title='bbox 363 696 463 724; x_wconf 90' lang='lat' dir='ltr'>ossa</span> <span class='ocrx_word' id='word_1_53' title='bbox 477 696 575 725; x_wconf 92' lang='lat' dir='ltr'>mea</span> <span class='ocrx_word' id='word_1_54' title='bbox 590 683 753 726; x_wconf 90' lang='lat' dir='ltr'>dicent:</span> <span class='ocrx_word' id='word_1_55' title='bbox 772 685 795 710; x_wconf 86' lang='lat'>*</span> <span class='ocrx_word' id='word_1_56' title='bbox 814 685 960 726; x_wconf 82' lang='lat' dir='ltr'>Domi-</span> 
     </span>
     <span class='ocr_line' id='line_1_11' title="bbox 133 739 604 792; baseline -0.002 -11"><span class='ocrx_word' id='word_1_57' title='bbox 133 752 198 789; x_wconf 88' lang='lat' dir='ltr'>ne,</span> <span class='ocrx_word' id='word_1_58' title='bbox 219 740 314 792; x_wconf 91' lang='lat' dir='ltr'>quis</span> <span class='ocrx_word' id='word_1_59' title='bbox 333 739 484 780; x_wconf 90' lang='lat' dir='ltr'>similis</span> <span class='ocrx_word' id='word_1_60' title='bbox 502 739 604 782; x_wconf 87' lang='lat' dir='ltr'>tibi?</span> 
     </span>
    </p>

    <p class='ocr_par' dir='ltr' id='par_1_8' title="bbox 133 800 961 966">
     <span class='ocr_line' id='line_1_12' title="bbox 186 800 960 854; baseline 0.004 -13"><span class='ocrx_word' id='word_1_61' title='bbox 186 800 386 853; x_wconf 89' lang='lat' dir='ltr'>Eripiens</span> <span class='ocrx_word' id='word_1_62' title='bbox 414 802 590 854; x_wconf 91' lang='lat' dir='ltr'>inopem</span> <span class='ocrx_word' id='word_1_63' title='bbox 616 801 670 843; x_wconf 91' lang='lat' dir='ltr'>de</span> <span class='ocrx_word' id='word_1_64' title='bbox 694 815 824 844; x_wconf 89' lang='lat' dir='ltr'>manu</span> <span class='ocrx_word' id='word_1_65' title='bbox 843 803 960 844; x_wconf 91' lang='lat' dir='ltr'>forti-</span> 
     </span>
     <span class='ocr_line' id='line_1_13' title="bbox 134 857 961 912; baseline 0.002 -14"><span class='ocrx_word' id='word_1_66' title='bbox 134 858 258 898; x_wconf 81' lang='lat' dir='ltr'>erum</span> <span class='ocrx_word' id='word_1_67' title='bbox 278 857 387 909; x_wconf 87' lang='lat' dir='ltr'>ejus:</span> <span class='ocrx_word' id='word_1_68' title='bbox 406 858 430 882; x_wconf 82' lang='grc'>*</span> <span class='ocrx_word' id='word_1_69' title='bbox 450 859 633 908; x_wconf 90' lang='lat' dir='ltr'>egenum</span> <span class='ocrx_word' id='word_1_70' title='bbox 660 863 703 900; x_wconf 93' lang='lat' dir='ltr'>et</span> <span class='ocrx_word' id='word_1_71' title='bbox 721 862 961 912; x_wconf 89' lang='lat' dir='ltr'>pauperem</span> 
     </span>
     <span class='ocr_line' id='line_1_14' title="bbox 133 913 610 966; baseline 0.002 -12"><span class='ocrx_word' id='word_1_72' title='bbox 133 926 159 954; x_wconf 88' lang='lat' dir='ltr'>a</span> <span class='ocrx_word' id='word_1_73' title='bbox 177 913 481 966; x_wconf 92' lang='lat' dir='ltr'>diripientibus</span> <span class='ocrx_word' id='word_1_74' title='bbox 501 927 610 955; x_wconf 91' lang='lat' dir='ltr'>eum.</span> 
     </span>
    </p>

    <p class='ocr_par' dir='ltr' id='par_1_9' title="bbox 131 974 960 1083">
     <span class='ocr_line' id='line_1_15' title="bbox 184 974 960 1030; baseline 0.004 -14"><span class='ocrx_word' id='word_1_75' title='bbox 184 974 420 1025; x_wconf 91' lang='lat' dir='ltr'>Surgentes</span> <span class='ocrx_word' id='word_1_76' title='bbox 452 980 588 1017; x_wconf 90' lang='lat' dir='ltr'>testes</span> <span class='ocrx_word' id='word_1_77' title='bbox 620 976 770 1029; x_wconf 85' lang='lat' dir='ltr'>iniqui,</span> <span class='ocrx_word' id='word_1_78' title='bbox 803 978 827 1002; x_wconf 88' lang='lat'>*</span> <span class='ocrx_word' id='word_1_79' title='bbox 862 990 960 1030; x_wconf 84' lang='lat' dir='ltr'>quae</span> 
     </span>
     <span class='ocr_line' id='line_1_16' title="bbox 131 1030 850 1083; baseline 0.006 -12"><span class='ocrx_word' id='word_1_80' title='bbox 131 1030 387 1082; x_wconf 90' lang='lat' dir='ltr'>ignorabam</span> <span class='ocrx_word' id='word_1_81' title='bbox 413 1031 743 1083; x_wconf 66' lang='lat' dir='ltr'>interrogabant</span> <span class='ocrx_word' id='word_1_82' title='bbox 769 1047 850 1075; x_wconf 92' lang='lat' dir='ltr'>me.</span> 
     </span>
    </p>

    <p class='ocr_par' dir='ltr' id='par_1_10' title="bbox 131 1091 958 1193">
     <span class='ocr_line' id='line_1_17' title="bbox 184 1091 958 1148; baseline 0.006 -16"><span class='ocrx_word' id='word_1_83' title='bbox 184 1091 503 1134; x_wconf 80' lang='lat' dir='ltr'>Retribuebant</span> <span class='ocrx_word' id='word_1_84' title='bbox 519 1093 624 1134; x_wconf 91' lang='lat' dir='ltr'>mihi</span> <span class='ocrx_word' id='word_1_85' title='bbox 649 1094 763 1135; x_wconf 87' lang='lat' dir='ltr'>mala</span> <span class='ocrx_word' id='word_1_86' title='bbox 782 1108 864 1148; x_wconf 93' lang='lat' dir='ltr'>pro</span> <span class='ocrx_word' id='word_1_87' title='bbox 883 1095 958 1137; x_wconf 91' lang='lat' dir='ltr'>bo-</span> 
     </span>
     <span class='ocr_line' id='line_1_18' title="bbox 131 1148 868 1193; baseline 0.005 -4"><span class='ocrx_word' id='word_1_88' title='bbox 131 1148 216 1189; x_wconf 92' lang='lat' dir='ltr'>nis:</span> <span class='ocrx_word' id='word_1_89' title='bbox 235 1149 259 1174; x_wconf 89' lang='lat'>*</span> <span class='ocrx_word' id='word_1_90' title='bbox 278 1148 553 1191; x_wconf 65' lang='lat' dir='ltr'>sterilitatem</span> <span class='ocrx_word' id='word_1_91' title='bbox 573 1150 728 1192; x_wconf 83' lang='lat' dir='ltr'>animae</span> <span class='ocrx_word' id='word_1_92' title='bbox 746 1164 868 1193; x_wconf 82' lang='lat' dir='ltr'>meae.</span> 
     </span>
    </p>

    <p class='ocr_par' dir='ltr' id='par_1_11' title="bbox 132 1208 959 1316">
     <span class='ocr_line' id='line_1_19' title="bbox 182 1208 959 1260; baseline 0.006 -10"><span class='ocrx_word' id='word_1_93' title='bbox 182 1208 277 1260; x_wconf 88' lang='lat' dir='ltr'>Ego</span> <span class='ocrx_word' id='word_1_94' title='bbox 318 1214 464 1251; x_wconf 91' lang='lat' dir='ltr'>autem</span> <span class='ocrx_word' id='word_1_95' title='bbox 506 1223 604 1252; x_wconf 93' lang='lat' dir='ltr'>cum</span> <span class='ocrx_word' id='word_1_96' title='bbox 645 1211 750 1252; x_wconf 92' lang='lat' dir='ltr'>mihi</span> <span class='ocrx_word' id='word_1_97' title='bbox 786 1213 959 1255; x_wconf 89' lang='lat' dir='ltr'>molesti</span> 
     </span>
     <span class='ocr_line' id='line_1_20' title="bbox 132 1266 732 1316; baseline 0.003 -9"><span class='ocrx_word' id='word_1_98' title='bbox 132 1270 286 1316; x_wconf 85' lang='lat' dir='ltr'>essent,</span> <span class='ocrx_word' id='word_1_99' title='bbox 306 1266 330 1292; x_wconf 84' lang='grc'>*</span> <span class='ocrx_word' id='word_1_100' title='bbox 348 1266 560 1309; x_wconf 89' lang='lat' dir='ltr'>induebar</span> <span class='ocrx_word' id='word_1_101' title='bbox 580 1268 732 1310; x_wconf 88' lang='lat' dir='ltr'>cilicio.</span> 
     </span>
    </p>

    <p class='ocr_par' dir='ltr' id='par_1_12' title="bbox 129 1326 957 1481">
     <span class='ocr_line' id='line_1_21' title="bbox 181 1326 957 1380; baseline 0.005 -13"><span class='ocrx_word' id='word_1_102' title='bbox 181 1326 477 1369; x_wconf 87' lang='lat' dir='ltr'>Humiliabam</span> <span class='ocrx_word' id='word_1_103' title='bbox 509 1328 553 1369; x_wconf 88' lang='lat' dir='ltr'>in</span> <span class='ocrx_word' id='word_1_104' title='bbox 584 1329 741 1380; x_wconf 89' lang='lat' dir='ltr'>jejunio</span> <span class='ocrx_word' id='word_1_105' title='bbox 771 1330 957 1372; x_wconf 90' lang='lat' dir='ltr'>animam</span> 
     </span>
     <span class='ocr_line' id='line_1_22' title="bbox 129 1384 956 1429; baseline 0.005 -5"><span class='ocrx_word' id='word_1_106' title='bbox 129 1396 290 1425; x_wconf 86' lang='lat' dir='ltr'>meam:</span> <span class='ocrx_word' id='word_1_107' title='bbox 308 1384 332 1409; x_wconf 89' lang='lat'>*</span> <span class='ocrx_word' id='word_1_108' title='bbox 352 1389 396 1425; x_wconf 92' lang='lat' dir='ltr'>et</span> <span class='ocrx_word' id='word_1_109' title='bbox 415 1385 556 1426; x_wconf 88' lang='lat' dir='ltr'>oratio</span> <span class='ocrx_word' id='word_1_110' title='bbox 571 1398 669 1427; x_wconf 91' lang='lat' dir='ltr'>mea</span> <span class='ocrx_word' id='word_1_111' title='bbox 687 1386 731 1426; x_wconf 93' lang='lat' dir='ltr'>in</span> <span class='ocrx_word' id='word_1_112' title='bbox 746 1386 841 1428; x_wconf 91' lang='lat' dir='ltr'>sinu</span> <span class='ocrx_word' id='word_1_113' title='bbox 857 1400 956 1429; x_wconf 92' lang='lat' dir='ltr'>meo</span> 
     </span>
     <span class='ocr_line' id='line_1_23' title="bbox 131 1441 420 1481; baseline -0.003 0"><span class='ocrx_word' id='word_1_114' title='bbox 131 1441 420 1481; x_wconf 87' lang='lat' dir='ltr'>convertetur.</span> 
     </span>
    </p>

    <p class='ocr_par' dir='ltr' id='par_1_13' title="bbox 128 1501 956 1711">
     <span class='ocr_line' id='line_1_24' title="bbox 183 1501 956 1556; baseline 0.006 -15"><span class='ocrx_word' id='word_1_115' title='bbox 183 1501 317 1550; x_wconf 83' lang='lat' dir='ltr'>Quasi</span> <span class='ocrx_word' id='word_1_116' title='bbox 343 1501 610 1553; x_wconf 80' lang='lat' dir='ltr'>preximum,</span> <span class='ocrx_word' id='word_1_117' title='bbox 644 1508 688 1544; x_wconf 93' lang='lat' dir='ltr'>et</span> <span class='ocrx_word' id='word_1_118' title='bbox 722 1504 845 1556; x_wconf 91' lang='lat' dir='ltr'>quasi</span> <span class='ocrx_word' id='word_1_119' title='bbox 876 1504 956 1546; x_wconf 92' lang='lat' dir='ltr'>fra-</span> 
     </span>
     <span class='ocr_line' id='line_1_25' title="bbox 129 1558 956 1612; baseline 0.006 -15"><span class='ocrx_word' id='word_1_120' title='bbox 129 1561 242 1598; x_wconf 84' lang='lat' dir='ltr'>trem</span> <span class='ocrx_word' id='word_1_121' title='bbox 260 1562 468 1607; x_wconf 87' lang='lat' dir='ltr'>nostrum,</span> <span class='ocrx_word' id='word_1_122' title='bbox 489 1558 551 1599; x_wconf 94' lang='lat' dir='ltr'>sic</span> <span class='ocrx_word' id='word_1_123' title='bbox 571 1559 913 1612; x_wconf 77' lang='lat' dir='ltr'>complacebam:</span> <span class='ocrx_word' id='word_1_124' title='bbox 932 1562 956 1587; x_wconf 88' lang='lat'>*</span> 
     </span>
     <span class='ocr_line' id='line_1_26' title="bbox 131 1612 955 1667; baseline 0.007 -14"><span class='ocrx_word' id='word_1_125' title='bbox 131 1612 256 1665; x_wconf 86' lang='lat' dir='ltr'>quasi</span> <span class='ocrx_word' id='word_1_126' title='bbox 268 1612 421 1664; x_wconf 89' lang='lat' dir='ltr'>lugens</span> <span class='ocrx_word' id='word_1_127' title='bbox 436 1618 480 1656; x_wconf 91' lang='lat' dir='ltr'>et</span> <span class='ocrx_word' id='word_1_128' title='bbox 496 1615 788 1667; x_wconf 86' lang='lat' dir='ltr'>contristatus,</span> <span class='ocrx_word' id='word_1_129' title='bbox 805 1617 867 1659; x_wconf 92' lang='lat' dir='ltr'>sic</span> <span class='ocrx_word' id='word_1_130' title='bbox 881 1617 955 1659; x_wconf 94' lang='lat' dir='ltr'>hu-</span> 
     </span>
     <span class='ocr_line' id='line_1_27' title="bbox 128 1668 338 1711; baseline 0.005 -2"><span class='ocrx_word' id='word_1_131' title='bbox 128 1668 338 1711; x_wconf 90' lang='lat' dir='ltr'>miliabar.</span> 
     </span>
    </p>

    <p class='ocr_par' dir='ltr' id='par_1_14' title="bbox 126 1730 956 1896">
     <span class='ocr_line' id='line_1_28' title="bbox 181 1730 956 1785; baseline 0.008 -14"><span class='ocrx_word' id='word_1_132' title='bbox 181 1730 237 1772; x_wconf 89' lang='lat' dir='ltr'>Et</span> <span class='ocrx_word' id='word_1_133' title='bbox 264 1730 498 1772; x_wconf 87' lang='lat' dir='ltr'>adversum</span> <span class='ocrx_word' id='word_1_134' title='bbox 515 1745 586 1773; x_wconf 90' lang='lat' dir='ltr'>me</span> <span class='ocrx_word' id='word_1_135' title='bbox 604 1732 742 1775; x_wconf 86' lang='lat' dir='ltr'>laetati</span> <span class='ocrx_word' id='word_1_136' title='bbox 769 1739 883 1785; x_wconf 83' lang='lat' dir='ltr'>sunt,</span> <span class='ocrx_word' id='word_1_137' title='bbox 913 1740 956 1777; x_wconf 92' lang='lat' dir='ltr'>et</span> 
     </span>
     <span class='ocr_line' id='line_1_29' title="bbox 130 1787 956 1840; baseline 0.007 -13"><span class='ocrx_word' id='word_1_138' title='bbox 130 1789 444 1829; x_wconf 87' lang='lat' dir='ltr'>convenerunt:</span> <span class='ocrx_word' id='word_1_139' title='bbox 480 1787 504 1813; x_wconf 85' lang='lat'>*</span> <span class='ocrx_word' id='word_1_140' title='bbox 541 1792 806 1840; x_wconf 88' lang='lat' dir='ltr'>congregata</span> <span class='ocrx_word' id='word_1_141' title='bbox 855 1797 956 1833; x_wconf 92' lang='lat' dir='ltr'>sunt</span> 
     </span>
     <span class='ocr_line' id='line_1_30' title="bbox 126 1843 839 1896; baseline 0.004 -12"><span class='ocrx_word' id='word_1_142' title='bbox 126 1855 258 1895; x_wconf 89' lang='lat' dir='ltr'>super</span> <span class='ocrx_word' id='word_1_143' title='bbox 275 1856 346 1885; x_wconf 90' lang='lat' dir='ltr'>me</span> <span class='ocrx_word' id='word_1_144' title='bbox 366 1843 548 1894; x_wconf 89' lang='lat' dir='ltr'>flagella,</span> <span class='ocrx_word' id='word_1_145' title='bbox 568 1850 612 1887; x_wconf 91' lang='lat' dir='ltr'>et</span> <span class='ocrx_word' id='word_1_146' title='bbox 630 1845 839 1896; x_wconf 86' lang='lat' dir='ltr'>ignoravi.</span> 
     </span>
    </p>

    <p class='ocr_par' dir='ltr' id='par_1_15' title="bbox 125 1903 955 2125">
     <span class='ocr_line' id='line_1_31' title="bbox 177 1903 953 1960; baseline 0.008 -16"><span class='ocrx_word' id='word_1_147' title='bbox 177 1903 391 1957; x_wconf 90' lang='lat' dir='ltr'>Dissipati</span> <span class='ocrx_word' id='word_1_148' title='bbox 423 1910 541 1955; x_wconf 84' lang='lat' dir='ltr'>sunt,</span> <span class='ocrx_word' id='word_1_149' title='bbox 578 1918 659 1947; x_wconf 91' lang='lat' dir='ltr'>nec</span> <span class='ocrx_word' id='word_1_150' title='bbox 693 1909 953 1960; x_wconf 76' lang='lat' dir='ltr'>compuncti,</span> 
     </span>
     <span class='ocr_line' id='line_1_32' title="bbox 125 1962 955 2011; baseline 0.005 -9"><span class='ocrx_word' id='word_1_151' title='bbox 125 1962 404 2002; x_wconf 84' lang='lat' dir='ltr'>tentaverunt</span> <span class='ocrx_word' id='word_1_152' title='bbox 446 1974 536 2011; x_wconf 88' lang='lat' dir='ltr'>me,</span> <span class='ocrx_word' id='word_1_153' title='bbox 581 1962 955 2006; x_wconf 77' lang='lat' dir='ltr'>subsannaverunt</span> 
     </span>
     <span class='ocr_line' id='line_1_33' title="bbox 126 2016 954 2062; baseline 0.007 -5"><span class='ocrx_word' id='word_1_154' title='bbox 126 2029 196 2058; x_wconf 92' lang='lat' dir='ltr'>me</span> <span class='ocrx_word' id='word_1_155' title='bbox 226 2016 583 2059; x_wconf 72' lang='lat' dir='ltr'>subsannatione:</span> <span class='ocrx_word' id='word_1_156' title='bbox 614 2018 638 2044; x_wconf 87' lang='lat'>*</span> <span class='ocrx_word' id='word_1_157' title='bbox 670 2019 954 2062; x_wconf 89' lang='lat' dir='ltr'>frenduerunt</span> 
     </span>
     <span class='ocr_line' id='line_1_34' title="bbox 127 2073 687 2125; baseline 0.005 -12"><span class='ocrx_word' id='word_1_158' title='bbox 127 2085 259 2125; x_wconf 91' lang='lat' dir='ltr'>super</span> <span class='ocrx_word' id='word_1_159' title='bbox 276 2086 347 2115; x_wconf 90' lang='lat' dir='ltr'>me</span> <span class='ocrx_word' id='word_1_160' title='bbox 367 2073 568 2115; x_wconf 92' lang='lat' dir='ltr'>dentibus</span> <span class='ocrx_word' id='word_1_161' title='bbox 588 2075 687 2116; x_wconf 91' lang='lat' dir='ltr'>suis.</span> 
     </span>
    </p>

    <p class='ocr_par' dir='ltr' id='par_1_16' title="bbox 129 2133 953 2297">
     <span class='ocr_line' id='line_1_35' title="bbox 180 2133 952 2189; baseline 0.006 -15"><span class='ocrx_word' id='word_1_162' title='bbox 180 2133 367 2175; x_wconf 78' lang='lat' dir='ltr'>Demine</span> <span class='ocrx_word' id='word_1_163' title='bbox 388 2134 563 2187; x_wconf 88' lang='lat' dir='ltr'>quando</span> <span class='ocrx_word' id='word_1_164' title='bbox 583 2136 817 2189; x_wconf 86' lang='lat' dir='ltr'>respicies?</span> <span class='ocrx_word' id='word_1_165' title='bbox 842 2138 865 2163; x_wconf 86' lang='lat'>*</span> <span class='ocrx_word' id='word_1_166' title='bbox 890 2150 952 2179; x_wconf 91' lang='lat' dir='ltr'>re-</span> 
     </span>
     <span class='ocr_line' id='line_1_36' title="bbox 129 2191 953 2244; baseline 0.006 -13"><span class='ocrx_word' id='word_1_167' title='bbox 129 2191 259 2232; x_wconf 88' lang='lat' dir='ltr'>stitue</span> <span class='ocrx_word' id='word_1_168' title='bbox 279 2191 466 2232; x_wconf 89' lang='lat' dir='ltr'>animam</span> <span class='ocrx_word' id='word_1_169' title='bbox 484 2204 626 2233; x_wconf 89' lang='lat' dir='ltr'>meam</span> <span class='ocrx_word' id='word_1_170' title='bbox 646 2206 672 2234; x_wconf 92' lang='lat' dir='ltr'>a</span> <span class='ocrx_word' id='word_1_171' title='bbox 686 2193 953 2244; x_wconf 75' lang='lat' dir='ltr'>malignitate</span> 
     </span>
     <span class='ocr_line' id='line_1_37' title="bbox 130 2247 914 2297; baseline 0.006 -10"><span class='ocrx_word' id='word_1_172' title='bbox 130 2248 290 2297; x_wconf 77' lang='lat' dir='ltr'>cerum,</span> <span class='ocrx_word' id='word_1_173' title='bbox 310 2261 336 2288; x_wconf 87' lang='lat' dir='ltr'>a</span> <span class='ocrx_word' id='word_1_174' title='bbox 354 2247 553 2290; x_wconf 77' lang='lat' dir='ltr'>leenibus</span> <span class='ocrx_word' id='word_1_175' title='bbox 573 2249 743 2291; x_wconf 89' lang='lat' dir='ltr'>unicam</span> <span class='ocrx_word' id='word_1_176' title='bbox 762 2263 914 2292; x_wconf 87' lang='lat' dir='ltr'>meam.</span> 
     </span>
    </p>

    <p class='ocr_par' dir='ltr' id='par_1_17' title="bbox 129 2307 952 2417">
     <span class='ocr_line' id='line_1_38' title="bbox 181 2307 952 2361; baseline 0.006 -13"><span class='ocrx_word' id='word_1_177' title='bbox 181 2307 434 2350; x_wconf 90' lang='lat' dir='ltr'>Confitebor</span> <span class='ocrx_word' id='word_1_178' title='bbox 444 2308 523 2350; x_wconf 93' lang='lat' dir='ltr'>tibi</span> <span class='ocrx_word' id='word_1_179' title='bbox 537 2310 580 2350; x_wconf 89' lang='lat' dir='ltr'>in</span> <span class='ocrx_word' id='word_1_180' title='bbox 594 2310 778 2352; x_wconf 91' lang='lat' dir='ltr'>ecclesia</span> <span class='ocrx_word' id='word_1_181' title='bbox 787 2324 952 2361; x_wconf 87' lang='lat' dir='ltr'>magna,</span> 
     </span>
     <span class='ocr_line' id='line_1_39' title="bbox 129 2364 821 2417; baseline 0.007 -13"><span class='ocrx_word' id='word_1_182' title='bbox 129 2364 152 2389; x_wconf 90' lang='lat'>*</span> <span class='ocrx_word' id='word_1_183' title='bbox 170 2364 214 2404; x_wconf 94' lang='lat' dir='ltr'>in</span> <span class='ocrx_word' id='word_1_184' title='bbox 233 2364 398 2417; x_wconf 78' lang='lat' dir='ltr'>pepulo</span> <span class='ocrx_word' id='word_1_185' title='bbox 417 2366 541 2415; x_wconf 87' lang='lat' dir='ltr'>gravi</span> <span class='ocrx_word' id='word_1_186' title='bbox 557 2365 747 2408; x_wconf 86' lang='lat' dir='ltr'>laudabo</span> <span class='ocrx_word' id='word_1_187' title='bbox 766 2372 821 2409; x_wconf 91' lang='lat' dir='ltr'>te.</span> 
     </span>
    </p>

    <p class='ocr_par' dir='ltr' id='par_1_18' title="bbox 130 2424 954 2587">
     <span class='ocr_line' id='line_1_40' title="bbox 180 2424 952 2480; baseline 0.005 -15"><span class='ocrx_word' id='word_1_188' title='bbox 180 2424 281 2465; x_wconf 92' lang='lat' dir='ltr'>Non</span> <span class='ocrx_word' id='word_1_189' title='bbox 300 2426 654 2478; x_wconf 79' lang='lat' dir='ltr'>supergaudeant</span> <span class='ocrx_word' id='word_1_190' title='bbox 669 2428 773 2469; x_wconf 91' lang='lat' dir='ltr'>mihi</span> <span class='ocrx_word' id='word_1_191' title='bbox 794 2428 867 2480; x_wconf 93' lang='lat' dir='ltr'>qui</span> <span class='ocrx_word' id='word_1_192' title='bbox 881 2428 952 2469; x_wconf 91' lang='lat' dir='ltr'>ad-</span> 
     </span>
     <span class='ocr_line' id='line_1_41' title="bbox 130 2481 954 2536; baseline 0.006 -15"><span class='ocrx_word' id='word_1_193' title='bbox 130 2483 360 2523; x_wconf 89' lang='lat' dir='ltr'>versantur</span> <span class='ocrx_word' id='word_1_194' title='bbox 369 2481 475 2523; x_wconf 89' lang='lat' dir='ltr'>mihi</span> <span class='ocrx_word' id='word_1_195' title='bbox 484 2482 630 2535; x_wconf 91' lang='lat' dir='ltr'>inique</span> <span class='ocrx_word' id='word_1_196' title='bbox 637 2500 645 2523; x_wconf 89' lang='lat'><strong>:</strong></span> <span class='ocrx_word' id='word_1_197' title='bbox 652 2484 675 2509; x_wconf 90' lang='lat'>*</span> <span class='ocrx_word' id='word_1_198' title='bbox 685 2485 758 2536; x_wconf 92' lang='lat' dir='ltr'>qui</span> <span class='ocrx_word' id='word_1_199' title='bbox 769 2483 954 2526; x_wconf 92' lang='lat' dir='ltr'>oderunt</span> 
     </span>
     <span class='ocr_line' id='line_1_42' title="bbox 130 2538 794 2587; baseline 0.009 -11"><span class='ocrx_word' id='word_1_200' title='bbox 130 2549 199 2577; x_wconf 92' lang='lat' dir='ltr'>me</span> <span class='ocrx_word' id='word_1_201' title='bbox 218 2538 352 2587; x_wconf 85' lang='lat' dir='ltr'>gratis</span> <span class='ocrx_word' id='word_1_202' title='bbox 373 2543 416 2580; x_wconf 92' lang='lat' dir='ltr'>et</span> <span class='ocrx_word' id='word_1_203' title='bbox 436 2540 628 2581; x_wconf 90' lang='lat' dir='ltr'>annuunt</span> <span class='ocrx_word' id='word_1_204' title='bbox 647 2540 794 2582; x_wconf 78' lang='lat' dir='ltr'>eculis.</span> 
     </span>
    </p>

    <p class='ocr_par' dir='ltr' id='par_1_19' title="bbox 131 2597 954 2764">
     <span class='ocr_line' id='line_1_43' title="bbox 183 2597 953 2654; baseline 0.006 -16"><span class='ocrx_word' id='word_1_205' title='bbox 183 2597 397 2647; x_wconf 80' lang='lat' dir='ltr'>Queniam</span> <span class='ocrx_word' id='word_1_206' title='bbox 423 2600 528 2640; x_wconf 91' lang='lat' dir='ltr'>mihi</span> <span class='ocrx_word' id='word_1_207' title='bbox 565 2600 740 2652; x_wconf 92' lang='lat' dir='ltr'>quidem</span> <span class='ocrx_word' id='word_1_208' title='bbox 772 2601 953 2654; x_wconf 85' lang='lat' dir='ltr'>pacifice</span> 
     </span>
     <span class='ocr_line' id='line_1_44' title="bbox 131 2653 954 2704; baseline 0.007 -11"><span class='ocrx_word' id='word_1_209' title='bbox 131 2653 422 2704; x_wconf 89' lang='lat' dir='ltr'>loquebantur</span> <span class='ocrx_word' id='word_1_210' title='bbox 432 2672 440 2696; x_wconf 91' lang='lat'>:</span> <span class='ocrx_word' id='word_1_211' title='bbox 450 2657 474 2681; x_wconf 87' lang='lat'>*</span> <span class='ocrx_word' id='word_1_212' title='bbox 485 2662 528 2698; x_wconf 93' lang='lat' dir='ltr'>et</span> <span class='ocrx_word' id='word_1_213' title='bbox 538 2657 581 2697; x_wconf 92' lang='lat' dir='ltr'>in</span> <span class='ocrx_word' id='word_1_214' title='bbox 591 2657 814 2699; x_wconf 82' lang='lat' dir='ltr'>iracundia</span> <span class='ocrx_word' id='word_1_215' title='bbox 824 2663 954 2699; x_wconf 85' lang='lat' dir='ltr'>terrae</span> 
     </span>
     <span class='ocr_line' id='line_1_45' title="bbox 131 2708 796 2764; baseline 0.009 -15"><span class='ocrx_word' id='word_1_216' title='bbox 131 2708 369 2761; x_wconf 78' lang='lat' dir='ltr'>loquentes,</span> <span class='ocrx_word' id='word_1_217' title='bbox 389 2711 515 2754; x_wconf 90' lang='lat' dir='ltr'>dolos</span> <span class='ocrx_word' id='word_1_218' title='bbox 536 2713 796 2764; x_wconf 84' lang='lat' dir='ltr'>cogitabant.</span> 
     </span>
    </p>
   </div>
   <div class='ocr_carea' id='block_1_6' title="bbox 1011 451 1838 949">
    <p class='ocr_par' dir='ltr' id='par_1_20' title="bbox 1012 451 1838 552">
     <span class='ocr_line' id='line_1_46' title="bbox 1066 451 1838 503; baseline 0.005 -11"><span class='ocrx_word' id='word_1_219' title='bbox 1066 451 1227 493; x_wconf 86' lang='lat' dir='ltr'>Vidisti</span> <span class='ocrx_word' id='word_1_220' title='bbox 1245 452 1443 503; x_wconf 76' lang='lat' dir='ltr'>Demine‚</span> <span class='ocrx_word' id='word_1_221' title='bbox 1462 466 1516 495; x_wconf 92' lang='lat' dir='ltr'>ne</span> <span class='ocrx_word' id='word_1_222' title='bbox 1535 454 1681 496; x_wconf 86' lang='lat' dir='ltr'>sileas:</span> <span class='ocrx_word' id='word_1_223' title='bbox 1705 456 1728 481; x_wconf 87' lang='lat'>*</span> <span class='ocrx_word' id='word_1_224' title='bbox 1753 456 1838 496; x_wconf 81' lang='lat' dir='ltr'>Do-</span> 
     </span>
     <span class='ocr_line' id='line_1_47' title="bbox 1012 508 1566 552; baseline 0.007 -4"><span class='ocrx_word' id='word_1_225' title='bbox 1012 508 1127 549; x_wconf 88' lang='lat' dir='ltr'>mine</span> <span class='ocrx_word' id='word_1_226' title='bbox 1147 521 1201 550; x_wconf 92' lang='lat' dir='ltr'>ne</span> <span class='ocrx_word' id='word_1_227' title='bbox 1222 508 1422 551; x_wconf 88' lang='lat' dir='ltr'>discedas</span> <span class='ocrx_word' id='word_1_228' title='bbox 1442 523 1467 551; x_wconf 91' lang='lat' dir='ltr'>a</span> <span class='ocrx_word' id='word_1_229' title='bbox 1485 523 1566 552; x_wconf 90' lang='lat' dir='ltr'>me.</span> 
     </span>
    </p>

    <p class='ocr_par' dir='ltr' id='par_1_21' title="bbox 1012 565 1838 720">
     <span class='ocr_line' id='line_1_48' title="bbox 1067 565 1838 619; baseline 0.006 -14"><span class='ocrx_word' id='word_1_230' title='bbox 1067 565 1266 615; x_wconf 78' lang='lat' dir='ltr'>&#39;Exsurge</span> <span class='ocrx_word' id='word_1_231' title='bbox 1283 571 1325 607; x_wconf 91' lang='lat' dir='ltr'>et</span> <span class='ocrx_word' id='word_1_232' title='bbox 1336 566 1511 608; x_wconf 91' lang='lat' dir='ltr'>intende</span> <span class='ocrx_word' id='word_1_233' title='bbox 1522 567 1680 619; x_wconf 91' lang='lat' dir='ltr'>judicio</span> <span class='ocrx_word' id='word_1_234' title='bbox 1690 582 1804 610; x_wconf 90' lang='lat' dir='ltr'>meo:</span> <span class='ocrx_word' id='word_1_235' title='bbox 1815 570 1838 595; x_wconf 91' lang='lat'>*</span> 
     </span>
     <span class='ocr_line' id='line_1_49' title="bbox 1012 621 1835 672; baseline 0.007 -11"><span class='ocrx_word' id='word_1_236' title='bbox 1012 621 1133 662; x_wconf 90' lang='lat' dir='ltr'>Deus</span> <span class='ocrx_word' id='word_1_237' title='bbox 1160 635 1301 672; x_wconf 85' lang='lat' dir='ltr'>meus,</span> <span class='ocrx_word' id='word_1_238' title='bbox 1335 628 1378 664; x_wconf 93' lang='lat' dir='ltr'>et</span> <span class='ocrx_word' id='word_1_239' title='bbox 1408 623 1621 666; x_wconf 77' lang='lat' dir='ltr'>Deminus</span> <span class='ocrx_word' id='word_1_240' title='bbox 1645 638 1767 667; x_wconf 89' lang='lat' dir='ltr'>meus</span> <span class='ocrx_word' id='word_1_241' title='bbox 1794 626 1835 667; x_wconf 95' lang='lat' dir='ltr'>in</span> 
     </span>
     <span class='ocr_line' id='line_1_50' title="bbox 1013 691 1359 720; baseline 0.003 -1"><span class='ocrx_word' id='word_1_242' title='bbox 1013 691 1188 719; x_wconf 91' lang='lat' dir='ltr'>causam</span> <span class='ocrx_word' id='word_1_243' title='bbox 1206 692 1359 720; x_wconf 88' lang='lat' dir='ltr'>meam.</span> 
     </span>
    </p>

    <p class='ocr_par' dir='ltr' id='par_1_22' title="bbox 1011 734 1837 901">
     <span class='ocr_line' id='line_1_51' title="bbox 1063 734 1837 790; baseline 0.006 -15"><span class='ocrx_word' id='word_1_244' title='bbox 1063 735 1087 775; x_wconf 88' lang='lat' dir='ltr'>J</span> <span class='ocrx_word' id='word_1_245' title='bbox 1090 734 1217 776; x_wconf 89' lang='lat' dir='ltr'>udica</span> <span class='ocrx_word' id='word_1_246' title='bbox 1253 749 1323 777; x_wconf 91' lang='lat' dir='ltr'>me</span> <span class='ocrx_word' id='word_1_247' title='bbox 1360 737 1599 778; x_wconf 89' lang='lat' dir='ltr'>secundum</span> <span class='ocrx_word' id='word_1_248' title='bbox 1634 739 1837 790; x_wconf 88' lang='lat' dir='ltr'>justitiam</span> 
     </span>
     <span class='ocr_line' id='line_1_52' title="bbox 1011 792 1835 841; baseline 0.005 -9"><span class='ocrx_word' id='word_1_249' title='bbox 1011 796 1131 833; x_wconf 90' lang='lat' dir='ltr'>tuam</span> <span class='ocrx_word' id='word_1_250' title='bbox 1150 792 1337 834; x_wconf 78' lang='lat' dir='ltr'>Demine</span> <span class='ocrx_word' id='word_1_251' title='bbox 1353 793 1472 835; x_wconf 93' lang='lat' dir='ltr'>Deus</span> <span class='ocrx_word' id='word_1_252' title='bbox 1492 807 1624 841; x_wconf 80' lang='lat' dir='ltr'>meus,</span> <span class='ocrx_word' id='word_1_253' title='bbox 1646 796 1668 820; x_wconf 85' lang='grc'>*</span> <span class='ocrx_word' id='word_1_254' title='bbox 1689 801 1731 836; x_wconf 93' lang='lat' dir='ltr'>et</span> <span class='ocrx_word' id='word_1_255' title='bbox 1751 809 1835 836; x_wconf 92' lang='lat' dir='ltr'>non</span> 
     </span>
     <span class='ocr_line' id='line_1_53' title="bbox 1012 848 1496 901; baseline 0.004 -12"><span class='ocrx_word' id='word_1_256' title='bbox 1012 848 1364 901; x_wconf 89' lang='lat' dir='ltr'>supergaudeant</span> <span class='ocrx_word' id='word_1_257' title='bbox 1382 850 1496 891; x_wconf 90' lang='lat' dir='ltr'>mihi.</span> 
     </span>
    </p>

    <p class='ocr_par' dir='ltr' id='par_1_23' title="bbox 1063 905 1836 949">
     <span class='ocr_line' id='line_1_54' title="bbox 1063 905 1836 949; baseline 0.005 -4"><span class='ocrx_word' id='word_1_258' title='bbox 1063 905 1165 946; x_wconf 94' lang='lat' dir='ltr'>Non</span> <span class='ocrx_word' id='word_1_259' title='bbox 1211 905 1357 948; x_wconf 90' lang='lat' dir='ltr'>dicant</span> <span class='ocrx_word' id='word_1_260' title='bbox 1401 907 1444 947; x_wconf 93' lang='lat' dir='ltr'>in</span> <span class='ocrx_word' id='word_1_261' title='bbox 1486 907 1690 949; x_wconf 70' lang='lat' dir='ltr'>cordibus</span> <span class='ocrx_word' id='word_1_262' title='bbox 1730 909 1836 949; x_wconf 90' lang='lat' dir='ltr'>suis:</span> 
     </span>
    </p>
   </div>
   <div class='ocr_carea' id='block_1_7' title="bbox 1012 962 1891 1013">
    <p class='ocr_par' dir='ltr' id='par_1_24' title="bbox 1012 962 1891 1013">
     <span class='ocr_line' id='line_1_55' title="bbox 1012 962 1891 1013; baseline 0.007 -11"><span class='ocrx_word' id='word_1_263' title='bbox 1012 962 1144 1012; x_wconf 88' lang='lat' dir='ltr'>Euge⁷</span> <span class='ocrx_word' id='word_1_264' title='bbox 1165 975 1289 1013; x_wconf 82' lang='lat' dir='ltr'>euge,</span> <span class='ocrx_word' id='word_1_265' title='bbox 1319 964 1474 1004; x_wconf 84' lang='lat' dir='ltr'>animae</span> <span class='ocrx_word' id='word_1_266' title='bbox 1499 970 1678 1006; x_wconf 85' lang='lat' dir='ltr'>nostrae:</span> <span class='ocrx_word' id='word_1_267' title='bbox 1706 966 1727 989; x_wconf 85' lang='lat'>*</span> <span class='ocrx_word' id='word_1_268' title='bbox 1757 979 1836 1007; x_wconf 92' lang='lat' dir='ltr'>nec</span> <span class='ocrx_word' id='word_1_269' title='bbox 1890 974 1891 978; x_wconf 78' lang='grc'>’</span> 
     </span>
    </p>
   </div>
   <div class='ocr_carea' id='block_1_8' title="bbox 1004 1018 1834 2758">
    <p class='ocr_par' dir='ltr' id='par_1_25' title="bbox 1012 1018 1642 1062">
     <span class='ocr_line' id='line_1_56' title="bbox 1012 1018 1642 1062; baseline 0.005 -3"><span class='ocrx_word' id='word_1_270' title='bbox 1012 1018 1175 1060; x_wconf 87' lang='lat' dir='ltr'>dicant:</span> <span class='ocrx_word' id='word_1_271' title='bbox 1195 1019 1513 1061; x_wconf 87' lang='lat' dir='ltr'>Devoravimus</span> <span class='ocrx_word' id='word_1_272' title='bbox 1534 1034 1642 1062; x_wconf 94' lang='lat' dir='ltr'>eum.</span> 
     </span>
    </p>

    <p class='ocr_par' dir='ltr' id='par_1_26' title="bbox 1011 1075 1834 1183">
     <span class='ocr_line' id='line_1_57' title="bbox 1063 1075 1834 1129; baseline 0.006 -14"><span class='ocrx_word' id='word_1_273' title='bbox 1063 1075 1343 1126; x_wconf 85' lang='lat' dir='ltr'>Erubescant,</span> <span class='ocrx_word' id='word_1_274' title='bbox 1354 1082 1397 1118; x_wconf 91' lang='lat' dir='ltr'>et</span> <span class='ocrx_word' id='word_1_275' title='bbox 1407 1080 1688 1120; x_wconf 80' lang='lat' dir='ltr'>revereantur</span> <span class='ocrx_word' id='word_1_276' title='bbox 1698 1079 1834 1129; x_wconf 85' lang='lat' dir='ltr'>simul,</span> 
     </span>
     <span class='ocr_line' id='line_1_58' title="bbox 1011 1132 1697 1183; baseline 0.006 -12"><span class='ocrx_word' id='word_1_277' title='bbox 1011 1132 1034 1157; x_wconf 89' lang='lat'>*</span> <span class='ocrx_word' id='word_1_278' title='bbox 1055 1132 1128 1183; x_wconf 92' lang='lat' dir='ltr'>qui</span> <span class='ocrx_word' id='word_1_279' title='bbox 1147 1132 1418 1182; x_wconf 87' lang='lat' dir='ltr'>gratulantur</span> <span class='ocrx_word' id='word_1_280' title='bbox 1436 1133 1560 1175; x_wconf 90' lang='lat' dir='ltr'>malis</span> <span class='ocrx_word' id='word_1_281' title='bbox 1579 1135 1697 1176; x_wconf 91' lang='lat' dir='ltr'>meis.</span> 
     </span>
    </p>

    <p class='ocr_par' dir='ltr' id='par_1_27' title="bbox 1009 1188 1832 1300">
     <span class='ocr_line' id='line_1_59' title="bbox 1063 1188 1832 1234; baseline 0.005 -5"><span class='ocrx_word' id='word_1_282' title='bbox 1063 1188 1302 1230; x_wconf 91' lang='lat' dir='ltr'>Induantur</span> <span class='ocrx_word' id='word_1_283' title='bbox 1314 1190 1567 1232; x_wconf 77' lang='lat' dir='ltr'>confusiene</span> <span class='ocrx_word' id='word_1_284' title='bbox 1583 1196 1626 1233; x_wconf 91' lang='lat' dir='ltr'>et</span> <span class='ocrx_word' id='word_1_285' title='bbox 1636 1194 1832 1234; x_wconf 89' lang='lat' dir='ltr'>reveren-</span> 
     </span>
     <span class='ocr_line' id='line_1_60' title="bbox 1009 1245 1832 1300; baseline 0.006 -15"><span class='ocrx_word' id='word_1_286' title='bbox 1009 1245 1069 1286; x_wconf 88' lang='lat' dir='ltr'>tia</span> <span class='ocrx_word' id='word_1_287' title='bbox 1079 1245 1102 1270; x_wconf 90' lang='lat'>*</span> <span class='ocrx_word' id='word_1_288' title='bbox 1115 1245 1188 1297; x_wconf 87' lang='lat' dir='ltr'>qui</span> <span class='ocrx_word' id='word_1_289' title='bbox 1198 1259 1354 1297; x_wconf 88' lang='lat' dir='ltr'>magna</span> <span class='ocrx_word' id='word_1_290' title='bbox 1364 1246 1602 1298; x_wconf 90' lang='lat' dir='ltr'>loquuntur</span> <span class='ocrx_word' id='word_1_291' title='bbox 1612 1261 1743 1300; x_wconf 89' lang='lat' dir='ltr'>super</span> <span class='ocrx_word' id='word_1_292' title='bbox 1753 1262 1832 1290; x_wconf 91' lang='lat' dir='ltr'>me.</span> 
     </span>
    </p>

    <p class='ocr_par' dir='ltr' id='par_1_28' title="bbox 1008 1301 1833 1523">
     <span class='ocr_line' id='line_1_61' title="bbox 1061 1301 1833 1356; baseline 0.005 -14"><span class='ocrx_word' id='word_1_293' title='bbox 1061 1301 1292 1344; x_wconf 83' lang='lat' dir='ltr'>Exsultent</span> <span class='ocrx_word' id='word_1_294' title='bbox 1312 1308 1355 1344; x_wconf 92' lang='lat' dir='ltr'>et</span> <span class='ocrx_word' id='word_1_295' title='bbox 1369 1302 1571 1344; x_wconf 86' lang='lat' dir='ltr'>laetentur</span> <span class='ocrx_word' id='word_1_296' title='bbox 1591 1305 1664 1356; x_wconf 92' lang='lat' dir='ltr'>qui</span> <span class='ocrx_word' id='word_1_297' title='bbox 1682 1305 1833 1346; x_wconf 82' lang='lat' dir='ltr'>volunt</span> 
     </span>
     <span class='ocr_line' id='line_1_62' title="bbox 1009 1358 1832 1413; baseline 0.002 -14"><span class='ocrx_word' id='word_1_298' title='bbox 1009 1358 1213 1409; x_wconf 89' lang='lat' dir='ltr'>justitiam</span> <span class='ocrx_word' id='word_1_299' title='bbox 1227 1372 1383 1400; x_wconf 89' lang='lat' dir='ltr'>meam:</span> <span class='ocrx_word' id='word_1_300' title='bbox 1395 1360 1417 1384; x_wconf 89' lang='lat'>*</span> <span class='ocrx_word' id='word_1_301' title='bbox 1429 1365 1473 1401; x_wconf 91' lang='lat' dir='ltr'>et</span> <span class='ocrx_word' id='word_1_302' title='bbox 1487 1358 1631 1401; x_wconf 88' lang='lat' dir='ltr'>dicant</span> <span class='ocrx_word' id='word_1_303' title='bbox 1646 1373 1832 1413; x_wconf 89' lang='lat' dir='ltr'>semper:</span> 
     </span>
     <span class='ocr_line' id='line_1_63' title="bbox 1008 1414 1833 1468; baseline 0.007 -14"><span class='ocrx_word' id='word_1_304' title='bbox 1008 1414 1309 1465; x_wconf 87' lang='lat' dir='ltr'>Magnificetur</span> <span class='ocrx_word' id='word_1_305' title='bbox 1328 1416 1555 1466; x_wconf 60' lang='lat' dir='ltr'>Dumium,</span> <span class='ocrx_word' id='word_1_306' title='bbox 1586 1417 1657 1468; x_wconf 94' lang='lat' dir='ltr'>qui</span> <span class='ocrx_word' id='word_1_307' title='bbox 1681 1417 1833 1460; x_wconf 86' lang='lat' dir='ltr'>volunt</span> 
     </span>
     <span class='ocr_line' id='line_1_64' title="bbox 1009 1472 1417 1523; baseline 0.005 -12"><span class='ocrx_word' id='word_1_308' title='bbox 1009 1483 1163 1522; x_wconf 87' lang='lat' dir='ltr'>pacem</span> <span class='ocrx_word' id='word_1_309' title='bbox 1182 1472 1296 1512; x_wconf 88' lang='lat' dir='ltr'>servi</span> <span class='ocrx_word' id='word_1_310' title='bbox 1316 1472 1417 1523; x_wconf 90' lang='lat' dir='ltr'>ejus.</span> 
     </span>
    </p>

    <p class='ocr_par' dir='ltr' id='par_1_29' title="bbox 1007 1527 1831 1687">
     <span class='ocr_line' id='line_1_65' title="bbox 1060 1527 1830 1582; baseline 0.004 -14"><span class='ocrx_word' id='word_1_311' title='bbox 1060 1528 1117 1569; x_wconf 89' lang='lat' dir='ltr'>Et</span> <span class='ocrx_word' id='word_1_312' title='bbox 1134 1527 1281 1578; x_wconf 88' lang='lat' dir='ltr'>lingua</span> <span class='ocrx_word' id='word_1_313' title='bbox 1298 1541 1396 1569; x_wconf 91' lang='lat' dir='ltr'>mea</span> <span class='ocrx_word' id='word_1_314' title='bbox 1418 1528 1700 1571; x_wconf 86' lang='lat' dir='ltr'>meditabitur</span> <span class='ocrx_word' id='word_1_315' title='bbox 1718 1531 1830 1582; x_wconf 89' lang='lat' dir='ltr'>justi-</span> 
     </span>
     <span class='ocr_line' id='line_1_66' title="bbox 1007 1583 1831 1633; baseline 0.004 -8"><span class='ocrx_word' id='word_1_316' title='bbox 1007 1583 1113 1625; x_wconf 89' lang='lat' dir='ltr'>tiam</span> <span class='ocrx_word' id='word_1_317' title='bbox 1131 1589 1260 1633; x_wconf 83' lang='lat' dir='ltr'>tuam,</span> <span class='ocrx_word' id='word_1_318' title='bbox 1279 1584 1302 1610; x_wconf 91' lang='lat'>*</span> <span class='ocrx_word' id='word_1_319' title='bbox 1321 1590 1415 1626; x_wconf 88' lang='lat' dir='ltr'>tota</span> <span class='ocrx_word' id='word_1_320' title='bbox 1430 1584 1500 1627; x_wconf 90' lang='lat' dir='ltr'>die</span> <span class='ocrx_word' id='word_1_321' title='bbox 1515 1585 1687 1627; x_wconf 89' lang='lat' dir='ltr'>laudem</span> <span class='ocrx_word' id='word_1_322' title='bbox 1702 1591 1831 1628; x_wconf 89' lang='lat' dir='ltr'>tuam.</span> 
     </span>
     <span class='ocr_line' id='line_1_67' title="bbox 1287 1647 1572 1687; baseline 0.004 -1"><span class='ocrx_word' id='word_1_323' title='bbox 1287 1647 1480 1687; x_wconf 84' lang='lat' dir='ltr'>l&#39;salmus</span> <span class='ocrx_word' id='word_1_324' title='bbox 1508 1648 1572 1687; x_wconf 75' lang='lat'>35.</span> 
     </span>
    </p>

    <p class='ocr_par' dir='ltr' id='par_1_30' title="bbox 1007 1698 1831 1866">
     <span class='ocr_line' id='line_1_68' title="bbox 1015 1698 1831 1804; baseline 0.004 -63"><span class='ocrx_word' id='word_1_325' title='bbox 1015 1698 1187 1804; x_wconf 83' lang='lat' dir='ltr'>Dixit</span> <span class='ocrx_word' id='word_1_326' title='bbox 1221 1701 1403 1753; x_wconf 88' lang='lat' dir='ltr'>injustus</span> <span class='ocrx_word' id='word_1_327' title='bbox 1448 1707 1496 1743; x_wconf 92' lang='lat' dir='ltr'>ut</span> <span class='ocrx_word' id='word_1_328' title='bbox 1532 1701 1754 1754; x_wconf 88' lang='lat' dir='ltr'>delinquat</span> <span class='ocrx_word' id='word_1_329' title='bbox 1789 1704 1831 1743; x_wconf 91' lang='lat' dir='ltr'>in</span> 
     </span>
     <span class='ocr_line' id='line_1_69' title="bbox 1128 1759 1830 1810; baseline 0.001 -12"><span class='ocrx_word' id='word_1_330' title='bbox 1128 1760 1383 1810; x_wconf 90' lang='lat' dir='ltr'>semetipso:</span> <span class='ocrx_word' id='word_1_331' title='bbox 1420 1759 1443 1783; x_wconf 85' lang='lat'>*</span> <span class='ocrx_word' id='word_1_332' title='bbox 1479 1771 1565 1799; x_wconf 94' lang='lat' dir='ltr'>non</span> <span class='ocrx_word' id='word_1_333' title='bbox 1600 1764 1666 1800; x_wconf 92' lang='lat' dir='ltr'>est</span> <span class='ocrx_word' id='word_1_334' title='bbox 1700 1760 1830 1800; x_wconf 89' lang='lat' dir='ltr'>timor</span> 
     </span>
     <span class='ocr_line' id='line_1_70' title="bbox 1007 1814 1500 1866; baseline 0.002 -12"><span class='ocrx_word' id='word_1_335' title='bbox 1007 1814 1090 1855; x_wconf 90' lang='lat' dir='ltr'>Dei</span> <span class='ocrx_word' id='word_1_336' title='bbox 1109 1819 1209 1856; x_wconf 88' lang='lat' dir='ltr'>ante</span> <span class='ocrx_word' id='word_1_337' title='bbox 1230 1814 1380 1856; x_wconf 73' lang='lat' dir='ltr'>Oculos</span> <span class='ocrx_word' id='word_1_338' title='bbox 1401 1815 1500 1866; x_wconf 90' lang='lat' dir='ltr'>ejus.</span> 
     </span>
    </p>

    <p class='ocr_par' dir='ltr' id='par_1_31' title="bbox 1004 1870 1828 2035">
     <span class='ocr_line' id='line_1_71' title="bbox 1059 1870 1828 1921; baseline 0.001 -10"><span class='ocrx_word' id='word_1_339' title='bbox 1059 1871 1272 1921; x_wconf 82' lang='lat' dir='ltr'>Quoniam</span> <span class='ocrx_word' id='word_1_340' title='bbox 1318 1870 1471 1912; x_wconf 83' lang='lat' dir='ltr'>dolose</span> <span class='ocrx_word' id='word_1_341' title='bbox 1517 1871 1604 1921; x_wconf 89' lang='lat' dir='ltr'>egit</span> <span class='ocrx_word' id='word_1_342' title='bbox 1645 1871 1688 1912; x_wconf 93' lang='lat' dir='ltr'>in</span> <span class='ocrx_word' id='word_1_343' title='bbox 1730 1884 1828 1912; x_wconf 92' lang='lat' dir='ltr'>con-</span> 
     </span>
     <span class='ocr_line' id='line_1_72' title="bbox 1006 1927 1828 1980; baseline 0.001 -13"><span class='ocrx_word' id='word_1_344' title='bbox 1006 1929 1160 1979; x_wconf 89' lang='lat' dir='ltr'>spectu</span> <span class='ocrx_word' id='word_1_345' title='bbox 1178 1927 1286 1978; x_wconf 89' lang='lat' dir='ltr'>ejus:</span> <span class='ocrx_word' id='word_1_346' title='bbox 1306 1928 1328 1952; x_wconf 88' lang='lat'>*</span> <span class='ocrx_word' id='word_1_347' title='bbox 1348 1933 1395 1969; x_wconf 91' lang='lat' dir='ltr'>ut</span> <span class='ocrx_word' id='word_1_348' title='bbox 1418 1927 1660 1969; x_wconf 88' lang='lat' dir='ltr'>inveniatur</span> <span class='ocrx_word' id='word_1_349' title='bbox 1678 1928 1828 1980; x_wconf 91' lang='lat' dir='ltr'>iniqui-</span> 
     </span>
     <span class='ocr_line' id='line_1_73' title="bbox 1004 1983 1434 2035; baseline 0 -11"><span class='ocrx_word' id='word_1_350' title='bbox 1004 1988 1072 2025; x_wconf 89' lang='lat' dir='ltr'>tas</span> <span class='ocrx_word' id='word_1_351' title='bbox 1092 1984 1182 2035; x_wconf 89' lang='lat' dir='ltr'>ejus</span> <span class='ocrx_word' id='word_1_352' title='bbox 1200 1983 1256 2024; x_wconf 88' lang='lat' dir='ltr'>ad</span> <span class='ocrx_word' id='word_1_353' title='bbox 1276 1983 1434 2025; x_wconf 78' lang='lat' dir='ltr'>edium.</span> 
     </span>
    </p>

    <p class='ocr_par' dir='ltr' id='par_1_32' title="bbox 1005 2039 1827 2203">
     <span class='ocr_line' id='line_1_74' title="bbox 1057 2039 1827 2093; baseline 0.003 -13"><span class='ocrx_word' id='word_1_354' title='bbox 1057 2039 1207 2081; x_wconf 89' lang='lat' dir='ltr'>Verba</span> <span class='ocrx_word' id='word_1_355' title='bbox 1226 2040 1314 2081; x_wconf 91' lang='lat' dir='ltr'>oris</span> <span class='ocrx_word' id='word_1_356' title='bbox 1334 2041 1423 2091; x_wconf 87' lang='lat' dir='ltr'>ejus</span> <span class='ocrx_word' id='word_1_357' title='bbox 1447 2040 1661 2093; x_wconf 83' lang='lat' dir='ltr'>iniquitas,</span> <span class='ocrx_word' id='word_1_358' title='bbox 1687 2046 1729 2082; x_wconf 93' lang='lat' dir='ltr'>et</span> <span class='ocrx_word' id='word_1_359' title='bbox 1754 2040 1827 2082; x_wconf 93' lang='lat' dir='ltr'>do-</span> 
     </span>
     <span class='ocr_line' id='line_1_75' title="bbox 1005 2095 1827 2147; baseline 0.002 -11"><span class='ocrx_word' id='word_1_360' title='bbox 1005 2095 1093 2136; x_wconf 91' lang='lat' dir='ltr'>lus:</span> <span class='ocrx_word' id='word_1_361' title='bbox 1128 2097 1151 2121; x_wconf 86' lang='grc'>*</span> <span class='ocrx_word' id='word_1_362' title='bbox 1187 2095 1326 2138; x_wconf 83' lang='lat' dir='ltr'>noluit</span> <span class='ocrx_word' id='word_1_363' title='bbox 1361 2096 1601 2147; x_wconf 89' lang='lat' dir='ltr'>intelligere</span> <span class='ocrx_word' id='word_1_364' title='bbox 1637 2102 1684 2138; x_wconf 93' lang='lat' dir='ltr'>ut</span> <span class='ocrx_word' id='word_1_365' title='bbox 1717 2097 1827 2138; x_wconf 91' lang='lat' dir='ltr'>bene</span> 
     </span>
     <span class='ocr_line' id='line_1_76' title="bbox 1006 2155 1166 2203; baseline 0 -10"><span class='ocrx_word' id='word_1_366' title='bbox 1006 2155 1166 2203; x_wconf 88' lang='lat' dir='ltr'>ageret.</span> 
     </span>
    </p>

    <p class='ocr_par' dir='ltr' id='par_1_33' title="bbox 1005 2209 1827 2372">
     <span class='ocr_line' id='line_1_77' title="bbox 1056 2209 1826 2261; baseline 0.001 -12"><span class='ocrx_word' id='word_1_367' title='bbox 1056 2209 1335 2261; x_wconf 89' lang='lat' dir='ltr'>Iniquitatem</span> <span class='ocrx_word' id='word_1_368' title='bbox 1354 2209 1588 2251; x_wconf 87' lang='lat' dir='ltr'>meditatus</span> <span class='ocrx_word' id='word_1_369' title='bbox 1608 2214 1674 2251; x_wconf 93' lang='lat' dir='ltr'>est</span> <span class='ocrx_word' id='word_1_370' title='bbox 1696 2210 1738 2250; x_wconf 93' lang='lat' dir='ltr'>in</span> <span class='ocrx_word' id='word_1_371' title='bbox 1758 2222 1826 2250; x_wconf 92' lang='lat' dir='ltr'>cu-</span> 
     </span>
     <span class='ocr_line' id='line_1_78' title="bbox 1005 2265 1826 2308; baseline -0.001 -1"><span class='ocrx_word' id='word_1_372' title='bbox 1005 2265 1081 2307; x_wconf 91' lang='lat' dir='ltr'>bili</span> <span class='ocrx_word' id='word_1_373' title='bbox 1118 2278 1217 2307; x_wconf 91' lang='lat' dir='ltr'>suo:</span> <span class='ocrx_word' id='word_1_374' title='bbox 1253 2266 1276 2292; x_wconf 89' lang='lat'>*</span> <span class='ocrx_word' id='word_1_375' title='bbox 1314 2266 1449 2308; x_wconf 87' lang='lat' dir='ltr'>astitit</span> <span class='ocrx_word' id='word_1_376' title='bbox 1482 2266 1599 2307; x_wconf 91' lang='lat' dir='ltr'>omni</span> <span class='ocrx_word' id='word_1_377' title='bbox 1628 2266 1710 2307; x_wconf 83' lang='lat' dir='ltr'>viae</span> <span class='ocrx_word' id='word_1_378' title='bbox 1741 2279 1826 2306; x_wconf 92' lang='lat' dir='ltr'>non</span> 
     </span>
     <span class='ocr_line' id='line_1_79' title="bbox 1005 2322 1827 2372; baseline -0.001 -9"><span class='ocrx_word' id='word_1_379' title='bbox 1005 2322 1150 2372; x_wconf 75' lang='lat' dir='ltr'>bonae,</span> <span class='ocrx_word' id='word_1_380' title='bbox 1174 2322 1381 2364; x_wconf 90' lang='lat' dir='ltr'>malitiam</span> <span class='ocrx_word' id='word_1_381' title='bbox 1405 2328 1551 2364; x_wconf 92' lang='lat' dir='ltr'>autem</span> <span class='ocrx_word' id='word_1_382' title='bbox 1572 2335 1660 2364; x_wconf 92' lang='lat' dir='ltr'>non</span> <span class='ocrx_word' id='word_1_383' title='bbox 1681 2322 1827 2363; x_wconf 86' lang='lat' dir='ltr'>odivit.</span> 
     </span>
    </p>

    <p class='ocr_par' dir='ltr' id='par_1_34' title="bbox 1005 2378 1826 2487">
     <span class='ocr_line' id='line_1_80' title="bbox 1057 2378 1826 2420; baseline 0 -2"><span class='ocrx_word' id='word_1_384' title='bbox 1057 2378 1243 2420; x_wconf 76' lang='lat' dir='ltr'>Demine</span> <span class='ocrx_word' id='word_1_385' title='bbox 1254 2379 1297 2419; x_wconf 91' lang='lat' dir='ltr'>in</span> <span class='ocrx_word' id='word_1_386' title='bbox 1308 2378 1421 2420; x_wconf 88' lang='lat' dir='ltr'>coelo</span> <span class='ocrx_word' id='word_1_387' title='bbox 1431 2378 1728 2419; x_wconf 65' lang='lat' dir='ltr'>misericordia</span> <span class='ocrx_word' id='word_1_388' title='bbox 1738 2384 1826 2419; x_wconf 91' lang='lat' dir='ltr'>tua:</span> 
     </span>
     <span class='ocr_line' id='line_1_81' title="bbox 1005 2434 1762 2487; baseline -0.001 -12"><span class='ocrx_word' id='word_1_389' title='bbox 1005 2435 1028 2459; x_wconf 88' lang='lat'>*</span> <span class='ocrx_word' id='word_1_390' title='bbox 1049 2440 1092 2476; x_wconf 92' lang='lat' dir='ltr'>et</span> <span class='ocrx_word' id='word_1_391' title='bbox 1111 2435 1271 2476; x_wconf 89' lang='lat' dir='ltr'>veritas</span> <span class='ocrx_word' id='word_1_392' title='bbox 1289 2440 1363 2477; x_wconf 90' lang='lat' dir='ltr'>tua</span> <span class='ocrx_word' id='word_1_393' title='bbox 1383 2447 1520 2487; x_wconf 90' lang='lat' dir='ltr'>usque</span> <span class='ocrx_word' id='word_1_394' title='bbox 1539 2434 1596 2476; x_wconf 89' lang='lat' dir='ltr'>ad</span> <span class='ocrx_word' id='word_1_395' title='bbox 1614 2434 1762 2475; x_wconf 90' lang='lat' dir='ltr'>nubes.</span> 
     </span>
    </p>

    <p class='ocr_par' dir='ltr' id='par_1_35' title="bbox 1005 2490 1825 2600">
     <span class='ocr_line' id='line_1_82' title="bbox 1057 2490 1825 2533; baseline -0.001 -2"><span class='ocrx_word' id='word_1_396' title='bbox 1057 2491 1081 2531; x_wconf 91' lang='lat' dir='ltr'><strong>J</strong></span> <span class='ocrx_word' id='word_1_397' title='bbox 1084 2491 1230 2533; x_wconf 89' lang='lat' dir='ltr'>ustitia</span> <span class='ocrx_word' id='word_1_398' title='bbox 1246 2496 1322 2533; x_wconf 90' lang='lat' dir='ltr'>tua</span> <span class='ocrx_word' id='word_1_399' title='bbox 1349 2491 1459 2533; x_wconf 91' lang='lat' dir='ltr'>sicut</span> <span class='ocrx_word' id='word_1_400' title='bbox 1486 2496 1657 2532; x_wconf 92' lang='lat' dir='ltr'>montes</span> <span class='ocrx_word' id='word_1_401' title='bbox 1675 2490 1776 2532; x_wconf 89' lang='lat' dir='ltr'>Dei:</span> <span class='ocrx_word' id='word_1_402' title='bbox 1802 2490 1825 2514; x_wconf 80' lang='grc'><strong><em>*</em></strong></span> 
     </span>
     <span class='ocr_line' id='line_1_83' title="bbox 1005 2547 1618 2600; baseline 0 -13"><span class='ocrx_word' id='word_1_403' title='bbox 1005 2547 1162 2598; x_wconf 90' lang='lat' dir='ltr'>judicia</span> <span class='ocrx_word' id='word_1_404' title='bbox 1179 2552 1254 2589; x_wconf 92' lang='lat' dir='ltr'>tua</span> <span class='ocrx_word' id='word_1_405' title='bbox 1272 2547 1454 2600; x_wconf 77' lang='lat' dir='ltr'>abyssus</span> <span class='ocrx_word' id='word_1_406' title='bbox 1472 2547 1618 2589; x_wconf 89' lang='lat' dir='ltr'>multa.</span> 
     </span>
    </p>

    <p class='ocr_par' dir='ltr' id='par_1_36' title="bbox 1005 2602 1823 2758">
     <span class='ocr_line' id='line_1_84' title="bbox 1057 2602 1823 2655; baseline -0.004 -11"><span class='ocrx_word' id='word_1_407' title='bbox 1057 2603 1279 2653; x_wconf 69' lang='lat' dir='ltr'>Homines,</span> <span class='ocrx_word' id='word_1_408' title='bbox 1291 2609 1333 2645; x_wconf 92' lang='lat' dir='ltr'>et</span> <span class='ocrx_word' id='word_1_409' title='bbox 1344 2604 1530 2655; x_wconf 87' lang='lat' dir='ltr'>jumenta</span> <span class='ocrx_word' id='word_1_410' title='bbox 1541 2602 1727 2644; x_wconf 85' lang='lat' dir='ltr'>salvabis</span> <span class='ocrx_word' id='word_1_411' title='bbox 1738 2602 1823 2642; x_wconf 74' lang='lat' dir='ltr'>De-</span> 
     </span>
     <span class='ocr_line' id='line_1_85' title="bbox 1005 2657 1822 2711; baseline -0.002 -12"><span class='ocrx_word' id='word_1_412' title='bbox 1005 2659 1138 2701; x_wconf 88' lang='lat' dir='ltr'>mine:</span> <span class='ocrx_word' id='word_1_413' title='bbox 1169 2660 1192 2685; x_wconf 88' lang='lat'>*</span> <span class='ocrx_word' id='word_1_414' title='bbox 1226 2659 1591 2711; x_wconf 90' lang='lat' dir='ltr'>quemadmodum</span> <span class='ocrx_word' id='word_1_415' title='bbox 1623 2657 1822 2710; x_wconf 89' lang='lat' dir='ltr'>multipli-</span> 
     </span>
     <span class='ocr_line' id='line_1_86' title="bbox 1007 2715 1757 2758; baseline -0.003 -2"><span class='ocrx_word' id='word_1_416' title='bbox 1007 2716 1115 2757; x_wconf 91' lang='lat' dir='ltr'>casti</span> <span class='ocrx_word' id='word_1_417' title='bbox 1132 2715 1473 2758; x_wconf 73' lang='lat' dir='ltr'>misericerdiam</span> <span class='ocrx_word' id='word_1_418' title='bbox 1492 2721 1609 2757; x_wconf 84' lang='lat' dir='ltr'>tuam</span> <span class='ocrx_word' id='word_1_419' title='bbox 1628 2715 1757 2755; x_wconf 92' lang='lat' dir='ltr'>Deus.</span> 
     </span>
    </p>
   </div>
  </div>
 </body>
</html>
