2040 2990
757 198 862 231 Furia
890 198 997 231 tertia
1026 198 1071 230 ad
1101 197 1301 238 N'cspcras.

238 290 444 331 Miserere
476 290 617 331 nostri
645 290 851 340 Domine,
882 291 1008 332 mise-

187 349 281 387 rere
304 346 458 387 nostri:
478 347 501 371 ¹⁸¹
521 346 623 398 quia
643 346 827 388 multum
850 347 1006 399 repleti

186 415 334 444 sumus
355 402 656 455 despectione:

237 459 348 508 Quia
375 459 560 500 multum
588 459 756 512 repleta
777 465 843 501 est
866 460 1008 501 anima

184 520 350 556 nostra:
378 516 401 540 *
430 515 717 568 opprobrium
751 516 1007 558 abundanti·

183 572 275 622 bus,
305 577 348 613 et
367 571 594 625 despectio
615 572 827 625 superbis.

240 639 335 678 Ant.
367 637 450 685 Qui
469 637 641 679 habitas
661 638 704 678 in
725 637 860 686 coelis,
881 638 1006 679 mise-

184 695 279 735 rere
298 693 436 735 nobis.

238 759 271 797 Α
281 764 335 797 nt.
367 759 398 797 Α
407 758 654 810 djutorium.

444 843 637 882 I'salmus
667 843 745 882 123.

278 907 330 948 isi
360 907 461 959 quia
489 907 704 948 Dominus
740 913 833 949 erat
862 908 905 948 in
934 921 1006 949 no-

294 963 378 1012 bis,
407 963 524 1004 dicat
552 977 666 1005 nunc
692 964 843 1005 Isra'el:
871 965 894 990 *
923 965 1005 1006 nisi

185 1020 286 1072 quia
306 1020 520 1061 Dominus
541 1026 635 1061 erat
654 1020 697 1061 in
715 1020 854 1071 nobis,

235 1077 343 1118 Cum
356 1079 640 1127 exsurgerent
650 1077 849 1119 homines
860 1078 903 1118 in
914 1091 1006 1128 nos,

182 1134 205 1158 *
225 1133 337 1174 forte
357 1133 482 1174 vivos
501 1132 789 1184 deglutissent
809 1147 906 1176 nos:

234 1189 341 1230 Cum
361 1190 623 1231 irasceretur
649 1190 769 1232 furor
791 1193 942 1233 eorum
962 1193 1006 1233 in

181 1259 278 1295 nos,
303 1246 325 1271 *
348 1246 530 1287 forsitan
559 1259 673 1298 aqua
702 1247 1006 1291 absorbuisset

181 1315 271 1343 nos.

231 1359 493 1400 Torrentem
539 1361 822 1412 pertransivit
863 1362 1006 1403 anima

181 1420 348 1456 nostra:
368 1417 391 1441 *
411 1416 595 1457 forsitan
624 1421 936 1469 pertransisset
964 1422 1005 1460 a·

181 1472 297 1512 nima
317 1478 467 1513 nostra
492 1486 650 1524 aquam
674 1474 1005 1517 intolerabilem.

234 1528 499 1570 Benedictus
518 1530 734 1571 Dominus
762 1531 785 1556 *
815 1532 890 1583 qui
917 1544 1006 1573 non

182 1584 306 1626 dedit
333 1598 424 1634 nos,
452 1586 496 1626 in
524 1587 773 1639 captionem
802 1587 1006 1630 dentibus

183 1653 344 1682 eorum.

233 1698 391 1739 Anima
420 1704 570 1740 nostra
597 1700 710 1741 sicut
738 1714 890 1753 passer
917 1705 1005 1744 ere—

182 1758 258 1806 pta
286 1759 353 1795 est
372 1756 395 1780 *
414 1754 469 1796 de
496 1755 654 1808 laqueo
683 1759 948 1800 venantium:

234 1810 437 1863 Laqueus
466 1815 680 1854 contritus
709 1820 791 1864 est,
812 1815 834 1840 *
853 1821 896 1857 et
923 1829 1005 1858 nos

183 1866 354 1908 liberati
376 1881 535 1910 sumus.

234 1923 512 1975 Adiutorium
540 1932 738 1969 nostrum
762 1930 805 1970 in
829 1931 1005 1973 nomine

182 1979 370 2030 Domini,
390 1983 413 2007 ¹⁸¹
434 1983 507 2033 qui
536 1983 639 2025 fecit
667 1986 827 2027 coelum
856 1992 899 2029 et
921 1992 1004 2029 ter-

183 2050 285 2078 ram.

242 2100 338 2139 Ant.
360 2102 632 2154 Adiutorium
650 2112 846 2148 nostrum
867 2109 910 2149 in
930 2112 1003 2150 no-

183 2157 299 2199 mine
317 2158 503 2199 Domini.

236 2221 333 2260 Aut.
369 2221 561 2266 Benefac.

443 2304 636 2344 I'salmus
664 2307 744 2345 124.

269 2375 313 2415 ui
340 2375 567 2419 confidunt
592 2378 634 2418 in
654 2378 866 2429 Domino,
893 2382 1004 2423 sicut

285 2443 411 2472 mons
444 2432 564 2474 Sion:
588 2435 611 2459 *
639 2447 726 2476 non
761 2440 1003 2478 commove-

182 2487 300 2529 bitur
328 2488 370 2527 in
399 2491 625 2541 aeternum,
663 2492 737 2543 qui
765 2492 933 2535 habitat
961 2495 1003 2534 in

181 2543 432 2585 Jerusalem.

235 2600 407 2642 Montes
426 2601 469 2641 in
489 2602 672 2645 circuitu
691 2605 796 2656 ejus:
815 2606 838 2630 ¹⁸¹
857 2611 900 2646 et
917 2605 1003 2646 Do-

181 2657 323 2698 minus
356 2657 398 2697 in
433 2658 616 2700 circuitu
650 2661 802 2713 populi
831 2661 912 2711 sui,
950 2675 1003 2703 ex

181 2715 264 2757 hoc
284 2728 398 2757 nunc
417 2720 460 2756 et
483 2728 622 2767 usque
642 2717 685 2757 in
705 2717 925 2760 saeculum.

1114 290 1226 340 Quia
1240 303 1328 331 non
1345 290 1563 342 relinquet
1572 290 1789 331 Dominus
1804 290 1886 331 vir-

1060 360 1159 398 gam
1179 348 1464 399 peccatorum
1488 358 1621 399 super
1644 351 1810 388 sortem
1827 348 1886 399 ju-

1062 405 1246 445 storum:
1274 404 1303 430 *
1326 407 1374 444 ut
1403 415 1491 444 non
1518 402 1756 444 extendant
1784 403 1886 455 justi

1061 459 1118 501 ad
1138 460 1413 512 iniquitatem
1432 472 1586 500 manus
1606 472 1719 501 suas.

1113 516 1304 558 Benefac
1328 516 1517 558 Domine
1544 515 1686 566 bonis,
1706 517 1729 542 *
1750 521 1794 558 et
1821 529 1885 559 re-

1062 573 1145 614 ctis
1165 573 1309 614 corde.

1114 629 1396 671 Declinantes
1421 634 1567 671 autem
1589 630 1634 670 in
1658 629 1886 682 obligatio-

1061 699 1138 727 nes
1176 685 1367 727 adducet
1401 686 1616 728 Dominus
1652 699 1752 728 cum
1784 699 1886 739 ope-

1061 742 1258 784 rantibus
1287 743 1579 795 iniquitatem:
1597 744 1621 769 *
1639 757 1727 796 pax
1755 756 1887 796 super

1061 799 1208 840 Israel.

1113 867 1211 906 Ant.
1245 865 1432 907 Benefac
1456 866 1645 908 Domine
1669 865 1814 916 bonis,
1843 871 1887 908 et

1060 922 1193 963 rectis
1214 922 1360 964 corde.

1111 988 1210 1027 Ant.
1244 987 1364 1028 Facti
1385 1000 1545 1028 sumus.

1320 1068 1516 1108 psalmus
1543 1069 1627 1108 125.

1059 1134 1139 1240 In
1172 1139 1472 1182 convertendo
1502 1139 1717 1182 Dominus
1751 1141 1886 1194 capti-

1124 1196 1306 1237 vitatem
1325 1196 1446 1237 Sion:
1464 1197 1487 1222 *
1507 1197 1611 1239 facti
1635 1210 1784 1238 sumus
1807 1198 1886 1239 sic-

1059 1257 1106 1294 ut
1127 1252 1360 1294 consolati:

1110 1309 1235 1350 Tunc
1277 1309 1494 1362 repletum
1531 1314 1617 1351 est·
1634 1309 1796 1361 gaudio
1836 1323 1886 1351 os

1058 1370 1273 1407 nostrum:
1293 1367 1316 1392 *
1342 1371 1385 1408 et
1406 1366 1553 1418 lingua
1575 1371 1727 1408 nostra
1746 1366 1886 1408 exsul-

1059 1422 1236 1464 tatione.

1110 1479 1235 1520 Tunc
1256 1479 1403 1521 dicent
1422 1479 1535 1520 inter
1551 1480 1733 1521 Gentes:
1752 1480 1776 1506 *
1797 1480 1885 1521 Ma-

1059 1536 1283 1587 gnificavit
1329 1536 1545 1577 Dominus
1596 1536 1740 1578 facere
1787 1549 1886 1578 cum

1060 1605 1133 1634 eis.

1111 1649 1408 1701 Magnificavit
1422 1649 1638 1691 Dominus
1653 1649 1797 1691 facere
1810 1662 1885 1691 no-

1058 1705 1243 1747 biscum:
1263 1706 1286 1731 *
1306 1706 1410 1747 facti
1430 1719 1579 1747 sumus
1598 1706 1812 1748 laetantes.

1111 1762 1330 1804 Converte
1358 1763 1548 1804 Domine
1583 1763 1886 1815 captivitatem

1058 1824 1265 1869 nostram,
1283 1820 1306 1845 *
1328 1819 1441 1860 sicut
1460 1824 1632 1861 torrens
1648 1819 1692 1860 in
1706 1819 1884 1861 Austro.

1110 1876 1194 1926 Qui
1229 1876 1445 1917 seminant
1477 1876 1522 1916 in
1554 1876 1762 1926 lacrimis,
1789 1876 1813 1902 *
1839 1876 1883 1917 in

1058 1933 1352 1974 exsultatione
1370 1937 1548 1974 metent.

1109 1990 1276 2031 Euntes
1304 1989 1426 2031 ibant
1454 1994 1498 2031 et
1525 1989 1705 2040 flebant,
1736 1990 1759 2015 *
1786 1989 1883 2031 mit-

1057 2048 1200 2088 tentes
1220 2046 1386 2087 semina
1408 2059 1497 2087 sua.

1108 2102 1348 2144 Venientes
1390 2108 1535 2144 autem
1572 2103 1747 2144 venient
1783 2115 1882 2144 cum

1029 2149 1032 2193 Ι
1058 2158 1366 2208 exsultatione,
1390 2160 1414 2184 *
1435 2161 1661 2211 portantes
1689 2161 1882 2212 manipu-

1056 2216 1124 2258 los
1148 2227 1263 2257 suos.

1056 2338 1069 2379 l
1113 2281 1211 2320 Ant.
1251 2280 1370 2322 Facti
1404 2294 1554 2322 sumus
1587 2281 1700 2322 sicut
1729 2294 1882 2323 conso-

1073 2337 1145 2380 ati.

1111 2417 1368 2469 Capitulum.
1612 2419 1662 2457 11.
1683 2420 1778 2458 Cor.
1802 2420 1828 2456 1.

1060 2477 1365 2582 Benedictus
1394 2495 1531 2544 Deus,
1565 2501 1608 2537 et
1635 2495 1766 2536 Pater
1793 2494 1880 2535 Do-

1154 2550 1259 2591 mini
1277 2551 1415 2591 nostri
1433 2551 1458 2591 J
1461 2564 1538 2592 esu
1557 2551 1730 2602 Christi,
1750 2551 1881 2592 Pater

1055 2606 1473 2656 misericordiarum,
1509 2612 1553 2648 et
1586 2608 1707 2650 Deus
1742 2610 1880 2649 totius

1056 2662 1386 2710 consolationis,
1415 2663 1489 2714 qui
1517 2664 1772 2706 consolatur
1798 2676 1880 2705 nos

1056 2720 1099 2760 in
1118 2720 1236 2761 omni
1254 2718 1536 2761 tribulatione
1555 2725 1716 2764 nostra.
