<?xml version="1.0" encoding="UTF-8"?>
<!DOCTYPE html PUBLIC "-//W3C//DTD XHTML 1.0 Transitional//EN"
    "http://www.w3.org/TR/xhtml1/DTD/xhtml1-transitional.dtd">
<html xmlns="http://www.w3.org/1999/xhtml" xml:lang="en" lang="en">
 <head>
  <title>
</title>
<meta http-equiv="Content-Type" content="text/html;charset=utf-8" />
  <meta name='ocr-system' content='tesseract 3.04.00' />
  <meta name='ocr-capabilities' content='ocr_page ocr_carea ocr_par ocr_line ocrx_word'/>
</head>
<body>
  <div class='ocr_page' id='page_1' title='image "./p1breviariumroma00cathuoft_0437.png"; bbox 0 0 2080 2990; ppageno 0'>
   <div class='ocr_carea' id='block_1_1' title="bbox 599 204 1478 247">
    <p class='ocr_par' dir='ltr' id='par_1_1' title="bbox 599 204 1478 247">
     <span class='ocr_line' id='line_1_1' title="bbox 599 204 1478 247; baseline -0.001 -8"><span class='ocrx_word' id='word_1_1' title='bbox 599 205 670 240; x_wconf 84' lang='lat' dir='ltr'>Die</span> <span class='ocrx_word' id='word_1_2' title='bbox 693 206 725 240; x_wconf 79' lang='lat'>8.</span> <span class='ocrx_word' id='word_1_3' title='bbox 751 205 837 239; x_wconf 81' lang='lat' dir='ltr'>Dec.</span> <span class='ocrx_word' id='word_1_4' title='bbox 884 206 1073 239; x_wconf 73' lang='lat' dir='ltr'>immacul.</span> <span class='ocrx_word' id='word_1_5' title='bbox 1099 204 1278 247; x_wconf 84' lang='lat' dir='ltr'>Concept.</span> <span class='ocrx_word' id='word_1_6' title='bbox 1304 205 1342 239; x_wconf 89' lang='lat' dir='ltr'>B.</span> <span class='ocrx_word' id='word_1_7' title='bbox 1368 205 1413 239; x_wconf 83' lang='lat' dir='ltr'>M.</span> <span class='ocrx_word' id='word_1_8' title='bbox 1436 206 1478 238; x_wconf 89' lang='lat' dir='ltr'>V.</span> 
     </span>
    </p>
   </div>
   <div class='ocr_carea' id='block_1_2' title="bbox 207 300 1009 411">
    <p class='ocr_par' dir='ltr' id='par_1_2' title="bbox 207 300 1009 411">
     <span class='ocr_line' id='line_1_2' title="bbox 468 300 745 341; baseline -0.007 0"><span class='ocrx_word' id='word_1_9' title='bbox 468 301 663 341; x_wconf 86' lang='lat' dir='ltr'>Psalmus</span> <span class='ocrx_word' id='word_1_10' title='bbox 681 300 745 339; x_wconf 87' lang='lat'>95.</span> 
     </span>
     <span class='ocr_line' id='line_1_3' title="bbox 207 351 1009 411; baseline 0.002 -18"><span class='ocrx_word' id='word_1_11' title='bbox 207 352 461 411; x_wconf 27' lang='lat' dir='ltr'>‘432⁷{5antate</span> <span class='ocrx_word' id='word_1_12' title='bbox 484 351 672 393; x_wconf 89' lang='lat' dir='ltr'>Domino</span> <span class='ocrx_word' id='word_1_13' title='bbox 698 353 912 394; x_wconf 81' lang='lat' dir='ltr'>canticum</span> <span class='ocrx_word' id='word_1_14' title='bbox 936 366 1009 395; x_wconf 93' lang='lat' dir='ltr'>no·</span> 
     </span>
    </p>
   </div>
   <div class='ocr_carea' id='block_1_3' title="bbox 189 408 1011 2761">
    <p class='ocr_par' dir='ltr' id='par_1_3' title="bbox 206 408 1009 504">
     <span class='ocr_line' id='line_1_4' title="bbox 208 408 1009 468; baseline 0.005 -22"><span class='ocrx_word' id='word_1_15' title='bbox 208 411 259 468; x_wconf 15' lang='grc' dir='ltr'>,ζῇ-χ,</span> <span class='ocrx_word' id='word_1_16' title='bbox 267 428 305 462; x_wconf 56' lang='lat'>2¹</span> <span class='ocrx_word' id='word_1_17' title='bbox 326 419 442 447; x_wconf 89' lang='lat' dir='ltr'>vum:</span> <span class='ocrx_word' id='word_1_18' title='bbox 455 408 479 435; x_wconf 87' lang='lat'>*</span> <span class='ocrx_word' id='word_1_19' title='bbox 491 410 661 450; x_wconf 78' lang='lat' dir='ltr'>cantate</span> <span class='ocrx_word' id='word_1_20' title='bbox 670 409 858 450; x_wconf 90' lang='lat' dir='ltr'>Domino</span> <span class='ocrx_word' id='word_1_21' title='bbox 870 409 1009 450; x_wconf 91' lang='lat' dir='ltr'>omnis</span> 
     </span>
     <span class='ocr_line' id='line_1_5' title="bbox 206 466 452 504; baseline 0.004 -1"><span class='ocrx_word' id='word_1_22' title='bbox 206 470 234 479; x_wconf 59' lang='grc'>·“</span> <span class='ocrx_word' id='word_1_23' title='bbox 253 470 301 484; x_wconf 44' lang='grc' dir='ltr'>ἶ</span> <span class='ocrx_word' id='word_1_24' title='bbox 326 466 452 504; x_wconf 91' lang='lat' dir='ltr'>terra.</span> 
     </span>
    </p>

    <p class='ocr_par' dir='ltr' id='par_1_4' title="bbox 194 517 1009 684">
     <span class='ocr_line' id='line_1_6' title="bbox 246 517 1009 570; baseline 0.007 -11"><span class='ocrx_word' id='word_1_25' title='bbox 246 517 427 561; x_wconf 77' lang='lat' dir='ltr'>Cantate</span> <span class='ocrx_word' id='word_1_26' title='bbox 454 519 660 570; x_wconf 91' lang='lat' dir='ltr'>Domino,</span> <span class='ocrx_word' id='word_1_27' title='bbox 696 525 740 562; x_wconf 90' lang='lat' dir='ltr'>et</span> <span class='ocrx_word' id='word_1_28' title='bbox 767 521 1009 564; x_wconf 81' lang='lat' dir='ltr'>benedicite</span> 
     </span>
     <span class='ocr_line' id='line_1_7' title="bbox 194 574 1009 627; baseline 0.005 -12"><span class='ocrx_word' id='word_1_29' title='bbox 194 574 358 616; x_wconf 90' lang='lat' dir='ltr'>nomini</span> <span class='ocrx_word' id='word_1_30' title='bbox 377 576 480 627; x_wconf 89' lang='lat' dir='ltr'>ejus:</span> <span class='ocrx_word' id='word_1_31' title='bbox 498 576 522 603; x_wconf 89' lang='lat'>*</span> <span class='ocrx_word' id='word_1_32' title='bbox 541 577 789 619; x_wconf 81' lang='lat' dir='ltr'>annuntiate</span> <span class='ocrx_word' id='word_1_33' title='bbox 808 576 862 619; x_wconf 93' lang='lat' dir='ltr'>de</span> <span class='ocrx_word' id='word_1_34' title='bbox 882 577 952 619; x_wconf 92' lang='lat' dir='ltr'>die</span> <span class='ocrx_word' id='word_1_35' title='bbox 966 578 1009 618; x_wconf 91' lang='lat' dir='ltr'>in</span> 
     </span>
     <span class='ocr_line' id='line_1_8' title="bbox 195 630 637 684; baseline 0.005 -13"><span class='ocrx_word' id='word_1_36' title='bbox 195 630 310 672; x_wconf 92' lang='lat' dir='ltr'>diem</span> <span class='ocrx_word' id='word_1_37' title='bbox 330 632 518 673; x_wconf 78' lang='lat' dir='ltr'>salutare</span> <span class='ocrx_word' id='word_1_38' title='bbox 537 633 637 684; x_wconf 86' lang='lat' dir='ltr'>ejus.</span> 
     </span>
    </p>

    <p class='ocr_par' dir='ltr' id='par_1_5' title="bbox 193 687 1010 841">
     <span class='ocr_line' id='line_1_9' title="bbox 246 687 1010 740; baseline 0.004 -13"><span class='ocrx_word' id='word_1_39' title='bbox 246 687 510 730; x_wconf 81' lang='lat' dir='ltr'>Annuntiate</span> <span class='ocrx_word' id='word_1_40' title='bbox 523 689 636 730; x_wconf 88' lang='lat' dir='ltr'>inter</span> <span class='ocrx_word' id='word_1_41' title='bbox 651 688 815 730; x_wconf 88' lang='lat' dir='ltr'>Gentes</span> <span class='ocrx_word' id='word_1_42' title='bbox 829 689 1010 740; x_wconf 90' lang='lat' dir='ltr'>gloriam</span> 
     </span>
     <span class='ocr_line' id='line_1_10' title="bbox 193 743 1010 841; baseline 0.002 -56"><span class='ocrx_word' id='word_1_43' title='bbox 193 744 300 841; x_wconf 60' lang='lat' dir='ltr'>fiius,</span> <span class='ocrx_word' id='word_1_44' title='bbox 318 743 342 770; x_wconf 87' lang='grc'><em>*</em></span> <span class='ocrx_word' id='word_1_45' title='bbox 359 744 403 785; x_wconf 93' lang='lat' dir='ltr'>in</span> <span class='ocrx_word' id='word_1_46' title='bbox 426 744 624 786; x_wconf 90' lang='lat' dir='ltr'>omnibus</span> <span class='ocrx_word' id='word_1_47' title='bbox 647 744 823 797; x_wconf 88' lang='lat' dir='ltr'>populis</span> <span class='ocrx_word' id='word_1_48' title='bbox 841 746 1010 788; x_wconf 87' lang='lat' dir='ltr'>mirabi-</span> 
     </span>
    </p>

    <p class='ocr_par' dir='ltr' id='par_1_6' title="bbox 225 812 369 852">
     <span class='ocr_line' id='line_1_11' title="bbox 225 812 369 852; baseline -0.007 -11"><span class='ocrx_word' id='word_1_49' title='bbox 225 812 250 841; x_wconf 89' lang='lat' dir='ltr'>a</span> <span class='ocrx_word' id='word_1_50' title='bbox 268 812 369 852; x_wconf 78' lang='lat' dir='ltr'>ejus.</span> 
     </span>
    </p>

    <p class='ocr_par' dir='ltr' id='par_1_7' title="bbox 192 856 1011 1020">
     <span class='ocr_line' id='line_1_12' title="bbox 247 856 1011 908; baseline 0.004 -11"><span class='ocrx_word' id='word_1_51' title='bbox 247 856 459 906; x_wconf 90' lang='lat' dir='ltr'>Quoniam</span> <span class='ocrx_word' id='word_1_52' title='bbox 489 869 672 908; x_wconf 88' lang='lat' dir='ltr'>magnus</span> <span class='ocrx_word' id='word_1_53' title='bbox 697 858 927 908; x_wconf 87' lang='lat' dir='ltr'>Dominus,</span> <span class='ocrx_word' id='word_1_54' title='bbox 968 863 1011 900; x_wconf 91' lang='lat' dir='ltr'>et</span> 
     </span>
     <span class='ocr_line' id='line_1_13' title="bbox 193 911 1010 958; baseline 0.004 -6"><span class='ocrx_word' id='word_1_55' title='bbox 193 911 422 954; x_wconf 77' lang='lat' dir='ltr'>laudabilis</span> <span class='ocrx_word' id='word_1_56' title='bbox 440 913 580 958; x_wconf 90' lang='lat' dir='ltr'>nimis:</span> <span class='ocrx_word' id='word_1_57' title='bbox 598 913 622 939; x_wconf 83' lang='grc'>*</span> <span class='ocrx_word' id='word_1_58' title='bbox 640 914 843 956; x_wconf 79' lang='lat' dir='ltr'>terribilis</span> <span class='ocrx_word' id='word_1_59' title='bbox 863 919 930 956; x_wconf 92' lang='lat' dir='ltr'>est</span> <span class='ocrx_word' id='word_1_60' title='bbox 944 927 1010 955; x_wconf 91' lang='lat' dir='ltr'>su-</span> 
     </span>
     <span class='ocr_line' id='line_1_14' title="bbox 192 969 577 1020; baseline 0.003 -10"><span class='ocrx_word' id='word_1_61' title='bbox 192 980 272 1020; x_wconf 89' lang='lat' dir='ltr'>per</span> <span class='ocrx_word' id='word_1_62' title='bbox 289 981 440 1011; x_wconf 92' lang='lat' dir='ltr'>omnes</span> <span class='ocrx_word' id='word_1_63' title='bbox 459 969 577 1011; x_wconf 78' lang='lat' dir='ltr'>deos</span> 
     </span>
    </p>

    <p class='ocr_par' dir='ltr' id='par_1_8' title="bbox 192 1025 1009 1179">
     <span class='ocr_line' id='line_1_15' title="bbox 242 1025 1009 1075; baseline 0.001 -9"><span class='ocrx_word' id='word_1_64' title='bbox 242 1025 455 1075; x_wconf 90' lang='lat' dir='ltr'>Quoniam</span> <span class='ocrx_word' id='word_1_65' title='bbox 470 1038 621 1067; x_wconf 90' lang='lat' dir='ltr'>omnes</span> <span class='ocrx_word' id='word_1_66' title='bbox 636 1026 695 1067; x_wconf 90' lang='lat' dir='ltr'>dii</span> <span class='ocrx_word' id='word_1_67' title='bbox 706 1026 911 1067; x_wconf 89' lang='lat' dir='ltr'>Gentium</span> <span class='ocrx_word' id='word_1_68' title='bbox 925 1026 1009 1067; x_wconf 88' lang='lat' dir='ltr'>dae-</span> 
     </span>
     <span class='ocr_line' id='line_1_16' title="bbox 192 1081 1009 1124; baseline 0.001 -1"><span class='ocrx_word' id='word_1_69' title='bbox 192 1081 351 1123; x_wconf 92' lang='lat' dir='ltr'>monia:</span> <span class='ocrx_word' id='word_1_70' title='bbox 386 1081 410 1108; x_wconf 81' lang='lat'>*</span> <span class='ocrx_word' id='word_1_71' title='bbox 444 1082 658 1123; x_wconf 90' lang='lat' dir='ltr'>Dominus</span> <span class='ocrx_word' id='word_1_72' title='bbox 694 1086 838 1123; x_wconf 91' lang='lat' dir='ltr'>autem</span> <span class='ocrx_word' id='word_1_73' title='bbox 874 1082 1009 1124; x_wconf 91' lang='lat' dir='ltr'>coelos</span> 
     </span>
     <span class='ocr_line' id='line_1_17' title="bbox 192 1138 304 1179; baseline -0.009 0"><span class='ocrx_word' id='word_1_74' title='bbox 192 1138 304 1179; x_wconf 77' lang='lat' dir='ltr'>fecit,</span> 
     </span>
    </p>

    <p class='ocr_par' dir='ltr' id='par_1_9' title="bbox 191 1193 1009 1358">
     <span class='ocr_line' id='line_1_18' title="bbox 245 1193 1009 1246; baseline 0 -12"><span class='ocrx_word' id='word_1_75' title='bbox 245 1193 480 1243; x_wconf 79' lang='lat' dir='ltr'>Confessio,</span> <span class='ocrx_word' id='word_1_76' title='bbox 500 1198 543 1235; x_wconf 88' lang='lat' dir='ltr'>et</span> <span class='ocrx_word' id='word_1_77' title='bbox 560 1193 837 1246; x_wconf 80' lang='lat' dir='ltr'>pulchritudo</span> <span class='ocrx_word' id='word_1_78' title='bbox 853 1194 896 1235; x_wconf 91' lang='lat' dir='ltr'>in</span> <span class='ocrx_word' id='word_1_79' title='bbox 911 1207 1009 1236; x_wconf 93' lang='lat' dir='ltr'>con-</span> 
     </span>
     <span class='ocr_line' id='line_1_19' title="bbox 194 1250 1008 1303; baseline 0 -12"><span class='ocrx_word' id='word_1_80' title='bbox 194 1251 348 1303; x_wconf 88' lang='lat' dir='ltr'>spectu</span> <span class='ocrx_word' id='word_1_81' title='bbox 376 1251 481 1302; x_wconf 88' lang='lat' dir='ltr'>ejus:</span> <span class='ocrx_word' id='word_1_82' title='bbox 500 1250 523 1276; x_wconf 90' lang='lat'>*</span> <span class='ocrx_word' id='word_1_83' title='bbox 543 1250 826 1291; x_wconf 89' lang='lat' dir='ltr'>sanctimonia</span> <span class='ocrx_word' id='word_1_84' title='bbox 854 1255 896 1291; x_wconf 92' lang='lat' dir='ltr'>et</span> <span class='ocrx_word' id='word_1_85' title='bbox 923 1263 1008 1291; x_wconf 92' lang='lat' dir='ltr'>ma-</span> 
     </span>
     <span class='ocr_line' id='line_1_20' title="bbox 191 1306 977 1358; baseline 0 -11"><span class='ocrx_word' id='word_1_86' title='bbox 191 1306 439 1357; x_wconf 90' lang='lat' dir='ltr'>gnificentia</span> <span class='ocrx_word' id='word_1_87' title='bbox 456 1306 500 1346; x_wconf 93' lang='lat' dir='ltr'>in</span> <span class='ocrx_word' id='word_1_88' title='bbox 519 1306 858 1348; x_wconf 90' lang='lat' dir='ltr'>sanctificatione</span> <span class='ocrx_word' id='word_1_89' title='bbox 877 1308 977 1358; x_wconf 90' lang='lat' dir='ltr'>ejus.</span> 
     </span>
    </p>

    <p class='ocr_par' dir='ltr' id='par_1_10' title="bbox 191 1361 1009 1582">
     <span class='ocr_line' id='line_1_21' title="bbox 244 1361 1009 1414; baseline 0.001 -12"><span class='ocrx_word' id='word_1_90' title='bbox 244 1361 410 1403; x_wconf 85' lang='lat' dir='ltr'>Afferte</span> <span class='ocrx_word' id='word_1_91' title='bbox 423 1362 612 1403; x_wconf 87' lang='lat' dir='ltr'>Domino</span> <span class='ocrx_word' id='word_1_92' title='bbox 629 1362 783 1414; x_wconf 82' lang='lat' dir='ltr'>patriae</span> <span class='ocrx_word' id='word_1_93' title='bbox 794 1362 1009 1411; x_wconf 88' lang='lat' dir='ltr'>Gentium,</span> 
     </span>
     <span class='ocr_line' id='line_1_22' title="bbox 193 1417 1008 1469; baseline 0 -10"><span class='ocrx_word' id='word_1_94' title='bbox 193 1417 343 1459; x_wconf 88' lang='lat' dir='ltr'>afferte</span> <span class='ocrx_word' id='word_1_95' title='bbox 369 1418 558 1459; x_wconf 91' lang='lat' dir='ltr'>Domino</span> <span class='ocrx_word' id='word_1_96' title='bbox 588 1418 770 1469; x_wconf 89' lang='lat' dir='ltr'>gloriam</span> <span class='ocrx_word' id='word_1_97' title='bbox 802 1423 844 1460; x_wconf 92' lang='lat' dir='ltr'>et</span> <span class='ocrx_word' id='word_1_98' title='bbox 874 1418 1008 1460; x_wconf 92' lang='lat' dir='ltr'>hono-</span> 
     </span>
     <span class='ocr_line' id='line_1_23' title="bbox 193 1474 1008 1526; baseline 0.001 -11"><span class='ocrx_word' id='word_1_99' title='bbox 193 1487 299 1516; x_wconf 92' lang='lat' dir='ltr'>rem:</span> <span class='ocrx_word' id='word_1_100' title='bbox 317 1474 341 1501; x_wconf 87' lang='lat'>*</span> <span class='ocrx_word' id='word_1_101' title='bbox 360 1474 510 1516; x_wconf 84' lang='lat' dir='ltr'>afferte</span> <span class='ocrx_word' id='word_1_102' title='bbox 527 1474 716 1516; x_wconf 87' lang='lat' dir='ltr'>Domino</span> <span class='ocrx_word' id='word_1_103' title='bbox 737 1474 919 1526; x_wconf 90' lang='lat' dir='ltr'>gloriam</span> <span class='ocrx_word' id='word_1_104' title='bbox 935 1477 1008 1516; x_wconf 93' lang='lat' dir='ltr'>no-</span> 
     </span>
     <span class='ocr_line' id='line_1_24' title="bbox 191 1530 415 1582; baseline 0 -11"><span class='ocrx_word' id='word_1_105' title='bbox 191 1530 297 1571; x_wconf 90' lang='lat' dir='ltr'>mini</span> <span class='ocrx_word' id='word_1_106' title='bbox 315 1532 415 1582; x_wconf 84' lang='lat' dir='ltr'>ejus.</span> 
     </span>
    </p>

    <p class='ocr_par' dir='ltr' id='par_1_11' title="bbox 192 1586 1010 1751">
     <span class='ocr_line' id='line_1_25' title="bbox 243 1586 1010 1636; baseline 0.001 -9"><span class='ocrx_word' id='word_1_107' title='bbox 243 1586 403 1628; x_wconf 88' lang='lat' dir='ltr'>Tollite</span> <span class='ocrx_word' id='word_1_108' title='bbox 412 1586 588 1636; x_wconf 80' lang='lat' dir='ltr'>hostiaS,</span> <span class='ocrx_word' id='word_1_109' title='bbox 607 1591 651 1628; x_wconf 89' lang='lat' dir='ltr'>et</span> <span class='ocrx_word' id='word_1_110' title='bbox 662 1587 838 1629; x_wconf 84' lang='lat' dir='ltr'>introite</span> <span class='ocrx_word' id='word_1_111' title='bbox 847 1587 891 1628; x_wconf 92' lang='lat' dir='ltr'>in</span> <span class='ocrx_word' id='word_1_112' title='bbox 902 1587 1010 1628; x_wconf 78' lang='lat' dir='ltr'>atria</span> 
     </span>
     <span class='ocr_line' id='line_1_26' title="bbox 193 1642 1008 1694; baseline 0.001 -10"><span class='ocrx_word' id='word_1_113' title='bbox 193 1643 297 1694; x_wconf 91' lang='lat' dir='ltr'>ejus:</span> <span class='ocrx_word' id='word_1_114' title='bbox 316 1642 340 1669; x_wconf 87' lang='lat'>*</span> <span class='ocrx_word' id='word_1_115' title='bbox 363 1642 543 1685; x_wconf 76' lang='lat' dir='ltr'>adorate</span> <span class='ocrx_word' id='word_1_116' title='bbox 569 1643 804 1685; x_wconf 84' lang='lat' dir='ltr'>Dominum</span> <span class='ocrx_word' id='word_1_117' title='bbox 827 1643 871 1684; x_wconf 91' lang='lat' dir='ltr'>in</span> <span class='ocrx_word' id='word_1_118' title='bbox 898 1643 1008 1685; x_wconf 76' lang='lat' dir='ltr'>atrio</span> 
     </span>
     <span class='ocr_line' id='line_1_27' title="bbox 192 1700 463 1751; baseline -0.004 -10"><span class='ocrx_word' id='word_1_119' title='bbox 192 1703 343 1741; x_wconf 89' lang='lat' dir='ltr'>sancto</span> <span class='ocrx_word' id='word_1_120' title='bbox 362 1700 463 1751; x_wconf 90' lang='lat' dir='ltr'>ejus.</span> 
     </span>
    </p>

    <p class='ocr_par' dir='ltr' id='par_1_12' title="bbox 192 1755 1008 1920">
     <span class='ocr_line' id='line_1_28' title="bbox 244 1755 1008 1807; baseline -0.001 -10"><span class='ocrx_word' id='word_1_121' title='bbox 244 1755 580 1797; x_wconf 81' lang='lat' dir='ltr'>Commoveatur</span> <span class='ocrx_word' id='word_1_122' title='bbox 611 1768 637 1797; x_wconf 90' lang='lat' dir='ltr'>a</span> <span class='ocrx_word' id='word_1_123' title='bbox 667 1755 776 1797; x_wconf 75' lang='lat' dir='ltr'>facie</span> <span class='ocrx_word' id='word_1_124' title='bbox 803 1756 893 1807; x_wconf 86' lang='lat' dir='ltr'>ejus</span> <span class='ocrx_word' id='word_1_125' title='bbox 920 1756 1008 1796; x_wconf 93' lang='lat' dir='ltr'>uni-</span> 
     </span>
     <span class='ocr_line' id='line_1_29' title="bbox 192 1811 1008 1854; baseline -0.002 0"><span class='ocrx_word' id='word_1_126' title='bbox 192 1813 317 1854; x_wconf 86' lang='lat' dir='ltr'>versa</span> <span class='ocrx_word' id='word_1_127' title='bbox 346 1816 482 1853; x_wconf 90' lang='lat' dir='ltr'>terra:</span> <span class='ocrx_word' id='word_1_128' title='bbox 508 1811 532 1838; x_wconf 89' lang='lat'>*</span> <span class='ocrx_word' id='word_1_129' title='bbox 559 1811 689 1854; x_wconf 88' lang='lat' dir='ltr'>dicite</span> <span class='ocrx_word' id='word_1_130' title='bbox 719 1812 765 1852; x_wconf 92' lang='lat' dir='ltr'>in</span> <span class='ocrx_word' id='word_1_131' title='bbox 797 1811 1008 1854; x_wconf 84' lang='lat' dir='ltr'>Gentibus</span> 
     </span>
     <span class='ocr_line' id='line_1_30' title="bbox 192 1868 748 1920; baseline -0.004 -10"><span class='ocrx_word' id='word_1_132' title='bbox 192 1868 292 1920; x_wconf 89' lang='lat' dir='ltr'>quia</span> <span class='ocrx_word' id='word_1_133' title='bbox 309 1868 524 1909; x_wconf 83' lang='lat' dir='ltr'>Dominus</span> <span class='ocrx_word' id='word_1_134' title='bbox 542 1868 748 1918; x_wconf 77' lang='lat' dir='ltr'>regnaVit.</span> 
     </span>
    </p>

    <p class='ocr_par' dir='ltr' id='par_1_13' title="bbox 189 1923 1008 2089">
     <span class='ocr_line' id='line_1_31' title="bbox 241 1923 1007 1966; baseline 0 -2"><span class='ocrx_word' id='word_1_135' title='bbox 241 1923 415 1966; x_wconf 87' lang='lat' dir='ltr'>Etenim</span> <span class='ocrx_word' id='word_1_136' title='bbox 455 1924 644 1965; x_wconf 82' lang='lat' dir='ltr'>correxit</span> <span class='ocrx_word' id='word_1_137' title='bbox 687 1923 839 1965; x_wconf 91' lang='lat' dir='ltr'>orbem</span> <span class='ocrx_word' id='word_1_138' title='bbox 878 1927 1007 1964; x_wconf 86' lang='lat' dir='ltr'>terrae</span> 
     </span>
     <span class='ocr_line' id='line_1_32' title="bbox 192 1978 1008 2032; baseline -0.001 -10"><span class='ocrx_word' id='word_1_139' title='bbox 192 1980 265 2032; x_wconf 91' lang='lat' dir='ltr'>qui</span> <span class='ocrx_word' id='word_1_140' title='bbox 281 1993 370 2022; x_wconf 92' lang='lat' dir='ltr'>non</span> <span class='ocrx_word' id='word_1_141' title='bbox 384 1979 742 2022; x_wconf 80' lang='lat' dir='ltr'>commovebitur:</span> <span class='ocrx_word' id='word_1_142' title='bbox 759 1980 783 2006; x_wconf 86' lang='lat'>*</span> <span class='ocrx_word' id='word_1_143' title='bbox 802 1978 1008 2031; x_wconf 82' lang='lat' dir='ltr'>judicabit</span> 
     </span>
     <span class='ocr_line' id='line_1_33' title="bbox 189 2036 676 2089; baseline -0.002 -11"><span class='ocrx_word' id='word_1_144' title='bbox 189 2036 379 2089; x_wconf 89' lang='lat' dir='ltr'>populos</span> <span class='ocrx_word' id='word_1_145' title='bbox 397 2037 441 2078; x_wconf 92' lang='lat' dir='ltr'>in</span> <span class='ocrx_word' id='word_1_146' title='bbox 459 2036 676 2088; x_wconf 78' lang='lat' dir='ltr'>aequitate.</span> 
     </span>
    </p>

    <p class='ocr_par' dir='ltr' id='par_1_14' title="bbox 191 2091 1007 2313">
     <span class='ocr_line' id='line_1_34' title="bbox 239 2091 1006 2142; baseline -0.004 -8"><span class='ocrx_word' id='word_1_147' title='bbox 239 2093 463 2134; x_wconf 89' lang='lat' dir='ltr'>Laetentur</span> <span class='ocrx_word' id='word_1_148' title='bbox 482 2091 597 2142; x_wconf 89' lang='lat' dir='ltr'>coeli,</span> <span class='ocrx_word' id='word_1_149' title='bbox 616 2096 659 2134; x_wconf 91' lang='lat' dir='ltr'>et</span> <span class='ocrx_word' id='word_1_150' title='bbox 677 2091 863 2134; x_wconf 81' lang='lat' dir='ltr'>exsultet</span> <span class='ocrx_word' id='word_1_151' title='bbox 880 2095 1006 2140; x_wconf 89' lang='lat' dir='ltr'>terra,</span> 
     </span>
     <span class='ocr_line' id='line_1_35' title="bbox 191 2146 1006 2200; baseline -0.002 -10"><span class='ocrx_word' id='word_1_152' title='bbox 191 2150 517 2191; x_wconf 65' lang='lat' dir='ltr'>commoveatur</span> <span class='ocrx_word' id='word_1_153' title='bbox 542 2161 678 2198; x_wconf 89' lang='lat' dir='ltr'>mare,</span> <span class='ocrx_word' id='word_1_154' title='bbox 710 2153 754 2190; x_wconf 90' lang='lat' dir='ltr'>et</span> <span class='ocrx_word' id='word_1_155' title='bbox 780 2146 1006 2200; x_wconf 84' lang='lat' dir='ltr'>plenitudo</span> 
     </span>
     <span class='ocr_line' id='line_1_36' title="bbox 192 2203 1007 2257; baseline -0.004 -11"><span class='ocrx_word' id='word_1_156' title='bbox 192 2205 295 2257; x_wconf 88' lang='lat' dir='ltr'>ejus:</span> <span class='ocrx_word' id='word_1_157' title='bbox 313 2205 337 2232; x_wconf 87' lang='lat'>*</span> <span class='ocrx_word' id='word_1_158' title='bbox 355 2204 606 2257; x_wconf 89' lang='lat' dir='ltr'>gaudebunt</span> <span class='ocrx_word' id='word_1_159' title='bbox 624 2204 780 2256; x_wconf 91' lang='lat' dir='ltr'>campi,</span> <span class='ocrx_word' id='word_1_160' title='bbox 800 2209 844 2246; x_wconf 91' lang='lat' dir='ltr'>et</span> <span class='ocrx_word' id='word_1_161' title='bbox 863 2203 1007 2245; x_wconf 91' lang='lat' dir='ltr'>omnia</span> 
     </span>
     <span class='ocr_line' id='line_1_37' title="bbox 193 2261 561 2313; baseline -0.003 -10"><span class='ocrx_word' id='word_1_162' title='bbox 193 2273 290 2313; x_wconf 88' lang='lat' dir='ltr'>quae</span> <span class='ocrx_word' id='word_1_163' title='bbox 308 2262 353 2302; x_wconf 91' lang='lat' dir='ltr'>in</span> <span class='ocrx_word' id='word_1_164' title='bbox 371 2261 432 2303; x_wconf 90' lang='lat' dir='ltr'>eis</span> <span class='ocrx_word' id='word_1_165' title='bbox 451 2266 561 2302; x_wconf 92' lang='lat' dir='ltr'>sunt.</span> 
     </span>
    </p>

    <p class='ocr_par' dir='ltr' id='par_1_15' title="bbox 192 2315 1007 2481">
     <span class='ocr_line' id='line_1_38' title="bbox 242 2315 1007 2366; baseline -0.004 -8"><span class='ocrx_word' id='word_1_166' title='bbox 242 2317 366 2359; x_wconf 91' lang='lat' dir='ltr'>Tunc</span> <span class='ocrx_word' id='word_1_167' title='bbox 401 2317 679 2359; x_wconf 80' lang='lat' dir='ltr'>exsultabunt</span> <span class='ocrx_word' id='word_1_168' title='bbox 715 2316 860 2358; x_wconf 91' lang='lat' dir='ltr'>omnia</span> <span class='ocrx_word' id='word_1_169' title='bbox 893 2315 1007 2366; x_wconf 91' lang='lat' dir='ltr'>ligna</span> 
     </span>
     <span class='ocr_line' id='line_1_39' title="bbox 192 2371 1006 2425; baseline -0.002 -11"><span class='ocrx_word' id='word_1_170' title='bbox 192 2372 396 2415; x_wconf 80' lang='lat' dir='ltr'>silvarum</span> <span class='ocrx_word' id='word_1_171' title='bbox 415 2386 440 2415; x_wconf 90' lang='lat' dir='ltr'>a</span> <span class='ocrx_word' id='word_1_172' title='bbox 457 2374 568 2415; x_wconf 82' lang='lat' dir='ltr'>facie</span> <span class='ocrx_word' id='word_1_173' title='bbox 585 2374 687 2423; x_wconf 77' lang='lat' dir='ltr'>Dfii,</span> <span class='ocrx_word' id='word_1_174' title='bbox 712 2373 812 2425; x_wconf 92' lang='lat' dir='ltr'>quia</span> <span class='ocrx_word' id='word_1_175' title='bbox 834 2372 964 2413; x_wconf 88' lang='lat' dir='ltr'>venit:</span> <span class='ocrx_word' id='word_1_176' title='bbox 983 2371 1006 2397; x_wconf 90' lang='lat'>*</span> 
     </span>
     <span class='ocr_line' id='line_1_40' title="bbox 193 2429 931 2481; baseline -0.001 -11"><span class='ocrx_word' id='word_1_177' title='bbox 193 2430 396 2481; x_wconf 77' lang='lat' dir='ltr'>queniam</span> <span class='ocrx_word' id='word_1_178' title='bbox 414 2430 534 2472; x_wconf 90' lang='lat' dir='ltr'>venit</span> <span class='ocrx_word' id='word_1_179' title='bbox 553 2429 743 2481; x_wconf 80' lang='lat' dir='ltr'>judicare</span> <span class='ocrx_word' id='word_1_180' title='bbox 761 2434 931 2471; x_wconf 91' lang='lat' dir='ltr'>terram.</span> 
     </span>
    </p>

    <p class='ocr_par' dir='ltr' id='par_1_16' title="bbox 191 2483 1005 2594">
     <span class='ocr_line' id='line_1_41' title="bbox 240 2483 1005 2536; baseline -0.003 -10"><span class='ocrx_word' id='word_1_181' title='bbox 240 2485 462 2527; x_wconf 77' lang='lat' dir='ltr'>Judicabit</span> <span class='ocrx_word' id='word_1_182' title='bbox 487 2485 639 2527; x_wconf 90' lang='lat' dir='ltr'>orbem</span> <span class='ocrx_word' id='word_1_183' title='bbox 662 2490 791 2527; x_wconf 82' lang='lat' dir='ltr'>terrae</span> <span class='ocrx_word' id='word_1_184' title='bbox 814 2485 858 2525; x_wconf 92' lang='lat' dir='ltr'>in</span> <span class='ocrx_word' id='word_1_185' title='bbox 877 2483 1005 2536; x_wconf 87' lang='lat' dir='ltr'>aequi-</span> 
     </span>
     <span class='ocr_line' id='line_1_42' title="bbox 191 2541 966 2594; baseline -0.003 -12"><span class='ocrx_word' id='word_1_186' title='bbox 191 2541 334 2591; x_wconf 81' lang='lat' dir='ltr'>tate,*</span> <span class='ocrx_word' id='word_1_187' title='bbox 352 2545 396 2583; x_wconf 92' lang='lat' dir='ltr'>et</span> <span class='ocrx_word' id='word_1_188' title='bbox 410 2541 628 2594; x_wconf 86' lang='lat' dir='ltr'>populos&#39;</span> <span class='ocrx_word' id='word_1_189' title='bbox 617 2555 661 2583; x_wconf 93' lang='lat' dir='ltr'>1n</span> <span class='ocrx_word' id='word_1_190' title='bbox 678 2541 860 2583; x_wconf 77' lang='lat' dir='ltr'>veritate</span> <span class='ocrx_word' id='word_1_191' title='bbox 879 2552 966 2580; x_wconf 89' lang='lat' dir='ltr'>sua.</span> 
     </span>
    </p>

    <p class='ocr_par' dir='ltr' id='par_1_17' title="bbox 190 2593 1005 2761">
     <span class='ocr_line' id='line_1_43' title="bbox 246 2593 1004 2648; baseline 0.003 -15"><span class='ocrx_word' id='word_1_192' title='bbox 246 2593 343 2634; x_wconf 89' lang='lat' dir='ltr'>Ant</span> <span class='ocrx_word' id='word_1_193' title='bbox 363 2594 654 2639; x_wconf 89' lang='lat' dir='ltr'>Sanctimonia</span> <span class='ocrx_word' id='word_1_194' title='bbox 673 2602 715 2639; x_wconf 91' lang='lat' dir='ltr'>et</span> <span class='ocrx_word' id='word_1_195' title='bbox 732 2596 1004 2648; x_wconf 90' lang='lat' dir='ltr'>magnificen-</span> 
     </span>
     <span class='ocr_line' id='line_1_44' title="bbox 190 2652 1005 2706; baseline -0.002 -13"><span class='ocrx_word' id='word_1_196' title='bbox 190 2653 278 2694; x_wconf 91' lang='lat' dir='ltr'>tia&#39;</span> <span class='ocrx_word' id='word_1_197' title='bbox 266 2666 310 2693; x_wconf 92' lang='lat' dir='ltr'>1n</span> <span class='ocrx_word' id='word_1_198' title='bbox 324 2652 618 2706; x_wconf 89' lang='lat' dir='ltr'>Conceptione</span> <span class='ocrx_word' id='word_1_199' title='bbox 633 2654 737 2705; x_wconf 81' lang='lat' dir='ltr'>ejus3</span> <span class='ocrx_word' id='word_1_200' title='bbox 757 2652 1005 2694; x_wconf 80' lang='lat' dir='ltr'>annuntiate</span> 
     </span>
     <span class='ocr_line' id='line_1_45' title="bbox 190 2708 961 2761; baseline -0.001 -12"><span class='ocrx_word' id='word_1_201' title='bbox 190 2709 234 2749; x_wconf 90' lang='lat' dir='ltr'>in</span> <span class='ocrx_word' id='word_1_202' title='bbox 253 2708 453 2751; x_wconf 90' lang='lat' dir='ltr'>omnibus</span> <span class='ocrx_word' id='word_1_203' title='bbox 471 2709 644 2761; x_wconf 87' lang='lat' dir='ltr'>populis</span> <span class='ocrx_word' id='word_1_204' title='bbox 661 2709 842 2761; x_wconf 83' lang='lat' dir='ltr'>gloriam</span> <span class='ocrx_word' id='word_1_205' title='bbox 862 2709 961 2760; x_wconf 92' lang='lat' dir='ltr'>ejus</span> 
     </span>
    </p>
   </div>
   <div class='ocr_carea' id='block_1_4' title="bbox 1809 203 1876 238">
    <p class='ocr_par' dir='ltr' id='par_1_18' title="bbox 1809 203 1876 238">
     <span class='ocr_line' id='line_1_46' title="bbox 1809 203 1876 238; baseline 0 0"><span class='ocrx_word' id='word_1_206' title='bbox 1809 203 1876 238; x_wconf 88' lang='lat'>383</span> 
     </span>
    </p>
   </div>
   <div class='ocr_carea' id='block_1_5' title="bbox 1055 298 1877 2758">
    <p class='ocr_par' dir='ltr' id='par_1_19' title="bbox 1059 298 1874 462">
     <span class='ocr_line' id='line_1_47' title="bbox 1116 298 1872 341; baseline -0.001 -1"><span class='ocrx_word' id='word_1_207' title='bbox 1116 302 1213 340; x_wconf 87' lang='lat' dir='ltr'>Ant.</span> <span class='ocrx_word' id='word_1_208' title='bbox 1243 298 1471 339; x_wconf 82' lang='lat' dir='ltr'>Laetamini</span> <span class='ocrx_word' id='word_1_209' title='bbox 1499 311 1647 341; x_wconf 90' lang='lat' dir='ltr'>omnes</span> <span class='ocrx_word' id='word_1_210' title='bbox 1674 301 1697 326; x_wconf 89' lang='lat'>*</span> <span class='ocrx_word' id='word_1_211' title='bbox 1717 300 1759 340; x_wconf 91' lang='lat' dir='ltr'>in</span> <span class='ocrx_word' id='word_1_212' title='bbox 1786 299 1872 339; x_wconf 94' lang='lat' dir='ltr'>Do-</span> 
     </span>
     <span class='ocr_line' id='line_1_48' title="bbox 1059 353 1874 397; baseline 0.001 -3"><span class='ocrx_word' id='word_1_213' title='bbox 1059 353 1191 395; x_wconf 91' lang='lat' dir='ltr'>mino:</span> <span class='ocrx_word' id='word_1_214' title='bbox 1211 358 1255 396; x_wconf 92' lang='lat' dir='ltr'>et</span> <span class='ocrx_word' id='word_1_215' title='bbox 1270 354 1534 396; x_wconf 86' lang='lat' dir='ltr'>confitemini</span> <span class='ocrx_word' id='word_1_216' title='bbox 1547 356 1766 397; x_wconf 89' lang='lat' dir='ltr'>memoriae</span> <span class='ocrx_word' id='word_1_217' title='bbox 1782 367 1874 396; x_wconf 85' lang='lat' dir='ltr'>san-</span> 
     </span>
     <span class='ocr_line' id='line_1_49' title="bbox 1062 410 1341 462; baseline -0.004 -10"><span class='ocrx_word' id='word_1_218' title='bbox 1062 410 1221 452; x_wconf 80' lang='lat' dir='ltr'>ctitatis</span> <span class='ocrx_word' id='word_1_219' title='bbox 1240 411 1341 462; x_wconf 85' lang='lat' dir='ltr'>ejus.</span> 
     </span>
    </p>

    <p class='ocr_par' dir='ltr' id='par_1_20' title="bbox 1064 468 1874 626">
     <span class='ocr_line' id='line_1_50' title="bbox 1330 468 1617 509; baseline 0.003 -1"><span class='ocrx_word' id='word_1_220' title='bbox 1330 468 1524 509; x_wconf 79' lang='lat' dir='ltr'>Psalmus</span> <span class='ocrx_word' id='word_1_221' title='bbox 1552 471 1617 509; x_wconf 83' lang='lat'>96.</span> 
     </span>
     <span class='ocr_line' id='line_1_51' title="bbox 1064 520 1874 626; baseline 0.005 -64"><span class='ocrx_word' id='word_1_222' title='bbox 1064 520 1316 626; x_wconf 84' lang='lat' dir='ltr'>Dominus</span> <span class='ocrx_word' id='word_1_223' title='bbox 1344 523 1554 573; x_wconf 80' lang='lat' dir='ltr'>regnavit,</span> <span class='ocrx_word' id='word_1_224' title='bbox 1582 524 1768 566; x_wconf 78' lang='lat' dir='ltr'>exsultet</span> <span class='ocrx_word' id='word_1_225' title='bbox 1792 530 1874 566; x_wconf 90' lang='lat' dir='ltr'>ter-</span> 
     </span>
     <span class='ocr_line' id='line_1_52' title="bbox 1168 578 1838 622; baseline 0.001 -3"><span class='ocrx_word' id='word_1_226' title='bbox 1168 591 1231 619; x_wconf 90' lang='lat' dir='ltr'>ra:</span> <span class='ocrx_word' id='word_1_227' title='bbox 1250 579 1273 604; x_wconf 88' lang='lat'>*</span> <span class='ocrx_word' id='word_1_228' title='bbox 1292 578 1492 620; x_wconf 84' lang='lat' dir='ltr'>laetentur</span> <span class='ocrx_word' id='word_1_229' title='bbox 1510 580 1662 621; x_wconf 86' lang='lat' dir='ltr'>insulae</span> <span class='ocrx_word' id='word_1_230' title='bbox 1680 581 1838 622; x_wconf 89' lang='lat' dir='ltr'>multae.</span> 
     </span>
    </p>

    <p class='ocr_par' dir='ltr' id='par_1_21' title="bbox 1061 635 1876 789">
     <span class='ocr_line' id='line_1_53' title="bbox 1112 635 1876 689; baseline 0.001 -13"><span class='ocrx_word' id='word_1_231' title='bbox 1112 635 1273 685; x_wconf 86' lang='lat' dir='ltr'>Nubes,</span> <span class='ocrx_word' id='word_1_232' title='bbox 1289 640 1332 676; x_wconf 93' lang='lat' dir='ltr'>et</span> <span class='ocrx_word' id='word_1_233' title='bbox 1351 635 1489 685; x_wconf 83' lang='lat' dir='ltr'>caligo</span> <span class='ocrx_word' id='word_1_234' title='bbox 1507 636 1552 676; x_wconf 92' lang='lat' dir='ltr'>in</span> <span class='ocrx_word' id='word_1_235' title='bbox 1572 637 1753 678; x_wconf 79' lang='lat' dir='ltr'>circuitu</span> <span class='ocrx_word' id='word_1_236' title='bbox 1771 638 1876 689; x_wconf 89' lang='lat' dir='ltr'>ejus:</span> 
     </span>
     <span class='ocr_line' id='line_1_54' title="bbox 1061 690 1875 789; baseline 0.002 -57"><span class='ocrx_word' id='word_1_237' title='bbox 1061 691 1278 789; x_wconf 45' lang='lat' dir='ltr'>:liiustitim</span> <span class='ocrx_word' id='word_1_238' title='bbox 1297 696 1341 733; x_wconf 91' lang='lat' dir='ltr'>et</span> <span class='ocrx_word' id='word_1_239' title='bbox 1362 690 1564 742; x_wconf 84' lang='lat' dir='ltr'>judicium</span> <span class='ocrx_word' id='word_1_240' title='bbox 1583 693 1793 734; x_wconf 87' lang='lat' dir='ltr'>correctio</span> <span class='ocrx_word' id='word_1_241' title='bbox 1813 706 1875 734; x_wconf 90' lang='lat' dir='ltr'>se-</span> 
     </span>
    </p>

    <p class='ocr_par' dir='ltr' id='par_1_22' title="bbox 1109 760 1248 799">
     <span class='ocr_line' id='line_1_55' title="bbox 1109 760 1248 799; baseline 0 -11"><span class='ocrx_word' id='word_1_242' title='bbox 1109 760 1129 788; x_wconf 95' lang='lat' dir='ltr'>s</span> <span class='ocrx_word' id='word_1_243' title='bbox 1149 760 1248 799; x_wconf 75' lang='lat' dir='ltr'>ejus.</span> 
     </span>
    </p>

    <p class='ocr_par' dir='ltr' id='par_1_23' title="bbox 1062 803 1877 913">
     <span class='ocr_line' id='line_1_56' title="bbox 1112 803 1877 855; baseline 0.004 -11"><span class='ocrx_word' id='word_1_244' title='bbox 1112 804 1229 854; x_wconf 85' lang='lat' dir='ltr'>Ignis</span> <span class='ocrx_word' id='word_1_245' title='bbox 1257 808 1356 844; x_wconf 88' lang='lat' dir='ltr'>ante</span> <span class='ocrx_word' id='word_1_246' title='bbox 1383 803 1525 855; x_wconf 92' lang='lat' dir='ltr'>ipsum</span> <span class='ocrx_word' id='word_1_247' title='bbox 1543 804 1772 855; x_wconf 75' lang='lat' dir='ltr'>praecedet,</span> <span class='ocrx_word' id='word_1_248' title='bbox 1791 805 1814 830; x_wconf 90' lang='lat'>*</span> <span class='ocrx_word' id='word_1_249' title='bbox 1834 810 1877 846; x_wconf 87' lang='lat' dir='ltr'>et</span> 
     </span>
     <span class='ocr_line' id='line_1_57' title="bbox 1062 859 1877 913; baseline 0.002 -13"><span class='ocrx_word' id='word_1_250' title='bbox 1062 859 1300 900; x_wconf 79' lang='lat' dir='ltr'>inflamabit</span> <span class='ocrx_word' id='word_1_251' title='bbox 1313 859 1357 899; x_wconf 93' lang='lat' dir='ltr'>in</span> <span class='ocrx_word' id='word_1_252' title='bbox 1371 859 1553 900; x_wconf 76' lang='lat' dir='ltr'>circuitu</span> <span class='ocrx_word' id='word_1_253' title='bbox 1566 860 1761 902; x_wconf 88' lang='lat' dir='ltr'>inimicos</span> <span class='ocrx_word' id='word_1_254' title='bbox 1776 862 1877 913; x_wconf 89' lang='lat' dir='ltr'>ejus.</span> 
     </span>
    </p>

    <p class='ocr_par' dir='ltr' id='par_1_24' title="bbox 1061 915 1876 1021">
     <span class='ocr_line' id='line_1_58' title="bbox 1113 915 1876 967; baseline 0.003 -11"><span class='ocrx_word' id='word_1_255' title='bbox 1113 915 1353 957; x_wconf 82' lang='lat' dir='ltr'>Illuxerunt</span> <span class='ocrx_word' id='word_1_256' title='bbox 1375 916 1544 966; x_wconf 78' lang='lat' dir='ltr'>fulgura</span> <span class='ocrx_word' id='word_1_257' title='bbox 1567 917 1656 967; x_wconf 89' lang='lat' dir='ltr'>ejus</span> <span class='ocrx_word' id='word_1_258' title='bbox 1681 917 1776 958; x_wconf 92' lang='lat' dir='ltr'>orbi</span> <span class='ocrx_word' id='word_1_259' title='bbox 1795 922 1876 958; x_wconf 93' lang='lat' dir='ltr'>ter-</span> 
     </span>
     <span class='ocr_line' id='line_1_59' title="bbox 1061 970 1876 1021; baseline 0.002 -9"><span class='ocrx_word' id='word_1_260' title='bbox 1061 984 1138 1013; x_wconf 86' lang='lat' dir='ltr'>rae:</span> <span class='ocrx_word' id='word_1_261' title='bbox 1162 972 1186 997; x_wconf 91' lang='lat'>*</span> <span class='ocrx_word' id='word_1_262' title='bbox 1208 970 1326 1021; x_wconf 83' lang='lat' dir='ltr'>vidit,</span> <span class='ocrx_word' id='word_1_263' title='bbox 1355 976 1398 1012; x_wconf 94' lang='lat' dir='ltr'>et</span> <span class='ocrx_word' id='word_1_264' title='bbox 1423 974 1638 1013; x_wconf 89' lang='lat' dir='ltr'>commota</span> <span class='ocrx_word' id='word_1_265' title='bbox 1662 977 1729 1014; x_wconf 88' lang='lat' dir='ltr'>est</span> <span class='ocrx_word' id='word_1_266' title='bbox 1751 978 1876 1014; x_wconf 90' lang='lat' dir='ltr'>terra.</span> 
     </span>
    </p>

    <p class='ocr_par' dir='ltr' id='par_1_25' title="bbox 1061 1028 1877 1180">
     <span class='ocr_line' id='line_1_60' title="bbox 1112 1028 1877 1077; baseline 0.003 -9"><span class='ocrx_word' id='word_1_267' title='bbox 1112 1028 1299 1077; x_wconf 93' lang='lat' dir='ltr'>Montes,</span> <span class='ocrx_word' id='word_1_268' title='bbox 1331 1028 1442 1069; x_wconf 91' lang='lat' dir='ltr'>sicut</span> <span class='ocrx_word' id='word_1_269' title='bbox 1475 1041 1574 1069; x_wconf 88' lang='lat' dir='ltr'>cera</span> <span class='ocrx_word' id='word_1_270' title='bbox 1604 1029 1819 1070; x_wconf 86' lang='lat' dir='ltr'>fluxerunt</span> <span class='ocrx_word' id='word_1_271' title='bbox 1852 1043 1877 1070; x_wconf 92' lang='lat' dir='ltr'>a</span> 
     </span>
     <span class='ocr_line' id='line_1_61' title="bbox 1061 1083 1876 1126; baseline 0 -1"><span class='ocrx_word' id='word_1_272' title='bbox 1061 1084 1170 1125; x_wconf 77' lang='lat' dir='ltr'>facie</span> <span class='ocrx_word' id='word_1_273' title='bbox 1205 1083 1399 1124; x_wconf 82' lang='lat' dir='ltr'>Domini:</span> <span class='ocrx_word' id='word_1_274' title='bbox 1439 1083 1462 1110; x_wconf 91' lang='lat'>*</span> <span class='ocrx_word' id='word_1_275' title='bbox 1498 1097 1523 1125; x_wconf 92' lang='lat' dir='ltr'>a</span> <span class='ocrx_word' id='word_1_276' title='bbox 1558 1084 1667 1126; x_wconf 79' lang='lat' dir='ltr'>facie</span> <span class='ocrx_word' id='word_1_277' title='bbox 1702 1085 1876 1126; x_wconf 90' lang='lat' dir='ltr'>Domini</span> 
     </span>
     <span class='ocr_line' id='line_1_62' title="bbox 1062 1139 1352 1180; baseline -0.003 0"><span class='ocrx_word' id='word_1_278' title='bbox 1062 1139 1200 1180; x_wconf 89' lang='lat' dir='ltr'>omnis</span> <span class='ocrx_word' id='word_1_279' title='bbox 1227 1144 1352 1180; x_wconf 87' lang='lat' dir='ltr'>terra.</span> 
     </span>
    </p>

    <p class='ocr_par' dir='ltr' id='par_1_26' title="bbox 1061 1195 1876 1359">
     <span class='ocr_line' id='line_1_63' title="bbox 1113 1195 1876 1247; baseline 0.004 -12"><span class='ocrx_word' id='word_1_280' title='bbox 1113 1195 1488 1236; x_wconf 90' lang='lat' dir='ltr'>Annuntiaverunt</span> <span class='ocrx_word' id='word_1_281' title='bbox 1532 1195 1631 1236; x_wconf 89' lang='lat' dir='ltr'>coeli</span> <span class='ocrx_word' id='word_1_282' title='bbox 1672 1197 1876 1247; x_wconf 88' lang='lat' dir='ltr'>justitiam</span> 
     </span>
     <span class='ocr_line' id='line_1_64' title="bbox 1062 1250 1876 1305; baseline 0.002 -14"><span class='ocrx_word' id='word_1_283' title='bbox 1062 1252 1170 1303; x_wconf 89' lang='lat' dir='ltr'>ejus:</span> <span class='ocrx_word' id='word_1_284' title='bbox 1197 1252 1220 1277; x_wconf 91' lang='lat'>*</span> <span class='ocrx_word' id='word_1_285' title='bbox 1250 1256 1293 1292; x_wconf 92' lang='lat' dir='ltr'>et</span> <span class='ocrx_word' id='word_1_286' title='bbox 1320 1250 1519 1292; x_wconf 86' lang='lat' dir='ltr'>viderunt</span> <span class='ocrx_word' id='word_1_287' title='bbox 1547 1263 1696 1293; x_wconf 89' lang='lat' dir='ltr'>omnes</span> <span class='ocrx_word' id='word_1_288' title='bbox 1724 1252 1876 1305; x_wconf 90' lang='lat' dir='ltr'>populi</span> 
     </span>
     <span class='ocr_line' id='line_1_65' title="bbox 1061 1307 1369 1359; baseline -0.006 -10"><span class='ocrx_word' id='word_1_289' title='bbox 1061 1307 1241 1358; x_wconf 87' lang='lat' dir='ltr'>gloriam</span> <span class='ocrx_word' id='word_1_290' title='bbox 1269 1308 1369 1359; x_wconf 91' lang='lat' dir='ltr'>ejus.</span> 
     </span>
    </p>

    <p class='ocr_par' dir='ltr' id='par_1_27' title="bbox 1060 1362 1875 1517">
     <span class='ocr_line' id='line_1_66' title="bbox 1114 1362 1875 1415; baseline 0.003 -11"><span class='ocrx_word' id='word_1_291' title='bbox 1114 1362 1442 1404; x_wconf 79' lang='lat' dir='ltr'>Confundantur</span> <span class='ocrx_word' id='word_1_292' title='bbox 1481 1375 1649 1413; x_wconf 89' lang='lat' dir='ltr'>omnes,</span> <span class='ocrx_word' id='word_1_293' title='bbox 1691 1365 1763 1415; x_wconf 93' lang='lat' dir='ltr'>qui</span> <span class='ocrx_word' id='word_1_294' title='bbox 1803 1364 1875 1406; x_wconf 90' lang='lat' dir='ltr'>ad-</span> 
     </span>
     <span class='ocr_line' id='line_1_67' title="bbox 1061 1419 1875 1471; baseline 0.001 -11"><span class='ocrx_word' id='word_1_295' title='bbox 1061 1421 1187 1460; x_wconf 91' lang='lat' dir='ltr'>orant</span> <span class='ocrx_word' id='word_1_296' title='bbox 1214 1419 1445 1471; x_wconf 85' lang='lat' dir='ltr'>sculptilia:</span> <span class='ocrx_word' id='word_1_297' title='bbox 1472 1420 1495 1446; x_wconf 87' lang='grc'><em>*</em></span> <span class='ocrx_word' id='word_1_298' title='bbox 1523 1424 1567 1460; x_wconf 90' lang='lat' dir='ltr'>et</span> <span class='ocrx_word' id='word_1_299' title='bbox 1596 1419 1668 1471; x_wconf 90' lang='lat' dir='ltr'>qui</span> <span class='ocrx_word' id='word_1_300' title='bbox 1693 1420 1875 1471; x_wconf 79' lang='lat' dir='ltr'>glorian-</span> 
     </span>
     <span class='ocr_line' id='line_1_68' title="bbox 1060 1475 1570 1517; baseline -0.002 0"><span class='ocrx_word' id='word_1_301' title='bbox 1060 1481 1130 1517; x_wconf 92' lang='lat' dir='ltr'>tur</span> <span class='ocrx_word' id='word_1_302' title='bbox 1147 1476 1191 1516; x_wconf 94' lang='lat' dir='ltr'>in</span> <span class='ocrx_word' id='word_1_303' title='bbox 1211 1475 1448 1517; x_wconf 77' lang='lat' dir='ltr'>simulacris</span> <span class='ocrx_word' id='word_1_304' title='bbox 1472 1475 1570 1516; x_wconf 92' lang='lat' dir='ltr'>suis.</span> 
     </span>
    </p>

    <p class='ocr_par' dir='ltr' id='par_1_28' title="bbox 1061 1531 1876 1637">
     <span class='ocr_line' id='line_1_69' title="bbox 1111 1531 1876 1585; baseline 0 -13"><span class='ocrx_word' id='word_1_305' title='bbox 1111 1531 1307 1573; x_wconf 81' lang='lat' dir='ltr'>Adorate</span> <span class='ocrx_word' id='word_1_306' title='bbox 1322 1544 1421 1572; x_wconf 89' lang='lat' dir='ltr'>eum</span> <span class='ocrx_word' id='word_1_307' title='bbox 1437 1544 1587 1573; x_wconf 91' lang='lat' dir='ltr'>omnes</span> <span class='ocrx_word' id='word_1_308' title='bbox 1600 1531 1756 1582; x_wconf 89' lang='lat' dir='ltr'>Angeli</span> <span class='ocrx_word' id='word_1_309' title='bbox 1771 1534 1876 1585; x_wconf 90' lang='lat' dir='ltr'>ejus:</span> 
     </span>
     <span class='ocr_line' id='line_1_70' title="bbox 1061 1587 1723 1637; baseline 0 -9"><span class='ocrx_word' id='word_1_310' title='bbox 1061 1588 1084 1614; x_wconf 89' lang='lat'>*</span> <span class='ocrx_word' id='word_1_311' title='bbox 1104 1587 1277 1637; x_wconf 86' lang='lat' dir='ltr'>audivit,</span> <span class='ocrx_word' id='word_1_312' title='bbox 1298 1593 1341 1629; x_wconf 92' lang='lat' dir='ltr'>et</span> <span class='ocrx_word' id='word_1_313' title='bbox 1359 1587 1507 1629; x_wconf 79' lang='lat' dir='ltr'>laetata</span> <span class='ocrx_word' id='word_1_314' title='bbox 1525 1593 1591 1629; x_wconf 91' lang='lat' dir='ltr'>est</span> <span class='ocrx_word' id='word_1_315' title='bbox 1610 1587 1723 1628; x_wconf 91' lang='lat' dir='ltr'>Sion.</span> 
     </span>
    </p>

    <p class='ocr_par' dir='ltr' id='par_1_29' title="bbox 1059 1643 1875 1752">
     <span class='ocr_line' id='line_1_71' title="bbox 1111 1643 1875 1693; baseline 0.003 -10"><span class='ocrx_word' id='word_1_316' title='bbox 1111 1643 1167 1685; x_wconf 90' lang='lat' dir='ltr'>Et</span> <span class='ocrx_word' id='word_1_317' title='bbox 1195 1643 1517 1685; x_wconf 83' lang='lat' dir='ltr'>exsultaverunt</span> <span class='ocrx_word' id='word_1_318' title='bbox 1550 1643 1651 1684; x_wconf 88' lang='lat' dir='ltr'>filiae</span> <span class='ocrx_word' id='word_1_319' title='bbox 1684 1643 1825 1693; x_wconf 88' lang='lat' dir='ltr'>Judae,</span> <span class='ocrx_word' id='word_1_320' title='bbox 1852 1646 1875 1670; x_wconf 89' lang='lat'>*</span> 
     </span>
     <span class='ocr_line' id='line_1_72' title="bbox 1059 1698 1724 1752; baseline -0.002 -12"><span class='ocrx_word' id='word_1_321' title='bbox 1059 1705 1241 1752; x_wconf 89' lang='lat' dir='ltr'>propter</span> <span class='ocrx_word' id='word_1_322' title='bbox 1258 1698 1414 1751; x_wconf 83' lang='lat' dir='ltr'>judicia</span> <span class='ocrx_word' id='word_1_323' title='bbox 1431 1705 1506 1740; x_wconf 90' lang='lat' dir='ltr'>tua</span> <span class='ocrx_word' id='word_1_324' title='bbox 1524 1700 1724 1740; x_wconf 90' lang='lat' dir='ltr'>Domine:</span> 
     </span>
    </p>

    <p class='ocr_par' dir='ltr' id='par_1_30' title="bbox 1061 1755 1875 1919">
     <span class='ocr_line' id='line_1_73' title="bbox 1113 1755 1875 1805; baseline -0.001 -9"><span class='ocrx_word' id='word_1_325' title='bbox 1113 1755 1325 1805; x_wconf 89' lang='lat' dir='ltr'>Quoniam</span> <span class='ocrx_word' id='word_1_326' title='bbox 1342 1760 1389 1796; x_wconf 91' lang='lat' dir='ltr'>tu</span> <span class='ocrx_word' id='word_1_327' title='bbox 1402 1755 1614 1796; x_wconf 88' lang='lat' dir='ltr'>Dominus</span> <span class='ocrx_word' id='word_1_328' title='bbox 1628 1755 1875 1796; x_wconf 87' lang='lat' dir='ltr'>Altissimus</span> 
     </span>
     <span class='ocr_line' id='line_1_74' title="bbox 1062 1811 1874 1863; baseline -0.001 -11"><span class='ocrx_word' id='word_1_329' title='bbox 1062 1823 1192 1863; x_wconf 92' lang='lat' dir='ltr'>super</span> <span class='ocrx_word' id='word_1_330' title='bbox 1218 1823 1389 1852; x_wconf 89' lang='lat' dir='ltr'>omnem</span> <span class='ocrx_word' id='word_1_331' title='bbox 1412 1816 1586 1852; x_wconf 89' lang='lat' dir='ltr'>terram:</span> <span class='ocrx_word' id='word_1_332' title='bbox 1610 1812 1633 1837; x_wconf 90' lang='lat'>*</span> <span class='ocrx_word' id='word_1_333' title='bbox 1657 1811 1781 1851; x_wconf 90' lang='lat' dir='ltr'>nimis</span> <span class='ocrx_word' id='word_1_334' title='bbox 1806 1823 1874 1851; x_wconf 86' lang='lat' dir='ltr'>ex-</span> 
     </span>
     <span class='ocr_line' id='line_1_75' title="bbox 1061 1866 1743 1919; baseline -0.001 -11"><span class='ocrx_word' id='word_1_335' title='bbox 1061 1867 1219 1908; x_wconf 78' lang='lat' dir='ltr'>altatus</span> <span class='ocrx_word' id='word_1_336' title='bbox 1238 1880 1284 1907; x_wconf 90' lang='lat' dir='ltr'>es</span> <span class='ocrx_word' id='word_1_337' title='bbox 1304 1879 1435 1919; x_wconf 86' lang='lat' dir='ltr'>super</span> <span class='ocrx_word' id='word_1_338' title='bbox 1455 1879 1604 1908; x_wconf 89' lang='lat' dir='ltr'>omnes</span> <span class='ocrx_word' id='word_1_339' title='bbox 1625 1866 1743 1908; x_wconf 86' lang='lat' dir='ltr'>deos.</span> 
     </span>
    </p>

    <p class='ocr_par' dir='ltr' id='par_1_31' title="bbox 1058 1921 1874 2133">
     <span class='ocr_line' id='line_1_76' title="bbox 1112 1921 1874 1973; baseline 0.001 -9"><span class='ocrx_word' id='word_1_340' title='bbox 1112 1923 1194 1973; x_wconf 92' lang='lat' dir='ltr'>Qui</span> <span class='ocrx_word' id='word_1_341' title='bbox 1208 1921 1383 1973; x_wconf 85' lang='lat' dir='ltr'>diligitis</span> <span class='ocrx_word' id='word_1_342' title='bbox 1397 1923 1640 1973; x_wconf 88' lang='lat' dir='ltr'>Dominum,</span> <span class='ocrx_word' id='word_1_343' title='bbox 1655 1922 1773 1964; x_wconf 84' lang='lat' dir='ltr'>odite</span> <span class='ocrx_word' id='word_1_344' title='bbox 1789 1937 1874 1965; x_wconf 89' lang='lat' dir='ltr'>ma-</span> 
     </span>
     <span class='ocr_line' id='line_1_77' title="bbox 1058 1978 1874 2020; baseline 0 0"><span class='ocrx_word' id='word_1_345' title='bbox 1058 1979 1163 2020; x_wconf 92' lang='lat' dir='ltr'>lum:</span> <span class='ocrx_word' id='word_1_346' title='bbox 1190 1980 1213 2004; x_wconf 88' lang='grc'>*</span> <span class='ocrx_word' id='word_1_347' title='bbox 1246 1978 1435 2020; x_wconf 90' lang='lat' dir='ltr'>custodit</span> <span class='ocrx_word' id='word_1_348' title='bbox 1467 1979 1678 2020; x_wconf 91' lang='lat' dir='ltr'>Dominus</span> <span class='ocrx_word' id='word_1_349' title='bbox 1712 1979 1874 2020; x_wconf 81' lang='lat' dir='ltr'>animas</span> 
     </span>
     <span class='ocr_line' id='line_1_78' title="bbox 1059 2034 1873 2087; baseline 0.001 -12"><span class='ocrx_word' id='word_1_350' title='bbox 1059 2037 1306 2076; x_wconf 86' lang='lat' dir='ltr'>sanctorum</span> <span class='ocrx_word' id='word_1_351' title='bbox 1330 2037 1516 2085; x_wconf 91' lang='lat' dir='ltr'>suorum,</span> <span class='ocrx_word' id='word_1_352' title='bbox 1542 2034 1596 2076; x_wconf 92' lang='lat' dir='ltr'>de</span> <span class='ocrx_word' id='word_1_353' title='bbox 1623 2048 1752 2076; x_wconf 93' lang='lat' dir='ltr'>manu</span> <span class='ocrx_word' id='word_1_354' title='bbox 1776 2048 1873 2087; x_wconf 89' lang='lat' dir='ltr'>pec-</span> 
     </span>
     <span class='ocr_line' id='line_1_79' title="bbox 1058 2090 1539 2133; baseline 0 -1"><span class='ocrx_word' id='word_1_355' title='bbox 1058 2091 1216 2133; x_wconf 90' lang='lat' dir='ltr'>catoris</span> <span class='ocrx_word' id='word_1_356' title='bbox 1233 2090 1434 2132; x_wconf 78' lang='lat' dir='ltr'>liberabit</span> <span class='ocrx_word' id='word_1_357' title='bbox 1453 2103 1539 2132; x_wconf 89' lang='lat' dir='ltr'>eos.</span> 
     </span>
    </p>

    <p class='ocr_par' dir='ltr' id='par_1_32' title="bbox 1058 2147 1873 2244">
     <span class='ocr_line' id='line_1_80' title="bbox 1107 2147 1873 2198; baseline 0 -11"><span class='ocrx_word' id='word_1_358' title='bbox 1107 2147 1203 2187; x_wconf 82' lang='lat' dir='ltr'>Lux</span> <span class='ocrx_word' id='word_1_359' title='bbox 1231 2151 1326 2188; x_wconf 89' lang='lat' dir='ltr'>orta</span> <span class='ocrx_word' id='word_1_360' title='bbox 1358 2151 1424 2188; x_wconf 90' lang='lat' dir='ltr'>est</span> <span class='ocrx_word' id='word_1_361' title='bbox 1456 2147 1587 2198; x_wconf 88' lang='lat' dir='ltr'>justo,</span> <span class='ocrx_word' id='word_1_362' title='bbox 1619 2148 1643 2173; x_wconf 85' lang='grc'>*</span> <span class='ocrx_word' id='word_1_363' title='bbox 1671 2152 1714 2188; x_wconf 93' lang='lat' dir='ltr'>et</span> <span class='ocrx_word' id='word_1_364' title='bbox 1745 2147 1873 2189; x_wconf 89' lang='lat' dir='ltr'>rectis</span> 
     </span>
     <span class='ocr_line' id='line_1_81' title="bbox 1058 2202 1376 2244; baseline -0.006 0"><span class='ocrx_word' id='word_1_365' title='bbox 1058 2202 1190 2244; x_wconf 94' lang='lat' dir='ltr'>corde</span> <span class='ocrx_word' id='word_1_366' title='bbox 1216 2202 1376 2244; x_wconf 82' lang='lat' dir='ltr'>laetitia.</span> 
     </span>
    </p>

    <p class='ocr_par' dir='ltr' id='par_1_33' title="bbox 1058 2258 1873 2422">
     <span class='ocr_line' id='line_1_82' title="bbox 1108 2258 1873 2310; baseline 0 -11"><span class='ocrx_word' id='word_1_367' title='bbox 1108 2258 1335 2300; x_wconf 79' lang='lat' dir='ltr'>Laetamini</span> <span class='ocrx_word' id='word_1_368' title='bbox 1361 2258 1460 2310; x_wconf 81' lang='lat' dir='ltr'>iusti</span> <span class='ocrx_word' id='word_1_369' title='bbox 1485 2258 1529 2298; x_wconf 90' lang='lat' dir='ltr'>in</span> <span class='ocrx_word' id='word_1_370' title='bbox 1553 2258 1757 2299; x_wconf 90' lang='lat' dir='ltr'>Domino:</span> <span class='ocrx_word' id='word_1_371' title='bbox 1782 2259 1805 2284; x_wconf 85' lang='lat'>*</span> <span class='ocrx_word' id='word_1_372' title='bbox 1831 2263 1873 2299; x_wconf 87' lang='lat' dir='ltr'>et</span> 
     </span>
     <span class='ocr_line' id='line_1_83' title="bbox 1058 2313 1872 2356; baseline -0.001 0"><span class='ocrx_word' id='word_1_373' title='bbox 1058 2313 1322 2356; x_wconf 90' lang='lat' dir='ltr'>confitemini</span> <span class='ocrx_word' id='word_1_374' title='bbox 1347 2313 1567 2355; x_wconf 88' lang='lat' dir='ltr'>memoriae</span> <span class='ocrx_word' id='word_1_375' title='bbox 1603 2313 1872 2355; x_wconf 86' lang='lat' dir='ltr'>sanctificati-</span> 
     </span>
     <span class='ocr_line' id='line_1_84' title="bbox 1059 2370 1281 2422; baseline -0.005 -11"><span class='ocrx_word' id='word_1_376' title='bbox 1059 2370 1153 2412; x_wconf 92' lang='lat' dir='ltr'>onis</span> <span class='ocrx_word' id='word_1_377' title='bbox 1181 2371 1281 2422; x_wconf 88' lang='lat' dir='ltr'>ejus.</span> 
     </span>
    </p>

    <p class='ocr_par' dir='ltr' id='par_1_34' title="bbox 1056 2424 1871 2589">
     <span class='ocr_line' id='line_1_85' title="bbox 1111 2424 1871 2468; baseline 0 -3"><span class='ocrx_word' id='word_1_378' title='bbox 1111 2426 1209 2465; x_wconf 85' lang='lat' dir='ltr'>Ant.</span> <span class='ocrx_word' id='word_1_379' title='bbox 1237 2424 1462 2468; x_wconf 77' lang='lat' dir='ltr'>Laetamini</span> <span class='ocrx_word' id='word_1_380' title='bbox 1486 2437 1635 2466; x_wconf 90' lang='lat' dir='ltr'>omnes</span> <span class='ocrx_word' id='word_1_381' title='bbox 1659 2425 1702 2465; x_wconf 94' lang='lat' dir='ltr'>in</span> <span class='ocrx_word' id='word_1_382' title='bbox 1725 2425 1871 2466; x_wconf 92' lang='lat' dir='ltr'>Domi-</span> 
     </span>
     <span class='ocr_line' id='line_1_86' title="bbox 1057 2481 1870 2524; baseline -0.001 -2"><span class='ocrx_word' id='word_1_383' title='bbox 1057 2494 1128 2522; x_wconf 87' lang='lat' dir='ltr'>no:</span> <span class='ocrx_word' id='word_1_384' title='bbox 1147 2485 1190 2523; x_wconf 91' lang='lat' dir='ltr'>et</span> <span class='ocrx_word' id='word_1_385' title='bbox 1207 2481 1470 2524; x_wconf 89' lang='lat' dir='ltr'>confitemini</span> <span class='ocrx_word' id='word_1_386' title='bbox 1482 2481 1704 2523; x_wconf 84' lang='lat' dir='ltr'>memoriae</span> <span class='ocrx_word' id='word_1_387' title='bbox 1719 2481 1870 2522; x_wconf 89' lang='lat' dir='ltr'>sancti-</span> 
     </span>
     <span class='ocr_line' id='line_1_87' title="bbox 1056 2538 1278 2589; baseline 0 -10"><span class='ocrx_word' id='word_1_388' title='bbox 1056 2538 1159 2579; x_wconf 75' lang='lat' dir='ltr'>tatis</span> <span class='ocrx_word' id='word_1_389' title='bbox 1179 2538 1278 2589; x_wconf 90' lang='lat' dir='ltr'>ejus.</span> 
     </span>
    </p>

    <p class='ocr_par' dir='ltr' id='par_1_35' title="bbox 1055 2592 1870 2758">
     <span class='ocr_line' id='line_1_88' title="bbox 1111 2592 1870 2636; baseline 0.001 -5"><span class='ocrx_word' id='word_1_390' title='bbox 1111 2592 1208 2632; x_wconf 91' lang='lat' dir='ltr'>Ant.</span> <span class='ocrx_word' id='word_1_391' title='bbox 1254 2592 1413 2636; x_wconf 92' lang='lat' dir='ltr'>Notum</span> <span class='ocrx_word' id='word_1_392' title='bbox 1452 2593 1554 2635; x_wconf 88' lang='lat' dir='ltr'>fecit</span> <span class='ocrx_word' id='word_1_393' title='bbox 1597 2594 1620 2621; x_wconf 89' lang='lat'>*</span> <span class='ocrx_word' id='word_1_394' title='bbox 1658 2592 1870 2634; x_wconf 90' lang='lat' dir='ltr'>Dominus</span> 
     </span>
     <span class='ocr_line' id='line_1_89' title="bbox 1058 2648 1869 2702; baseline -0.006 -10"><span class='ocrx_word' id='word_1_395' title='bbox 1058 2663 1169 2702; x_wconf 91' lang='lat' dir='ltr'>opus</span> <span class='ocrx_word' id='word_1_396' title='bbox 1188 2663 1326 2692; x_wconf 92' lang='lat' dir='ltr'>suum:</span> <span class='ocrx_word' id='word_1_397' title='bbox 1350 2650 1394 2690; x_wconf 92' lang='lat' dir='ltr'>in</span> <span class='ocrx_word' id='word_1_398' title='bbox 1413 2651 1650 2702; x_wconf 92' lang='lat' dir='ltr'>conspectu</span> <span class='ocrx_word' id='word_1_399' title='bbox 1668 2648 1869 2690; x_wconf 87' lang='lat' dir='ltr'>Gentium</span> 
     </span>
     <span class='ocr_line' id='line_1_90' title="bbox 1055 2705 1834 2758; baseline -0.005 -11"><span class='ocrx_word' id='word_1_400' title='bbox 1055 2706 1266 2749; x_wconf 78' lang='lat' dir='ltr'>revelavit</span> <span class='ocrx_word' id='word_1_401' title='bbox 1283 2706 1465 2758; x_wconf 88' lang='lat' dir='ltr'>gloriam</span> <span class='ocrx_word' id='word_1_402' title='bbox 1486 2705 1715 2747; x_wconf 88' lang='lat' dir='ltr'>Genitricis</span> <span class='ocrx_word' id='word_1_403' title='bbox 1735 2716 1834 2745; x_wconf 88' lang='lat' dir='ltr'>suae.</span> 
     </span>
    </p>
   </div>
   <div class='ocr_carea' id='block_1_6' title="bbox 136 145 1933 2816">
    <p class='ocr_par' dir='ltr' id='par_1_36' title="bbox 136 145 1933 2816">
     <span class='ocr_line' id='line_1_91' title="bbox 136 145 1933 2816; baseline 0 0"><span class='ocrx_word' id='word_1_404' title='bbox 136 145 1933 2816; x_wconf 95' lang='lat' dir='ltr'> </span> 
     </span>
    </p>
   </div>
  </div>
 </body>
</html>
