2080 2990
791 242 998 273 Commune
1029 240 1312 282 Apostolorum.

257 337 382 379 Oculi
406 337 582 377 Domini
602 349 733 389 super
758 336 912 387 justos:
936 336 959 361 *
984 340 1027 376 et

204 407 330 436 aures
350 394 440 444 ejus
460 393 502 433 in
520 405 675 446 preces
695 394 857 434 eorum.

255 449 413 491 Vultus
438 454 584 491 autem
609 449 783 490 Domini
814 461 944 501 super
969 448 1026 489 fa-

204 507 366 548 cientes
386 506 518 546 mala:
541 507 564 531 *
589 510 636 547 ut
660 504 817 558 perdat
837 504 891 546 de
910 509 1027 545 terra

203 563 458 604 memoriam
478 564 640 603 eorum.

256 619 562 660 Clamaverunt
591 619 708 670 justi,
744 623 787 660 et
814 617 1027 659 Dominus

204 674 425 717 exaudivit
445 687 540 716 eos:
559 675 582 700 *
603 680 646 716 et
666 687 720 716 ex
736 674 935 715 omnibus
955 673 1026 713 tri-

203 731 498 773 bulationibus
521 733 671 773 eorum
690 730 892 772 liberavit
911 742 998 771 eos.

254 789 386 829 Juxta
406 793 472 829 est
487 788 700 828 Dominus
720 787 782 836 iis,
803 787 876 839 qui
894 785 1027 827 tribu—

202 844 293 886 lato
309 849 409 886 sunt
426 843 559 886 corde
570 860 578 884 ε
588 844 611 869 *
623 849 666 885 et
676 842 860 884 humiles
872 842 1027 895 spiritu

204 900 399 942 salvabit.

254 956 405 998 Multae
426 956 728 998 tribulationes
749 956 979 1007 justorum:
1003 955 1026 979 *

204 1013 316 1055 etde
332 1012 533 1054 omnibus
548 1012 613 1053 his
630 1011 832 1053 liberabit
848 1023 924 1052 eos
939 1011 1026 1052 Do-

203 1070 356 1111 minus.

257 1125 457 1167 Custodit
471 1125 564 1166 Dfis
582 1125 725 1166 omnia
743 1137 845 1166 ossa
860 1126 1027 1165 eorum:

203 1183 226 1207 *
246 1196 378 1223 unum
398 1195 451 1223 ex
470 1181 536 1223 his
556 1194 643 1222 non
664 1183 926 1222 conteretur.

255 1239 375 1280 Mors
395 1240 677 1291 peccatorum
696 1238 904 1290 pessima:
932 1238 955 1262 ²⁸¹
985 1242 1028 1278 et

206 1295 278 1347 qui
298 1294 485 1336 oderunt
504 1295 672 1346 justum,
693 1293 957 1346 delinquent.

256 1351 459 1393 Redimet
490 1351 703 1391 Dominus
742 1351 906 1391 animas
942 1363 1027 1391 ser-

203 1410 358 1449 vorum
372 1410 567 1448 suorum:
583 1408 605 1432 *
618 1411 661 1448 et
675 1419 763 1448 non
774 1406 1028 1459 delinquent

204 1478 355 1506 omnes
377 1464 450 1516 qui
469 1468 647 1516 sperant
667 1463 710 1504 in
731 1476 795 1505 eo.

259 1523 353 1562 Ant.
383 1520 691 1561 (Ilamaverunt
719 1520 836 1572 justi,
869 1525 913 1561 et
941 1520 1028 1561 Do-

204 1578 346 1618 minus
367 1577 590 1618 exaudivit
610 1590 697 1618 eos.

259 1635 355 1674 Ant.
386 1635 639 1675 constitues
661 1634 684 1659 *
708 1647 783 1675 eos
808 1634 1028 1686 principes

205 1703 337 1742 super
373 1703 547 1731 omnem
585 1695 765 1731 terram:
811 1692 1028 1731 memores

205 1752 332 1788 erunt
352 1747 539 1787 nominis
559 1747 623 1788 tui
639 1747 840 1788 Domine.

472 1803 668 1843 Psalmus
696 1804 762 1843 44.

205 1854 477 1960 Eructavit
496 1872 573 1901 cor
591 1872 735 1901 meum
754 1859 936 1901 verbum
953 1858 1028 1900 bo-

285 1972 294 1981 ·
325 1929 446 1957 num:
474 1917 496 1941 *
525 1916 623 1958 dico
652 1928 734 1967 ego
770 1918 906 1969 opera
932 1928 1030 1957 mea

206 1986 307 2023 reg1.

258 2030 424 2080 Lingua
455 2042 552 2070 mea
580 2029 772 2071 calamus
801 2028 974 2078 scribae,
1006 2029 1029 2054 *

208 2085 415 2127 velociter
444 2085 683 2127 scribentis.

258 2141 491 2193 Speciosus
526 2142 664 2182 forma
696 2155 789 2195 prae
822 2142 921 2182 filiis
955 2141 1029 2183 ho-

207 2197 380 2246 minum,
408 2197 564 2238 diffusa
593 2204 659 2239 est
679 2199 819 2249 gratia
837 2199 880 2239 in
903 2197 1030 2239 labiis

207 2254 307 2295 tuis:
322 2254 345 2279 *
356 2255 591 2306 propterea
611 2254 834 2296 benedixit
850 2260 894 2296 te
910 2255 1030 2296 Deus

208 2310 250 2350 in
279 2311 500 2352 aeternum.

238 2354 502 2417 ”Accingere
530 2365 675 2417 gladio
709 2372 785 2408 tuo
814 2380 945 2420 super
974 2367 1030 2409 fe-

210 2436 305 2464 mur
332 2428 465 2471 tuum,
493 2423 515 2447 *
544 2423 854 2475 potentissime,

260 2479 414 2532 Specie
441 2484 515 2520 tua
539 2484 583 2520 et
610 2479 930 2531 pulchritudine
957 2486 1032 2522 tua

210 2536 232 2561 ¹*
270 2535 460 2584 intende,
496 2537 707 2588 prospere
744 2536 952 2588 procede,
989 2542 1032 2579 et

211 2604 354 2642 regna.

263 2649 448 2700 Propter
468 2649 706 2698 veritatem,
728 2654 771 2690 et
788 2653 1032 2691 mansuetu-

211 2704 366 2754 dinem,
395 2710 438 2746 et
467 2705 685 2755 justitiam:
718 2706 740 2730 *
774 2711 817 2747 et
845 2704 1034 2747 deducet

210 2766 254 2802 te
282 2760 535 2803 mirabiliter
563 2761 743 2803 dextera
770 2767 855 2803 tua.

1131 334 1310 383 Sagittae
1328 338 1416 375 tuae
1432 335 1584 381 acutae,
1596 332 1750 385 pepuli
1764 331 1845 374 sub
1860 337 1906 373 te

1080 389 1247 438 cadent,
1263 390 1286 415 *
1296 389 1340 430 in
1351 388 1486 431 corda
1498 389 1771 430 inimicorum
1780 388 1906 439 regis.

1130 445 1266 488 Sedes
1286 451 1361 488 tua
1379 445 1500 487 Deus
1527 445 1572 486 in
1595 445 1804 486 saeculum
1828 447 1905 486 see-

1080 502 1180 544 culi:
1207 503 1231 528 *
1259 503 1381 553 virga
1410 501 1661 550 directionis
1691 501 1815 552 virga
1842 514 1906 542 re-

1078 559 1151 610 gni
1178 559 1251 600 tui.

1130 615 1333 657 Dilexisti
1358 614 1573 666 justitiam,
1602 618 1646 655 et
1673 613 1805 655 odisti
1830 613 1906 654 ini-

1081 672 1307 724 quitatem:
1317 672 1340 696 *
1351 672 1588 724 propterea
1600 670 1723 711 unxit
1731 675 1775 712 te
1785 670 1906 711 Deus

1079 728 1199 769 Deus
1227 733 1326 770 tuus
1362 728 1460 769 oleo
1489 727 1653 768 laetitiae
1685 739 1779 779 prae
1807 739 1906 768 con-

1079 784 1270 826 sortibus
1298 785 1394 826 tuis.

1131 840 1319 894 Myrrha,
1348 846 1391 883 et
1418 845 1551 891 gutta,
1580 845 1624 881 et
1651 838 1770 880 casia
1792 851 1818 879 a
1837 850 1906 879 ve-

1079 898 1292 940 stimentis
1311 898 1408 947 tuis,
1426 910 1451 938 a
1467 895 1669 938 domibus
1689 894 1907 937 eburneis:

1074 955 1101 979 *
1120 967 1174 996 ex
1203 954 1359 1007 quibus
1380 953 1708 996 delectaverunt
1731 956 1776 994 te
1803 951 1906 992 ffliae

1078 1024 1230 1062 regum
1257 1011 1300 1052 in
1327 1010 1496 1052 honore
1523 1015 1611 1051 tuo.

1130 1068 1282 1110 Astitit
1314 1069 1464 1118 regina
1497 1079 1522 1108 a
1550 1066 1715 1108 dextris
1750 1065 1836 1107 tuis
1862 1065 1906 1105 in

1079 1127 1239 1166 vestitu
1258 1123 1485 1166 deaurato:
1503 1123 1526 1149 *
1547 1121 1816 1164 circumdata
1835 1134 1906 1162 va-

1079 1181 1245 1223 rietate.

1131 1237 1249 1279 Audi
1271 1237 1370 1286 filia,
1393 1242 1436 1278 et
1455 1235 1566 1286 vide,
1587 1240 1630 1277 et
1653 1234 1813 1276 inclina
1835 1247 1905 1276 au-

1079 1307 1172 1335 rem
1189 1299 1324 1336 tuam:
1334 1294 1357 1319 *
1369 1299 1412 1335 et
1423 1293 1682 1335 obliviscere
1695 1290 1907 1344 populum

1079 1355 1212 1400 tuum,
1242 1356 1286 1392 et
1313 1349 1492 1392 domum
1518 1349 1656 1402 patris
1683 1348 1757 1390 tui.

1131 1407 1187 1449 Et
1203 1409 1484 1460 concupiscet
1501 1406 1600 1447 Rex
1619 1404 1825 1447 decorem
1843 1408 1906 1446 tu-

1079 1477 1166 1505 um:
1194 1465 1217 1489 *
1247 1463 1452 1516 quoniam
1478 1463 1574 1516 ipse
1601 1467 1668 1504 est
1693 1461 1907 1503 Dominus

1079 1520 1200 1562 Deus
1227 1526 1339 1569 tuus,
1368 1525 1412 1562 et
1439 1518 1687 1561 adorabunt
1714 1531 1823 1560 eum.

1132 1578 1188 1619 Et
1205 1577 1306 1618 ffliae
1326 1577 1433 1629 Tyri
1452 1577 1497 1617 in
1514 1574 1766 1617 muneribus
1779 1575 1803 1600 *
1818 1573 1907 1615 vul-

1079 1639 1172 1675 tum
1205 1639 1327 1675 tuum
1355 1632 1723 1686 deprecabuntur:
1756 1643 1908 1673 omnes

1081 1690 1238 1732 divites
1266 1690 1418 1743 plebis.

1133 1747 1285 1788 Omnis
1303 1746 1443 1797 gloria
1464 1746 1554 1798 ejus
1578 1744 1679 1786 fssiae
1698 1743 1833 1794 Regis
1852 1742 1908 1785 ab

1080 1803 1206 1852 intus,
1232 1803 1255 1828 *
1279 1803 1323 1844 in
1350 1802 1531 1844 fimbriis
1556 1801 1700 1843 aureis
1729 1800 1908 1842 circum-

1081 1862 1239 1902 amicta
1266 1858 1561 1901 varietatibus.

1133 1915 1420 1958 Adducentur
1448 1915 1561 1966 Regi
1586 1914 1775 1965 virgines
1807 1917 1911 1966 post

1082 1985 1193 2014 cam:
1203 1973 1227 1998 *
1236 1972 1450 2025 proximae
1467 1972 1557 2023 ejus
1573 1970 1808 2012 afferentur
1818 1968 1910 2012 tibi.

1134 2029 1384 2071 Afferentur
1411 2028 1455 2069 in
1475 2028 1627 2070 laetitia
1654 2031 1699 2069 et
1724 2025 1909 2068 exsulta-

1081 2086 1213 2127 tione:
1248 2086 1271 2111 *
1306 2084 1578 2127 adducentur
1616 2084 1662 2125 in
1696 2081 1908 2135 templum

1081 2142 1226 2192 Regis.

1133 2199 1221 2240 Pro
1250 2197 1448 2251 patribus
1475 2197 1561 2239 tuis
1587 2196 1676 2238 nati
1704 2200 1805 2237 sunt
1830 2193 1910 2236 tibi

1081 2254 1174 2295 filii:
1192 2255 1216 2280 *
1236 2256 1474 2296 constitues
1497 2266 1574 2295 eos
1598 2253 1819 2306 principes
1842 2264 1909 2292 su-

1082 2324 1162 2364 per
1190 2323 1364 2352 omnem
1390 2315 1565 2352 terram.

1134 2367 1353 2408 Memores
1374 2371 1501 2408 erunt
1519 2365 1706 2407 nominis
1729 2364 1807 2406 tui:
1823 2364 1847 2390 *
1865 2363 1910 2404 in

1083 2423 1201 2465 omni
1215 2423 1495 2474 generatione
1514 2427 1558 2463 et
1574 2421 1910 2473 generationem.

1134 2480 1376 2532 Propterea
1403 2478 1556 2531 populi
1585 2477 1909 2519 confitebuntur

1083 2536 1162 2578 tibi
1189 2536 1232 2577 in
1260 2537 1486 2577 aeternum:
1510 2535 1533 2559 *
1559 2539 1602 2576 et
1630 2534 1673 2574 in
1701 2532 1910 2575 saeculum

1084 2592 1243 2634 saeculi.

1135 2651 1233 2690 Ant.
1279 2649 1531 2691 constitues
1570 2660 1646 2688 eos
1688 2646 1909 2699 principes

1085 2718 1216 2758 super
1256 2717 1431 2746 omnem
1471 2708 1652 2744 terram:
1693 2703 1909 2744 memores

1085 2766 1210 2803 erunt
1229 2761 1416 2802 nominis
1435 2760 1499 2801 tui
1518 2760 1717 2800 Domine.
