2040 2990
173 205 218 239 36
908 200 963 232 Ad
991 202 1154 232 Sextum.

239 295 282 344 δ”.
305 298 490 347 Adiutor
515 308 638 337 meus
658 300 771 344 esto,
797 307 850 335 ne
876 293 995 334 dere-

175 356 343 406 linquas
375 366 456 394 me.
518 354 563 404 Rg.
592 352 747 403 Neque
780 349 996 401 despicias

175 424 242 452 me
262 411 382 450 Deus
402 408 605 450 salutaris
624 420 758 448 meus.

233 477 394 515 (hiando
426 478 471 511 ad
502 479 627 512 Matut.
660 479 772 512 dictae
805 483 889 511 sunt
918 478 999 510 Pre-

181 535 258 558 ces,
295 525 343 557 ad
373 525 558 560 Tertiam.
599 528 751 559 Sextum
786 532 818 558 ct
852 525 998 558 Nonam

183 572 289 604 tlt-xis
316 573 477 613 ,ut-nibus
505 574 659 606 dicitur:

273 633 365 685 yrie
398 632 573 673 eleison.
618 630 791 670 Christe
823 628 997 670 eleison.

313 689 437 740 Ix'yrie
457 688 632 729 eleison.

236 745 355 786 Pater
375 750 533 785 noster.
560 749 739 782 secreto.

237 795 282 844 ῘΥ.
296 801 352 841 Et
370 813 423 841 ne
443 812 523 840 nos
542 798 724 840 inducas
739 798 782 838 in
797 796 997 838 tentatis)-

177 869 286 898 nem.
320 856 367 905 Κ».
382 854 469 897 Sed
486 854 621 896 libera
641 867 721 894 nos
741 866 766 894 a
786 853 912 893 malo.

235 906 282 955 ,Υ-
305 912 492 952 Demine
516 911 636 951 Deus
661 910 870 950 virtutum
899 920 998 949 con-

178 969 298 1008 verte
325 980 417 1008 nos.
470 967 519 1017 Rg.
543 967 599 1007 Et
632 964 815 1007 ostende
844 964 999 1005 faciem

178 1029 308 1072 tuam,
329 1028 373 1064 et
393 1023 501 1063 salvi
521 1023 691 1063 erimus.

236 1075 281 1124 δ”.
303 1080 501 1128 Exsurge
521 1078 708 1126 Christe,
733 1076 889 1128 adjuva
908 1089 999 1116 nos.

183 1137 229 1187 lx‘g.
260 1135 316 1176 Et
347 1134 483 1175 libera
514 1146 596 1174 nos
627 1138 809 1185 propter
841 1145 999 1173 nomen

178 1196 311 1231 tuum.

234 1243 279 1292 Y.
323 1246 511 1286 Demine
557 1244 715 1286 exaudi
757 1244 1000 1286 orationem

176 1315 328 1343 meam.
377 1303 422 1352 Ru
452 1302 507 1342 Et
534 1301 698 1342 clamor
725 1314 848 1341 meus
876 1300 933 1341 ad
956 1305 1000 1341 te

179 1359 333 1399 veniat.

233 1409 279 1458 Υ.
313 1413 528 1454 Deminus
565 1412 803 1454 vobiscum.
855 1413 902 1463 Rg.
945 1412 1002 1453 Et

177 1482 275 1510 cum
295 1469 451 1521 spiritu
470 1474 557 1510 tuo.

226 1539 395 1573 Uremus.
424 1538 554 1570 Oratio
580 1538 823 1571 conveniens

233 1597 420 1640 Tempore
448 1597 658 1632 *xcix-cutus.
685 1599 721 1631 in
750 1598 869 1631 feriali
897 1597 1001 1630 Offie,

183 1645 266 1677 Ant.
293 1645 338 1678 dc
366 1645 480 1678 Laud.
508 1645 631 1681 Imm..
663 1653 725 1679 aut
757 1657 801 1679 cx
835 1645 1002 1688 propriis

183 1691 387 1725 [laudibus

259 1762 515 1811 Capitulum.
687 1762 842 1802 Jcrem.
863 1763 926 1801 23.

182 1818 335 1922 Eece
351 1833 445 1875 dies
460 1834 648 1881 veniunt,
664 1833 769 1875 dicit
779 1834 1004 1883 Deminus,

281 1895 324 1930 et
344 1889 566 1930 suscitabo
585 1889 730 1931 David
749 1902 926 1940 germen
946 1891 1004 1942 ju-

183 1950 312 1985 stum:
344 1950 387 1986 et
410 1945 609 1996 regnabit
634 1958 725 1994 rex,
754 1950 797 1987 et
828 1946 1004 1998 sapiens

183 2000 279 2041 erit:
304 2005 347 2041 et
366 2000 494 2042 faciet
514 2000 716 2051 judicium
736 2006 779 2043 et
797 2002 1005 2052 justitiam

182 2055 224 2095 in
244 2061 371 2096 terra.

238 2112 285 2161 Rg.
307 2111 366 2151 br.
400 2112 513 2153 Veni
537 2111 593 2154 ad
616 2112 888 2155 liberandum
913 2127 1005 2164 nos,

186 2168 209 2226 *¹
238 2167 424 2208 Demine
455 2168 575 2209 Deus
608 2169 827 2211 virtutum.
881 2171 1006 2212 Veni.

189 2221 235 2266 Y.
260 2222 452 2264 Ostende
478 2224 632 2265 faciem
658 2230 794 2274 tuam,
829 2231 871 2267 et
897 2226 1005 2267 salvi

185 2278 353 2319 erimus.
415 2279 613 2321 Demine.
678 2281 827 2322 Gleria
875 2282 1006 2323 Patri.

185 2333 307 2392 Veni.

240 2388 285 2432 Υ
304 2389 539 2432 Timebunt
564 2391 729 2433 Gentes
755 2405 914 2433 nomen
939 2397 1002 2434 tu-

187 2457 257 2484 um
285 2445 482 2487 Demine.
526 2447 573 2498 Rg.
607 2448 664 2488 Et
697 2460 849 2489 omnes
882 2461 1006 2499 reges

186 2505 314 2540 terrae
333 2500 516 2552 gleriam
536 2508 666 2543 tuam.

247 2555 372 2607 Kyrie
392 2556 566 2598 eleison.
588 2563 635 2597 ut
656 2570 796 2608 supra.

239 2619 368 2651 (natio
393 2621 636 2654 conveniens

443 2694 750 2710 —Q—OQ-e—o—

1302 293 1382 334 Ad
1408 293 1627 334 Sextam.

1111 363 1236 401 Pater
1255 364 1416 400 noster.
1453 359 1540 400 Ave
1559 358 1707 399 Maria.

1111 418 1225 456 Deus
1244 416 1287 456 in
1307 415 1581 467 adjuterium.
1601 415 1660 455 15.

1368 479 1575 530 Hymnus.

1166 549 1287 586 ector
1306 549 1476 597 potens,
1497 557 1631 586 verax
1649 544 1783 594 Deus,

1187 601 1271 650 Qui
1291 603 1513 653 temperas
1532 614 1680 642 rerum
1698 600 1829 649 vices,

1129 656 1374 709 Splendere
1393 670 1520 698 mane
1539 656 1770 706 illuminas,

1129 713 1186 753 Et
1205 713 1379 763 ignibus
1397 713 1640 754 meridiem:

1083 778 1322 829 Exstingue
1341 778 1540 819 flammas
1558 778 1712 826 litium,

1130 834 1268 875 Aufer
1288 834 1480 876 calerem
1499 834 1692 883 nexium,

1131 890 1290 931 Confer
1311 890 1499 931 salutem
1518 892 1766 942 corporum,

1130 947 1383 998 Veramque
1403 959 1558 999 pacem
1579 944 1789 987 cerdium.

1084 1011 1261 1059 Praesta,
1279 1011 1411 1052 Pater
1430 1010 1637 1063 piissime,

1130 1067 1338 1118 Patrique
1359 1079 1541 1119 compar
1560 1067 1708 1115 Unice,

1131 1122 1241 1163 Cum
1259 1123 1424 1175 Spiritu
1442 1122 1663 1164 Paraclito

1132 1179 1338 1230 Regnans
1357 1191 1437 1231 per
1457 1191 1586 1220 omne
1607 1177 1828 1220 saeculum.

1365 1235 1519 1277 Amen.

1112 1292 1157 1330 In
1189 1291 1314 1330 Dom.
1343 1303 1420 1341 per
1452 1291 1636 1329 Annum.
1677 1289 1776 1329 Ant.
1816 1288 1886 1330 Al-

1053 1348 1193 1399 lehija.

1111 1405 1158 1443 In
1205 1403 1343 1443 feriali
1387 1403 1545 1443 Officio
1588 1414 1666 1453 per
1705 1401 1891 1440 Annum.

1061 1461 1156 1499 Ant.
1188 1459 1356 1511 Adjuva
1374 1473 1456 1501 me.

1110 1525 1242 1567 Tcmp.
1261 1523 1426 1557 Advent.
1452 1523 1540 1556 Ant.
1567 1522 1613 1556 de
1635 1521 1752 1556 Laud.
1770 1520 1891 1561 Dom„

1060 1579 1123 1606 aut
1149 1583 1195 1606 ex
1221 1571 1392 1615 propriis
1416 1571 1628 1605 Laudibus.

1373 1626 1582 1666 Psalmus.

1066 1704 1072 1705 ’
1127 1704 1176 1747 ἰὴ
1189 1693 1318 1737 efecit
1335 1693 1380 1734 in
1400 1692 1591 1734 salutare
1606 1697 1729 1734 tuum
1744 1692 1889 1733 anima

1177 1746 1180 1766 ³
1204 1763 1317 1792 mea:
1344 1750 1368 1775 *
1396 1754 1440 1791 et
1472 1750 1515 1790 in
1548 1748 1732 1790 verbum
1764 1753 1889 1790 tuum

1128 1811 1174 1827 '
1207 1805 1528 1859 supersperavi.

1109 1863 1376 1904 Defecerant
1389 1861 1505 1903 Oculi
1514 1861 1601 1903 mei
1610 1861 1654 1902 in
1666 1860 1889 1913 elequium

1057 1924 1191 1967 tuum,
1210 1919 1234 1944 *
1255 1917 1466 1960 dicentes:
1485 1917 1671 1968 Quando
1691 1916 1889 1959 consola-

1057 1974 1175 2016 beris
1194 1973 1291 2016 me?

1110 2031 1223 2081 Quia
1258 2030 1400 2071 faetus
1437 2043 1535 2071 sum
1571 2029 1684 2071 sicut
1715 2034 1814 2071 uter
1845 2029 1890 2070 in

1057 2089 1228 2139 pruina:
1255 2086 1278 2111 *
1306 2086 1640 2137 justificatienes
1669 2090 1769 2127 tuas
1801 2097 1889 2126 non

1059 2156 1156 2183 sum
1175 2141 1350 2184 oblitus.

1111 2199 1229 2248 Quot
1240 2202 1341 2239 sunt
1352 2197 1446 2239 dies
1458 2198 1575 2239 servi
1586 2195 1672 2239 tui?
1680 2198 1703 2223 *
1711 2196 1888 2250 quando

1060 2254 1192 2295 facies
1218 2253 1274 2295 de
1298 2253 1666 2306 persequentibus
1690 2266 1760 2295 me
1783 2252 1889 2305 judi-

1059 2307 1196 2351 cium?

1110 2365 1411 2406 Narraverunt
1435 2365 1539 2406 mihi
1563 2365 1700 2417 iniqui
1727 2364 1890 2406 fabula-

1059 2421 1216 2462 tienes:
1234 2422 1258 2446 *
1279 2421 1357 2462 sed
1377 2435 1465 2462 non
1484 2427 1532 2463 ut
1551 2421 1623 2463 lex
1642 2426 1728 2463 tua.

1113 2477 1269 2518 Omnia
1283 2477 1490 2518 mandata
1505 2482 1581 2519 tua
1591 2477 1768 2518 veritas:
1778 2476 1802 2503 *
1814 2476 1889 2517 ini-

1061 2544 1145 2583 que
1164 2533 1385 2584 persecuti
1406 2538 1506 2574 sunt
1525 2546 1611 2582 me,
1633 2531 1791 2584 adjuva
1807 2544 1890 2573 me.

1111 2587 1248 2628 Paulo
1290 2588 1434 2629 minus
1474 2589 1889 2630 consummaverunt

1059 2656 1130 2684 me
1154 2643 1198 2684 in
1220 2648 1353 2684 terra:
1371 2645 1395 2668 *
1415 2657 1497 2695 ego
1526 2650 1674 2686 autem
1700 2656 1788 2685 non
1817 2642 1888 2685 de-

1060 2698 1215 2750 reliqui
1232 2698 1439 2740 mandata
1458 2705 1544 2741 tua.

143 2777 1937 2804 m
