2040 2990
687 232 789 266 Infra
816 230 1109 265 llebdomadam
1134 229 1405 272 Sexagesimae.

198 331 305 368 tem:
341 325 385 365 in
416 325 486 366 via
515 329 591 366 tua
623 323 795 365 vivifica
826 335 906 365 me.
959 323 1021 362 In.

200 382 349 424 Gloria
368 381 499 423 Patri.
525 380 701 422 Inclina.

251 438 299 489 V.
334 443 429 493 Ego
458 441 567 491 dixi,
600 440 788 482 DOmine
815 440 1022 481 miserere

198 500 295 541 mei.
335 500 383 551 Rv.
404 499 518 540 Sana
535 498 722 539 animam
740 509 897 546 meam,
922 496 1022 548 quia

198 555 379 608 peccavi
397 555 486 597 tibi.

420 626 421 629 ’
476 624 543 660 Ad
566 623 752 660 Sextam.

251 683 349 721 Ant.
377 681 532 721 Semen
558 676 716 718 cecidit
741 677 764 702 *
790 676 833 716 in
859 680 1023 716 terram

199 734 380 783 bonam,
418 738 461 775 et
492 733 635 775 attulit
666 733 871 781 fructum,
906 730 1023 772 aliud

200 790 494 840 centesimum,
509 794 553 831 et
567 788 684 831 aliud
695 788 1023 840 sexagesimum.

278 859 535 913 Capitulum.
688 860 724 898 2.
742 858 904 899 Cor.11.
921 857 945 897 f.

279 929 326 957 er
344 916 476 967 virgis
492 929 630 957 caesus
646 929 752 964 sum,
772 914 906 956 semel
920 914 1025 966 lapi-

296 973 424 1014 datus
440 986 547 1022 sum,
565 978 632 1014 ter
648 971 918 1022 naufragium
932 970 1025 1020 feci,

200 1035 330 1071 nocte
350 1034 393 1071 et
413 1028 483 1071 die
503 1030 546 1070 in
565 1027 784 1082 profundo
804 1027 936 1069 maris
956 1027 1025 1068 fui.

254 1095 302 1146 R.
318 1093 380 1134 br.
398 1091 447 1131 In
463 1092 674 1132 aeternum
684 1090 872 1131 Domine
888 1091 911 1115 *
925 1090 1025 1131 Per-

200 1152 346 1189 manet
365 1146 547 1189 verbum
566 1152 697 1188 tuum.
726 1148 786 1188 In.
813 1142 862 1193 V.
880 1147 930 1187 In
949 1149 1025 1187 sae-

203 1202 346 1244 culum
374 1203 523 1245 saeculi
549 1204 708 1245 veritas
734 1209 819 1245 tua.
854 1203 1026 1244 Perma-

202 1265 287 1301 net.
313 1259 466 1301 Gloria
483 1260 613 1302 Patri.
640 1261 691 1301 In
710 1262 932 1302 aeternum.

254 1319 302 1369 V.
337 1320 552 1362 Dominus
586 1321 698 1373 regit
724 1334 812 1371 me,
847 1326 891 1363 et
921 1320 1026 1363 nihil

203 1376 307 1418 mihi
328 1376 476 1419 deerit.
511 1376 559 1427 R».
581 1378 630 1419 In
652 1378 750 1419 loco
770 1380 947 1431 pascuae
966 1377 1027 1419 ibi

202 1446 272 1475 me
291 1434 534 1476 collocavit.

479 1504 546 1540 Ad
569 1505 751 1542 Nonam.

254 1559 351 1599 Ant.
370 1557 415 1598 Si
430 1570 543 1607 vere,
563 1558 728 1607 fratreS,
747 1558 771 1584 *
791 1557 948 1600 divites
964 1571 1027 1601 es-

205 1626 251 1654 se
272 1613 440 1666 cupitis,
460 1627 586 1656 veras
606 1614 778 1656 divitias
798 1618 950 1658 amate.

282 1683 540 1735 Capitulum.
678 1683 714 1722 2.
732 1682 827 1723 Cor.
844 1682 899 1721 12.
917 1694 949 1721 c.

205 1745 437 1851 Ebenter
459 1748 589 1799 igitur
609 1749 833 1800 gloriabor
853 1750 896 1791 in
915 1751 1028 1792 infir-

299 1804 521 1846 mitatibus
541 1806 664 1856 meis,
687 1811 735 1849 ut
756 1806 968 1850 inhabitet
986 1808 1029 1848 in

205 1872 274 1901 me
295 1860 431 1902 virtus
451 1861 621 1904 Christi.

258 1924 307 1964 R.
323 1923 384 1964 br.
401 1922 594 1964 Clamavi
607 1924 650 1964 in
664 1928 759 1966 toto
775 1924 908 1966 corde
918 1937 1030 1974 meo,

207 1982 229 2005 *
266 1977 437 2020 Exaudi
471 1992 540 2022 me
573 1980 771 2022 Domine.
826 1982 1030 2024 Clamavi.

207 2036 257 2082 V.
294 2034 631 2078 Justificationes
668 2042 764 2079 tuas
802 2041 1030 2091 requiram.

208 2090 389 2133 Exaudi.
417 2092 567 2135 Gloria
586 2094 714 2136 Patri.
743 2094 949 2137 Clamavi.

260 2150 309 2201 ΥΤ.
336 2153 407 2195 Ab
436 2155 620 2196 occultis
645 2156 753 2197 meis
778 2155 941 2198 munda
963 2169 1033 2198 me

209 2208 407 2252 Domine.
460 2212 507 2262 R;.
542 2212 598 2253 Et
630 2212 684 2254 ab
716 2214 869 2256 alienis
900 2226 1032 2267 parce

210 2278 337 2308 servo
360 2272 448 2309 tuo.

436 2347 514 2389 Ad
541 2348 804 2400 Vesperas.

263 2416 348 2448 Ant.
373 2420 408 2447 et
434 2413 492 2446 l‘s.
518 2413 564 2446 dc
594 2412 802 2446 Dominica.
829 2412 910 2447 108.

263 2466 399 2517 Capit.
430 2465 620 2504 Fratres:
647 2463 865 2505 Libenter.
893 2465 984 2506 337.

265 2529 472 2578 Hymnus.
501 2524 631 2565 Lucis
653 2524 845 2565 Creator.
873 2526 958 2566 110.

264 2584 314 2635 Y.
332 2583 554 2636 Dirigatur
567 2584 755 2626 Domine
773 2585 913 2626 oratio
928 2598 1036 2626 mea.

212 2648 263 2688 R·.
275 2641 395 2683 Siout
409 2641 632 2682 incensum
642 2641 684 2682 in
698 2643 935 2693 conspectu
947 2647 1035 2683 tuo.

265 2704 334 2745 Ad
351 2704 520 2753 Magnis.
537 2704 633 2743 Ant.
656 2702 789 2743 Vobis
805 2701 954 2744 datum
969 2707 1035 2744 est

212 2762 237 2787 *
255 2772 385 2802 nosse
401 2758 656 2812 mysterium
675 2759 796 2810 regni
811 2758 904 2809 Dei,
924 2760 1034 2800 cete-

1074 321 1133 362 ris
1153 326 1300 363 autem
1317 322 1361 363 in
1381 321 1617 374 parabolis,
1641 321 1751 364 dixit
1767 322 1793 363 J
1795 334 1895 363 esus

1074 377 1297 431 discipulis
1317 378 1416 420 suis.

1227 500 1410 536 Feria
1448 499 1744 538 Secunda.

1272 569 1338 609 De
1366 564 1478 606 libro
1508 565 1702 607 Genesis.

1178 633 1329 675 Lectio
1349 632 1374 673 i.
1639 631 1741 684 Cap.
1756 631 1792 671 7.

1083 695 1900 802 ηιιέςῑέϊξῖΐῑὲξῑὲἕὲᾦὲξέἕὲ

1075 809 1118 850 in
1143 823 1303 851 arcam:
1330 815 1373 852 te
1399 809 1513 851 enim
1535 809 1626 851 vidi
1647 810 1806 861 justum
1829 823 1899 852 co-

1076 879 1169 907 ram
1200 879 1269 908 me
1302 867 1346 907 in
1376 866 1659 917 generatione
1687 866 1780 908 hac.
1832 867 1900 908 Ex

1077 922 1276 964 omnibus
1305 921 1595 964 animantibus
1622 922 1794 964 mundis
1820 922 1900 965 tol-

1076 979 1140 1021 les
1165 981 1346 1032 septena
1370 986 1413 1020 et
1438 981 1636 1032 septena,
1660 979 1901 1021 masculum

1078 1042 1122 1078 et
1148 1037 1367 1078 feminam:
1397 1035 1452 1077 de
1479 1035 1769 1077 animantibus
1797 1048 1901 1077 vero

1078 1091 1311 1135 immundis
1340 1092 1427 1134 duo
1455 1097 1499 1134 et
1527 1091 1631 1143 duo,
1661 1092 1903 1134 masculum

1078 1155 1122 1192 et
1144 1150 1360 1191 feminam.
1396 1148 1482 1190 Sed
1506 1153 1550 1190 et
1573 1148 1628 1190 de
1653 1147 1902 1190 volatilibus

1079 1207 1179 1248 coeli
1197 1208 1378 1259 septena
1393 1210 1436 1248 et
1453 1206 1644 1258 septena,
1662 1204 1903 1247 masculum

1079 1268 1122 1306 et
1145 1263 1363 1305 feminam:
1390 1267 1437 1303 ut
1458 1262 1649 1304 salvetur
1668 1274 1817 1304 semen
1835 1274 1903 1303 su-

1078 1333 1156 1374 per
1171 1320 1327 1362 faciem
1346 1319 1561 1360 universae
1579 1322 1721 1360 terrae.
1745 1317 1903 1360 Adhuc

1079 1378 1204 1427 enim,
1224 1381 1267 1419 et
1285 1381 1387 1429 post
1406 1374 1500 1417 dies
1520 1379 1690 1428 septem
1709 1387 1791 1426 ego
1811 1373 1903 1428 plu·

1008 1472 1011 1474 .
1079 1447 1150 1475 am
1174 1446 1304 1486 super
1327 1437 1488 1474 terram
1511 1430 1799 1484 quadraginta
1816 1430 1903 1473 die-

1078 1490 1160 1532 bus
1197 1495 1241 1532 et
1278 1488 1565 1542 quadraginta
1601 1487 1823 1529 noctibus:
1861 1492 1904 1529 et

1080 1546 1237 1589 delebo
1257 1558 1431 1588 omnem
1450 1544 1754 1594 substantiam,
1774 1557 1904 1597 quam

1079 1604 1172 1654 feci,
1193 1602 1247 1645 de
1267 1602 1497 1656 superficie
1515 1606 1657 1643 terrae.
1874 1656 1878 1659 ᾖ

1135 1668 1186 1719 R.
1210 1665 1260 1705 In
1287 1662 1468 1705 articulo
1495 1661 1581 1704 diei
1605 1661 1719 1703 illius
1743 1661 1903 1713 ingres-

1080 1734 1154 1763 sus
1178 1726 1245 1763 est
1261 1720 1360 1762 Noe
1383 1719 1427 1760 in
1450 1731 1612 1768 arcam,
1637 1723 1682 1760 et
1703 1717 1781 1759 filii
1803 1717 1904 1770 ejus,

1084 1782 1106 1805 *
1131 1778 1253 1820 Uxor
1286 1776 1420 1825 illius,
1457 1781 1500 1818 et
1528 1777 1688 1817 uxores
1715 1774 1905 1816 filiorum

1082 1836 1182 1887 ejus.
1236 1830 1286 1882 V.
1308 1833 1465 1874 Deleta
1493 1836 1594 1874 sunt
1620 1831 1822 1873 universa
1850 1830 1904 1873 de

1080 1898 1215 1941 terra,
1243 1890 1452 1932 remansit
1479 1893 1624 1931 autem
1651 1887 1770 1930 solus
1796 1887 1904 1938 Noe,

1082 1954 1125 1991 et
1145 1949 1218 2002 qui
1237 1960 1335 1989 cum
1354 1959 1407 1988 eo
1428 1950 1551 1988 erant
1568 1946 1612 1986 in
1630 1957 1742 1986 arca.
1771 1943 1904 1986 Uxor.

1392 2012 1545 2054 Lectio
1564 2012 1604 2052 ii.

1169 2075 1254 2116 ecit
1265 2086 1370 2126 ergo
1384 2073 1482 2115 Noe
1500 2072 1655 2121 Omnia,
1676 2083 1774 2124 quae
1787 2083 1904 2112 man-

1175 2130 1357 2173 daverat
1382 2130 1422 2172 ei
1445 2129 1669 2170 Dominus.
1709 2127 1904 2180 Cumque

1081 2190 1339 2231 transissent
1364 2191 1533 2239 septem
1556 2185 1666 2235 dies,
1692 2197 1818 2237 aquae
1844 2183 1904 2225 di-

1081 2245 1186 2287 luvii
1221 2243 1541 2285 inundaverunt
1570 2254 1702 2294 super
1731 2246 1904 2283 terram.

1082 2303 1181 2343 Ano
1200 2299 1518 2343 sexcentesimo
1538 2298 1639 2340 vitae
1658 2298 1770 2347 Noe,
1789 2311 1905 2340 men-

1083 2371 1130 2400 se
1176 2356 1390 2405 secundo,
1434 2353 1794 2408 septimodecimo
1835 2354 1905 2396 die

1081 2414 1262 2463 mensis,
1298 2412 1415 2465 rupti
1448 2416 1549 2453 sunt
1581 2423 1731 2452 omnes
1762 2411 1905 2452 fontes

1083 2470 1228 2524 abyssi
1254 2481 1443 2521 magnae,
1474 2473 1518 2509 et
1545 2468 1777 2509 cataractae
1805 2466 1906 2509 coeli

1082 2529 1246 2581 apertae
1280 2530 1398 2566 sunt:
1437 2529 1481 2566 et
1513 2524 1628 2565 facta
1659 2529 1726 2565 est
1758 2523 1906 2576 pluvia

1083 2596 1214 2637 super
1240 2588 1399 2624 terram
1427 2579 1714 2633 quadraginta
1741 2579 1906 2629 diebus,

1084 2647 1127 2684 et
1147 2639 1433 2693 quadraginta
1450 2636 1665 2679 noctibus.

1141 2698 1475 2754 R.Recordatus
1486 2698 1699 2739 Dominus
1711 2697 1819 2746 Noe,
1834 2696 1906 2738 ad-

1085 2757 1210 2800 duxit
1246 2756 1445 2809 spiritum
1481 2767 1613 2807 super
1648 2759 1829 2803 terram,
1863 2757 1907 2794 et
