<?xml version="1.0" encoding="UTF-8"?>
<!DOCTYPE html PUBLIC "-//W3C//DTD XHTML 1.0 Transitional//EN"
    "http://www.w3.org/TR/xhtml1/DTD/xhtml1-transitional.dtd">
<html xmlns="http://www.w3.org/1999/xhtml" xml:lang="en" lang="en">
 <head>
  <title>
</title>
<meta http-equiv="Content-Type" content="text/html;charset=utf-8" />
  <meta name='ocr-system' content='tesseract 3.04.00' />
  <meta name='ocr-capabilities' content='ocr_page ocr_carea ocr_par ocr_line ocrx_word'/>
</head>
<body>
  <div class='ocr_page' id='page_1' title='image "./p1breviariumroma00cathuoft_0025.png"; bbox 0 0 2040 2990; ppageno 0'>
   <div class='ocr_carea' id='block_1_1' title="bbox 739 199 1296 247">
    <p class='ocr_par' dir='ltr' id='par_1_1' title="bbox 739 199 1296 247">
     <span class='ocr_line' id='line_1_1' title="bbox 739 199 1296 247; baseline 0.011 -14"><span class='ocrx_word' id='word_1_1' title='bbox 739 199 794 234; x_wconf 84' lang='lat' dir='ltr'>Dc</span> <span class='ocrx_word' id='word_1_2' title='bbox 821 211 921 236; x_wconf 80' lang='lat' dir='ltr'>anno</span> <span class='ocrx_word' id='word_1_3' title='bbox 946 206 982 236; x_wconf 79' lang='lat' dir='ltr'>et</span> <span class='ocrx_word' id='word_1_4' title='bbox 1007 203 1087 243; x_wconf 79' lang='lat' dir='ltr'>eius</span> <span class='ocrx_word' id='word_1_5' title='bbox 1112 205 1296 247; x_wconf 79' lang='lat' dir='ltr'>partibus.</span> 
     </span>
    </p>
   </div>
   <div class='ocr_carea' id='block_1_2' title="bbox 1821 218 1875 243">
    <p class='ocr_par' dir='ltr' id='par_1_2' title="bbox 1821 218 1875 243">
     <span class='ocr_line' id='line_1_2' title="bbox 1821 218 1875 243; baseline 0.019 -1"><span class='ocrx_word' id='word_1_6' title='bbox 1821 218 1875 243; x_wconf 88' lang='lat' dir='ltr'>XV</span> 
     </span>
    </p>
   </div>
   <div class='ocr_carea' id='block_1_3' title="bbox 166 260 1878 282">
    <p class='ocr_par' dir='ltr' id='par_1_3' title="bbox 166 260 1878 282">
     <span class='ocr_line' id='line_1_3' title="bbox 166 260 1878 282; baseline 0 2708"><span class='ocrx_word' id='word_1_7' title='bbox 166 260 1878 282; x_wconf 95' lang='lat' dir='ltr'> </span> 
     </span>
    </p>
   </div>
   <div class='ocr_carea' id='block_1_4' title="bbox 149 295 995 2602">
    <p class='ocr_par' dir='ltr' id='par_1_4' title="bbox 166 295 995 560">
     <span class='ocr_line' id='line_1_4' title="bbox 168 295 995 330; baseline 0.002 -8"><span class='ocrx_word' id='word_1_8' title='bbox 168 295 320 330; x_wconf 80' lang='lat' dir='ltr'>accipiatur</span> <span class='ocrx_word' id='word_1_9' title='bbox 341 297 447 330; x_wconf 89' lang='lat' dir='ltr'>Epacta</span> <span class='ocrx_word' id='word_1_10' title='bbox 473 304 603 330; x_wconf 89' lang='lat' dir='ltr'>currens,</span> <span class='ocrx_word' id='word_1_11' title='bbox 630 300 658 323; x_wconf 89' lang='lat' dir='ltr'>et</span> <span class='ocrx_word' id='word_1_12' title='bbox 685 297 713 323; x_wconf 93' lang='lat' dir='ltr'>in</span> <span class='ocrx_word' id='word_1_13' title='bbox 740 297 812 324; x_wconf 90' lang='lat' dir='ltr'>linea</span> <span class='ocrx_word' id='word_1_14' title='bbox 839 297 995 324; x_wconf 84' lang='lat' dir='ltr'>litterarum</span> 
     </span>
     <span class='ocr_line' id='line_1_5' title="bbox 168 335 995 370; baseline 0.001 -9"><span class='ocrx_word' id='word_1_15' title='bbox 168 335 383 362; x_wconf 88' lang='lat' dir='ltr'>Dominicalium</span> <span class='ocrx_word' id='word_1_16' title='bbox 406 339 535 362; x_wconf 84' lang='lat' dir='ltr'>sumatur</span> <span class='ocrx_word' id='word_1_17' title='bbox 555 336 647 363; x_wconf 89' lang='lat' dir='ltr'>littera</span> <span class='ocrx_word' id='word_1_18' title='bbox 667 335 849 363; x_wconf 85' lang='lat' dir='ltr'>Dominicalis</span> <span class='ocrx_word' id='word_1_19' title='bbox 871 344 995 370; x_wconf 86' lang='lat' dir='ltr'>currens,</span> 
     </span>
     <span class='ocr_line' id='line_1_6' title="bbox 167 373 995 410; baseline 0.002 -10"><span class='ocrx_word' id='word_1_20' title='bbox 167 373 243 400; x_wconf 85' lang='lat' dir='ltr'>infra</span> <span class='ocrx_word' id='word_1_21' title='bbox 266 378 358 401; x_wconf 87' lang='lat' dir='ltr'>tamen</span> <span class='ocrx_word' id='word_1_22' title='bbox 383 375 517 408; x_wconf 86' lang='lat' dir='ltr'>Epactam</span> <span class='ocrx_word' id='word_1_23' title='bbox 542 379 715 410; x_wconf 80' lang='lat' dir='ltr'>currentem3</span> <span class='ocrx_word' id='word_1_24' title='bbox 740 376 778 402; x_wconf 91' lang='lat' dir='ltr'>ita</span> <span class='ocrx_word' id='word_1_25' title='bbox 802 379 833 402; x_wconf 90' lang='lat' dir='ltr'>ut</span> <span class='ocrx_word' id='word_1_26' title='bbox 857 375 880 402; x_wconf 92' lang='lat' dir='ltr'>si</span> <span class='ocrx_word' id='word_1_27' title='bbox 903 375 995 402; x_wconf 85' lang='lat' dir='ltr'>littera</span> 
     </span>
     <span class='ocr_line' id='line_1_7' title="bbox 167 413 995 448; baseline 0.002 -9"><span class='ocrx_word' id='word_1_28' title='bbox 167 413 349 440; x_wconf 89' lang='lat' dir='ltr'>Dominicalis</span> <span class='ocrx_word' id='word_1_29' title='bbox 362 421 478 440; x_wconf 88' lang='lat' dir='ltr'>currens</span> <span class='ocrx_word' id='word_1_30' title='bbox 492 414 648 448; x_wconf 81' lang='lat' dir='ltr'>reperiatur</span> <span class='ocrx_word' id='word_1_31' title='bbox 662 423 677 441; x_wconf 92' lang='lat' dir='ltr'>e</span> <span class='ocrx_word' id='word_1_32' title='bbox 686 415 797 448; x_wconf 83' lang='lat' dir='ltr'>regione</span> <span class='ocrx_word' id='word_1_33' title='bbox 807 415 921 448; x_wconf 82' lang='lat' dir='ltr'>Epactae</span> <span class='ocrx_word' id='word_1_34' title='bbox 935 422 995 441; x_wconf 91' lang='lat' dir='ltr'>cur-</span> 
     </span>
     <span class='ocr_line' id='line_1_8' title="bbox 167 452 994 487; baseline 0.001 -9"><span class='ocrx_word' id='word_1_35' title='bbox 167 452 262 485; x_wconf 82' lang='lat' dir='ltr'>rentis,</span> <span class='ocrx_word' id='word_1_36' title='bbox 280 454 448 479; x_wconf 91' lang='lat' dir='ltr'>assumenda</span> <span class='ocrx_word' id='word_1_37' title='bbox 467 453 503 479; x_wconf 93' lang='lat' dir='ltr'>sit</span> <span class='ocrx_word' id='word_1_38' title='bbox 517 454 615 480; x_wconf 84' lang='lat' dir='ltr'>eadem</span> <span class='ocrx_word' id='word_1_39' title='bbox 629 454 721 480; x_wconf 86' lang='lat' dir='ltr'>littera</span> <span class='ocrx_word' id='word_1_40' title='bbox 736 453 917 480; x_wconf 90' lang='lat' dir='ltr'>Dominicalis</span> <span class='ocrx_word' id='word_1_41' title='bbox 931 462 994 487; x_wconf 90' lang='lat' dir='ltr'>pro-</span> 
     </span>
     <span class='ocr_line' id='line_1_9' title="bbox 166 491 994 527; baseline 0.002 -10"><span class='ocrx_word' id='word_1_42' title='bbox 166 491 240 518; x_wconf 86' lang='lat' dir='ltr'>xime</span> <span class='ocrx_word' id='word_1_43' title='bbox 258 491 383 519; x_wconf 86' lang='lat' dir='ltr'>inferior.</span> <span class='ocrx_word' id='word_1_44' title='bbox 420 493 492 519; x_wconf 87' lang='lat' dir='ltr'>Nam</span> <span class='ocrx_word' id='word_1_45' title='bbox 517 500 532 519; x_wconf 88' lang='lat' dir='ltr'>e</span> <span class='ocrx_word' id='word_1_46' title='bbox 550 492 661 526; x_wconf 79' lang='lat' dir='ltr'>regione</span> <span class='ocrx_word' id='word_1_47' title='bbox 679 493 762 527; x_wconf 85' lang='lat' dir='ltr'>hujus</span> <span class='ocrx_word' id='word_1_48' title='bbox 781 493 879 519; x_wconf 87' lang='lat' dir='ltr'>litterae</span> <span class='ocrx_word' id='word_1_49' title='bbox 899 493 994 519; x_wconf 90' lang='lat' dir='ltr'>Domi-</span> 
     </span>
     <span class='ocr_line' id='line_1_10' title="bbox 166 530 811 560; baseline 0.005 -4"><span class='ocrx_word' id='word_1_50' title='bbox 166 530 263 557; x_wconf 86' lang='lat' dir='ltr'>nicalis</span> <span class='ocrx_word' id='word_1_51' title='bbox 282 531 375 557; x_wconf 91' lang='lat' dir='ltr'>omnia</span> <span class='ocrx_word' id='word_1_52' title='bbox 394 531 476 558; x_wconf 84' lang='lat' dir='ltr'>Festa</span> <span class='ocrx_word' id='word_1_53' title='bbox 495 531 607 558; x_wconf 85' lang='lat' dir='ltr'>mobilia</span> <span class='ocrx_word' id='word_1_54' title='bbox 627 532 811 560; x_wconf 87' lang='lat' dir='ltr'>continentur.</span> 
     </span>
    </p>

    <p class='ocr_par' dir='ltr' id='par_1_5' title="bbox 162 570 993 1153">
     <span class='ocr_line' id='line_1_11' title="bbox 218 570 993 605; baseline 0.005 -9"><span class='ocrx_word' id='word_1_55' title='bbox 218 570 396 604; x_wconf 81' lang='lat' dir='ltr'>Exemplum:</span> <span class='ocrx_word' id='word_1_56' title='bbox 415 571 499 598; x_wconf 92' lang='lat' dir='ltr'>Anno</span> <span class='ocrx_word' id='word_1_57' title='bbox 514 571 582 597; x_wconf 87' lang='grc'>1606</span> <span class='ocrx_word' id='word_1_58' title='bbox 595 571 700 605; x_wconf 84' lang='lat' dir='ltr'>Epacta</span> <span class='ocrx_word' id='word_1_59' title='bbox 720 575 761 598; x_wconf 88' lang='lat' dir='ltr'>est</span> <span class='ocrx_word' id='word_1_60' title='bbox 775 572 839 604; x_wconf 82' lang='lat' dir='ltr'>xxi.⁷</span> <span class='ocrx_word' id='word_1_61' title='bbox 856 575 883 598; x_wconf 83' lang='lat' dir='ltr'>et</span> <span class='ocrx_word' id='word_1_62' title='bbox 901 572 993 601; x_wconf 86' lang='lat' dir='ltr'>littera</span> 
     </span>
     <span class='ocr_line' id='line_1_12' title="bbox 166 608 993 645; baseline 0.006 -10"><span class='ocrx_word' id='word_1_63' title='bbox 166 609 348 636; x_wconf 86' lang='lat' dir='ltr'>Dominicalis</span> <span class='ocrx_word' id='word_1_64' title='bbox 360 608 392 635; x_wconf 91' lang='lat' dir='ltr'>A.</span> <span class='ocrx_word' id='word_1_65' title='bbox 432 609 461 637; x_wconf 94' lang='lat' dir='ltr'>Si</span> <span class='ocrx_word' id='word_1_66' title='bbox 480 610 564 643; x_wconf 87' lang='lat' dir='ltr'>igitur</span> <span class='ocrx_word' id='word_1_67' title='bbox 582 610 610 636; x_wconf 91' lang='lat' dir='ltr'>in</span> <span class='ocrx_word' id='word_1_68' title='bbox 629 611 723 637; x_wconf 90' lang='lat' dir='ltr'>tabula</span> <span class='ocrx_word' id='word_1_69' title='bbox 738 611 851 645; x_wconf 85' lang='lat' dir='ltr'>antiqua</span> <span class='ocrx_word' id='word_1_70' title='bbox 866 617 993 640; x_wconf 83' lang='lat' dir='ltr'>sumatur</span> 
     </span>
     <span class='ocr_line' id='line_1_13' title="bbox 165 648 991 684; baseline 0.005 -10"><span class='ocrx_word' id='word_1_71' title='bbox 165 648 258 674; x_wconf 85' lang='lat' dir='ltr'>littera</span> <span class='ocrx_word' id='word_1_72' title='bbox 273 648 454 675; x_wconf 83' lang='lat' dir='ltr'>Dominicalis</span> <span class='ocrx_word' id='word_1_73' title='bbox 464 648 498 680; x_wconf 79' lang='lat' dir='ltr'>A,</span> <span class='ocrx_word' id='word_1_74' title='bbox 514 657 578 682; x_wconf 88' lang='lat' dir='ltr'>quae</span> <span class='ocrx_word' id='word_1_75' title='bbox 591 649 683 683; x_wconf 87' lang='lat' dir='ltr'>primo</span> <span class='ocrx_word' id='word_1_76' title='bbox 698 650 772 676; x_wconf 86' lang='lat' dir='ltr'>infra</span> <span class='ocrx_word' id='word_1_77' title='bbox 788 650 920 684; x_wconf 86' lang='lat' dir='ltr'>Epactam</span> <span class='ocrx_word' id='word_1_78' title='bbox 935 653 991 679; x_wconf 89' lang='lat' dir='ltr'>xxi.</span> 
     </span>
     <span class='ocr_line' id='line_1_14' title="bbox 165 687 991 722; baseline 0.005 -9"><span class='ocrx_word' id='word_1_79' title='bbox 165 687 294 721; x_wconf 90' lang='lat' dir='ltr'>occurrit,</span> <span class='ocrx_word' id='word_1_80' title='bbox 313 688 468 721; x_wconf 88' lang='lat' dir='ltr'>reperietur</span> <span class='ocrx_word' id='word_1_81' title='bbox 481 696 496 714; x_wconf 90' lang='lat' dir='ltr'>e</span> <span class='ocrx_word' id='word_1_82' title='bbox 510 688 621 722; x_wconf 87' lang='lat' dir='ltr'>regione</span> <span class='ocrx_word' id='word_1_83' title='bbox 634 689 716 722; x_wconf 89' lang='lat' dir='ltr'>hujus</span> <span class='ocrx_word' id='word_1_84' title='bbox 730 689 829 715; x_wconf 84' lang='lat' dir='ltr'>litterae</span> <span class='ocrx_word' id='word_1_85' title='bbox 844 690 991 718; x_wconf 90' lang='lat' dir='ltr'>Dominica</span> 
     </span>
     <span class='ocr_line' id='line_1_15' title="bbox 164 725 991 762; baseline 0.005 -10"><span class='ocrx_word' id='word_1_86' title='bbox 164 725 292 760; x_wconf 86' lang='lat' dir='ltr'>Septuag.</span> <span class='ocrx_word' id='word_1_87' title='bbox 312 726 357 753; x_wconf 83' lang='lat' dir='ltr'>die</span> <span class='ocrx_word' id='word_1_88' title='bbox 371 727 412 753; x_wconf 88' lang='lat'>22.</span> <span class='ocrx_word' id='word_1_89' title='bbox 427 727 500 760; x_wconf 83' lang='lat' dir='ltr'>Jan.,</span> <span class='ocrx_word' id='word_1_90' title='bbox 518 727 577 754; x_wconf 89' lang='lat' dir='ltr'>dies</span> <span class='ocrx_word' id='word_1_91' title='bbox 591 727 723 754; x_wconf 88' lang='lat' dir='ltr'>Cinerum</span> <span class='ocrx_word' id='word_1_92' title='bbox 737 730 761 755; x_wconf 79' lang='grc'>8.</span> <span class='ocrx_word' id='word_1_93' title='bbox 777 729 866 762; x_wconf 66' lang='lat' dir='ltr'>Febr„</span> <span class='ocrx_word' id='word_1_94' title='bbox 883 730 991 757; x_wconf 84' lang='lat' dir='ltr'>Pascha</span> 
     </span>
     <span class='ocr_line' id='line_1_16' title="bbox 164 765 991 801; baseline 0.004 -9"><span class='ocrx_word' id='word_1_95' title='bbox 164 765 204 792; x_wconf 86' lang='lat'>26.</span> <span class='ocrx_word' id='word_1_96' title='bbox 229 765 333 799; x_wconf 81' lang='lat' dir='ltr'>Martii,</span> <span class='ocrx_word' id='word_1_97' title='bbox 360 765 496 793; x_wconf 87' lang='lat' dir='ltr'>Ascensio</span> <span class='ocrx_word' id='word_1_98' title='bbox 520 767 633 793; x_wconf 93' lang='lat' dir='ltr'>Domini</span> <span class='ocrx_word' id='word_1_99' title='bbox 657 767 682 794; x_wconf 83' lang='lat'>4.</span> <span class='ocrx_word' id='word_1_100' title='bbox 708 767 786 801; x_wconf 87' lang='lat' dir='ltr'>Maji‚</span> <span class='ocrx_word' id='word_1_101' title='bbox 812 768 991 795; x_wconf 89' lang='lat' dir='ltr'>Pentecostes</span> 
     </span>
     <span class='ocr_line' id='line_1_17' title="bbox 166 804 990 841; baseline 0.005 -11"><span class='ocrx_word' id='word_1_102' title='bbox 166 805 205 831; x_wconf 82' lang='lat'>14.</span> <span class='ocrx_word' id='word_1_103' title='bbox 226 804 298 838; x_wconf 81' lang='lat' dir='ltr'>Maii,</span> <span class='ocrx_word' id='word_1_104' title='bbox 316 808 343 831; x_wconf 88' lang='lat' dir='ltr'>et</span> <span class='ocrx_word' id='word_1_105' title='bbox 362 805 474 831; x_wconf 86' lang='lat' dir='ltr'>Festum</span> <span class='ocrx_word' id='word_1_106' title='bbox 494 805 628 840; x_wconf 79' lang='lat' dir='ltr'>Corporis</span> <span class='ocrx_word' id='word_1_107' title='bbox 647 806 750 833; x_wconf 78' lang='lat' dir='ltr'>Christi</span> <span class='ocrx_word' id='word_1_108' title='bbox 769 807 809 833; x_wconf 83' lang='lat'>25.</span> <span class='ocrx_word' id='word_1_109' title='bbox 831 807 903 841; x_wconf 79' lang='lat' dir='ltr'>Maii.</span> <span class='ocrx_word' id='word_1_110' title='bbox 935 808 990 834; x_wconf 88' lang='lat' dir='ltr'>Do-</span> 
     </span>
     <span class='ocr_line' id='line_1_18' title="bbox 164 843 990 874; baseline 0.005 -5"><span class='ocrx_word' id='word_1_111' title='bbox 164 843 272 870; x_wconf 83' lang='lat' dir='ltr'>minicae</span> <span class='ocrx_word' id='word_1_112' title='bbox 301 848 393 870; x_wconf 86' lang='lat' dir='ltr'>autem</span> <span class='ocrx_word' id='word_1_113' title='bbox 422 844 496 871; x_wconf 87' lang='lat' dir='ltr'>inter</span> <span class='ocrx_word' id='word_1_114' title='bbox 519 845 630 872; x_wconf 85' lang='lat' dir='ltr'>Pentec.</span> <span class='ocrx_word' id='word_1_115' title='bbox 656 849 683 872; x_wconf 91' lang='lat' dir='ltr'>et</span> <span class='ocrx_word' id='word_1_116' title='bbox 707 845 828 872; x_wconf 91' lang='lat' dir='ltr'>Advent.</span> <span class='ocrx_word' id='word_1_117' title='bbox 857 854 890 872; x_wconf 86' lang='lat' dir='ltr'>eo</span> <span class='ocrx_word' id='word_1_118' title='bbox 917 855 990 874; x_wconf 91' lang='lat' dir='ltr'>anno</span> 
     </span>
     <span class='ocr_line' id='line_1_19' title="bbox 163 883 990 919; baseline 0.004 -10"><span class='ocrx_word' id='word_1_119' title='bbox 163 886 245 909; x_wconf 90' lang='lat' dir='ltr'>erunt</span> <span class='ocrx_word' id='word_1_120' title='bbox 263 883 310 916; x_wconf 89' lang='lat'>28,</span> <span class='ocrx_word' id='word_1_121' title='bbox 333 886 360 909; x_wconf 89' lang='lat' dir='ltr'>et</span> <span class='ocrx_word' id='word_1_122' title='bbox 376 883 525 910; x_wconf 84' lang='lat' dir='ltr'>Adventus</span> <span class='ocrx_word' id='word_1_123' title='bbox 543 884 730 910; x_wconf 83' lang='lat' dir='ltr'>celebrabitur</span> <span class='ocrx_word' id='word_1_124' title='bbox 752 885 797 911; x_wconf 90' lang='lat' dir='ltr'>die</span> <span class='ocrx_word' id='word_1_125' title='bbox 815 885 838 911; x_wconf 89' lang='lat'>3.</span> <span class='ocrx_word' id='word_1_126' title='bbox 859 885 939 919; x_wconf 81' lang='lat' dir='ltr'>Dec.;</span> <span class='ocrx_word' id='word_1_127' title='bbox 963 890 990 912; x_wconf 90' lang='lat' dir='ltr'>et</span> 
     </span>
     <span class='ocr_line' id='line_1_20' title="bbox 163 922 990 958; baseline 0.004 -10"><span class='ocrx_word' id='word_1_128' title='bbox 163 922 203 948; x_wconf 86' lang='lat' dir='ltr'>sic</span> <span class='ocrx_word' id='word_1_129' title='bbox 227 922 261 948; x_wconf 87' lang='lat' dir='ltr'>de</span> <span class='ocrx_word' id='word_1_130' title='bbox 283 922 391 949; x_wconf 76' lang='lat' dir='ltr'>ceteris.</span> <span class='ocrx_word' id='word_1_131' title='bbox 427 923 498 949; x_wconf 84' lang='lat' dir='ltr'>Item</span> <span class='ocrx_word' id='word_1_132' title='bbox 522 931 595 950; x_wconf 89' lang='lat' dir='ltr'>anno</span> <span class='ocrx_word' id='word_1_133' title='bbox 621 924 687 950; x_wconf 77' lang='lat'>1605</span> <span class='ocrx_word' id='word_1_134' title='bbox 709 924 814 957; x_wconf 83' lang='lat' dir='ltr'>Epacta</span> <span class='ocrx_word' id='word_1_135' title='bbox 838 927 880 950; x_wconf 90' lang='lat' dir='ltr'>est</span> <span class='ocrx_word' id='word_1_136' title='bbox 904 933 939 958; x_wconf 82' lang='lat' dir='ltr'>x.,</span> <span class='ocrx_word' id='word_1_137' title='bbox 963 929 990 951; x_wconf 88' lang='lat' dir='ltr'>et</span> 
     </span>
     <span class='ocr_line' id='line_1_21' title="bbox 162 961 989 996; baseline 0.004 -9"><span class='ocrx_word' id='word_1_138' title='bbox 162 961 255 988; x_wconf 87' lang='lat' dir='ltr'>littera</span> <span class='ocrx_word' id='word_1_139' title='bbox 270 961 451 988; x_wconf 90' lang='lat' dir='ltr'>Dominicalis</span> <span class='ocrx_word' id='word_1_140' title='bbox 470 963 496 995; x_wconf 91' lang='lat' dir='ltr'>b,</span> <span class='ocrx_word' id='word_1_141' title='bbox 515 970 580 996; x_wconf 87' lang='lat' dir='ltr'>quae</span> <span class='ocrx_word' id='word_1_142' title='bbox 597 963 625 989; x_wconf 92' lang='lat' dir='ltr'>in</span> <span class='ocrx_word' id='word_1_143' title='bbox 644 963 739 989; x_wconf 91' lang='lat' dir='ltr'>tabula</span> <span class='ocrx_word' id='word_1_144' title='bbox 758 963 897 996; x_wconf 90' lang='lat' dir='ltr'>reperitur</span> <span class='ocrx_word' id='word_1_145' title='bbox 915 972 930 990; x_wconf 88' lang='lat' dir='ltr'>e</span> <span class='ocrx_word' id='word_1_146' title='bbox 948 972 989 990; x_wconf 91' lang='lat' dir='ltr'>re-</span> 
     </span>
     <span class='ocr_line' id='line_1_22' title="bbox 162 1000 989 1037; baseline 0.005 -11"><span class='ocrx_word' id='word_1_147' title='bbox 162 1000 242 1034; x_wconf 85' lang='lat' dir='ltr'>gione</span> <span class='ocrx_word' id='word_1_148' title='bbox 262 1001 375 1034; x_wconf 82' lang='lat' dir='ltr'>Epaetae</span> <span class='ocrx_word' id='word_1_149' title='bbox 393 1009 419 1027; x_wconf 90' lang='lat' dir='ltr'>x.</span> <span class='ocrx_word' id='word_1_150' title='bbox 457 1001 550 1033; x_wconf 85' lang='lat' dir='ltr'>Quare</span> <span class='ocrx_word' id='word_1_151' title='bbox 569 1002 704 1028; x_wconf 90' lang='lat' dir='ltr'>sumenda</span> <span class='ocrx_word' id='word_1_152' title='bbox 723 1006 764 1028; x_wconf 92' lang='lat' dir='ltr'>est</span> <span class='ocrx_word' id='word_1_153' title='bbox 783 1002 837 1029; x_wconf 92' lang='lat' dir='ltr'>alia</span> <span class='ocrx_word' id='word_1_154' title='bbox 854 1003 947 1029; x_wconf 89' lang='lat' dir='ltr'>littera</span> <span class='ocrx_word' id='word_1_155' title='bbox 962 1004 989 1037; x_wconf 84' lang='lat' dir='ltr'>b,</span> 
     </span>
     <span class='ocr_line' id='line_1_23' title="bbox 162 1039 989 1075; baseline 0.004 -10"><span class='ocrx_word' id='word_1_156' title='bbox 162 1047 226 1073; x_wconf 83' lang='lat' dir='ltr'>quae</span> <span class='ocrx_word' id='word_1_157' title='bbox 250 1039 377 1073; x_wconf 82' lang='lat' dir='ltr'>proxime</span> <span class='ocrx_word' id='word_1_158' title='bbox 402 1040 475 1066; x_wconf 79' lang='lat' dir='ltr'>infra</span> <span class='ocrx_word' id='word_1_159' title='bbox 500 1041 634 1074; x_wconf 87' lang='lat' dir='ltr'>Epactam</span> <span class='ocrx_word' id='word_1_160' title='bbox 658 1041 810 1075; x_wconf 88' lang='lat' dir='ltr'>invenitur,</span> <span class='ocrx_word' id='word_1_161' title='bbox 838 1049 853 1068; x_wconf 91' lang='lat' dir='ltr'>e</span> <span class='ocrx_word' id='word_1_162' title='bbox 878 1042 989 1075; x_wconf 83' lang='lat' dir='ltr'>regione</span> 
     </span>
     <span class='ocr_line' id='line_1_24' title="bbox 162 1078 988 1115; baseline 0.002 -10"><span class='ocrx_word' id='word_1_163' title='bbox 162 1079 240 1112; x_wconf 88' lang='lat' dir='ltr'>cujus</span> <span class='ocrx_word' id='word_1_164' title='bbox 254 1078 378 1105; x_wconf 89' lang='lat' dir='ltr'>invenies</span> <span class='ocrx_word' id='word_1_165' title='bbox 392 1078 629 1113; x_wconf 87' lang='lat' dir='ltr'>Septuagesimam</span> <span class='ocrx_word' id='word_1_166' title='bbox 649 1080 694 1106; x_wconf 88' lang='lat' dir='ltr'>die</span> <span class='ocrx_word' id='word_1_167' title='bbox 707 1081 731 1107; x_wconf 86' lang='lat' dir='ltr'>G.</span> <span class='ocrx_word' id='word_1_168' title='bbox 747 1081 836 1115; x_wconf 64' lang='lat' dir='ltr'>Febr„</span> <span class='ocrx_word' id='word_1_169' title='bbox 857 1081 930 1107; x_wconf 89' lang='lat' dir='ltr'>diem</span> <span class='ocrx_word' id='word_1_170' title='bbox 945 1081 988 1108; x_wconf 91' lang='lat' dir='ltr'>Ci-</span> 
     </span>
     <span class='ocr_line' id='line_1_25' title="bbox 162 1118 815 1153; baseline 0.003 -9"><span class='ocrx_word' id='word_1_171' title='bbox 162 1125 260 1144; x_wconf 90' lang='lat' dir='ltr'>nerum</span> <span class='ocrx_word' id='word_1_172' title='bbox 280 1118 320 1145; x_wconf 86' lang='lat'>23.</span> <span class='ocrx_word' id='word_1_173' title='bbox 338 1118 428 1152; x_wconf 82' lang='lat' dir='ltr'>Febr.⁷</span> <span class='ocrx_word' id='word_1_174' title='bbox 446 1119 554 1145; x_wconf 84' lang='lat' dir='ltr'>Pascha</span> <span class='ocrx_word' id='word_1_175' title='bbox 574 1120 614 1146; x_wconf 89' lang='lat'>10.</span> <span class='ocrx_word' id='word_1_176' title='bbox 632 1118 746 1153; x_wconf 81' lang='lat' dir='ltr'>Aprilis,</span> <span class='ocrx_word' id='word_1_177' title='bbox 765 1123 815 1146; x_wconf 90' lang='lat' dir='ltr'>etc.</span> 
     </span>
    </p>

    <p class='ocr_par' dir='ltr' id='par_1_6' title="bbox 157 1157 987 1465">
     <span class='ocr_line' id='line_1_26' title="bbox 214 1157 987 1192; baseline 0.003 -7"><span class='ocrx_word' id='word_1_178' title='bbox 214 1157 376 1185; x_wconf 78' lang='lat' dir='ltr'>Notandum</span> <span class='ocrx_word' id='word_1_179' title='bbox 400 1160 492 1184; x_wconf 88' lang='lat' dir='ltr'>autem</span> <span class='ocrx_word' id='word_1_180' title='bbox 517 1162 572 1191; x_wconf 86' lang='lat' dir='ltr'>est,</span> <span class='ocrx_word' id='word_1_181' title='bbox 597 1158 674 1192; x_wconf 93' lang='lat' dir='ltr'>quod</span> <span class='ocrx_word' id='word_1_182' title='bbox 698 1159 934 1192; x_wconf 88' lang='lat' dir='ltr'>quemadmodum</span> <span class='ocrx_word' id='word_1_183' title='bbox 959 1161 987 1187; x_wconf 91' lang='lat' dir='ltr'>in</span> 
     </span>
     <span class='ocr_line' id='line_1_27' title="bbox 159 1197 987 1233; baseline 0.004 -10"><span class='ocrx_word' id='word_1_184' title='bbox 159 1203 232 1223; x_wconf 88' lang='lat' dir='ltr'>anno</span> <span class='ocrx_word' id='word_1_185' title='bbox 251 1197 400 1231; x_wconf 73' lang='lat' dir='ltr'>communi,</span> <span class='ocrx_word' id='word_1_186' title='bbox 419 1197 535 1223; x_wconf 84' lang='lat' dir='ltr'>cadente</span> <span class='ocrx_word' id='word_1_187' title='bbox 549 1197 641 1223; x_wconf 89' lang='lat' dir='ltr'>littera</span> <span class='ocrx_word' id='word_1_188' title='bbox 656 1197 822 1224; x_wconf 86' lang='lat' dir='ltr'>Dominicali</span> <span class='ocrx_word' id='word_1_189' title='bbox 842 1206 857 1225; x_wconf 92' lang='lat' dir='ltr'>e</span> <span class='ocrx_word' id='word_1_190' title='bbox 875 1200 987 1233; x_wconf 83' lang='lat' dir='ltr'>regione</span> 
     </span>
     <span class='ocr_line' id='line_1_28' title="bbox 159 1235 987 1272; baseline 0.004 -10"><span class='ocrx_word' id='word_1_191' title='bbox 159 1235 272 1269; x_wconf 86' lang='lat' dir='ltr'>Epactae</span> <span class='ocrx_word' id='word_1_192' title='bbox 287 1235 315 1262; x_wconf 89' lang='lat' dir='ltr'>in</span> <span class='ocrx_word' id='word_1_193' title='bbox 329 1236 423 1263; x_wconf 90' lang='lat' dir='ltr'>tabula</span> <span class='ocrx_word' id='word_1_194' title='bbox 437 1236 560 1270; x_wconf 71' lang='lat' dir='ltr'>antiqua,</span> <span class='ocrx_word' id='word_1_195' title='bbox 574 1236 694 1263; x_wconf 86' lang='lat' dir='ltr'>sumitur</span> <span class='ocrx_word' id='word_1_196' title='bbox 707 1237 805 1264; x_wconf 88' lang='lat' dir='ltr'>eadem</span> <span class='ocrx_word' id='word_1_197' title='bbox 819 1237 910 1265; x_wconf 90' lang='lat' dir='ltr'>littera</span> <span class='ocrx_word' id='word_1_198' title='bbox 924 1247 987 1272; x_wconf 89' lang='lat' dir='ltr'>pro-</span> 
     </span>
     <span class='ocr_line' id='line_1_29' title="bbox 158 1274 986 1310; baseline 0.004 -9"><span class='ocrx_word' id='word_1_199' title='bbox 158 1274 232 1301; x_wconf 86' lang='lat' dir='ltr'>xima</span> <span class='ocrx_word' id='word_1_200' title='bbox 247 1274 321 1301; x_wconf 91' lang='lat' dir='ltr'>infra</span> <span class='ocrx_word' id='word_1_201' title='bbox 338 1275 480 1309; x_wconf 78' lang='lat' dir='ltr'>Epactam⁷</span> <span class='ocrx_word' id='word_1_202' title='bbox 498 1279 529 1302; x_wconf 91' lang='lat' dir='ltr'>ut</span> <span class='ocrx_word' id='word_1_203' title='bbox 543 1275 677 1302; x_wconf 81' lang='lat' dir='ltr'>diximus:</span> <span class='ocrx_word' id='word_1_204' title='bbox 692 1276 730 1302; x_wconf 92' lang='lat' dir='ltr'>ita</span> <span class='ocrx_word' id='word_1_205' title='bbox 744 1285 855 1310; x_wconf 90' lang='lat' dir='ltr'>quoque</span> <span class='ocrx_word' id='word_1_206' title='bbox 870 1277 898 1304; x_wconf 90' lang='lat' dir='ltr'>in</span> <span class='ocrx_word' id='word_1_207' title='bbox 912 1286 986 1304; x_wconf 89' lang='lat' dir='ltr'>anno</span> 
     </span>
     <span class='ocr_line' id='line_1_30' title="bbox 158 1313 985 1347; baseline 0.004 -7"><span class='ocrx_word' id='word_1_208' title='bbox 158 1313 311 1347; x_wconf 86' lang='lat' dir='ltr'>Bissextili,</span> <span class='ocrx_word' id='word_1_209' title='bbox 335 1314 358 1341; x_wconf 89' lang='lat' dir='ltr'>si</span> <span class='ocrx_word' id='word_1_210' title='bbox 384 1315 517 1341; x_wconf 89' lang='lat' dir='ltr'>alterutra</span> <span class='ocrx_word' id='word_1_211' title='bbox 542 1315 661 1341; x_wconf 90' lang='lat' dir='ltr'>duarum</span> <span class='ocrx_word' id='word_1_212' title='bbox 686 1315 841 1342; x_wconf 89' lang='lat' dir='ltr'>litterarum</span> <span class='ocrx_word' id='word_1_213' title='bbox 861 1317 985 1343; x_wconf 90' lang='lat' dir='ltr'>Domini-</span> 
     </span>
     <span class='ocr_line' id='line_1_31' title="bbox 157 1353 985 1389; baseline 0.004 -9"><span class='ocrx_word' id='word_1_214' title='bbox 157 1353 259 1380; x_wconf 84' lang='lat' dir='ltr'>calium·</span> <span class='ocrx_word' id='word_1_215' title='bbox 281 1357 346 1380; x_wconf 90' lang='lat' dir='ltr'>tunc</span> <span class='ocrx_word' id='word_1_216' title='bbox 364 1354 536 1380; x_wconf 90' lang='lat' dir='ltr'>currentium</span> <span class='ocrx_word' id='word_1_217' title='bbox 559 1362 574 1380; x_wconf 91' lang='lat' dir='ltr'>e</span> <span class='ocrx_word' id='word_1_218' title='bbox 597 1354 709 1388; x_wconf 83' lang='lat' dir='ltr'>regione</span> <span class='ocrx_word' id='word_1_219' title='bbox 728 1355 841 1389; x_wconf 88' lang='lat' dir='ltr'>Epactae</span> <span class='ocrx_word' id='word_1_220' title='bbox 866 1357 985 1389; x_wconf 85' lang='lat' dir='ltr'>reperia-</span> 
     </span>
     <span class='ocr_line' id='line_1_32' title="bbox 157 1393 984 1429; baseline 0.002 -10"><span class='ocrx_word' id='word_1_221' title='bbox 157 1395 216 1426; x_wconf 82' lang='lat' dir='ltr'>tur,</span> <span class='ocrx_word' id='word_1_222' title='bbox 238 1393 414 1420; x_wconf 85' lang='lat' dir='ltr'>assumendae</span> <span class='ocrx_word' id='word_1_223' title='bbox 437 1397 502 1419; x_wconf 89' lang='lat' dir='ltr'>sunt</span> <span class='ocrx_word' id='word_1_224' title='bbox 520 1394 582 1420; x_wconf 85' lang='lat' dir='ltr'>aliae</span> <span class='ocrx_word' id='word_1_225' title='bbox 601 1394 664 1420; x_wconf 86' lang='lat' dir='ltr'>duae</span> <span class='ocrx_word' id='word_1_226' title='bbox 683 1394 786 1420; x_wconf 90' lang='lat' dir='ltr'>similes</span> <span class='ocrx_word' id='word_1_227' title='bbox 803 1394 903 1421; x_wconf 85' lang='lat' dir='ltr'>litterae</span> <span class='ocrx_word' id='word_1_228' title='bbox 922 1403 984 1429; x_wconf 91' lang='lat' dir='ltr'>pro-</span> 
     </span>
     <span class='ocr_line' id='line_1_33' title="bbox 157 1431 888 1465; baseline 0.003 -7"><span class='ocrx_word' id='word_1_229' title='bbox 157 1431 231 1458; x_wconf 83' lang='lat' dir='ltr'>xime</span> <span class='ocrx_word' id='word_1_230' title='bbox 249 1432 405 1465; x_wconf 82' lang='lat' dir='ltr'>inferiores,</span> <span class='ocrx_word' id='word_1_231' title='bbox 421 1435 453 1458; x_wconf 93' lang='lat' dir='ltr'>ut</span> <span class='ocrx_word' id='word_1_232' title='bbox 471 1432 553 1459; x_wconf 87' lang='lat' dir='ltr'>Festa</span> <span class='ocrx_word' id='word_1_233' title='bbox 572 1433 685 1459; x_wconf 90' lang='lat' dir='ltr'>mobilia</span> <span class='ocrx_word' id='word_1_234' title='bbox 703 1433 888 1460; x_wconf 87' lang='lat' dir='ltr'>inveniantur.</span> 
     </span>
    </p>

    <p class='ocr_par' dir='ltr' id='par_1_7' title="bbox 153 1471 983 1779">
     <span class='ocr_line' id='line_1_34' title="bbox 209 1471 983 1500; baseline 0.003 -3"><span class='ocrx_word' id='word_1_235' title='bbox 209 1471 251 1497; x_wconf 83' lang='lat' dir='ltr'>Ex</span> <span class='ocrx_word' id='word_1_236' title='bbox 275 1471 370 1497; x_wconf 85' lang='lat' dir='ltr'>tabula</span> <span class='ocrx_word' id='word_1_237' title='bbox 387 1479 455 1497; x_wconf 90' lang='lat' dir='ltr'>vero</span> <span class='ocrx_word' id='word_1_238' title='bbox 473 1471 602 1498; x_wconf 76' lang='lat' dir='ltr'>Paschali</span> <span class='ocrx_word' id='word_1_239' title='bbox 625 1479 698 1498; x_wconf 88' lang='lat' dir='ltr'>nova</span> <span class='ocrx_word' id='word_1_240' title='bbox 721 1472 759 1498; x_wconf 84' lang='lat' dir='ltr'>ita</span> <span class='ocrx_word' id='word_1_241' title='bbox 781 1473 878 1498; x_wconf 88' lang='lat' dir='ltr'>eadem</span> <span class='ocrx_word' id='word_1_242' title='bbox 902 1473 983 1500; x_wconf 87' lang='lat' dir='ltr'>Festa</span> 
     </span>
     <span class='ocr_line' id='line_1_35' title="bbox 158 1510 983 1544; baseline 0.002 -8"><span class='ocrx_word' id='word_1_243' title='bbox 158 1510 270 1536; x_wconf 87' lang='lat' dir='ltr'>mobilia</span> <span class='ocrx_word' id='word_1_244' title='bbox 289 1510 471 1544; x_wconf 86' lang='lat' dir='ltr'>reperientur.</span> <span class='ocrx_word' id='word_1_245' title='bbox 507 1511 540 1536; x_wconf 88' lang='lat' dir='ltr'>In</span> <span class='ocrx_word' id='word_1_246' title='bbox 562 1511 660 1538; x_wconf 86' lang='lat' dir='ltr'>cellula</span> <span class='ocrx_word' id='word_1_247' title='bbox 682 1511 782 1538; x_wconf 86' lang='lat' dir='ltr'>litterae</span> <span class='ocrx_word' id='word_1_248' title='bbox 801 1511 983 1538; x_wconf 89' lang='lat' dir='ltr'>Dominicalis</span> 
     </span>
     <span class='ocr_line' id='line_1_36' title="bbox 157 1549 983 1584; baseline 0.002 -9"><span class='ocrx_word' id='word_1_249' title='bbox 157 1549 296 1576; x_wconf 88' lang='lat' dir='ltr'>currentis</span> <span class='ocrx_word' id='word_1_250' title='bbox 313 1553 458 1583; x_wconf 83' lang='lat' dir='ltr'>quaeratur</span> <span class='ocrx_word' id='word_1_251' title='bbox 475 1549 580 1584; x_wconf 89' lang='lat' dir='ltr'>Epacta</span> <span class='ocrx_word' id='word_1_252' title='bbox 598 1558 722 1577; x_wconf 90' lang='lat' dir='ltr'>currens.</span> <span class='ocrx_word' id='word_1_253' title='bbox 753 1551 825 1578; x_wconf 91' lang='lat' dir='ltr'>Nam</span> <span class='ocrx_word' id='word_1_254' title='bbox 843 1558 859 1576; x_wconf 93' lang='lat' dir='ltr'>e</span> <span class='ocrx_word' id='word_1_255' title='bbox 877 1550 983 1577; x_wconf 90' lang='lat' dir='ltr'>directo</span> 
     </span>
     <span class='ocr_line' id='line_1_37' title="bbox 157 1587 983 1623; baseline 0.002 -9"><span class='ocrx_word' id='word_1_256' title='bbox 157 1587 250 1615; x_wconf 84' lang='lat' dir='ltr'>omnia</span> <span class='ocrx_word' id='word_1_257' title='bbox 264 1588 347 1615; x_wconf 88' lang='lat' dir='ltr'>Festa</span> <span class='ocrx_word' id='word_1_258' title='bbox 361 1588 475 1616; x_wconf 86' lang='lat' dir='ltr'>mobilia</span> <span class='ocrx_word' id='word_1_259' title='bbox 489 1589 740 1623; x_wconf 85' lang='lat' dir='ltr'>deprehendentur.</span> <span class='ocrx_word' id='word_1_260' title='bbox 774 1591 812 1618; x_wconf 90' lang='lat' dir='ltr'>Ut</span> <span class='ocrx_word' id='word_1_261' title='bbox 827 1598 900 1616; x_wconf 90' lang='lat' dir='ltr'>anno</span> <span class='ocrx_word' id='word_1_262' title='bbox 916 1591 983 1616; x_wconf 80' lang='lat'>1609</span> 
     </span>
     <span class='ocr_line' id='line_1_38' title="bbox 155 1627 983 1663; baseline 0.002 -10"><span class='ocrx_word' id='word_1_263' title='bbox 155 1627 184 1654; x_wconf 91' lang='lat' dir='ltr'>in</span> <span class='ocrx_word' id='word_1_264' title='bbox 202 1627 298 1654; x_wconf 87' lang='lat' dir='ltr'>cellula</span> <span class='ocrx_word' id='word_1_265' title='bbox 313 1627 414 1654; x_wconf 85' lang='lat' dir='ltr'>litterae</span> <span class='ocrx_word' id='word_1_266' title='bbox 427 1629 609 1655; x_wconf 88' lang='lat' dir='ltr'>Dominicalis</span> <span class='ocrx_word' id='word_1_267' title='bbox 623 1629 650 1663; x_wconf 90' lang='lat' dir='ltr'>d,</span> <span class='ocrx_word' id='word_1_268' title='bbox 670 1633 736 1656; x_wconf 87' lang='lat' dir='ltr'>tunc</span> <span class='ocrx_word' id='word_1_269' title='bbox 748 1629 894 1663; x_wconf 87' lang='lat' dir='ltr'>currentis,</span> <span class='ocrx_word' id='word_1_270' title='bbox 913 1637 927 1655; x_wconf 92' lang='lat' dir='ltr'>e</span> <span class='ocrx_word' id='word_1_271' title='bbox 942 1637 983 1655; x_wconf 90' lang='lat' dir='ltr'>re-</span> 
     </span>
     <span class='ocr_line' id='line_1_39' title="bbox 154 1666 983 1702; baseline 0.002 -10"><span class='ocrx_word' id='word_1_272' title='bbox 154 1666 235 1700; x_wconf 82' lang='lat' dir='ltr'>gione</span> <span class='ocrx_word' id='word_1_273' title='bbox 248 1666 362 1700; x_wconf 82' lang='lat' dir='ltr'>Epactae</span> <span class='ocrx_word' id='word_1_274' title='bbox 376 1667 451 1694; x_wconf 85' lang='lat' dir='ltr'>xxiv.</span> <span class='ocrx_word' id='word_1_275' title='bbox 471 1676 534 1702; x_wconf 87' lang='lat' dir='ltr'>quae</span> <span class='ocrx_word' id='word_1_276' title='bbox 549 1669 647 1695; x_wconf 90' lang='lat' dir='ltr'>eodem</span> <span class='ocrx_word' id='word_1_277' title='bbox 661 1676 734 1695; x_wconf 88' lang='lat' dir='ltr'>anno</span> <span class='ocrx_word' id='word_1_278' title='bbox 750 1668 845 1702; x_wconf 87' lang='lat' dir='ltr'>currit,</span> <span class='ocrx_word' id='word_1_279' title='bbox 864 1669 983 1695; x_wconf 88' lang='lat' dir='ltr'>habetur</span> 
     </span>
     <span class='ocr_line' id='line_1_40' title="bbox 153 1704 981 1741; baseline 0.002 -9"><span class='ocrx_word' id='word_1_280' title='bbox 153 1704 282 1740; x_wconf 80' lang='lat' dir='ltr'>Septuag.</span> <span class='ocrx_word' id='word_1_281' title='bbox 302 1705 347 1732; x_wconf 88' lang='lat' dir='ltr'>die</span> <span class='ocrx_word' id='word_1_282' title='bbox 366 1707 406 1733; x_wconf 85' lang='lat'>15.</span> <span class='ocrx_word' id='word_1_283' title='bbox 427 1707 517 1741; x_wconf 65' lang='lat' dir='ltr'>Febr„</span> <span class='ocrx_word' id='word_1_284' title='bbox 536 1707 596 1734; x_wconf 88' lang='lat' dir='ltr'>dies</span> <span class='ocrx_word' id='word_1_285' title='bbox 615 1708 747 1735; x_wconf 87' lang='lat' dir='ltr'>Cinerum</span> <span class='ocrx_word' id='word_1_286' title='bbox 765 1707 790 1735; x_wconf 84' lang='lat'>4.</span> <span class='ocrx_word' id='word_1_287' title='bbox 810 1707 911 1741; x_wconf 85' lang='lat' dir='ltr'>Martii,</span> <span class='ocrx_word' id='word_1_288' title='bbox 930 1708 981 1734; x_wconf 87' lang='lat' dir='ltr'>Pa-</span> 
     </span>
     <span class='ocr_line' id='line_1_41' title="bbox 154 1745 481 1779; baseline 0.006 -8"><span class='ocrx_word' id='word_1_289' title='bbox 154 1745 221 1772; x_wconf 81' lang='lat' dir='ltr'>scha</span> <span class='ocrx_word' id='word_1_290' title='bbox 237 1745 278 1771; x_wconf 84' lang='grc'>19.</span> <span class='ocrx_word' id='word_1_291' title='bbox 298 1745 412 1779; x_wconf 80' lang='lat' dir='ltr'>Aprilis,</span> <span class='ocrx_word' id='word_1_292' title='bbox 431 1749 481 1773; x_wconf 89' lang='lat' dir='ltr'>etc.</span> 
     </span>
    </p>

    <p class='ocr_par' dir='ltr' id='par_1_8' title="bbox 153 1783 981 1899">
     <span class='ocr_line' id='line_1_42' title="bbox 205 1783 981 1819; baseline 0.003 -9"><span class='ocrx_word' id='word_1_293' title='bbox 205 1783 261 1811; x_wconf 85' lang='lat' dir='ltr'>Sed</span> <span class='ocrx_word' id='word_1_294' title='bbox 279 1784 338 1811; x_wconf 87' lang='lat' dir='ltr'>sive</span> <span class='ocrx_word' id='word_1_295' title='bbox 357 1785 480 1819; x_wconf 84' lang='lat' dir='ltr'>antiqua,</span> <span class='ocrx_word' id='word_1_296' title='bbox 498 1785 557 1812; x_wconf 89' lang='lat' dir='ltr'>sive</span> <span class='ocrx_word' id='word_1_297' title='bbox 575 1794 649 1813; x_wconf 88' lang='lat' dir='ltr'>nova</span> <span class='ocrx_word' id='word_1_298' title='bbox 668 1786 763 1812; x_wconf 89' lang='lat' dir='ltr'>tabula</span> <span class='ocrx_word' id='word_1_299' title='bbox 776 1786 905 1812; x_wconf 85' lang='lat' dir='ltr'>Paschali</span> <span class='ocrx_word' id='word_1_300' title='bbox 922 1789 981 1813; x_wconf 89' lang='lat' dir='ltr'>uta-</span> 
     </span>
     <span class='ocr_line' id='line_1_43' title="bbox 154 1823 981 1858; baseline 0.002 -8"><span class='ocrx_word' id='word_1_301' title='bbox 154 1831 226 1858; x_wconf 87' lang='lat' dir='ltr'>mur,</span> <span class='ocrx_word' id='word_1_302' title='bbox 243 1823 410 1851; x_wconf 86' lang='lat' dir='ltr'>invenienda</span> <span class='ocrx_word' id='word_1_303' title='bbox 427 1828 494 1851; x_wconf 85' lang='lat' dir='ltr'>sunt</span> <span class='ocrx_word' id='word_1_304' title='bbox 511 1825 604 1852; x_wconf 86' lang='lat' dir='ltr'>omnia</span> <span class='ocrx_word' id='word_1_305' title='bbox 622 1825 705 1852; x_wconf 87' lang='lat' dir='ltr'>Festa</span> <span class='ocrx_word' id='word_1_306' title='bbox 723 1825 836 1852; x_wconf 85' lang='lat' dir='ltr'>mobilia</span> <span class='ocrx_word' id='word_1_307' title='bbox 854 1825 882 1852; x_wconf 86' lang='lat' dir='ltr'>in</span> <span class='ocrx_word' id='word_1_308' title='bbox 901 1826 981 1852; x_wconf 84' lang='lat' dir='ltr'>annis</span> 
     </span>
     <span class='ocr_line' id='line_1_44' title="bbox 153 1862 980 1899; baseline 0.002 -10"><span class='ocrx_word' id='word_1_309' title='bbox 153 1862 349 1890; x_wconf 79' lang='lat' dir='ltr'>Bissextilibus</span> <span class='ocrx_word' id='word_1_310' title='bbox 366 1871 418 1897; x_wconf 87' lang='lat' dir='ltr'>per</span> <span class='ocrx_word' id='word_1_311' title='bbox 435 1863 556 1891; x_wconf 84' lang='lat' dir='ltr'>litteram</span> <span class='ocrx_word' id='word_1_312' title='bbox 570 1864 772 1892; x_wconf 85' lang='lat' dir='ltr'>Dominicalem</span> <span class='ocrx_word' id='word_1_313' title='bbox 788 1865 980 1899; x_wconf 80' lang='lat' dir='ltr'>posteriorem,</span> 
     </span>
    </p>

    <p class='ocr_par' dir='ltr' id='par_1_9' title="bbox 149 1901 980 2602">
     <span class='ocr_line' id='line_1_45' title="bbox 173 1901 980 1938; baseline 0.002 -10"><span class='ocrx_word' id='word_1_314' title='bbox 173 1909 217 1928; x_wconf 77' lang='lat' dir='ltr'>uae</span> <span class='ocrx_word' id='word_1_315' title='bbox 230 1901 361 1929; x_wconf 87' lang='lat' dir='ltr'>nimirum</span> <span class='ocrx_word' id='word_1_316' title='bbox 375 1902 464 1929; x_wconf 86' lang='lat' dir='ltr'>currit</span> <span class='ocrx_word' id='word_1_317' title='bbox 476 1906 541 1937; x_wconf 87' lang='lat' dir='ltr'>post</span> <span class='ocrx_word' id='word_1_318' title='bbox 554 1904 666 1930; x_wconf 84' lang='lat' dir='ltr'>Festum</span> <span class='ocrx_word' id='word_1_319' title='bbox 681 1903 770 1930; x_wconf 88' lang='lat' dir='ltr'>sancti</span> <span class='ocrx_word' id='word_1_320' title='bbox 783 1904 895 1930; x_wconf 85' lang='lat' dir='ltr'>Mathiae</span> <span class='ocrx_word' id='word_1_321' title='bbox 905 1904 980 1938; x_wconf 90' lang='lat' dir='ltr'>Apo-</span> 
     </span>
     <span class='ocr_line' id='line_1_46' title="bbox 153 1941 980 1977; baseline 0.002 -10"><span class='ocrx_word' id='word_1_322' title='bbox 153 1941 224 1975; x_wconf 82' lang='lat' dir='ltr'>stoli,</span> <span class='ocrx_word' id='word_1_323' title='bbox 242 1948 277 1968; x_wconf 88' lang='lat' dir='ltr'>ne</span> <span class='ocrx_word' id='word_1_324' title='bbox 295 1941 399 1968; x_wconf 90' lang='lat' dir='ltr'>scilicet</span> <span class='ocrx_word' id='word_1_325' title='bbox 413 1943 595 1977; x_wconf 84' lang='lat' dir='ltr'>ambigamus,</span> <span class='ocrx_word' id='word_1_326' title='bbox 612 1947 675 1970; x_wconf 90' lang='lat' dir='ltr'>utra</span> <span class='ocrx_word' id='word_1_327' title='bbox 690 1943 810 1970; x_wconf 90' lang='lat' dir='ltr'>duarum</span> <span class='ocrx_word' id='word_1_328' title='bbox 824 1943 980 1970; x_wconf 85' lang='lat' dir='ltr'>litterarum</span> 
     </span>
     <span class='ocr_line' id='line_1_47' title="bbox 151 1980 980 2016; baseline 0.001 -9"><span class='ocrx_word' id='word_1_329' title='bbox 151 1988 204 2014; x_wconf 88' lang='lat' dir='ltr'>pro</span> <span class='ocrx_word' id='word_1_330' title='bbox 222 1980 283 2014; x_wconf 91' lang='lat' dir='ltr'>hoc,</span> <span class='ocrx_word' id='word_1_331' title='bbox 301 1984 350 2008; x_wconf 91' lang='lat' dir='ltr'>aut</span> <span class='ocrx_word' id='word_1_332' title='bbox 362 1981 410 2008; x_wconf 92' lang='lat' dir='ltr'>illo</span> <span class='ocrx_word' id='word_1_333' title='bbox 424 1982 507 2009; x_wconf 86' lang='lat' dir='ltr'>Festo</span> <span class='ocrx_word' id='word_1_334' title='bbox 522 1982 856 2016; x_wconf 76' lang='lat' dir='ltr'>indagando&#39;accipienda</span> <span class='ocrx_word' id='word_1_335' title='bbox 875 1982 922 2008; x_wconf 90' lang='lat' dir='ltr'>sit:</span> <span class='ocrx_word' id='word_1_336' title='bbox 941 1982 980 2009; x_wconf 85' lang='lat' dir='ltr'>ita</span> 
     </span>
     <span class='ocr_line' id='line_1_48' title="bbox 152 2019 979 2054; baseline 0.001 -8"><span class='ocrx_word' id='word_1_337' title='bbox 152 2023 246 2046; x_wconf 81' lang='lat' dir='ltr'>tamen</span> <span class='ocrx_word' id='word_1_338' title='bbox 264 2023 295 2046; x_wconf 91' lang='lat' dir='ltr'>ut</span> <span class='ocrx_word' id='word_1_339' title='bbox 312 2019 529 2054; x_wconf 85' lang='lat' dir='ltr'>Septuagesimae</span> <span class='ocrx_word' id='word_1_340' title='bbox 548 2025 575 2048; x_wconf 90' lang='lat' dir='ltr'>et</span> <span class='ocrx_word' id='word_1_341' title='bbox 593 2022 648 2048; x_wconf 91' lang='lat' dir='ltr'>diei</span> <span class='ocrx_word' id='word_1_342' title='bbox 662 2021 794 2048; x_wconf 92' lang='lat' dir='ltr'>Cinerum</span> <span class='ocrx_word' id='word_1_343' title='bbox 811 2021 932 2047; x_wconf 86' lang='lat' dir='ltr'>inventae</span> <span class='ocrx_word' id='word_1_344' title='bbox 947 2021 979 2048; x_wconf 82' lang='lat' dir='ltr'>&#39;in</span> 
     </span>
     <span class='ocr_line' id='line_1_49' title="bbox 152 2058 978 2093; baseline 0.001 -8"><span class='ocrx_word' id='word_1_345' title='bbox 152 2058 288 2086; x_wconf 59' lang='lat' dir='ltr'>«Ianuario</span> <span class='ocrx_word' id='word_1_346' title='bbox 312 2062 360 2086; x_wconf 84' lang='lat' dir='ltr'>aut</span> <span class='ocrx_word' id='word_1_347' title='bbox 378 2060 531 2087; x_wconf 88' lang='lat' dir='ltr'>Februario</span> <span class='ocrx_word' id='word_1_348' title='bbox 554 2061 676 2087; x_wconf 87' lang='lat' dir='ltr'>addatur</span> <span class='ocrx_word' id='word_1_349' title='bbox 697 2068 769 2086; x_wconf 87' lang='lat' dir='ltr'>unus</span> <span class='ocrx_word' id='word_1_350' title='bbox 792 2060 859 2087; x_wconf 86' lang='lat' dir='ltr'>dies.</span> <span class='ocrx_word' id='word_1_351' title='bbox 896 2060 978 2093; x_wconf 92' lang='lat' dir='ltr'>Quod</span> 
     </span>
     <span class='ocr_line' id='line_1_50' title="bbox 151 2097 979 2133; baseline 0.004 -10"><span class='ocrx_word' id='word_1_352' title='bbox 151 2097 215 2124; x_wconf 86' lang='lat' dir='ltr'>ideo</span> <span class='ocrx_word' id='word_1_353' title='bbox 233 2097 276 2131; x_wconf 84' lang='lat' dir='ltr'>fit,</span> <span class='ocrx_word' id='word_1_354' title='bbox 300 2098 366 2131; x_wconf 90' lang='lat' dir='ltr'>quia</span> <span class='ocrx_word' id='word_1_355' title='bbox 385 2102 449 2125; x_wconf 86' lang='lat' dir='ltr'>ante</span> <span class='ocrx_word' id='word_1_356' title='bbox 467 2099 540 2125; x_wconf 90' lang='lat' dir='ltr'>diem</span> <span class='ocrx_word' id='word_1_357' title='bbox 560 2098 587 2126; x_wconf 89' lang='lat' dir='ltr'>S.</span> <span class='ocrx_word' id='word_1_358' title='bbox 606 2099 718 2126; x_wconf 81' lang='lat' dir='ltr'>Mathiae</span> <span class='ocrx_word' id='word_1_359' title='bbox 736 2099 823 2126; x_wconf 91' lang='lat' dir='ltr'>currit</span> <span class='ocrx_word' id='word_1_360' title='bbox 842 2100 920 2133; x_wconf 91' lang='lat' dir='ltr'>prior</span> <span class='ocrx_word' id='word_1_361' title='bbox 936 2099 979 2126; x_wconf 91' lang='lat' dir='ltr'>lit-</span> 
     </span>
     <span class='ocr_line' id='line_1_51' title="bbox 152 2137 978 2172; baseline 0.002 -9"><span class='ocrx_word' id='word_1_362' title='bbox 152 2140 211 2163; x_wconf 88' lang='lat' dir='ltr'>tera</span> <span class='ocrx_word' id='word_1_363' title='bbox 235 2137 431 2171; x_wconf 89' lang='lat' dir='ltr'>Dominicalis,</span> <span class='ocrx_word' id='word_1_364' title='bbox 458 2146 522 2172; x_wconf 86' lang='lat' dir='ltr'>quae</span> <span class='ocrx_word' id='word_1_365' title='bbox 547 2138 574 2164; x_wconf 91' lang='lat' dir='ltr'>in</span> <span class='ocrx_word' id='word_1_366' title='bbox 600 2138 770 2165; x_wconf 84' lang='lat' dir='ltr'>Kalendario</span> <span class='ocrx_word' id='word_1_367' title='bbox 794 2138 978 2172; x_wconf 84' lang='lat' dir='ltr'>posteriorem</span> 
     </span>
     <span class='ocr_line' id='line_1_52' title="bbox 150 2177 977 2211; baseline 0.002 -9"><span class='ocrx_word' id='word_1_368' title='bbox 150 2183 261 2210; x_wconf 85' lang='lat' dir='ltr'>semper</span> <span class='ocrx_word' id='word_1_369' title='bbox 279 2177 417 2211; x_wconf 86' lang='lat' dir='ltr'>sequitur:</span> <span class='ocrx_word' id='word_1_370' title='bbox 439 2181 503 2211; x_wconf 91' lang='lat' dir='ltr'>post</span> <span class='ocrx_word' id='word_1_371' title='bbox 520 2178 633 2204; x_wconf 85' lang='lat' dir='ltr'>Festum</span> <span class='ocrx_word' id='word_1_372' title='bbox 656 2181 748 2204; x_wconf 89' lang='lat' dir='ltr'>autem</span> <span class='ocrx_word' id='word_1_373' title='bbox 767 2177 794 2204; x_wconf 90' lang='lat' dir='ltr'>S.</span> <span class='ocrx_word' id='word_1_374' title='bbox 815 2178 926 2204; x_wconf 85' lang='lat' dir='ltr'>Mathiae</span> <span class='ocrx_word' id='word_1_375' title='bbox 949 2178 977 2204; x_wconf 94' lang='lat' dir='ltr'>in</span> 
     </span>
     <span class='ocr_line' id='line_1_53' title="bbox 150 2215 977 2250; baseline 0.002 -9"><span class='ocrx_word' id='word_1_376' title='bbox 150 2215 312 2249; x_wconf 84' lang='lat' dir='ltr'>Februario,</span> <span class='ocrx_word' id='word_1_377' title='bbox 326 2215 388 2243; x_wconf 87' lang='lat' dir='ltr'>licet</span> <span class='ocrx_word' id='word_1_378' title='bbox 398 2217 538 2250; x_wconf 86' lang='lat' dir='ltr'>posterior</span> <span class='ocrx_word' id='word_1_379' title='bbox 547 2217 639 2244; x_wconf 89' lang='lat' dir='ltr'>littera</span> <span class='ocrx_word' id='word_1_380' title='bbox 648 2220 751 2250; x_wconf 90' lang='lat' dir='ltr'>currat,</span> <span class='ocrx_word' id='word_1_381' title='bbox 762 2217 875 2243; x_wconf 88' lang='lat' dir='ltr'>additur</span> <span class='ocrx_word' id='word_1_382' title='bbox 885 2220 977 2243; x_wconf 79' lang='lat' dir='ltr'>tamen</span> 
     </span>
     <span class='ocr_line' id='line_1_54' title="bbox 151 2254 976 2289; baseline 0.002 -9"><span class='ocrx_word' id='word_1_383' title='bbox 151 2257 217 2281; x_wconf 88' lang='lat' dir='ltr'>tunc</span> <span class='ocrx_word' id='word_1_384' title='bbox 235 2254 294 2281; x_wconf 87' lang='lat' dir='ltr'>dies</span> <span class='ocrx_word' id='word_1_385' title='bbox 313 2255 493 2289; x_wconf 82' lang='lat' dir='ltr'>intercalaris,</span> <span class='ocrx_word' id='word_1_386' title='bbox 512 2256 550 2283; x_wconf 87' lang='lat' dir='ltr'>ita</span> <span class='ocrx_word' id='word_1_387' title='bbox 569 2259 600 2282; x_wconf 90' lang='lat' dir='ltr'>ut</span> <span class='ocrx_word' id='word_1_388' title='bbox 614 2256 675 2289; x_wconf 81' lang='lat' dir='ltr'>dies</span> <span class='ocrx_word' id='word_1_389' title='bbox 689 2256 730 2283; x_wconf 84' lang='lat'>24.</span> <span class='ocrx_word' id='word_1_390' title='bbox 744 2256 889 2283; x_wconf 87' lang='lat' dir='ltr'>Februarii</span> <span class='ocrx_word' id='word_1_391' title='bbox 904 2255 976 2282; x_wconf 89' lang='lat' dir='ltr'>dica-</span> 
     </span>
     <span class='ocr_line' id='line_1_55' title="bbox 150 2294 976 2328; baseline 0.002 -9"><span class='ocrx_word' id='word_1_392' title='bbox 150 2296 197 2319; x_wconf 91' lang='lat' dir='ltr'>tur</span> <span class='ocrx_word' id='word_1_393' title='bbox 221 2294 271 2327; x_wconf 64' lang='lat'>25„</span> <span class='ocrx_word' id='word_1_394' title='bbox 296 2297 323 2320; x_wconf 89' lang='lat' dir='ltr'>et</span> <span class='ocrx_word' id='word_1_395' title='bbox 345 2294 405 2321; x_wconf 86' lang='lat' dir='ltr'>dies</span> <span class='ocrx_word' id='word_1_396' title='bbox 429 2295 470 2322; x_wconf 85' lang='lat'>25.</span> <span class='ocrx_word' id='word_1_397' title='bbox 489 2295 598 2322; x_wconf 91' lang='lat' dir='ltr'>dicatur</span> <span class='ocrx_word' id='word_1_398' title='bbox 618 2295 660 2328; x_wconf 81' lang='lat'>26,</span> <span class='ocrx_word' id='word_1_399' title='bbox 678 2299 728 2322; x_wconf 89' lang='lat' dir='ltr'>etc.</span> <span class='ocrx_word' id='word_1_400' title='bbox 765 2295 846 2328; x_wconf 89' lang='lat' dir='ltr'>Quod</span> <span class='ocrx_word' id='word_1_401' title='bbox 871 2295 894 2321; x_wconf 93' lang='lat' dir='ltr'>si</span> <span class='ocrx_word' id='word_1_402' title='bbox 917 2295 976 2321; x_wconf 87' lang='lat' dir='ltr'>dies</span> 
     </span>
     <span class='ocr_line' id='line_1_56' title="bbox 150 2331 975 2367; baseline 0.002 -9"><span class='ocrx_word' id='word_1_403' title='bbox 150 2331 280 2359; x_wconf 85' lang='lat' dir='ltr'>Cinerum</span> <span class='ocrx_word' id='word_1_404' title='bbox 296 2333 377 2359; x_wconf 90' lang='lat' dir='ltr'>cadat</span> <span class='ocrx_word' id='word_1_405' title='bbox 391 2333 419 2359; x_wconf 91' lang='lat' dir='ltr'>in</span> <span class='ocrx_word' id='word_1_406' title='bbox 433 2334 572 2367; x_wconf 86' lang='lat' dir='ltr'>Martium,</span> <span class='ocrx_word' id='word_1_407' title='bbox 585 2334 652 2360; x_wconf 90' lang='lat' dir='ltr'>nihil</span> <span class='ocrx_word' id='word_1_408' title='bbox 667 2334 827 2360; x_wconf 89' lang='lat' dir='ltr'>addendum</span> <span class='ocrx_word' id='word_1_409' title='bbox 842 2338 891 2367; x_wconf 80' lang='lat' dir='ltr'>est,</span> <span class='ocrx_word' id='word_1_410' title='bbox 910 2334 975 2367; x_wconf 86' lang='lat' dir='ltr'>quia</span> 
     </span>
     <span class='ocr_line' id='line_1_57' title="bbox 151 2371 975 2406; baseline 0.002 -9"><span class='ocrx_word' id='word_1_411' title='bbox 151 2375 215 2397; x_wconf 88' lang='lat' dir='ltr'>tunc</span> <span class='ocrx_word' id='word_1_412' title='bbox 233 2375 261 2397; x_wconf 86' lang='lat' dir='ltr'>et</span> <span class='ocrx_word' id='word_1_413' title='bbox 278 2371 370 2398; x_wconf 89' lang='lat' dir='ltr'>littera</span> <span class='ocrx_word' id='word_1_414' title='bbox 391 2373 532 2406; x_wconf 88' lang='lat' dir='ltr'>posterior</span> <span class='ocrx_word' id='word_1_415' title='bbox 549 2373 648 2406; x_wconf 89' lang='lat' dir='ltr'>currit,</span> <span class='ocrx_word' id='word_1_416' title='bbox 667 2376 695 2399; x_wconf 92' lang='lat' dir='ltr'>et</span> <span class='ocrx_word' id='word_1_417' title='bbox 713 2373 772 2399; x_wconf 90' lang='lat' dir='ltr'>dies</span> <span class='ocrx_word' id='word_1_418' title='bbox 791 2373 894 2400; x_wconf 88' lang='lat' dir='ltr'>mensis</span> <span class='ocrx_word' id='word_1_419' title='bbox 912 2381 975 2406; x_wconf 86' lang='lat' dir='ltr'>pro-</span> 
     </span>
     <span class='ocr_line' id='line_1_58' title="bbox 149 2410 972 2445; baseline 0.002 -9"><span class='ocrx_word' id='word_1_420' title='bbox 149 2410 218 2444; x_wconf 87' lang='lat' dir='ltr'>priis</span> <span class='ocrx_word' id='word_1_421' title='bbox 236 2411 359 2437; x_wconf 88' lang='lat' dir='ltr'>numeris</span> <span class='ocrx_word' id='word_1_422' title='bbox 378 2412 555 2445; x_wconf 87' lang='lat' dir='ltr'>respondent,</span> <span class='ocrx_word' id='word_1_423' title='bbox 573 2420 636 2438; x_wconf 93' lang='lat' dir='ltr'>cum</span> <span class='ocrx_word' id='word_1_424' title='bbox 655 2412 715 2438; x_wconf 89' lang='lat' dir='ltr'>dies</span> <span class='ocrx_word' id='word_1_425' title='bbox 733 2412 905 2438; x_wconf 90' lang='lat' dir='ltr'>intercalaris</span> <span class='ocrx_word' id='word_1_426' title='bbox 923 2412 972 2438; x_wconf 90' lang='lat' dir='ltr'>Fe-</span> 
     </span>
     <span class='ocr_line' id='line_1_59' title="bbox 149 2449 974 2485; baseline 0.002 -10"><span class='ocrx_word' id='word_1_427' title='bbox 149 2449 263 2476; x_wconf 88' lang='lat' dir='ltr'>bruario</span> <span class='ocrx_word' id='word_1_428' title='bbox 281 2450 317 2476; x_wconf 87' lang='lat' dir='ltr'>sit</span> <span class='ocrx_word' id='word_1_429' title='bbox 336 2451 456 2477; x_wconf 88' lang='lat' dir='ltr'>additus.</span> <span class='ocrx_word' id='word_1_430' title='bbox 489 2451 549 2477; x_wconf 91' lang='lat' dir='ltr'>Imo</span> <span class='ocrx_word' id='word_1_431' title='bbox 567 2451 620 2477; x_wconf 90' lang='lat' dir='ltr'>nisi</span> <span class='ocrx_word' id='word_1_432' title='bbox 638 2459 689 2485; x_wconf 90' lang='lat' dir='ltr'>per</span> <span class='ocrx_word' id='word_1_433' title='bbox 702 2451 885 2485; x_wconf 87' lang='lat' dir='ltr'>posteriorem</span> <span class='ocrx_word' id='word_1_434' title='bbox 905 2451 974 2477; x_wconf 89' lang='lat' dir='ltr'>litte-</span> 
     </span>
     <span class='ocr_line' id='line_1_60' title="bbox 149 2488 975 2524; baseline 0.002 -10"><span class='ocrx_word' id='word_1_435' title='bbox 149 2496 209 2514; x_wconf 88' lang='lat' dir='ltr'>ram</span> <span class='ocrx_word' id='word_1_436' title='bbox 229 2488 473 2523; x_wconf 87' lang='lat' dir='ltr'>investigarentur‚</span> <span class='ocrx_word' id='word_1_437' title='bbox 495 2498 550 2516; x_wconf 94' lang='lat' dir='ltr'>non</span> <span class='ocrx_word' id='word_1_438' title='bbox 574 2490 747 2517; x_wconf 87' lang='lat' dir='ltr'>inveniretur</span> <span class='ocrx_word' id='word_1_439' title='bbox 769 2494 842 2516; x_wconf 82' lang='lat' dir='ltr'>recte</span> <span class='ocrx_word' id='word_1_440' title='bbox 861 2490 975 2524; x_wconf 85' lang='lat' dir='ltr'>Septua-</span> 
     </span>
     <span class='ocr_line' id='line_1_61' title="bbox 149 2527 974 2564; baseline 0.002 -11"><span class='ocrx_word' id='word_1_441' title='bbox 149 2527 252 2561; x_wconf 81' lang='lat' dir='ltr'>gesima</span> <span class='ocrx_word' id='word_1_442' title='bbox 273 2528 300 2554; x_wconf 93' lang='lat' dir='ltr'>in</span> <span class='ocrx_word' id='word_1_443' title='bbox 319 2536 391 2554; x_wconf 89' lang='lat' dir='ltr'>anno</span> <span class='ocrx_word' id='word_1_444' title='bbox 411 2529 548 2555; x_wconf 87' lang='lat' dir='ltr'>Bissextili</span> <span class='ocrx_word' id='word_1_445' title='bbox 570 2533 698 2556; x_wconf 89' lang='lat' dir='ltr'>currente</span> <span class='ocrx_word' id='word_1_446' title='bbox 713 2530 818 2564; x_wconf 83' lang='lat' dir='ltr'>Epacta</span> <span class='ocrx_word' id='word_1_447' title='bbox 837 2530 910 2556; x_wconf 88' lang='lat' dir='ltr'>xxiv.</span> <span class='ocrx_word' id='word_1_448' title='bbox 931 2529 974 2555; x_wconf 93' lang='lat' dir='ltr'>vel</span> 
     </span>
     <span class='ocr_line' id='line_1_62' title="bbox 150 2567 974 2602; baseline 0.004 -10"><span class='ocrx_word' id='word_1_449' title='bbox 150 2574 223 2600; x_wconf 64' lang='lat' dir='ltr'>xxv„</span> <span class='ocrx_word' id='word_1_450' title='bbox 249 2570 277 2592; x_wconf 91' lang='lat' dir='ltr'>et</span> <span class='ocrx_word' id='word_1_451' title='bbox 294 2567 386 2593; x_wconf 87' lang='lat' dir='ltr'>littera</span> <span class='ocrx_word' id='word_1_452' title='bbox 404 2568 570 2594; x_wconf 88' lang='lat' dir='ltr'>Dominicali</span> <span class='ocrx_word' id='word_1_453' title='bbox 595 2568 613 2594; x_wconf 90' lang='lat' dir='ltr'>d</span> <span class='ocrx_word' id='word_1_454' title='bbox 637 2576 665 2602; x_wconf 89' lang='lat' dir='ltr'>c,</span> <span class='ocrx_word' id='word_1_455' title='bbox 690 2572 720 2595; x_wconf 92' lang='lat' dir='ltr'>ut</span> <span class='ocrx_word' id='word_1_456' title='bbox 744 2569 772 2595; x_wconf 90' lang='lat' dir='ltr'>in</span> <span class='ocrx_word' id='word_1_457' title='bbox 796 2569 918 2595; x_wconf 89' lang='lat' dir='ltr'>secundo</span> <span class='ocrx_word' id='word_1_458' title='bbox 942 2576 974 2595; x_wconf 83' lang='lat' dir='ltr'>ac</span> 
     </span>
    </p>
   </div>
   <div class='ocr_carea' id='block_1_5' title="bbox 1025 299 1874 2603">
    <p class='ocr_par' dir='ltr' id='par_1_10' title="bbox 1037 299 1874 1392">
     <span class='ocr_line' id='line_1_63' title="bbox 1047 299 1873 336; baseline 0.006 -12"><span class='ocrx_word' id='word_1_459' title='bbox 1047 299 1130 325; x_wconf 86' lang='lat' dir='ltr'>tertio</span> <span class='ocrx_word' id='word_1_460' title='bbox 1140 299 1267 334; x_wconf 92' lang='lat' dir='ltr'>exemplo</span> <span class='ocrx_word' id='word_1_461' title='bbox 1277 301 1454 334; x_wconf 90' lang='lat' dir='ltr'>perspicuum</span> <span class='ocrx_word' id='word_1_462' title='bbox 1470 302 1517 328; x_wconf 86' lang='lat' dir='ltr'>fiet</span> <span class='ocrx_word' id='word_1_463' title='bbox 1531 310 1582 336; x_wconf 90' lang='lat' dir='ltr'>pro</span> <span class='ocrx_word' id='word_1_464' title='bbox 1592 302 1672 329; x_wconf 87' lang='lat' dir='ltr'>annis</span> <span class='ocrx_word' id='word_1_465' title='bbox 1681 303 1750 329; x_wconf 84' lang='lat'>4088</span> <span class='ocrx_word' id='word_1_466' title='bbox 1760 306 1787 329; x_wconf 88' lang='lat' dir='ltr'>et</span> <span class='ocrx_word' id='word_1_467' title='bbox 1797 303 1873 329; x_wconf 76' lang='lat'>3784.</span> 
     </span>
     <span class='ocr_line' id='line_1_64' title="bbox 1047 338 1874 375; baseline 0.005 -11"><span class='ocrx_word' id='word_1_468' title='bbox 1047 338 1174 372; x_wconf 83' lang='lat' dir='ltr'>Exempli</span> <span class='ocrx_word' id='word_1_469' title='bbox 1198 339 1299 372; x_wconf 88' lang='lat' dir='ltr'>gratia:</span> <span class='ocrx_word' id='word_1_470' title='bbox 1321 339 1405 366; x_wconf 92' lang='lat' dir='ltr'>Anno</span> <span class='ocrx_word' id='word_1_471' title='bbox 1428 341 1496 367; x_wconf 80' lang='lat'>2096</span> <span class='ocrx_word' id='word_1_472' title='bbox 1515 341 1667 374; x_wconf 77' lang='lat' dir='ltr'>Bissexn&#39;li,</span> <span class='ocrx_word' id='word_1_473' title='bbox 1693 342 1798 375; x_wconf 83' lang='lat' dir='ltr'>Epacta</span> <span class='ocrx_word' id='word_1_474' title='bbox 1822 341 1874 368; x_wconf 85' lang='lat' dir='ltr'>erit</span> 
     </span>
     <span class='ocr_line' id='line_1_65' title="bbox 1047 378 1872 415; baseline 0.005 -12"><span class='ocrx_word' id='word_1_475' title='bbox 1047 386 1072 404; x_wconf 93' lang='lat' dir='ltr'>v.</span> <span class='ocrx_word' id='word_1_476' title='bbox 1091 382 1119 404; x_wconf 88' lang='lat' dir='ltr'>et</span> <span class='ocrx_word' id='word_1_477' title='bbox 1137 378 1237 404; x_wconf 86' lang='lat' dir='ltr'>litterae</span> <span class='ocrx_word' id='word_1_478' title='bbox 1256 378 1444 405; x_wconf 88' lang='lat' dir='ltr'>Dominicales</span> <span class='ocrx_word' id='word_1_479' title='bbox 1462 380 1485 404; x_wconf 82' lang='lat' dir='ltr'>A</span> <span class='ocrx_word' id='word_1_480' title='bbox 1506 388 1530 413; x_wconf 86' lang='lat' dir='ltr'>g.</span> <span class='ocrx_word' id='word_1_481' title='bbox 1565 380 1594 407; x_wconf 90' lang='lat' dir='ltr'>Si</span> <span class='ocrx_word' id='word_1_482' title='bbox 1614 380 1697 414; x_wconf 86' lang='lat' dir='ltr'>igitur</span> <span class='ocrx_word' id='word_1_483' title='bbox 1714 388 1764 414; x_wconf 90' lang='lat' dir='ltr'>per</span> <span class='ocrx_word' id='word_1_484' title='bbox 1782 384 1872 415; x_wconf 75' lang='lat' dir='ltr'>poste-</span> 
     </span>
     <span class='ocr_line' id='line_1_66' title="bbox 1047 416 1873 453; baseline 0.005 -11"><span class='ocrx_word' id='word_1_485' title='bbox 1047 416 1149 443; x_wconf 88' lang='lat' dir='ltr'>riorem</span> <span class='ocrx_word' id='word_1_486' title='bbox 1168 417 1302 450; x_wconf 89' lang='lat' dir='ltr'>litteram,</span> <span class='ocrx_word' id='word_1_487' title='bbox 1325 426 1389 451; x_wconf 84' lang='lat' dir='ltr'>quae</span> <span class='ocrx_word' id='word_1_488' title='bbox 1406 422 1448 445; x_wconf 90' lang='lat' dir='ltr'>est</span> <span class='ocrx_word' id='word_1_489' title='bbox 1466 427 1495 453; x_wconf 82' lang='lat' dir='ltr'>g,</span> <span class='ocrx_word' id='word_1_490' title='bbox 1519 420 1601 445; x_wconf 89' lang='lat' dir='ltr'>Festa</span> <span class='ocrx_word' id='word_1_491' title='bbox 1626 420 1738 446; x_wconf 92' lang='lat' dir='ltr'>mobilia</span> <span class='ocrx_word' id='word_1_492' title='bbox 1762 420 1873 446; x_wconf 87' lang='lat' dir='ltr'>investi-</span> 
     </span>
     <span class='ocr_line' id='line_1_67' title="bbox 1045 456 1872 492; baseline 0.005 -11"><span class='ocrx_word' id='word_1_493' title='bbox 1045 459 1158 488; x_wconf 78' lang='lat' dir='ltr'>gentur,</span> <span class='ocrx_word' id='word_1_494' title='bbox 1181 456 1336 490; x_wconf 74' lang='lat' dir='ltr'>repet-Ietur</span> <span class='ocrx_word' id='word_1_495' title='bbox 1355 457 1563 491; x_wconf 87' lang='lat' dir='ltr'>Septuagesima</span> <span class='ocrx_word' id='word_1_496' title='bbox 1586 458 1631 484; x_wconf 92' lang='lat' dir='ltr'>die</span> <span class='ocrx_word' id='word_1_497' title='bbox 1655 459 1694 486; x_wconf 88' lang='lat'>11.</span> <span class='ocrx_word' id='word_1_498' title='bbox 1718 459 1872 492; x_wconf 75' lang='lat' dir='ltr'>Februarii,</span> 
     </span>
     <span class='ocr_line' id='line_1_68' title="bbox 1046 494 1873 524; baseline 0.005 -4"><span class='ocrx_word' id='word_1_499' title='bbox 1046 498 1073 520; x_wconf 91' lang='lat' dir='ltr'>et</span> <span class='ocrx_word' id='word_1_500' title='bbox 1096 494 1155 521; x_wconf 91' lang='lat' dir='ltr'>dies</span> <span class='ocrx_word' id='word_1_501' title='bbox 1178 495 1310 522; x_wconf 88' lang='lat' dir='ltr'>Cinerum</span> <span class='ocrx_word' id='word_1_502' title='bbox 1334 497 1374 523; x_wconf 80' lang='lat'>28.</span> <span class='ocrx_word' id='word_1_503' title='bbox 1394 497 1547 523; x_wconf 88' lang='lat' dir='ltr'>Februarii.</span> <span class='ocrx_word' id='word_1_504' title='bbox 1583 496 1613 523; x_wconf 88' lang='lat' dir='ltr'>Si</span> <span class='ocrx_word' id='word_1_505' title='bbox 1637 501 1728 524; x_wconf 92' lang='lat' dir='ltr'>autem</span> <span class='ocrx_word' id='word_1_506' title='bbox 1753 498 1873 524; x_wconf 89' lang='lat' dir='ltr'>addatur</span> 
     </span>
     <span class='ocr_line' id='line_1_69' title="bbox 1046 534 1872 569; baseline 0.004 -9"><span class='ocrx_word' id='word_1_507' title='bbox 1046 542 1118 560; x_wconf 88' lang='lat' dir='ltr'>unus</span> <span class='ocrx_word' id='word_1_508' title='bbox 1132 534 1199 567; x_wconf 81' lang='lat' dir='ltr'>dies,</span> <span class='ocrx_word' id='word_1_509' title='bbox 1214 535 1294 561; x_wconf 87' lang='lat' dir='ltr'>cadet</span> <span class='ocrx_word' id='word_1_510' title='bbox 1308 535 1517 569; x_wconf 88' lang='lat' dir='ltr'>Septuagesima</span> <span class='ocrx_word' id='word_1_511' title='bbox 1531 537 1559 563; x_wconf 92' lang='lat' dir='ltr'>in</span> <span class='ocrx_word' id='word_1_512' title='bbox 1574 537 1647 563; x_wconf 90' lang='lat' dir='ltr'>diem</span> <span class='ocrx_word' id='word_1_513' title='bbox 1664 538 1703 563; x_wconf 89' lang='lat'>12.</span> <span class='ocrx_word' id='word_1_514' title='bbox 1719 537 1872 569; x_wconf 86' lang='lat' dir='ltr'>Februarii,</span> 
     </span>
     <span class='ocr_line' id='line_1_70' title="bbox 1045 574 1872 607; baseline 0.004 -8"><span class='ocrx_word' id='word_1_515' title='bbox 1045 581 1109 607; x_wconf 86' lang='lat' dir='ltr'>quae</span> <span class='ocrx_word' id='word_1_516' title='bbox 1127 577 1169 600; x_wconf 87' lang='lat' dir='ltr'>est</span> <span class='ocrx_word' id='word_1_517' title='bbox 1187 574 1342 607; x_wconf 73' lang='lat' dir='ltr'>Dominica,</span> <span class='ocrx_word' id='word_1_518' title='bbox 1361 578 1388 601; x_wconf 89' lang='lat' dir='ltr'>et</span> <span class='ocrx_word' id='word_1_519' title='bbox 1406 575 1466 601; x_wconf 87' lang='lat' dir='ltr'>dies</span> <span class='ocrx_word' id='word_1_520' title='bbox 1480 575 1610 602; x_wconf 90' lang='lat' dir='ltr'>Cinerum</span> <span class='ocrx_word' id='word_1_521' title='bbox 1630 576 1658 602; x_wconf 93' lang='lat' dir='ltr'>in</span> <span class='ocrx_word' id='word_1_522' title='bbox 1678 576 1750 602; x_wconf 87' lang='lat' dir='ltr'>diem</span> <span class='ocrx_word' id='word_1_523' title='bbox 1765 576 1805 603; x_wconf 73' lang='lat'>⁴29.</span> <span class='ocrx_word' id='word_1_524' title='bbox 1823 576 1872 602; x_wconf 88' lang='lat' dir='ltr'>Fe-</span> 
     </span>
     <span class='ocr_line' id='line_1_71' title="bbox 1044 613 1870 649; baseline 0.004 -11"><span class='ocrx_word' id='word_1_525' title='bbox 1044 613 1158 645; x_wconf 89' lang='lat' dir='ltr'>bruarii,</span> <span class='ocrx_word' id='word_1_526' title='bbox 1177 621 1241 647; x_wconf 89' lang='lat' dir='ltr'>quae</span> <span class='ocrx_word' id='word_1_527' title='bbox 1259 617 1302 639; x_wconf 88' lang='lat' dir='ltr'>est</span> <span class='ocrx_word' id='word_1_528' title='bbox 1315 614 1395 641; x_wconf 86' lang='lat' dir='ltr'>Feria</span> <span class='ocrx_word' id='word_1_529' title='bbox 1415 614 1464 649; x_wconf 81' lang='lat' dir='ltr'>iv.;</span> <span class='ocrx_word' id='word_1_530' title='bbox 1483 615 1591 641; x_wconf 89' lang='lat' dir='ltr'>Pascha</span> <span class='ocrx_word' id='word_1_531' title='bbox 1611 619 1703 641; x_wconf 88' lang='lat' dir='ltr'>autem</span> <span class='ocrx_word' id='word_1_532' title='bbox 1723 615 1870 649; x_wconf 88' lang='lat' dir='ltr'>etreliqua</span> 
     </span>
     <span class='ocr_line' id='line_1_72' title="bbox 1044 652 1870 688; baseline 0.004 -11"><span class='ocrx_word' id='word_1_533' title='bbox 1044 652 1126 678; x_wconf 89' lang='lat' dir='ltr'>Festa</span> <span class='ocrx_word' id='word_1_534' title='bbox 1146 652 1173 678; x_wconf 94' lang='lat' dir='ltr'>in</span> <span class='ocrx_word' id='word_1_535' title='bbox 1193 660 1240 679; x_wconf 89' lang='lat' dir='ltr'>eos</span> <span class='ocrx_word' id='word_1_536' title='bbox 1255 653 1314 679; x_wconf 88' lang='lat' dir='ltr'>dies</span> <span class='ocrx_word' id='word_1_537' title='bbox 1329 654 1428 679; x_wconf 89' lang='lat' dir='ltr'>cadent</span> <span class='ocrx_word' id='word_1_538' title='bbox 1442 654 1489 687; x_wconf 94' lang='lat' dir='ltr'>qui</span> <span class='ocrx_word' id='word_1_539' title='bbox 1509 654 1538 680; x_wconf 90' lang='lat' dir='ltr'>in</span> <span class='ocrx_word' id='word_1_540' title='bbox 1552 654 1646 680; x_wconf 88' lang='lat' dir='ltr'>tabula</span> <span class='ocrx_word' id='word_1_541' title='bbox 1661 654 1784 688; x_wconf 84' lang='lat' dir='ltr'>expressi</span> <span class='ocrx_word' id='word_1_542' title='bbox 1798 658 1870 680; x_wconf 88' lang='lat' dir='ltr'>sunt.</span> 
     </span>
     <span class='ocr_line' id='line_1_73' title="bbox 1044 691 1870 726; baseline 0.004 -10"><span class='ocrx_word' id='word_1_543' title='bbox 1044 691 1114 716; x_wconf 83' lang='lat' dir='ltr'>ltem</span> <span class='ocrx_word' id='word_1_544' title='bbox 1133 699 1206 717; x_wconf 91' lang='lat' dir='ltr'>anno</span> <span class='ocrx_word' id='word_1_545' title='bbox 1224 691 1292 718; x_wconf 75' lang='lat'>4088</span> <span class='ocrx_word' id='word_1_546' title='bbox 1312 692 1466 726; x_wconf 86' lang='lat' dir='ltr'>Bissextili,</span> <span class='ocrx_word' id='word_1_547' title='bbox 1485 693 1590 726; x_wconf 89' lang='lat' dir='ltr'>Epacta</span> <span class='ocrx_word' id='word_1_548' title='bbox 1608 693 1661 719; x_wconf 90' lang='lat' dir='ltr'>erit</span> <span class='ocrx_word' id='word_1_549' title='bbox 1679 693 1762 726; x_wconf 73' lang='lat' dir='ltr'>xxiv.⁷</span> <span class='ocrx_word' id='word_1_550' title='bbox 1785 696 1811 719; x_wconf 90' lang='lat' dir='ltr'>et</span> <span class='ocrx_word' id='word_1_551' title='bbox 1830 693 1870 719; x_wconf 92' lang='lat' dir='ltr'>lit-</span> 
     </span>
     <span class='ocr_line' id='line_1_74' title="bbox 1043 730 1870 766; baseline 0.004 -11"><span class='ocrx_word' id='word_1_552' title='bbox 1043 733 1111 755; x_wconf 91' lang='lat' dir='ltr'>terae</span> <span class='ocrx_word' id='word_1_553' title='bbox 1126 730 1314 757; x_wconf 88' lang='lat' dir='ltr'>Dominicales</span> <span class='ocrx_word' id='word_1_554' title='bbox 1328 731 1347 757; x_wconf 89' lang='lat' dir='ltr'>d</span> <span class='ocrx_word' id='word_1_555' title='bbox 1365 739 1386 757; x_wconf 94' lang='lat' dir='ltr'>c.</span> <span class='ocrx_word' id='word_1_556' title='bbox 1424 731 1453 758; x_wconf 86' lang='lat' dir='ltr'>Si</span> <span class='ocrx_word' id='word_1_557' title='bbox 1472 732 1555 765; x_wconf 88' lang='lat' dir='ltr'>igitur</span> <span class='ocrx_word' id='word_1_558' title='bbox 1568 740 1618 766; x_wconf 90' lang='lat' dir='ltr'>per</span> <span class='ocrx_word' id='word_1_559' title='bbox 1632 732 1751 758; x_wconf 88' lang='lat' dir='ltr'>litteram</span> <span class='ocrx_word' id='word_1_560' title='bbox 1766 740 1788 765; x_wconf 90' lang='lat' dir='ltr'>c,</span> <span class='ocrx_word' id='word_1_561' title='bbox 1807 740 1870 765; x_wconf 88' lang='lat' dir='ltr'>quae</span> 
     </span>
     <span class='ocr_line' id='line_1_75' title="bbox 1042 769 1870 803; baseline 0.004 -9"><span class='ocrx_word' id='word_1_562' title='bbox 1042 769 1182 802; x_wconf 90' lang='lat' dir='ltr'>posterior</span> <span class='ocrx_word' id='word_1_563' title='bbox 1198 773 1248 803; x_wconf 83' lang='lat' dir='ltr'>est⁷</span> <span class='ocrx_word' id='word_1_564' title='bbox 1268 770 1446 803; x_wconf 89' lang='lat' dir='ltr'>inquirantur</span> <span class='ocrx_word' id='word_1_565' title='bbox 1463 771 1546 797; x_wconf 88' lang='lat' dir='ltr'>Festa</span> <span class='ocrx_word' id='word_1_566' title='bbox 1565 771 1690 803; x_wconf 88' lang='lat' dir='ltr'>mobilia,</span> <span class='ocrx_word' id='word_1_567' title='bbox 1715 771 1870 797; x_wconf 84' lang='lat' dir='ltr'>invenietur</span> 
     </span>
     <span class='ocr_line' id='line_1_76' title="bbox 1042 807 1869 843; baseline 0.004 -10"><span class='ocrx_word' id='word_1_568' title='bbox 1042 807 1171 842; x_wconf 83' lang='lat' dir='ltr'>Septuag.</span> <span class='ocrx_word' id='word_1_569' title='bbox 1191 809 1236 834; x_wconf 90' lang='lat' dir='ltr'>die</span> <span class='ocrx_word' id='word_1_570' title='bbox 1254 810 1295 835; x_wconf 96' lang='lat'>21.</span> <span class='ocrx_word' id='word_1_571' title='bbox 1314 810 1404 843; x_wconf 58' lang='lat' dir='ltr'>Febr„</span> <span class='ocrx_word' id='word_1_572' title='bbox 1424 814 1451 836; x_wconf 91' lang='lat' dir='ltr'>et</span> <span class='ocrx_word' id='word_1_573' title='bbox 1470 810 1492 836; x_wconf 89' lang='lat' dir='ltr'>si</span> <span class='ocrx_word' id='word_1_574' title='bbox 1512 811 1632 837; x_wconf 85' lang='lat' dir='ltr'>addatur</span> <span class='ocrx_word' id='word_1_575' title='bbox 1650 819 1723 837; x_wconf 87' lang='lat' dir='ltr'>unus</span> <span class='ocrx_word' id='word_1_576' title='bbox 1741 811 1808 843; x_wconf 80' lang='lat' dir='ltr'>dies⁷</span> <span class='ocrx_word' id='word_1_577' title='bbox 1828 818 1869 836; x_wconf 93' lang='lat' dir='ltr'>ca-</span> 
     </span>
     <span class='ocr_line' id='line_1_77' title="bbox 1042 847 1869 883; baseline 0.002 -11"><span class='ocrx_word' id='word_1_578' title='bbox 1042 847 1089 873; x_wconf 89' lang='lat' dir='ltr'>det</span> <span class='ocrx_word' id='word_1_579' title='bbox 1113 847 1141 873; x_wconf 92' lang='lat' dir='ltr'>in</span> <span class='ocrx_word' id='word_1_580' title='bbox 1166 847 1239 874; x_wconf 90' lang='lat' dir='ltr'>diem</span> <span class='ocrx_word' id='word_1_581' title='bbox 1264 849 1304 875; x_wconf 89' lang='lat'>22.</span> <span class='ocrx_word' id='word_1_582' title='bbox 1330 849 1420 883; x_wconf 87' lang='lat' dir='ltr'>Febr.,</span> <span class='ocrx_word' id='word_1_583' title='bbox 1450 858 1514 883; x_wconf 83' lang='lat' dir='ltr'>quae</span> <span class='ocrx_word' id='word_1_584' title='bbox 1539 853 1580 876; x_wconf 89' lang='lat' dir='ltr'>est</span> <span class='ocrx_word' id='word_1_585' title='bbox 1605 849 1759 876; x_wconf 83' lang='lat' dir='ltr'>Dominica.</span> <span class='ocrx_word' id='word_1_586' title='bbox 1803 849 1869 876; x_wconf 87' lang='lat' dir='ltr'>Dies</span> 
     </span>
     <span class='ocr_line' id='line_1_78' title="bbox 1042 887 1870 922; baseline 0.004 -10"><span class='ocrx_word' id='word_1_587' title='bbox 1042 890 1134 912; x_wconf 86' lang='lat' dir='ltr'>autem</span> <span class='ocrx_word' id='word_1_588' title='bbox 1161 887 1293 914; x_wconf 91' lang='lat' dir='ltr'>Cinerum</span> <span class='ocrx_word' id='word_1_589' title='bbox 1318 889 1398 914; x_wconf 88' lang='lat' dir='ltr'>cadet</span> <span class='ocrx_word' id='word_1_590' title='bbox 1427 888 1455 914; x_wconf 90' lang='lat' dir='ltr'>in</span> <span class='ocrx_word' id='word_1_591' title='bbox 1483 889 1556 915; x_wconf 89' lang='lat' dir='ltr'>diem</span> <span class='ocrx_word' id='word_1_592' title='bbox 1582 890 1622 915; x_wconf 89' lang='lat'>10.</span> <span class='ocrx_word' id='word_1_593' title='bbox 1649 889 1754 915; x_wconf 87' lang='lat' dir='ltr'>Martii:</span> <span class='ocrx_word' id='word_1_594' title='bbox 1783 896 1870 922; x_wconf 88' lang='lat' dir='ltr'>quare</span> 
     </span>
     <span class='ocr_line' id='line_1_79' title="bbox 1041 925 1869 960; baseline 0.002 -9"><span class='ocrx_word' id='word_1_595' title='bbox 1041 925 1109 951; x_wconf 90' lang='lat' dir='ltr'>nihil</span> <span class='ocrx_word' id='word_1_596' title='bbox 1137 926 1264 960; x_wconf 85' lang='lat' dir='ltr'>additur,</span> <span class='ocrx_word' id='word_1_597' title='bbox 1293 931 1342 953; x_wconf 88' lang='lat' dir='ltr'>etc.</span> <span class='ocrx_word' id='word_1_598' title='bbox 1388 927 1498 954; x_wconf 86' lang='lat' dir='ltr'>Rursus</span> <span class='ocrx_word' id='word_1_599' title='bbox 1526 936 1598 954; x_wconf 89' lang='lat' dir='ltr'>anno</span> <span class='ocrx_word' id='word_1_600' title='bbox 1626 928 1694 955; x_wconf 80' lang='lat'>3784</span> <span class='ocrx_word' id='word_1_601' title='bbox 1721 927 1869 960; x_wconf 84' lang='lat' dir='ltr'>Bissextili‚</span> 
     </span>
     <span class='ocr_line' id='line_1_80' title="bbox 1042 965 1868 999; baseline 0.004 -9"><span class='ocrx_word' id='word_1_602' title='bbox 1042 965 1147 998; x_wconf 87' lang='lat' dir='ltr'>Epacta</span> <span class='ocrx_word' id='word_1_603' title='bbox 1166 965 1218 991; x_wconf 91' lang='lat' dir='ltr'>erit</span> <span class='ocrx_word' id='word_1_604' title='bbox 1238 974 1301 992; x_wconf 86' lang='lat' dir='ltr'>xxv.</span> <span class='ocrx_word' id='word_1_605' title='bbox 1328 970 1355 992; x_wconf 93' lang='lat' dir='ltr'>et</span> <span class='ocrx_word' id='word_1_606' title='bbox 1374 967 1472 993; x_wconf 82' lang='lat' dir='ltr'>litterae</span> <span class='ocrx_word' id='word_1_607' title='bbox 1492 967 1680 993; x_wconf 87' lang='lat' dir='ltr'>Dominicales</span> <span class='ocrx_word' id='word_1_608' title='bbox 1698 967 1716 993; x_wconf 85' lang='lat' dir='ltr'>d</span> <span class='ocrx_word' id='word_1_609' title='bbox 1736 974 1758 993; x_wconf 68' lang='lat' dir='ltr'>c.</span> <span class='ocrx_word' id='word_1_610' title='bbox 1795 967 1868 999; x_wconf 88' lang='lat' dir='ltr'>Ergo</span> 
     </span>
     <span class='ocr_line' id='line_1_81' title="bbox 1040 1005 1868 1040; baseline 0 -9"><span class='ocrx_word' id='word_1_611' title='bbox 1040 1005 1141 1031; x_wconf 88' lang='lat' dir='ltr'>iterum</span> <span class='ocrx_word' id='word_1_612' title='bbox 1167 1013 1219 1038; x_wconf 88' lang='lat' dir='ltr'>per</span> <span class='ocrx_word' id='word_1_613' title='bbox 1242 1006 1426 1038; x_wconf 88' lang='lat' dir='ltr'>posteriorem</span> <span class='ocrx_word' id='word_1_614' title='bbox 1450 1014 1465 1032; x_wconf 96' lang='lat' dir='ltr'>c</span> <span class='ocrx_word' id='word_1_615' title='bbox 1490 1006 1646 1039; x_wconf 89' lang='lat' dir='ltr'>reperietur</span> <span class='ocrx_word' id='word_1_616' title='bbox 1668 1006 1797 1040; x_wconf 88' lang='lat' dir='ltr'>Septuag.</span> <span class='ocrx_word' id='word_1_617' title='bbox 1823 1005 1868 1032; x_wconf 90' lang='lat' dir='ltr'>die</span> 
     </span>
     <span class='ocr_line' id='line_1_82' title="bbox 1040 1044 1867 1078; baseline 0.001 -9"><span class='ocrx_word' id='word_1_618' title='bbox 1040 1044 1081 1070; x_wconf 86' lang='lat'>21.</span> <span class='ocrx_word' id='word_1_619' title='bbox 1101 1044 1259 1077; x_wconf 88' lang='lat' dir='ltr'>Februarii,</span> <span class='ocrx_word' id='word_1_620' title='bbox 1284 1045 1336 1071; x_wconf 92' lang='lat' dir='ltr'>hoc</span> <span class='ocrx_word' id='word_1_621' title='bbox 1361 1049 1415 1078; x_wconf 84' lang='lat' dir='ltr'>est,</span> <span class='ocrx_word' id='word_1_622' title='bbox 1440 1045 1535 1072; x_wconf 91' lang='lat' dir='ltr'>addita</span> <span class='ocrx_word' id='word_1_623' title='bbox 1562 1047 1574 1072; x_wconf 93' lang='lat'>1</span> <span class='ocrx_word' id='word_1_624' title='bbox 1595 1046 1639 1072; x_wconf 90' lang='lat' dir='ltr'>die</span> <span class='ocrx_word' id='word_1_625' title='bbox 1659 1046 1700 1071; x_wconf 85' lang='lat'>22.</span> <span class='ocrx_word' id='word_1_626' title='bbox 1737 1045 1819 1077; x_wconf 89' lang='lat' dir='ltr'>Quod</span> <span class='ocrx_word' id='word_1_627' title='bbox 1844 1045 1867 1070; x_wconf 92' lang='lat' dir='ltr'>si</span> 
     </span>
     <span class='ocr_line' id='line_1_83' title="bbox 1039 1083 1866 1118; baseline 0.002 -10"><span class='ocrx_word' id='word_1_628' title='bbox 1039 1090 1090 1116; x_wconf 87' lang='lat' dir='ltr'>per</span> <span class='ocrx_word' id='word_1_629' title='bbox 1108 1083 1231 1116; x_wconf 86' lang='lat' dir='ltr'>priorem</span> <span class='ocrx_word' id='word_1_630' title='bbox 1250 1083 1370 1109; x_wconf 88' lang='lat' dir='ltr'>litteram</span> <span class='ocrx_word' id='word_1_631' title='bbox 1395 1084 1412 1110; x_wconf 91' lang='lat' dir='ltr'>d</span> <span class='ocrx_word' id='word_1_632' title='bbox 1436 1084 1463 1110; x_wconf 94' lang='lat' dir='ltr'>in</span> <span class='ocrx_word' id='word_1_633' title='bbox 1490 1089 1608 1118; x_wconf 89' lang='lat' dir='ltr'>utroque</span> <span class='ocrx_word' id='word_1_634' title='bbox 1627 1085 1726 1110; x_wconf 89' lang='lat' dir='ltr'>horum</span> <span class='ocrx_word' id='word_1_635' title='bbox 1747 1084 1866 1110; x_wconf 89' lang='lat' dir='ltr'>duorum</span> 
     </span>
     <span class='ocr_line' id='line_1_84' title="bbox 1039 1122 1866 1156; baseline 0.001 -9"><span class='ocrx_word' id='word_1_636' title='bbox 1039 1129 1176 1148; x_wconf 90' lang='lat' dir='ltr'>annorum</span> <span class='ocrx_word' id='word_1_637' title='bbox 1192 1123 1328 1155; x_wconf 82' lang='lat' dir='ltr'>agendum</span> <span class='ocrx_word' id='word_1_638' title='bbox 1348 1127 1428 1156; x_wconf 81' lang='lat' dir='ltr'>esset,</span> <span class='ocrx_word' id='word_1_639' title='bbox 1446 1124 1514 1150; x_wconf 90' lang='lat' dir='ltr'>nihil</span> <span class='ocrx_word' id='word_1_640' title='bbox 1527 1124 1693 1156; x_wconf 80' lang='lat' dir='ltr'>efficeretur,</span> <span class='ocrx_word' id='word_1_641' title='bbox 1711 1131 1774 1150; x_wconf 88' lang='lat' dir='ltr'>cum</span> <span class='ocrx_word' id='word_1_642' title='bbox 1794 1122 1866 1149; x_wconf 88' lang='lat' dir='ltr'>infra</span> 
     </span>
     <span class='ocr_line' id='line_1_85' title="bbox 1039 1161 1865 1196; baseline 0 -9"><span class='ocrx_word' id='word_1_643' title='bbox 1039 1161 1159 1194; x_wconf 85' lang='lat' dir='ltr'>Epactas</span> <span class='ocrx_word' id='word_1_644' title='bbox 1178 1162 1252 1189; x_wconf 87' lang='lat' dir='ltr'>xxiv.</span> <span class='ocrx_word' id='word_1_645' title='bbox 1272 1166 1298 1188; x_wconf 91' lang='lat' dir='ltr'>et</span> <span class='ocrx_word' id='word_1_646' title='bbox 1318 1170 1381 1188; x_wconf 89' lang='lat' dir='ltr'>xxv.</span> <span class='ocrx_word' id='word_1_647' title='bbox 1401 1162 1493 1189; x_wconf 90' lang='lat' dir='ltr'>littera</span> <span class='ocrx_word' id='word_1_648' title='bbox 1510 1163 1528 1189; x_wconf 92' lang='lat' dir='ltr'>d</span> <span class='ocrx_word' id='word_1_649' title='bbox 1548 1163 1649 1189; x_wconf 88' lang='lat' dir='ltr'>indicet</span> <span class='ocrx_word' id='word_1_650' title='bbox 1667 1162 1795 1196; x_wconf 84' lang='lat' dir='ltr'>Septuag.</span> <span class='ocrx_word' id='word_1_651' title='bbox 1821 1162 1865 1188; x_wconf 91' lang='lat' dir='ltr'>die</span> 
     </span>
     <span class='ocr_line' id='line_1_86' title="bbox 1040 1200 1865 1235; baseline 0.004 -10"><span class='ocrx_word' id='word_1_652' title='bbox 1040 1200 1080 1226; x_wconf 92' lang='lat'>15.</span> <span class='ocrx_word' id='word_1_653' title='bbox 1095 1200 1184 1233; x_wconf 91' lang='lat' dir='ltr'>Febr.‚</span> <span class='ocrx_word' id='word_1_654' title='bbox 1203 1201 1279 1234; x_wconf 89' lang='lat' dir='ltr'>quod</span> <span class='ocrx_word' id='word_1_655' title='bbox 1295 1201 1395 1227; x_wconf 86' lang='lat' dir='ltr'>falsum</span> <span class='ocrx_word' id='word_1_656' title='bbox 1411 1205 1491 1235; x_wconf 89' lang='lat' dir='ltr'>esset,</span> <span class='ocrx_word' id='word_1_657' title='bbox 1510 1210 1573 1228; x_wconf 91' lang='lat' dir='ltr'>cum</span> <span class='ocrx_word' id='word_1_658' title='bbox 1592 1210 1624 1228; x_wconf 90' lang='lat' dir='ltr'>eo</span> <span class='ocrx_word' id='word_1_659' title='bbox 1639 1210 1712 1228; x_wconf 90' lang='lat' dir='ltr'>anno</span> <span class='ocrx_word' id='word_1_660' title='bbox 1727 1201 1865 1235; x_wconf 86' lang='lat' dir='ltr'>posterior</span> 
     </span>
     <span class='ocr_line' id='line_1_87' title="bbox 1038 1239 1863 1275; baseline 0.002 -11"><span class='ocrx_word' id='word_1_661' title='bbox 1038 1239 1129 1265; x_wconf 89' lang='lat' dir='ltr'>littera</span> <span class='ocrx_word' id='word_1_662' title='bbox 1149 1247 1163 1265; x_wconf 95' lang='lat' dir='ltr'>c</span> <span class='ocrx_word' id='word_1_663' title='bbox 1181 1239 1288 1267; x_wconf 86' lang='lat' dir='ltr'>Pascha</span> <span class='ocrx_word' id='word_1_664' title='bbox 1308 1241 1407 1267; x_wconf 81' lang='lat' dir='ltr'>offerat</span> <span class='ocrx_word' id='word_1_665' title='bbox 1426 1241 1470 1267; x_wconf 88' lang='lat' dir='ltr'>die</span> <span class='ocrx_word' id='word_1_666' title='bbox 1490 1242 1531 1267; x_wconf 89' lang='lat'>25.</span> <span class='ocrx_word' id='word_1_667' title='bbox 1550 1241 1668 1275; x_wconf 85' lang='lat' dir='ltr'>Aprilis,</span> <span class='ocrx_word' id='word_1_668' title='bbox 1692 1249 1723 1267; x_wconf 89' lang='lat' dir='ltr'>ac</span> <span class='ocrx_word' id='word_1_669' title='bbox 1746 1241 1863 1275; x_wconf 87' lang='lat' dir='ltr'>proinde</span> 
     </span>
     <span class='ocr_line' id='line_1_88' title="bbox 1037 1277 1862 1314; baseline 0.004 -11"><span class='ocrx_word' id='word_1_670' title='bbox 1037 1277 1166 1312; x_wconf 89' lang='lat' dir='ltr'>Septuag.</span> <span class='ocrx_word' id='word_1_671' title='bbox 1185 1279 1229 1305; x_wconf 89' lang='lat' dir='ltr'>die</span> <span class='ocrx_word' id='word_1_672' title='bbox 1244 1280 1284 1306; x_wconf 86' lang='lat'>22.</span> <span class='ocrx_word' id='word_1_673' title='bbox 1300 1280 1444 1307; x_wconf 87' lang='lat' dir='ltr'>Februarii</span> <span class='ocrx_word' id='word_1_674' title='bbox 1463 1281 1628 1307; x_wconf 90' lang='lat' dir='ltr'>celebranda</span> <span class='ocrx_word' id='word_1_675' title='bbox 1647 1281 1691 1314; x_wconf 86' lang='lat' dir='ltr'>sit,</span> <span class='ocrx_word' id='word_1_676' title='bbox 1709 1284 1739 1306; x_wconf 92' lang='lat' dir='ltr'>ut</span> <span class='ocrx_word' id='word_1_677' title='bbox 1757 1280 1862 1314; x_wconf 89' lang='lat' dir='ltr'>liquido</span> 
     </span>
     <span class='ocr_line' id='line_1_89' title="bbox 1037 1318 1862 1353; baseline 0.001 -10"><span class='ocrx_word' id='word_1_678' title='bbox 1037 1321 1153 1351; x_wconf 84' lang='lat' dir='ltr'>constat,</span> <span class='ocrx_word' id='word_1_679' title='bbox 1172 1318 1195 1344; x_wconf 91' lang='lat' dir='ltr'>si</span> <span class='ocrx_word' id='word_1_680' title='bbox 1214 1326 1230 1344; x_wconf 92' lang='lat' dir='ltr'>a</span> <span class='ocrx_word' id='word_1_681' title='bbox 1249 1318 1293 1344; x_wconf 90' lang='lat' dir='ltr'>die</span> <span class='ocrx_word' id='word_1_682' title='bbox 1313 1319 1435 1353; x_wconf 82' lang='lat' dir='ltr'>Paschae,</span> <span class='ocrx_word' id='word_1_683' title='bbox 1455 1320 1609 1346; x_wconf 83' lang='lat' dir='ltr'>Dominicae</span> <span class='ocrx_word' id='word_1_684' title='bbox 1627 1323 1703 1346; x_wconf 91' lang='lat' dir='ltr'>retro</span> <span class='ocrx_word' id='word_1_685' title='bbox 1719 1327 1862 1345; x_wconf 88' lang='lat' dir='ltr'>numeren—</span> 
     </span>
     <span class='ocr_line' id='line_1_90' title="bbox 1037 1357 1508 1392; baseline 0.006 -10"><span class='ocrx_word' id='word_1_686' title='bbox 1037 1360 1084 1382; x_wconf 88' lang='lat' dir='ltr'>tur</span> <span class='ocrx_word' id='word_1_687' title='bbox 1101 1365 1190 1390; x_wconf 90' lang='lat' dir='ltr'>usque</span> <span class='ocrx_word' id='word_1_688' title='bbox 1209 1357 1244 1383; x_wconf 91' lang='lat' dir='ltr'>ad</span> <span class='ocrx_word' id='word_1_689' title='bbox 1263 1357 1508 1392; x_wconf 85' lang='lat' dir='ltr'>Septuagesimam.</span> 
     </span>
    </p>

    <p class='ocr_par' dir='ltr' id='par_1_11' title="bbox 1032 1396 1861 2019">
     <span class='ocr_line' id='line_1_91' title="bbox 1088 1396 1861 1431; baseline 0.001 -10"><span class='ocrx_word' id='word_1_690' title='bbox 1088 1396 1121 1422; x_wconf 94' lang='lat' dir='ltr'>In</span> <span class='ocrx_word' id='word_1_691' title='bbox 1145 1397 1233 1430; x_wconf 89' lang='lat' dir='ltr'>priori</span> <span class='ocrx_word' id='word_1_692' title='bbox 1256 1405 1342 1431; x_wconf 88' lang='lat' dir='ltr'>porro</span> <span class='ocrx_word' id='word_1_693' title='bbox 1367 1398 1460 1424; x_wconf 89' lang='lat' dir='ltr'>tabula</span> <span class='ocrx_word' id='word_1_694' title='bbox 1485 1398 1612 1425; x_wconf 90' lang='lat' dir='ltr'>Paschali</span> <span class='ocrx_word' id='word_1_695' title='bbox 1637 1398 1750 1431; x_wconf 86' lang='lat' dir='ltr'>antiqua</span> <span class='ocrx_word' id='word_1_696' title='bbox 1775 1397 1861 1423; x_wconf 89' lang='lat' dir='ltr'>refor-</span> 
     </span>
     <span class='ocr_line' id='line_1_92' title="bbox 1036 1435 1861 1471; baseline 0.001 -10"><span class='ocrx_word' id='word_1_697' title='bbox 1036 1439 1125 1468; x_wconf 90' lang='lat' dir='ltr'>mata,</span> <span class='ocrx_word' id='word_1_698' title='bbox 1150 1435 1263 1469; x_wconf 88' lang='lat' dir='ltr'>Epactis</span> <span class='ocrx_word' id='word_1_699' title='bbox 1291 1437 1327 1462; x_wconf 93' lang='lat' dir='ltr'>ad</span> <span class='ocrx_word' id='word_1_700' title='bbox 1355 1437 1496 1463; x_wconf 86' lang='lat' dir='ltr'>sinistram</span> <span class='ocrx_word' id='word_1_701' title='bbox 1520 1437 1726 1471; x_wconf 75' lang='lat' dir='ltr'>praeposuimus</span> <span class='ocrx_word' id='word_1_702' title='bbox 1751 1436 1861 1463; x_wconf 88' lang='lat' dir='ltr'>Aureos</span> 
     </span>
     <span class='ocr_line' id='line_1_93' title="bbox 1035 1475 1861 1510; baseline 0.002 -10"><span class='ocrx_word' id='word_1_703' title='bbox 1035 1481 1166 1500; x_wconf 88' lang='lat' dir='ltr'>numeros</span> <span class='ocrx_word' id='word_1_704' title='bbox 1185 1475 1282 1501; x_wconf 90' lang='lat' dir='ltr'>eodem</span> <span class='ocrx_word' id='word_1_705' title='bbox 1301 1476 1399 1502; x_wconf 91' lang='lat' dir='ltr'>ordine</span> <span class='ocrx_word' id='word_1_706' title='bbox 1418 1484 1473 1510; x_wconf 92' lang='lat' dir='ltr'>quo</span> <span class='ocrx_word' id='word_1_707' title='bbox 1493 1481 1556 1503; x_wconf 91' lang='lat' dir='ltr'>ante</span> <span class='ocrx_word' id='word_1_708' title='bbox 1570 1476 1791 1503; x_wconf 88' lang='lat' dir='ltr'>emendationem</span> <span class='ocrx_word' id='word_1_709' title='bbox 1806 1475 1861 1502; x_wconf 89' lang='lat' dir='ltr'>Ka-</span> 
     </span>
     <span class='ocr_line' id='line_1_94' title="bbox 1035 1513 1860 1548; baseline 0.001 -9"><span class='ocrx_word' id='word_1_710' title='bbox 1035 1513 1152 1540; x_wconf 88' lang='lat' dir='ltr'>lendarii</span> <span class='ocrx_word' id='word_1_711' title='bbox 1171 1514 1299 1541; x_wconf 90' lang='lat' dir='ltr'>collocari</span> <span class='ocrx_word' id='word_1_712' title='bbox 1318 1515 1456 1548; x_wconf 76' lang='lat' dir='ltr'>solebant⁷</span> <span class='ocrx_word' id='word_1_713' title='bbox 1479 1519 1509 1542; x_wconf 89' lang='lat' dir='ltr'>ut</span> <span class='ocrx_word' id='word_1_714' title='bbox 1533 1524 1567 1542; x_wconf 87' lang='lat' dir='ltr'>ex</span> <span class='ocrx_word' id='word_1_715' title='bbox 1590 1516 1624 1542; x_wconf 90' lang='lat' dir='ltr'>iis</span> <span class='ocrx_word' id='word_1_716' title='bbox 1643 1516 1724 1542; x_wconf 87' lang='lat' dir='ltr'>Festa</span> <span class='ocrx_word' id='word_1_717' title='bbox 1749 1514 1860 1541; x_wconf 93' lang='lat' dir='ltr'>mobilia</span> 
     </span>
     <span class='ocr_line' id='line_1_95' title="bbox 1035 1552 1860 1586; baseline 0.002 -8"><span class='ocrx_word' id='word_1_718' title='bbox 1035 1552 1233 1580; x_wconf 89' lang='lat' dir='ltr'>invenirentur.</span> <span class='ocrx_word' id='word_1_719' title='bbox 1266 1554 1327 1580; x_wconf 88' lang='lat' dir='ltr'>Hoc</span> <span class='ocrx_word' id='word_1_720' title='bbox 1341 1559 1433 1580; x_wconf 91' lang='lat' dir='ltr'>autem</span> <span class='ocrx_word' id='word_1_721' title='bbox 1448 1555 1551 1582; x_wconf 89' lang='lat' dir='ltr'>idcirco</span> <span class='ocrx_word' id='word_1_722' title='bbox 1569 1563 1585 1582; x_wconf 92' lang='lat' dir='ltr'>a</span> <span class='ocrx_word' id='word_1_723' title='bbox 1599 1555 1680 1582; x_wconf 88' lang='lat' dir='ltr'>nobis</span> <span class='ocrx_word' id='word_1_724' title='bbox 1693 1555 1797 1581; x_wconf 89' lang='lat' dir='ltr'>factum</span> <span class='ocrx_word' id='word_1_725' title='bbox 1810 1557 1860 1586; x_wconf 77' lang='lat' dir='ltr'>est,</span> 
     </span>
     <span class='ocr_line' id='line_1_96' title="bbox 1034 1592 1859 1628; baseline 0.001 -10"><span class='ocrx_word' id='word_1_726' title='bbox 1034 1595 1066 1618; x_wconf 90' lang='lat' dir='ltr'>ut</span> <span class='ocrx_word' id='word_1_727' title='bbox 1075 1592 1191 1625; x_wconf 80' lang='lat' dir='ltr'>Pascha,</span> <span class='ocrx_word' id='word_1_728' title='bbox 1202 1596 1349 1627; x_wconf 87' lang='lat' dir='ltr'>ceteraque</span> <span class='ocrx_word' id='word_1_729' title='bbox 1359 1594 1441 1620; x_wconf 88' lang='lat' dir='ltr'>Festa</span> <span class='ocrx_word' id='word_1_730' title='bbox 1451 1594 1572 1628; x_wconf 80' lang='lat' dir='ltr'>mobilia,</span> <span class='ocrx_word' id='word_1_731' title='bbox 1587 1602 1603 1621; x_wconf 93' lang='lat' dir='ltr'>a</span> <span class='ocrx_word' id='word_1_732' title='bbox 1613 1594 1736 1621; x_wconf 90' lang='lat' dir='ltr'>Concilio</span> <span class='ocrx_word' id='word_1_733' title='bbox 1746 1593 1859 1621; x_wconf 82' lang='lat' dir='ltr'>Nicaeno</span> 
     </span>
     <span class='ocr_line' id='line_1_97' title="bbox 1034 1631 1859 1668; baseline 0 -11"><span class='ocrx_word' id='word_1_734' title='bbox 1034 1639 1123 1664; x_wconf 88' lang='lat' dir='ltr'>usque</span> <span class='ocrx_word' id='word_1_735' title='bbox 1134 1631 1169 1658; x_wconf 87' lang='lat' dir='ltr'>ad</span> <span class='ocrx_word' id='word_1_736' title='bbox 1179 1639 1283 1658; x_wconf 84' lang='lat' dir='ltr'>annum</span> <span class='ocrx_word' id='word_1_737' title='bbox 1294 1633 1361 1659; x_wconf 86' lang='lat'>1582</span> <span class='ocrx_word' id='word_1_738' title='bbox 1371 1633 1487 1666; x_wconf 86' lang='lat' dir='ltr'>quilibet</span> <span class='ocrx_word' id='word_1_739' title='bbox 1497 1633 1629 1667; x_wconf 90' lang='lat' dir='ltr'>indagare</span> <span class='ocrx_word' id='word_1_740' title='bbox 1638 1633 1734 1668; x_wconf 89' lang='lat' dir='ltr'>possit.</span> <span class='ocrx_word' id='word_1_741' title='bbox 1754 1631 1859 1659; x_wconf 84' lang='lat' dir='ltr'>Eodem</span> 
     </span>
     <span class='ocr_line' id='line_1_98' title="bbox 1034 1670 1859 1706; baseline 0 -10"><span class='ocrx_word' id='word_1_742' title='bbox 1034 1673 1126 1696; x_wconf 87' lang='lat' dir='ltr'>autem</span> <span class='ocrx_word' id='word_1_743' title='bbox 1140 1678 1257 1705; x_wconf 89' lang='lat' dir='ltr'>prorsus</span> <span class='ocrx_word' id='word_1_744' title='bbox 1271 1671 1397 1706; x_wconf 85' lang='lat' dir='ltr'>artificio,</span> <span class='ocrx_word' id='word_1_745' title='bbox 1413 1680 1447 1698; x_wconf 91' lang='lat' dir='ltr'>ex</span> <span class='ocrx_word' id='word_1_746' title='bbox 1461 1672 1563 1699; x_wconf 86' lang='lat' dir='ltr'>Aureis</span> <span class='ocrx_word' id='word_1_747' title='bbox 1578 1672 1701 1698; x_wconf 89' lang='lat' dir='ltr'>numeris</span> <span class='ocrx_word' id='word_1_748' title='bbox 1716 1672 1753 1698; x_wconf 91' lang='lat' dir='ltr'>ita</span> <span class='ocrx_word' id='word_1_749' title='bbox 1768 1670 1859 1697; x_wconf 85' lang='lat' dir='ltr'>distri-</span> 
     </span>
     <span class='ocr_line' id='line_1_99' title="bbox 1033 1708 1859 1745; baseline 0.001 -10"><span class='ocrx_word' id='word_1_750' title='bbox 1033 1709 1108 1735; x_wconf 88' lang='lat' dir='ltr'>butis</span> <span class='ocrx_word' id='word_1_751' title='bbox 1126 1709 1208 1736; x_wconf 89' lang='lat' dir='ltr'>Festa</span> <span class='ocrx_word' id='word_1_752' title='bbox 1228 1710 1340 1737; x_wconf 90' lang='lat' dir='ltr'>mobilia</span> <span class='ocrx_word' id='word_1_753' title='bbox 1359 1714 1506 1744; x_wconf 91' lang='lat' dir='ltr'>eruuntur,</span> <span class='ocrx_word' id='word_1_754' title='bbox 1529 1719 1585 1745; x_wconf 93' lang='lat' dir='ltr'>quo</span> <span class='ocrx_word' id='word_1_755' title='bbox 1609 1719 1642 1738; x_wconf 90' lang='lat' dir='ltr'>ex</span> <span class='ocrx_word' id='word_1_756' title='bbox 1662 1710 1781 1745; x_wconf 83' lang='lat' dir='ltr'>Epaetis.</span> <span class='ocrx_word' id='word_1_757' title='bbox 1817 1708 1859 1736; x_wconf 90' lang='lat' dir='ltr'>Sit</span> 
     </span>
     <span class='ocr_line' id='line_1_100' title="bbox 1033 1748 1857 1784; baseline 0 -10"><span class='ocrx_word' id='word_1_758' title='bbox 1033 1748 1107 1774; x_wconf 85' lang='lat' dir='ltr'>enim</span> <span class='ocrx_word' id='word_1_759' title='bbox 1132 1749 1348 1783; x_wconf 88' lang='lat' dir='ltr'>explorandum,</span> <span class='ocrx_word' id='word_1_760' title='bbox 1373 1750 1491 1784; x_wconf 90' lang='lat' dir='ltr'>exempli</span> <span class='ocrx_word' id='word_1_761' title='bbox 1515 1758 1614 1784; x_wconf 79' lang='lat' dir='ltr'>causa,</span> <span class='ocrx_word' id='word_1_762' title='bbox 1640 1750 1752 1784; x_wconf 89' lang='lat' dir='ltr'>quando</span> <span class='ocrx_word' id='word_1_763' title='bbox 1777 1749 1857 1776; x_wconf 89' lang='lat' dir='ltr'>Festa</span> 
     </span>
     <span class='ocr_line' id='line_1_101' title="bbox 1032 1788 1857 1822; baseline 0 -8"><span class='ocrx_word' id='word_1_764' title='bbox 1032 1788 1093 1814; x_wconf 85' lang='lat' dir='ltr'>haec</span> <span class='ocrx_word' id='word_1_765' title='bbox 1110 1788 1248 1815; x_wconf 86' lang='lat' dir='ltr'>celebrata</span> <span class='ocrx_word' id='word_1_766' title='bbox 1268 1789 1372 1816; x_wconf 81' lang='lat' dir='ltr'>fuerint</span> <span class='ocrx_word' id='word_1_767' title='bbox 1386 1797 1458 1816; x_wconf 89' lang='lat' dir='ltr'>anno</span> <span class='ocrx_word' id='word_1_768' title='bbox 1473 1789 1548 1816; x_wconf 82' lang='lat'>1450.</span> <span class='ocrx_word' id='word_1_769' title='bbox 1580 1790 1717 1822; x_wconf 90' lang='lat' dir='ltr'>Quoniam</span> <span class='ocrx_word' id='word_1_770' title='bbox 1737 1797 1769 1815; x_wconf 92' lang='lat' dir='ltr'>eo</span> <span class='ocrx_word' id='word_1_771' title='bbox 1784 1796 1857 1815; x_wconf 91' lang='lat' dir='ltr'>anno</span> 
     </span>
     <span class='ocr_line' id='line_1_102' title="bbox 1033 1827 1857 1862; baseline 0 -9"><span class='ocrx_word' id='word_1_772' title='bbox 1033 1827 1145 1853; x_wconf 90' lang='lat' dir='ltr'>Aureus</span> <span class='ocrx_word' id='word_1_773' title='bbox 1163 1835 1296 1854; x_wconf 88' lang='lat' dir='ltr'>numerus</span> <span class='ocrx_word' id='word_1_774' title='bbox 1316 1828 1368 1855; x_wconf 84' lang='lat' dir='ltr'>fuit</span> <span class='ocrx_word' id='word_1_775' title='bbox 1387 1829 1411 1862; x_wconf 78' lang='lat'>7,</span> <span class='ocrx_word' id='word_1_776' title='bbox 1429 1832 1457 1855; x_wconf 88' lang='lat' dir='ltr'>et</span> <span class='ocrx_word' id='word_1_777' title='bbox 1475 1829 1566 1855; x_wconf 89' lang='lat' dir='ltr'>littera</span> <span class='ocrx_word' id='word_1_778' title='bbox 1584 1828 1765 1855; x_wconf 89' lang='lat' dir='ltr'>Dominicalis</span> <span class='ocrx_word' id='word_1_779' title='bbox 1784 1827 1816 1861; x_wconf 86' lang='lat' dir='ltr'>d,</span> <span class='ocrx_word' id='word_1_780' title='bbox 1834 1827 1857 1853; x_wconf 86' lang='lat' dir='ltr'>si</span> 
     </span>
     <span class='ocr_line' id='line_1_103' title="bbox 1032 1866 1858 1901; baseline 0.001 -9"><span class='ocrx_word' id='word_1_781' title='bbox 1032 1866 1145 1892; x_wconf 88' lang='lat' dir='ltr'>Aureus</span> <span class='ocrx_word' id='word_1_782' title='bbox 1161 1874 1294 1893; x_wconf 87' lang='lat' dir='ltr'>numerus</span> <span class='ocrx_word' id='word_1_783' title='bbox 1313 1868 1328 1894; x_wconf 79' lang='lat' dir='ltr'>’I</span> <span class='ocrx_word' id='word_1_784' title='bbox 1351 1867 1379 1893; x_wconf 90' lang='lat' dir='ltr'>in</span> <span class='ocrx_word' id='word_1_785' title='bbox 1398 1867 1510 1894; x_wconf 91' lang='lat' dir='ltr'>sinistro</span> <span class='ocrx_word' id='word_1_786' title='bbox 1534 1867 1620 1894; x_wconf 89' lang='lat' dir='ltr'>latere</span> <span class='ocrx_word' id='word_1_787' title='bbox 1643 1867 1806 1901; x_wconf 86' lang='lat' dir='ltr'>accipiatur,</span> <span class='ocrx_word' id='word_1_788' title='bbox 1830 1870 1858 1893; x_wconf 84' lang='lat' dir='ltr'>et</span> 
     </span>
     <span class='ocr_line' id='line_1_104' title="bbox 1032 1905 1858 1940; baseline 0.001 -9"><span class='ocrx_word' id='word_1_789' title='bbox 1032 1905 1122 1939; x_wconf 89' lang='lat' dir='ltr'>prima</span> <span class='ocrx_word' id='word_1_790' title='bbox 1141 1905 1232 1932; x_wconf 85' lang='lat' dir='ltr'>littera</span> <span class='ocrx_word' id='word_1_791' title='bbox 1251 1906 1282 1939; x_wconf 82' lang='lat' dir='ltr'>d,</span> <span class='ocrx_word' id='word_1_792' title='bbox 1305 1906 1379 1933; x_wconf 88' lang='lat' dir='ltr'>infra</span> <span class='ocrx_word' id='word_1_793' title='bbox 1397 1915 1460 1933; x_wconf 89' lang='lat' dir='ltr'>eum</span> <span class='ocrx_word' id='word_1_794' title='bbox 1480 1914 1640 1933; x_wconf 83' lang='lat' dir='ltr'>occurrens:</span> <span class='ocrx_word' id='word_1_795' title='bbox 1664 1906 1820 1940; x_wconf 88' lang='lat' dir='ltr'>reperietur</span> <span class='ocrx_word' id='word_1_796' title='bbox 1843 1914 1858 1932; x_wconf 92' lang='lat' dir='ltr'>e</span> 
     </span>
     <span class='ocr_line' id='line_1_105' title="bbox 1032 1945 1856 1980; baseline 0.001 -10"><span class='ocrx_word' id='word_1_797' title='bbox 1032 1945 1143 1978; x_wconf 89' lang='lat' dir='ltr'>regione</span> <span class='ocrx_word' id='word_1_798' title='bbox 1162 1945 1243 1977; x_wconf 86' lang='lat' dir='ltr'>hujus</span> <span class='ocrx_word' id='word_1_799' title='bbox 1262 1945 1360 1971; x_wconf 82' lang='lat' dir='ltr'>litterae</span> <span class='ocrx_word' id='word_1_800' title='bbox 1379 1946 1411 1979; x_wconf 81' lang='lat' dir='ltr'>d,</span> <span class='ocrx_word' id='word_1_801' title='bbox 1435 1945 1643 1980; x_wconf 85' lang='lat' dir='ltr'>Septuagesima</span> <span class='ocrx_word' id='word_1_802' title='bbox 1661 1946 1706 1972; x_wconf 87' lang='lat' dir='ltr'>die</span> <span class='ocrx_word' id='word_1_803' title='bbox 1725 1946 1747 1972; x_wconf 89' lang='lat'>1.</span> <span class='ocrx_word' id='word_1_804' title='bbox 1767 1945 1856 1978; x_wconf 65' lang='lat' dir='ltr'>Febr„</span> 
     </span>
     <span class='ocr_line' id='line_1_106' title="bbox 1032 1983 1840 2019; baseline 0 -9"><span class='ocrx_word' id='word_1_805' title='bbox 1032 1983 1091 2010; x_wconf 85' lang='lat' dir='ltr'>dies</span> <span class='ocrx_word' id='word_1_806' title='bbox 1108 1984 1239 2011; x_wconf 84' lang='lat' dir='ltr'>Cinerum</span> <span class='ocrx_word' id='word_1_807' title='bbox 1259 1985 1299 2010; x_wconf 85' lang='grc'>18.</span> <span class='ocrx_word' id='word_1_808' title='bbox 1318 1985 1408 2019; x_wconf 75' lang='lat' dir='ltr'>Febr.y</span> <span class='ocrx_word' id='word_1_809' title='bbox 1427 1985 1534 2011; x_wconf 90' lang='lat' dir='ltr'>Pascha</span> <span class='ocrx_word' id='word_1_810' title='bbox 1555 1984 1600 2011; x_wconf 87' lang='lat' dir='ltr'>die</span> <span class='ocrx_word' id='word_1_811' title='bbox 1618 1985 1642 2011; x_wconf 81' lang='lat'>5.</span> <span class='ocrx_word' id='word_1_812' title='bbox 1657 1984 1771 2018; x_wconf 80' lang='lat' dir='ltr'>Aprilis,</span> <span class='ocrx_word' id='word_1_813' title='bbox 1790 1987 1840 2011; x_wconf 89' lang='lat' dir='ltr'>etc.</span> 
     </span>
    </p>

    <p class='ocr_par' dir='ltr' id='par_1_12' title="bbox 1027 2023 1855 2370">
     <span class='ocr_line' id='line_1_107' title="bbox 1082 2023 1855 2058; baseline 0 -9"><span class='ocrx_word' id='word_1_814' title='bbox 1082 2023 1231 2049; x_wconf 90' lang='lat' dir='ltr'>Adventus</span> <span class='ocrx_word' id='word_1_815' title='bbox 1253 2023 1366 2050; x_wconf 92' lang='lat' dir='ltr'>Domini</span> <span class='ocrx_word' id='word_1_816' title='bbox 1390 2025 1547 2051; x_wconf 88' lang='lat' dir='ltr'>celebratur</span> <span class='ocrx_word' id='word_1_817' title='bbox 1564 2032 1674 2058; x_wconf 88' lang='lat' dir='ltr'>semper</span> <span class='ocrx_word' id='word_1_818' title='bbox 1697 2025 1742 2052; x_wconf 90' lang='lat' dir='ltr'>die</span> <span class='ocrx_word' id='word_1_819' title='bbox 1760 2023 1855 2050; x_wconf 88' lang='lat' dir='ltr'>Domi-</span> 
     </span>
     <span class='ocr_line' id='line_1_108' title="bbox 1030 2062 1855 2097; baseline 0 -9"><span class='ocrx_word' id='word_1_820' title='bbox 1030 2062 1105 2095; x_wconf 89' lang='lat' dir='ltr'>nico,</span> <span class='ocrx_word' id='word_1_821' title='bbox 1127 2062 1176 2096; x_wconf 90' lang='lat' dir='ltr'>qui</span> <span class='ocrx_word' id='word_1_822' title='bbox 1193 2062 1379 2097; x_wconf 88' lang='lat' dir='ltr'>propinquior</span> <span class='ocrx_word' id='word_1_823' title='bbox 1397 2067 1439 2090; x_wconf 90' lang='lat' dir='ltr'>est</span> <span class='ocrx_word' id='word_1_824' title='bbox 1457 2064 1539 2090; x_wconf 90' lang='lat' dir='ltr'>Festo</span> <span class='ocrx_word' id='word_1_825' title='bbox 1557 2063 1585 2091; x_wconf 90' lang='lat' dir='ltr'>S.</span> <span class='ocrx_word' id='word_1_826' title='bbox 1604 2064 1728 2090; x_wconf 83' lang='lat' dir='ltr'>Andreae</span> <span class='ocrx_word' id='word_1_827' title='bbox 1747 2063 1855 2097; x_wconf 84' lang='lat' dir='ltr'>Apost.‚</span> 
     </span>
     <span class='ocr_line' id='line_1_109' title="bbox 1029 2101 1853 2136; baseline 0 -9"><span class='ocrx_word' id='word_1_828' title='bbox 1029 2109 1130 2134; x_wconf 89' lang='lat' dir='ltr'>nempe</span> <span class='ocrx_word' id='word_1_829' title='bbox 1157 2109 1172 2128; x_wconf 88' lang='lat' dir='ltr'>a</span> <span class='ocrx_word' id='word_1_830' title='bbox 1199 2101 1244 2128; x_wconf 87' lang='lat' dir='ltr'>die</span> <span class='ocrx_word' id='word_1_831' title='bbox 1269 2102 1309 2130; x_wconf 84' lang='lat'>27.</span> <span class='ocrx_word' id='word_1_832' title='bbox 1334 2103 1404 2130; x_wconf 91' lang='lat' dir='ltr'>Nov.</span> <span class='ocrx_word' id='word_1_833' title='bbox 1430 2103 1577 2136; x_wconf 90' lang='lat' dir='ltr'>inclusive,</span> <span class='ocrx_word' id='word_1_834' title='bbox 1604 2110 1693 2136; x_wconf 91' lang='lat' dir='ltr'>usque</span> <span class='ocrx_word' id='word_1_835' title='bbox 1720 2102 1756 2129; x_wconf 89' lang='lat' dir='ltr'>ad</span> <span class='ocrx_word' id='word_1_836' title='bbox 1781 2102 1853 2128; x_wconf 91' lang='lat' dir='ltr'>diem</span> 
     </span>
     <span class='ocr_line' id='line_1_110' title="bbox 1029 2141 1854 2176; baseline 0.001 -10"><span class='ocrx_word' id='word_1_837' title='bbox 1029 2141 1053 2167; x_wconf 82' lang='lat'>3.</span> <span class='ocrx_word' id='word_1_838' title='bbox 1069 2141 1134 2167; x_wconf 89' lang='lat' dir='ltr'>Dec.</span> <span class='ocrx_word' id='word_1_839' title='bbox 1154 2141 1301 2176; x_wconf 77' lang='lat' dir='ltr'>inclusive;</span> <span class='ocrx_word' id='word_1_840' title='bbox 1320 2141 1358 2168; x_wconf 88' lang='lat' dir='ltr'>ita</span> <span class='ocrx_word' id='word_1_841' title='bbox 1377 2146 1407 2168; x_wconf 91' lang='lat' dir='ltr'>ut</span> <span class='ocrx_word' id='word_1_842' title='bbox 1424 2142 1515 2169; x_wconf 88' lang='lat' dir='ltr'>littera</span> <span class='ocrx_word' id='word_1_843' title='bbox 1532 2141 1713 2169; x_wconf 90' lang='lat' dir='ltr'>Dominicalis</span> <span class='ocrx_word' id='word_1_844' title='bbox 1731 2148 1854 2174; x_wconf 73' lang='lat' dir='ltr'>currenS,</span> 
     </span>
     <span class='ocr_line' id='line_1_111' title="bbox 1029 2180 1852 2214; baseline 0 -8"><span class='ocrx_word' id='word_1_845' title='bbox 1029 2187 1093 2213; x_wconf 80' lang='lat' dir='ltr'>quae</span> <span class='ocrx_word' id='word_1_846' title='bbox 1112 2180 1250 2214; x_wconf 83' lang='lat' dir='ltr'>reperitur</span> <span class='ocrx_word' id='word_1_847' title='bbox 1273 2180 1301 2207; x_wconf 93' lang='lat' dir='ltr'>in</span> <span class='ocrx_word' id='word_1_848' title='bbox 1321 2181 1490 2208; x_wconf 89' lang='lat' dir='ltr'>Kalendario</span> <span class='ocrx_word' id='word_1_849' title='bbox 1513 2189 1530 2208; x_wconf 92' lang='lat' dir='ltr'>a</span> <span class='ocrx_word' id='word_1_850' title='bbox 1553 2181 1597 2207; x_wconf 91' lang='lat' dir='ltr'>die</span> <span class='ocrx_word' id='word_1_851' title='bbox 1615 2181 1656 2208; x_wconf 84' lang='lat'>27.</span> <span class='ocrx_word' id='word_1_852' title='bbox 1675 2181 1745 2208; x_wconf 92' lang='lat' dir='ltr'>Nov.</span> <span class='ocrx_word' id='word_1_853' title='bbox 1764 2187 1852 2214; x_wconf 93' lang='lat' dir='ltr'>usque</span> 
     </span>
     <span class='ocr_line' id='line_1_112' title="bbox 1029 2219 1853 2254; baseline 0.001 -9"><span class='ocrx_word' id='word_1_854' title='bbox 1029 2219 1066 2245; x_wconf 90' lang='lat' dir='ltr'>ad</span> <span class='ocrx_word' id='word_1_855' title='bbox 1084 2219 1157 2245; x_wconf 86' lang='lat' dir='ltr'>diem</span> <span class='ocrx_word' id='word_1_856' title='bbox 1176 2219 1199 2246; x_wconf 89' lang='lat'>3.</span> <span class='ocrx_word' id='word_1_857' title='bbox 1219 2220 1294 2254; x_wconf 67' lang='lat' dir='ltr'>Dec„</span> <span class='ocrx_word' id='word_1_858' title='bbox 1313 2220 1415 2246; x_wconf 88' lang='lat' dir='ltr'>indicet</span> <span class='ocrx_word' id='word_1_859' title='bbox 1434 2220 1608 2246; x_wconf 85' lang='lat' dir='ltr'>Dominicam</span> <span class='ocrx_word' id='word_1_860' title='bbox 1627 2219 1782 2246; x_wconf 72' lang='lat' dir='ltr'>Adventus</span> <span class='ocrx_word' id='word_1_861' title='bbox 1814 2219 1853 2246; x_wconf 90' lang='lat' dir='ltr'>Ut</span> 
     </span>
     <span class='ocr_line' id='line_1_113' title="bbox 1029 2258 1851 2292; baseline -0.001 -7"><span class='ocrx_word' id='word_1_862' title='bbox 1029 2258 1107 2284; x_wconf 88' lang='lat' dir='ltr'>verbi</span> <span class='ocrx_word' id='word_1_863' title='bbox 1125 2258 1228 2292; x_wconf 81' lang='lat' dir='ltr'>gratia,</span> <span class='ocrx_word' id='word_1_864' title='bbox 1247 2259 1270 2285; x_wconf 90' lang='lat' dir='ltr'>si</span> <span class='ocrx_word' id='word_1_865' title='bbox 1287 2259 1379 2285; x_wconf 88' lang='lat' dir='ltr'>littera</span> <span class='ocrx_word' id='word_1_866' title='bbox 1398 2259 1580 2285; x_wconf 88' lang='lat' dir='ltr'>Dominicalis</span> <span class='ocrx_word' id='word_1_867' title='bbox 1598 2262 1640 2285; x_wconf 87' lang='lat' dir='ltr'>est</span> <span class='ocrx_word' id='word_1_868' title='bbox 1658 2266 1687 2292; x_wconf 83' lang='lat' dir='ltr'>g,</span> <span class='ocrx_word' id='word_1_869' title='bbox 1706 2258 1851 2284; x_wconf 91' lang='lat' dir='ltr'>Dominica</span> 
     </span>
     <span class='ocr_line' id='line_1_114' title="bbox 1027 2297 1851 2332; baseline 0 -8"><span class='ocrx_word' id='word_1_870' title='bbox 1027 2297 1175 2324; x_wconf 89' lang='lat' dir='ltr'>Adventus</span> <span class='ocrx_word' id='word_1_871' title='bbox 1194 2297 1274 2324; x_wconf 89' lang='lat' dir='ltr'>cadet</span> <span class='ocrx_word' id='word_1_872' title='bbox 1293 2298 1321 2324; x_wconf 94' lang='lat' dir='ltr'>in</span> <span class='ocrx_word' id='word_1_873' title='bbox 1341 2298 1414 2324; x_wconf 89' lang='lat' dir='ltr'>diem</span> <span class='ocrx_word' id='word_1_874' title='bbox 1433 2299 1455 2324; x_wconf 90' lang='lat'>2.</span> <span class='ocrx_word' id='word_1_875' title='bbox 1471 2298 1546 2331; x_wconf 64' lang='lat' dir='ltr'>Dec„</span> <span class='ocrx_word' id='word_1_876' title='bbox 1564 2298 1630 2332; x_wconf 92' lang='lat' dir='ltr'>quia</span> <span class='ocrx_word' id='word_1_877' title='bbox 1649 2297 1686 2324; x_wconf 92' lang='lat' dir='ltr'>ibi</span> <span class='ocrx_word' id='word_1_878' title='bbox 1705 2300 1747 2324; x_wconf 88' lang='lat' dir='ltr'>est</span> <span class='ocrx_word' id='word_1_879' title='bbox 1760 2297 1851 2324; x_wconf 86' lang='lat' dir='ltr'>littera</span> 
     </span>
     <span class='ocr_line' id='line_1_115' title="bbox 1027 2335 1356 2370; baseline 0.003 -8"><span class='ocrx_word' id='word_1_880' title='bbox 1027 2344 1043 2370; x_wconf 88' lang='lat' dir='ltr'>g</span> <span class='ocrx_word' id='word_1_881' title='bbox 1061 2336 1090 2362; x_wconf 94' lang='lat' dir='ltr'>in</span> <span class='ocrx_word' id='word_1_882' title='bbox 1109 2335 1287 2370; x_wconf 83' lang='lat' dir='ltr'>Kalendario,</span> <span class='ocrx_word' id='word_1_883' title='bbox 1306 2341 1356 2364; x_wconf 91' lang='lat' dir='ltr'>etc.</span> 
     </span>
    </p>

    <p class='ocr_par' dir='ltr' id='par_1_13' title="bbox 1025 2375 1849 2603">
     <span class='ocr_line' id='line_1_116' title="bbox 1078 2375 1849 2410; baseline 0 -9"><span class='ocrx_word' id='word_1_884' title='bbox 1078 2375 1124 2401; x_wconf 91' lang='lat' dir='ltr'>Ad</span> <span class='ocrx_word' id='word_1_885' title='bbox 1139 2375 1221 2401; x_wconf 85' lang='lat' dir='ltr'>finem</span> <span class='ocrx_word' id='word_1_886' title='bbox 1237 2376 1348 2402; x_wconf 87' lang='lat' dir='ltr'>tandem</span> <span class='ocrx_word' id='word_1_887' title='bbox 1365 2376 1522 2403; x_wconf 85' lang='lat' dir='ltr'>tabularum</span> <span class='ocrx_word' id='word_1_888' title='bbox 1532 2376 1708 2403; x_wconf 88' lang='lat' dir='ltr'>Paschalium</span> <span class='ocrx_word' id='word_1_889' title='bbox 1723 2375 1849 2410; x_wconf 86' lang='lat' dir='ltr'>apposita</span> 
     </span>
     <span class='ocr_line' id='line_1_117' title="bbox 1026 2414 1848 2448; baseline 0 -8"><span class='ocrx_word' id='word_1_890' title='bbox 1026 2417 1068 2440; x_wconf 90' lang='lat' dir='ltr'>est</span> <span class='ocrx_word' id='word_1_891' title='bbox 1086 2414 1181 2440; x_wconf 84' lang='lat' dir='ltr'>tabula</span> <span class='ocrx_word' id='word_1_892' title='bbox 1194 2415 1361 2448; x_wconf 87' lang='lat' dir='ltr'>temporaria</span> <span class='ocrx_word' id='word_1_893' title='bbox 1376 2415 1526 2442; x_wconf 91' lang='lat' dir='ltr'>multorum</span> <span class='ocrx_word' id='word_1_894' title='bbox 1542 2423 1687 2448; x_wconf 87' lang='lat' dir='ltr'>annorum,</span> <span class='ocrx_word' id='word_1_895' title='bbox 1705 2422 1721 2441; x_wconf 86' lang='lat' dir='ltr'>c</span> <span class='ocrx_word' id='word_1_896' title='bbox 1739 2414 1848 2447; x_wconf 88' lang='lat' dir='ltr'>regione</span> 
     </span>
     <span class='ocr_line' id='line_1_118' title="bbox 1026 2452 1848 2487; baseline 0 -9"><span class='ocrx_word' id='word_1_897' title='bbox 1026 2461 1145 2486; x_wconf 91' lang='lat' dir='ltr'>quorum</span> <span class='ocrx_word' id='word_1_898' title='bbox 1165 2453 1258 2480; x_wconf 87' lang='lat' dir='ltr'>omnia</span> <span class='ocrx_word' id='word_1_899' title='bbox 1272 2454 1354 2480; x_wconf 87' lang='lat' dir='ltr'>Festa</span> <span class='ocrx_word' id='word_1_900' title='bbox 1372 2454 1484 2480; x_wconf 89' lang='lat' dir='ltr'>mobilia</span> <span class='ocrx_word' id='word_1_901' title='bbox 1502 2454 1694 2487; x_wconf 78' lang='lat' dir='ltr'>inveniuntur3</span> <span class='ocrx_word' id='word_1_902' title='bbox 1713 2460 1776 2487; x_wconf 83' lang='lat' dir='ltr'>quae</span> <span class='ocrx_word' id='word_1_903' title='bbox 1790 2452 1848 2486; x_wconf 89' lang='lat' dir='ltr'>qui·</span> 
     </span>
     <span class='ocr_line' id='line_1_119' title="bbox 1026 2492 1847 2526; baseline 0 -9"><span class='ocrx_word' id='word_1_904' title='bbox 1026 2492 1090 2517; x_wconf 89' lang='lat' dir='ltr'>dem</span> <span class='ocrx_word' id='word_1_905' title='bbox 1108 2492 1202 2518; x_wconf 88' lang='lat' dir='ltr'>tabula</span> <span class='ocrx_word' id='word_1_906' title='bbox 1219 2501 1253 2519; x_wconf 88' lang='lat' dir='ltr'>ex</span> <span class='ocrx_word' id='word_1_907' title='bbox 1273 2493 1374 2519; x_wconf 87' lang='lat' dir='ltr'>tabulis</span> <span class='ocrx_word' id='word_1_908' title='bbox 1392 2493 1573 2519; x_wconf 87' lang='lat' dir='ltr'>Paschalibus</span> <span class='ocrx_word' id='word_1_909' title='bbox 1591 2495 1720 2526; x_wconf 85' lang='lat' dir='ltr'>excerpta</span> <span class='ocrx_word' id='word_1_910' title='bbox 1737 2495 1790 2524; x_wconf 89' lang='lat' dir='ltr'>est,</span> <span class='ocrx_word' id='word_1_911' title='bbox 1813 2499 1847 2517; x_wconf 90' lang='lat' dir='ltr'>ex</span> 
     </span>
     <span class='ocr_line' id='line_1_120' title="bbox 1025 2530 1846 2566; baseline -0.001 -9"><span class='ocrx_word' id='word_1_912' title='bbox 1025 2531 1127 2564; x_wconf 91' lang='lat' dir='ltr'>quibus</span> <span class='ocrx_word' id='word_1_913' title='bbox 1152 2531 1267 2558; x_wconf 88' lang='lat' dir='ltr'>infinitae</span> <span class='ocrx_word' id='word_1_914' title='bbox 1291 2533 1353 2558; x_wconf 83' lang='lat' dir='ltr'>aliae</span> <span class='ocrx_word' id='word_1_915' title='bbox 1375 2533 1434 2558; x_wconf 91' lang='lat' dir='ltr'>erui</span> <span class='ocrx_word' id='word_1_916' title='bbox 1458 2535 1574 2566; x_wconf 90' lang='lat' dir='ltr'>possunt</span> <span class='ocrx_word' id='word_1_917' title='bbox 1596 2539 1648 2565; x_wconf 89' lang='lat' dir='ltr'>pro</span> <span class='ocrx_word' id='word_1_918' title='bbox 1671 2530 1846 2564; x_wconf 80' lang='lat' dir='ltr'>quibuscum-</span> 
     </span>
     <span class='ocr_line' id='line_1_121' title="bbox 1025 2578 1185 2603; baseline 0 -7"><span class='ocrx_word' id='word_1_919' title='bbox 1025 2578 1079 2603; x_wconf 92' lang='lat' dir='ltr'>que</span> <span class='ocrx_word' id='word_1_920' title='bbox 1098 2578 1185 2597; x_wconf 77' lang='lat' dir='ltr'>annis.</span> 
     </span>
    </p>
   </div>
   <div class='ocr_carea' id='block_1_6' title="bbox 1749 155 1920 167">
    <p class='ocr_par' dir='ltr' id='par_1_14' title="bbox 1749 155 1920 167">
     <span class='ocr_line' id='line_1_122' title="bbox 1749 155 1920 167; baseline 0 0"><span class='ocrx_word' id='word_1_921' title='bbox 1749 155 1920 167; x_wconf 95' lang='lat' dir='ltr'> </span> 
     </span>
    </p>
   </div>
  </div>
 </body>
</html>
