2080 2990
521 256 696 290 Officium
724 255 896 289 votivum
922 253 968 287 de
994 252 1181 286 Passionc
1208 252 1250 285 1‘).
1271 252 1314 285 N.
1336 252 1368 285 J.
1392 252 1429 285 C.

176 349 528 391 Reminiscentur
561 353 605 390 et
641 349 952 390 convertentur

125 406 182 448 ad
190 405 429 447 Deminum
437 406 461 430 *
476 404 670 446 universi
683 405 793 445 fines
807 409 952 445 terrae:

175 462 233 503 Et
253 460 501 502 adorabunt
525 461 570 501 in
595 462 837 512 conspectu
862 461 952 511 ejus

123 518 148 545 *
166 518 382 559 universae
401 516 578 557 famffiae
599 516 818 557 Gentium.

177 577 393 627 Quoniam
411 577 591 618 Domini
616 581 683 617 est
708 589 904 627 regnum:
928 576 952 601 *

124 638 168 675 et
187 634 284 686 ipse
303 632 597 675 dominabitur
616 632 833 673 Gentium.

178 693 556 735 Manducaverunt
585 698 628 734 et
657 692 954 733 adoraverunt

127 762 278 792 omnes
295 750 481 802 pingues
499 753 646 789 terrae:
664 750 688 775 *
707 748 752 788 in
774 749 954 799 conspe-

127 810 201 847 ctu
220 806 311 858 ejus
326 804 486 846 cadent
500 817 664 854 omnes,
684 804 760 856 qui
775 803 953 845 descen—

126 862 234 903 dunt
251 861 296 902 in
314 866 487 902 terram.

175 921 233 963 Et
257 921 401 962 anima
423 933 522 962 mea
545 920 608 960 illi
630 920 762 962 vivet:
780 922 804 945 *
824 924 867 960 et
892 931 954 960 se·
1024 907 1027 908 ⁷
1058 904 1064 905 ⁷

124 990 226 1019 men
243 990 390 1018 meum
409 976 571 1018 serviet
587 976 683 1028 ipsi.

177 1036 522 1079 Annuntiabitur
553 1036 746 1077 Domino
777 1036 955 1086 genera-

125 1093 188 1135 tio
203 1095 402 1135 ventura:
416 1093 441 1119 *
457 1097 500 1134 et
518 1091 836 1133 annuntiabunt
855 1090 956 1131 coeli

126 1149 334 1200 justitiam
353 1149 443 1201 ejus
461 1148 628 1201 p6pulo
651 1148 724 1200 qui
742 1149 956 1195 nascetur,

129 1217 259 1257 quem
277 1205 381 1246 fecit
399 1205 629 1246 Daminus.

178 1273 278 1312 Ant.
306 1269 562 1311 Diviserunt
588 1267 671 1309 sibi
698 1267 958 1309 vestimenta

126 1338 235 1376 mea,
260 1330 304 1367 et
327 1337 460 1378 super
483 1330 650 1366 vestem
669 1336 814 1365 meam
831 1324 956 1364 mise-

127 1386 228 1424 runt
247 1386 423 1423 sortem.

178 1445 231 1495 V.
255 1445 442 1487 Oblatus
464 1450 540 1495 est,
565 1445 668 1497 quia
690 1445 785 1497 ipse
808 1443 958 1485 voluit.

127 1505 180 1557 R.
206 1502 264 1543 Et
281 1501 420 1543 livore
441 1502 532 1552 ejus
551 1500 692 1542 sanati
711 1513 873 1541 sumus.

179 1564 383 1599 Lectiones
409 1563 455 1598 de
479 1563 677 1606 Scriptura
702 1565 934 1595 occurrente.

179 1621 231 1673 R.
259 1620 284 1661 i.
315 1617 459 1658 Vinea
486 1629 586 1658 mea
614 1616 771 1666 electa,
805 1629 887 1667 ego
915 1620 960 1657 te

130 1672 335 1726 plantavi,
355 1672 461 1714 dicit
475 1672 707 1714 Dominus:
728 1677 771 1713 et
785 1677 834 1713 tu
845 1672 962 1713 facta

131 1741 179 1770 es
196 1727 303 1769 mihi
324 1728 452 1769 nimis
475 1730 638 1769 amara:
659 1730 682 1754 *
706 1728 817 1778 Quia
835 1729 960 1780 para-

131 1784 189 1826 sti
215 1797 391 1826 crucem
417 1784 636 1825 Salvatori
662 1789 751 1826 tuo.
795 1779 846 1830 V.
879 1784 961 1824 Ρό-

130 1839 234 1892 pule
261 1852 406 1890 meus,
438 1838 546 1891 quid
571 1839 656 1881 feci
685 1839 785 1890 tibi,
817 1843 893 1880 aut
919 1839 962 1878 in

133 1908 222 1948 quo
241 1895 501 1937 contristavi
518 1895 585 1937 te?
606 1895 827 1948 responde
846 1893 962 1935 mihi.

134 1951 247 2001 Quia
264 1951 443 2004 parasti.

185 2017 236 2068 R.
260 2016 299 2056 ii.
328 2015 424 2066 Ego
451 2013 584 2056 eduxi
607 2019 652 2056 te
677 2013 732 2055 de
755 2014 964 2066 AEgyth

134 2070 338 2112 demerso
376 2069 605 2111 Phara6ne
651 2070 696 2110 in
731 2070 853 2110 Mare
897 2082 964 2109 ru-

134 2126 274 2176 brum,
294 2130 339 2167 et
353 2130 454 2167 ante
469 2130 513 2167 te
528 2125 683 2178 praeivi
702 2125 746 2166 in
762 2124 966 2166 columna

134 2182 282 2223 nubis:
306 2182 329 2205 '⁸‘
358 2181 416 2223 Et
441 2186 489 2222 tu
512 2194 583 2222 me
606 2180 827 2222 tradidisti
851 2181 965 2232 prin-

136 2237 307 2290 cipibus
327 2237 618 2286 sacerdotum,
646 2242 690 2278 et
712 2249 783 2278 me
805 2236 968 2278 duxisti

137 2293 194 2334 ad
233 2293 490 2346 praetorium
524 2292 665 2334 Pilati.
713 2287 763 2338 V.
795 2291 966 2344 Popule

137 2361 280 2399 meus,
313 2348 419 2400 quid
451 2348 535 2390 feci
566 2347 665 2397 tibi,
697 2353 773 2388 aut
799 2348 847 2394 in
881 2359 967 2398 quo

139 2404 398 2446 contristavi
422 2402 489 2445 te?
515 2402 737 2456 responde
756 2402 873 2443 mihi.
900 2403 968 2442 Et.

189 2467 239 2519 Rz.
263 2467 318 2507 iii.
350 2468 446 2518 'Ego
471 2472 656 2520 propter
681 2471 726 2508 te
752 2465 970 2517 flagellavi

140 2523 384 2575 AEgthum
410 2536 509 2564 cum
533 2522 836 2575 primogenitis
863 2522 970 2562 suis:

138 2579 160 2603 *
181 2579 239 2619 Et
252 2583 304 2619 tu
322 2591 392 2620 me
411 2579 679 2629 flagellatum
697 2577 927 2626 tradidisti,
942 2579 965 2603 *

142 2635 227 2683 Qui
261 2638 485 2686 tamquam
522 2647 659 2684 agnus
697 2646 846 2674 coram
876 2637 970 2673 ton-

142 2689 273 2731 dente
293 2702 340 2730 se
361 2689 570 2738 obmatui,
591 2695 634 2731 et
650 2702 738 2730 non
753 2688 905 2740 aperui
921 2700 971 2728 os

141 2757 298 2786 meum.
330 2738 381 2789 V.
410 2745 580 2797 Popule
603 2757 739 2794 meuS,
763 2742 869 2795 quid
890 2743 972 2784 feci

1004 346 1095 396 tibi,
1120 351 1195 387 aut
1218 347 1262 386 in
1284 359 1371 398 quo
1396 346 1654 387 contristavi
1676 344 1742 386 te?
1768 358 1831 386 re-

1006 402 1177 455 sp6nde
1202 402 1317 443 mihi.
1353 403 1409 443 Et
1435 407 1492 443 tu.
1535 402 1698 443 (illaria.
1739 401 1834 451 Qui.

1060 468 1100 501 ln
1121 467 1423 509 Quadragesima
1450 476 1552 501 vern.
1579 466 1757 499 dicuntur
1777 475 1832 498 sc-

1007 520 1168 558 quentes
1194 515 1405 548 Lectiones.

1008 586 1074 625 De
1101 582 1302 635 Epistola
1333 582 1451 623 beati
1477 582 1601 623 Pauli
1627 582 1834 634 Apostoli

1265 638 1323 679 ad
1342 639 1579 679 Romanos.

1112 708 1263 749 Lectio
1287 708 1308 746 i.
1572 706 1673 756 Cap.
1693 706 1730 743 5.

1015 780 1036 801 ι’
1044 779 1119 828 4..3
1128 768 1335 810 omendat
1345 768 1573 809 caritatem
1584 781 1706 809 suam
1713 769 1834 810 Deus

1012 817 1120 904 Qvi
1144 825 1187 865 in
1200 824 1343 865 nobis:
1360 824 1567 876 quoniam
1581 836 1680 864 cum
1693 824 1836 866 adhuc

1018 894 1036 904 1⁴
1066 891 1119 907 sl

1144 882 1402 932 peccatores
1436 882 1651 930 essemus,
1685 884 1834 921 secun-

1008 936 1113 977 dum
1142 942 1336 988 tempus,
1371 935 1570 977 Christus
1597 948 1679 988 pro
1708 936 1836 977 nobis

1006 995 1206 1033 mortuus
1239 997 1323 1034 est:
1359 991 1498 1032 multo
1535 992 1666 1042 igitur
1697 993 1836 1043 magis

1007 1061 1121 1089 nunc
1144 1047 1364 1099 justificati
1388 1048 1432 1087 in
1457 1048 1667 1097 sanguine
1689 1048 1837 1100 ipsius,

1009 1104 1119 1145 salvi
1145 1105 1304 1145 e'rimus
1328 1103 1384 1145 ab
1408 1104 1474 1144 ira
1496 1116 1575 1155 per
1598 1104 1752 1156 ipsum.
1793 1104 1838 1144 Si

1009 1161 1123 1201 enim
1147 1173 1246 1201 cum
1268 1159 1430 1200 inimici
1454 1161 1660 1208 essemus,
1685 1172 1837 1200 recon-

1009 1216 1144 1257 ciliati
1164 1228 1312 1256 sumus
1326 1216 1423 1256 Deo
1442 1227 1522 1267 per
1537 1219 1726 1255 mortem
1739 1215 1838 1254 Filii

1010 1273 1114 1323 ejus:
1128 1271 1267 1312 multo
1280 1271 1420 1321 magis
1435 1270 1713 1319 reconciliati,
1729 1270 1839 1311 salvi

1010 1328 1171 1369 erimus
1194 1328 1238 1367 in
1262 1327 1352 1368 vita
1374 1327 1524 1379 ipsius.
1568 1326 1670 1367 Non
1696 1326 1839 1366 solum

1010 1389 1176 1425 autem:
1213 1382 1292 1424 sed
1326 1387 1369 1424 et
1399 1382 1638 1433 gloriamur
1670 1382 1714 1422 in
1741 1382 1838 1422 Deo

1009 1453 1089 1492 per
1099 1439 1338 1480 Dominum
1350 1443 1550 1479 nostrum
1559 1438 1583 1478 J
1586 1450 1709 1479 esum
1721 1437 1840 1478 Chri-

1011 1501 1145 1544 stum,
1178 1507 1258 1547 per
1287 1507 1417 1546 quem
1448 1507 1564 1535 nunc
1590 1493 1840 1534 reconcilia-

1010 1552 1177 1593 tionem
1201 1551 1463 1603 accepimus.
1506 1551 1551 1591 Si
1576 1550 1690 1591 enim
1714 1551 1841 1589 unius

1013 1607 1175 1648 delicto
1207 1619 1327 1647 mors
1359 1606 1558 1656 regnavit
1584 1617 1664 1657 per
1691 1618 1842 1645 unum:

1011 1662 1151 1703 multo
1176 1662 1316 1712 magis
1342 1660 1655 1703 abundantiam
1678 1659 1843 1710 gratiae,

1014 1723 1058 1759 et
1083 1718 1345 1766 donationis,
1370 1722 1414 1758 et
1435 1716 1611 1768 justitiae
1631 1715 1843 1767 accipien-

1013 1779 1100 1823 tes,
1134 1775 1178 1814 in
1208 1774 1300 1815 vita
1331 1772 1576 1822 regnabunt
1602 1784 1682 1823 per
1709 1783 1843 1811 unum

1013 1830 1038 1870 J
1040 1843 1163 1871 esum
1183 1829 1416 1870 Christum.

1068 1891 1117 1942 R.
1143 1889 1286 1930 Vinea
1303 1900 1412 1928 mea.
1440 1893 1487 1927 ut
1506 1899 1648 1937 supra.

1327 1956 1479 1997 Lectio
1501 1955 1540 1994 ii.

1062 2021 1197 2072 gitur,
1230 2021 1343 2062 sicut
1369 2033 1450 2072 per
1481 2022 1609 2061 unius
1638 2018 1846 2060 delictum

1089 2077 1134 2116 in
1171 2089 1324 2118 omnes
1359 2075 1559 2117 homines
1602 2075 1646 2115 in
1687 2074 1846 2115 conde-

1016 2133 1298 2173 mnationem:
1327 2132 1391 2172 sic
1415 2136 1459 2172 et
1478 2143 1557 2183 per
1581 2132 1708 2172 unius
1728 2130 1845 2181 justi-

1017 2189 1123 2229 tiam
1149 2188 1194 2228 in
1222 2200 1374 2229 omnes
1402 2186 1672 2228 haminesin
1700 2185 1847 2237 justifi-

1019 2244 1237 2285 cationem
1259 2244 1374 2284 vitae.
1411 2242 1532 2283 Sicut
1556 2242 1671 2283 enim
1689 2254 1769 2293 per
1787 2241 1847 2280 in-

1019 2298 1316 2341 obedientiam
1331 2301 1460 2339 unius
1478 2298 1677 2346 miminis,
1695 2308 1847 2348 pecca-

1018 2357 1139 2396 teres
1167 2354 1396 2396 constitati
1423 2358 1524 2395 sunt
1550 2353 1691 2394 multi:
1717 2352 1779 2392 ita
1805 2356 1848 2391 et

1018 2423 1099 2462 per
1123 2412 1250 2451 unius
1277 2409 1592 2458 obeditionem,
1620 2407 1722 2459 justi
1747 2418 1847 2447 con-

1020 2466 1253 2507 stituentur
1279 2465 1416 2506 multi.
1456 2464 1550 2505 Lex
1576 2467 1723 2504 autem
1751 2460 1848 2502 sub-

1019 2521 1199 2562 intravit
1211 2526 1260 2562 ut
1273 2520 1515 2562 abundaret
1529 2518 1747 2560 delictum.
1762 2515 1850 2558 Ubi

1021 2581 1168 2617 autem
1191 2575 1432 2618 abundavit
1456 2574 1674 2622 delictum,
1701 2584 1849 2624 super-

1021 2631 1262 2673 abundavit
1287 2631 1438 2682 gratia.
1478 2630 1538 2671 Ut
1562 2630 1675 2670 sicut
1698 2629 1848 2678 regna-

1020 2688 1084 2728 vit
1118 2689 1351 2739 peccatum
1387 2686 1432 2725 in
1469 2690 1675 2726 mortem:
1710 2683 1772 2723 ita
1806 2686 1850 2722 et

1021 2743 1163 2794 gratia
1176 2747 1329 2793 regnet
1343 2754 1423 2794 per
1437 2741 1645 2792 justitiam
1658 2739 1701 2779 in
1714 2738 1849 2779 vitam
