2080 2990
585 201 652 234 l)ic
676 201 726 234 24.
752 201 834 233 Jan,
881 200 915 234 S.
940 199 1129 233 Timothei
1160 200 1280 242 Episc.
1308 205 1341 234 ct
1367 200 1461 233 Mart

175 295 282 336 illud
307 294 605 343 clarissimum,
635 292 754 345 quod
779 306 832 334 ex
856 292 996 334 insula

175 350 347 393 Baleari
369 350 522 402 Maiori
543 350 831 391 Barcinonem
853 362 994 391 rever-

176 411 317 457 surus,
354 412 490 448 strato
523 419 653 459 super
684 419 820 458 aquas
850 406 995 458 pallio,

176 469 349 506 centum
368 465 593 513 sexaginta.
610 462 807 503 milliaria
826 475 903 503 sex
920 462 995 503 ho-

174 521 232 561 ris
256 519 505 570 confecerit,
534 524 577 561 et
602 532 727 560 suum
749 518 996 560 coenobium

174 576 311 628 januis
331 575 488 617 clausis
502 575 631 617 fuerit
644 575 874 626 ingressus.
893 575 997 615 Tan-

176 631 276 674 dem
294 645 434 685 prope
454 632 739 682 centenarius,
763 631 996 673 virtutibus

176 694 219 730 et
245 689 409 730 meritis
437 688 695 738 cumulatus,
732 687 996 729 obdormivit

174 746 218 787 in
235 745 440 794 Domino,
464 757 576 786 anno
597 744 748 786 saliitis
766 744 994 785 millesimo

175 801 472 843 ducentesimo
492 800 811 853 septuagesimo
835 800 996 852 quinto.

176 858 315 908 Quem
334 857 532 898 Clemens
556 859 736 898 octavus
756 856 800 897 in
818 857 993 899 Sancto-

174 926 269 954 rum
287 916 514 959 numerum
532 912 689 954 retulit.

230 983 279 1035 R.
302 979 391 1020 Iste
409 977 552 1019 homo.
572 978 650 1030 [72]

232 1052 270 1085 In
298 1051 360 1085 111.
387 1051 493 1084 Noct.
522 1050 658 1084 Homil.
685 1050 719 1082 in
747 1050 887 1093 Evang.
915 1049 995 1084 sint

174 1096 305 1131 lumbi.
332 1098 378 1132 de
403 1098 537 1132 eodem
564 1098 773 1131 Communi.
797 1096 864 1140 [74]

373 1169 445 1203 Pro
470 1169 505 1203 S.
531 1169 805 1203 Emerentiana.

479 1230 626 1270 Lectio
648 1230 698 1269 ix.

184 1300 250 1354 μί”ῑ17
260 1291 526 1333 merentiz‘ma
540 1291 663 1342 virgo
679 1292 889 1342 Romana,
909 1292 994 1333 col-

184 1348 217 1382 ἑὲᾲ
229 1348 247 1381 f>
274 1348 472 1390 laetanea
486 1347 627 1389 beatae
643 1347 834 1398 Agnetis,
854 1346 996 1389 adhue

176 1404 503 1454 catechumena,
531 1403 617 1446 fide
646 1409 689 1446 et
716 1404 895 1446 caritate
923 1404 996 1445 fla-

176 1473 321 1512 grans,
345 1461 536 1502 furentes
554 1460 598 1501 in
618 1460 886 1502 Christianos
904 1459 994 1502 ido-

174 1517 316 1558 lorum
347 1517 538 1559 cultores
570 1530 669 1558 cum
699 1516 997 1558 vehementius

175 1575 415 1623 accusaret,
443 1587 469 1615 a
487 1574 704 1616 concitata
721 1572 996 1615 multitudine

174 1629 393 1683 lapidibus
417 1629 572 1671 obruta
595 1635 672 1672 est.
707 1631 814 1681 Quae
837 1630 880 1670 in
904 1642 995 1671 cru-

175 1685 359 1727 ciatibus
379 1698 508 1727 orans
528 1685 584 1728 ad
605 1686 883 1739 sepulchrum
902 1699 995 1727 san·
1053 1710 1091 1741 ἢ
1117 1700 1163 1741 523aess

175 1746 258 1783 ctae
303 1742 501 1792 Agnetis,
551 1743 732 1795 proprio
778 1742 996 1793 sanguine,
1054 1738 1091 1771 '2³³7
1126 1739 1154 1755 ““

177 1810 306 1850 quem
323 1811 405 1851 pro
426 1797 598 1840 Christo
624 1801 874 1840 constanter
893 1798 995 1840 effu-

174 1853 250 1952 313
251 1854 511 1952 itbaptizata,
548 1855 734 1897 animam
768 1856 865 1896 Deo
901 1854 995 1896 red-

231 1977 290 2018 Te
307 1976 451 2018 Deum
468 1975 707 2018 laudamus.
726 1977 784 2017 14.

234 2047 276 2081 Ϊη
307 2046 424 2080 Laud.
462 2047 501 2080 fit
533 2056 725 2080 commem.
757 2046 791 2079 S.
823 2046 996 2079 Emeren-

178 2095 302 2129 tianae.

232 2155 329 2196 Ant.
349 2154 491 2196 Simile
512 2159 578 2196 est
594 2167 773 2205 regnum
788 2153 998 2195 coelorum

176 2211 339 2252 homini
357 2211 618 2261 negotiatori
635 2211 846 2262 quaerenti
859 2209 996 2252 bonas

176 2269 444 2318 margaritas:
476 2267 649 2308 inventa
679 2279 764 2308 una
793 2267 996 2319 pretiosa,

178 2322 300 2365 dedit
335 2323 479 2364 omnia
514 2336 608 2373 sua,
650 2328 693 2365 et
729 2323 998 2376 comparavit

179 2391 284 2420 eam.

233 2440 280 2491 Y.
319 2444 488 2487 Diffusa
526 2450 594 2486 est
628 2444 766 2495 gratia
797 2444 840 2484 in
870 2443 996 2485 labiis

179 2500 277 2541 tuis.
342 2501 389 2552 R„
424 2502 664 2555 Propterea
698 2499 920 2543 benedixit
953 2505 997 2541 te

179 2555 299 2597 Deus
320 2556 365 2597 in
387 2559 606 2599 aeternum.

235 2628 348 2670 Vesp.
374 2628 419 2661 de
446 2638 548 2671 sequ.
574 2638 767 2662 commem.
792 2627 952 2670 praeccd.

1267 293 1348 334 Die
1367 294 1433 334 24.
1450 294 1475 334 J
1477 294 1648 335 anuarii.

1114 362 1157 402 S.
1180 361 1427 402 Timothei
1463 363 1599 414 1⁴]pisc.
1625 372 1666 404 ct
1692 365 1809 405 Mart.

1383 426 1543 470 Duplex

1106 482 1239 515 Omnia
1273 482 1318 515 de
1349 482 1490 517 Comm.
1522 485 1631 518 unius
1660 486 1761 520 Mart.
1787 481 1866 524 [2l]‚

1054 535 1193 573 praeter
1217 541 1322 573 sequ.

1387 581 1547 622 Oratio.

1095 639 1374 680 nfirmitzitem
1398 644 1593 680 nostram
1615 640 1796 692 respice,
1823 653 1866 681 o-

1103 697 1350 748 mnipotens
1365 696 1499 736 Deus:
1518 701 1561 737 et
1581 695 1680 746 quia
1694 695 1867 748 pondus

1047 752 1239 805 propriae
1265 752 1447 793 actionis
1469 757 1637 802 gravat,
1662 751 1779 793 beati
1797 752 1866 793 Ti-

1047 807 1212 849 mothei
1229 807 1432 860 Martyris
1455 808 1518 849 tui
1540 812 1670 860 atque
1692 808 1866 849 Pontifi-

1049 864 1110 905 cis
1143 864 1396 905 intercessio
1428 864 1617 915 gloriosa
1650 877 1730 905 nos
1768 866 1866 917 pro-

1047 925 1176 971 tegat.
1203 920 1287 961 Per
1306 921 1551 962 Dominum.

1107 986 1252 1020 Deinde
1278 987 1315 1021 fit
1340 998 1533 1021 commem,
1560 989 1593 1022 S.
1622 989 1845 1031 Raymuncli.

1106 1042 1199 1083 Ant.
1223 1041 1302 1083 Hie
1315 1041 1380 1083 vir
1399 1041 1643 1095 despiciens
1661 1042 1868 1084 mundum

1048 1103 1091 1139 et
1135 1100 1320 1147 terrena,
1365 1097 1651 1151 triomphans,
1697 1098 1867 1140 divitias

1047 1153 1161 1195 coelo
1186 1153 1380 1196 condidit
1404 1167 1490 1204 ore,
1515 1168 1654 1195 manu.

1108 1210 1152 1260 δ”,
1172 1210 1196 1251 J
1197 1216 1343 1252 ustum
1361 1209 1542 1252 deduxit
1559 1211 1771 1252 Dominus
1789 1224 1869 1264 per

1048 1265 1140 1306 vias
1159 1272 1311 1308 rectas.
1355 1271 1400 1321 R.
1422 1266 1478 1308 Et
1504 1266 1694 1308 ostendit
1718 1267 1779 1307 illi
1803 1279 1866 1307 re-

1047 1334 1178 1372 gnum
1195 1323 1289 1364 Dei.

1107 1398 1147 1431 In
1181 1399 1203 1432 I.
1236 1399 1431 1433 Nocturno
1465 1399 1663 1431 Lectiones
1697 1398 1741 1430 dc
1775 1398 1870 1430 Scri-

1052 1451 1161 1489 ptura
1187 1452 1415 1480 occurrente.

1278 1516 1325 1554 In
1353 1516 1402 1554 II.
1431 1515 1650 1553 Nocturno.

1351 1579 1501 1619 Lectio
1522 1579 1572 1618 iv.

1122 1653 1157 1684 ἢ
1172 1638 1398 1688 imotheuS,
1413 1638 1580 1690 Lystris
1595 1638 1637 1678 in
1651 1637 1870 1690 Lycaonia

1057 1687 1085 1709 ⁸⁷
1124 1688 1151 1698 '¹
1190 1699 1316 1736 natus
1332 1707 1385 1735 ex
1400 1699 1524 1747 patre
1540 1694 1711 1744 Gentili,
1732 1700 1775 1736 et
1791 1709 1869 1736 ma-

1190 1756 1256 1792 tre
1275 1750 1442 1801 Judaea,
1462 1750 1738 1792 christianam
1758 1751 1868 1792 cole-

1047 1808 1123 1850 bat
1141 1806 1408 1857 religionem,
1435 1819 1532 1847 cum
1550 1806 1593 1846 in
1613 1819 1664 1847 ea
1682 1806 1781 1847 loca
1799 1819 1867 1847 ve-

1047 1864 1109 1905 nit
1145 1862 1305 1903 Paulus
1336 1861 1591 1915 Apostolus.
1637 1862 1721 1912 Qui
1755 1863 1869 1904 fama

1049 1921 1307 1967 commotus,
1334 1930 1432 1969 quae
1457 1916 1511 1959 de
1535 1917 1752 1959 Timothei
1776 1931 1868 1960 san-

1049 1975 1198 2016 ctitate
1224 1973 1549 2026 percrebuerat,
1580 1974 1724 2026 ipsum
1751 1974 1868 2016 adhi-

1047 2030 1142 2072 buit
1173 2029 1340 2071 socium
1370 2042 1462 2071 suae
1497 2029 1869 2083 peregrinationis:

1049 2085 1127 2128 sed
1162 2090 1346 2139 propter
1381 2085 1576 2135 Judaeos,
1620 2086 1694 2138 qui
1730 2099 1776 2127 se
1813 2085 1869 2127 ad

1050 2141 1268 2183 Christum
1312 2143 1631 2191 converterant,
1684 2141 1869 2191 scientes

1049 2197 1268 2239 Timothei
1302 2203 1471 2250 patrem
1507 2210 1603 2239 esse
1636 2198 1868 2248 Gentilem,

1050 2267 1148 2296 eum
1166 2253 1444 2296 circumcidit.
1473 2254 1580 2295 Cum
1595 2254 1724 2304 igitur
1740 2253 1868 2294 ambo

1048 2309 1272 2363 Ephesum
1296 2313 1532 2361 venissent,
1560 2310 1620 2352 ibi
1643 2309 1868 2351 ordinatus

1049 2371 1115 2408 est
1133 2369 1368 2420 episcopus
1387 2366 1442 2408 ab
1459 2366 1689 2420 Apostolo,
1707 2370 1755 2407 ut
1774 2378 1868 2406 eam

1049 2422 1275 2465 ecclesiam
1293 2422 1565 2474 gubernaret.

1106 2491 1153 2542 Ην.
1182 2488 1429 2530 Honestum
1453 2487 1555 2529 fecit
1577 2486 1697 2527 illum
1721 2486 1866 2527 Domi-

1048 2556 1144 2594 nUS,
1170 2548 1213 2585 et
1232 2543 1468 2586 custodivit
1486 2555 1585 2584 eum
1603 2542 1658 2584 ab
1676 2541 1866 2591 inimicis,

1050 2605 1094 2642 et
1120 2613 1146 2642 a
1173 2599 1474 2642 seductoribus
1501 2599 1659 2641 tutavit
1684 2598 1818 2648 illum,
1844 2596 1864 2618 *

1049 2656 1106 2698 Et
1137 2655 1259 2698 dedit
1288 2656 1350 2697 illi
1381 2656 1621 2698 claritatem
1652 2656 1871 2696 aeternam..

1052 2712 1101 2759 Y.
1122 2712 1447 2765 Descenditque
1471 2725 1570 2754 cum
1591 2711 1666 2753 illo
1689 2711 1733 2751 in
1750 2710 1865 2751 fove-
