2080 2990
209 194 281 230 430

639 202 704 234 lm»
736 203 783 234 ΙΝΑ
810 202 892 234 dam.

210 291 311 333 inde
331 293 504 341 emissa,
530 304 628 332 cum
652 291 695 332 in
714 290 818 332 fidei
838 293 1037 332 constan-

210 348 271 389 tia
302 349 623 399 perseveraret,
662 347 819 389 affecta
848 347 1036 389 verberi-

209 403 307 453 bus,
351 404 622 456 ferventique
663 403 793 456 adipe
831 403 1037 452 delibuta,

209 473 358 501 rursus
375 461 418 501 in
435 463 656 502 carcerem
667 459 914 501 includitur.
931 460 1038 501 Post

207 516 400 558 triduum
423 517 467 558 in
491 516 857 570 amphitheatrum
876 515 1037 569 produ-

209 578 295 623 cta,
314 573 432 615 leoni
452 573 668 625 objicitur:
689 573 763 626 qui
782 585 874 613 suae
894 572 1035 614 ferita-

207 630 263 671 tis
280 630 452 681 oblitus,
470 630 690 672 humiliter
709 642 757 671 se
777 628 833 671 ad
853 629 943 681 ejus
963 641 1035 681 pe-

209 686 287 728 des
316 686 483 739 abjecit.
522 688 630 738 Quae
658 688 816 739 pastea
844 684 890 725 in
916 687 1035 735 erga-

208 743 324 785 stulo
361 743 555 785 triduum
591 741 736 784 inedia
772 742 951 791 afflicta,
994 741 1038 782 in

208 800 396 852 equuleo
435 799 733 852 suspenditur,
779 803 823 840 et
864 797 1037 849 ungulis

208 856 359 898 ferreis
389 855 698 898 excarnificata
724 855 769 896 in
797 867 953 906 rogum
977 854 1037 895 in-

206 913 358 965 jicitur,
378 913 494 955 unde
515 912 647 954 etiam
667 911 924 953 mirabiliter
940 913 1036 952 eva-

208 970 264 1011 sit
295 970 536 1011 incolumis.
577 969 779 1021 Denique
811 972 935 1010 extra
959 968 1037 1010 Ur-

207 1026 310 1068 bem
342 1027 485 1079 capite
517 1026 734 1075 abscisso,
775 1024 1037 1076 virginitatis

206 1083 399 1136 palmam
426 1083 622 1135 martyrii
652 1083 816 1124 corena
849 1081 1037 1123 cumula-

206 1140 279 1182 vit.
313 1140 443 1192 Cujus
463 1152 625 1193 corpus
645 1139 714 1180 via
732 1138 939 1187 Ostiensi,
967 1137 1037 1179 de-

207 1197 322 1238 cimo
342 1197 397 1238 ab
416 1197 537 1239 Urbe
555 1195 768 1245 milliario,
786 1208 811 1236 a
832 1195 1036 1236 Christia-

205 1253 272 1294 nis
306 1252 477 1295 decimo
519 1253 671 1305 quinto
703 1251 928 1293 Kalendas
958 1251 1037 1292 Fe-

206 1309 371 1351 bruarii
390 1310 610 1363 sepelitur.
648 1311 708 1351 Te
728 1309 882 1350 Deum.
901 1309 960 1349 14.

466 1387 546 1429 Ad
568 1386 777 1429 Laudes.

520 1458 726 1508 Hymnus.

211 1513 389 1617 Beate
416 1520 568 1568 pastor
591 1516 722 1557 Petre
749 1514 941 1556 clemens
970 1514 1038 1554 ac-

519 1585 617 1625 elpe

263 1629 410 1671 Voces
428 1631 705 1682 precantum,
725 1627 1040 1678 criminumque

518 1685 691 1726 vincula

260 1742 412 1785 Verbo
432 1742 621 1792 reselve,
647 1742 717 1784 cui
734 1742 935 1795 potestas
954 1742 1038 1781 tra-

522 1799 614 1841 dita

263 1858 449 1909 Aperire
477 1856 607 1898 terris
636 1855 812 1904 coelum,
841 1856 1040 1908 apertum

522 1912 739 1954 claudere.

213 1979 278 2019 Sit
296 1978 503 2019 Trinitati
522 1977 788 2030 sempiterna
806 1975 956 2028 gloria,

265 2036 431 2084 Honor,
450 2036 661 2087 potestaS,
681 2039 814 2086 atque
833 2032 1040 2086 jubilatio,

264 2092 315 2132 In
331 2091 508 2141 unitate,
526 2091 628 2143 ⁴quae
648 2090 864 2142 gubernat
885 2089 1041 2139 emnia,

264 2148 349 2190 Per
368 2148 572 2189 universa
591 2146 849 2189 aeternitatis
868 2145 1040 2188 saecula.

526 2204 680 2246 Amen.

266 2262 313 2313 Ψ.
342 2265 548 2306 Exaltent
568 2278 667 2306 eum
685 2265 730 2306 in
749 2264 935 2306 ecclesia
952 2263 1041 2316 ple-

214 2323 294 2364 bis.
339 2325 383 2375 lig.
419 2322 478 2363 Et
508 2322 552 2362 in
585 2321 794 2364 cathedra
820 2321 1043 2363 senierum

215 2378 395 2421 laudent
415 2391 525 2420 eum.

267 2444 334 2484 Ad
374 2444 530 2484 Bened.
575 2445 673 2483 Ant.
721 2441 1043 2494 Quodcumque

215 2499 420 2551 ligaveris
454 2511 585 2551 super
617 2504 793 2548 terram,
827 2499 908 2540 erit
939 2498 1043 2549 liga-

215 2561 309 2597 tum
341 2560 385 2597 et
414 2556 457 2596 in
489 2555 627 2596 coelis:
659 2560 703 2596 et
733 2554 1044 2607 quodcumque

216 2612 401 2653 selveris
418 2625 550 2664 super
564 2617 736 2660 terram,
756 2611 838 2653 erit
853 2611 1044 2652 solutum

217 2673 261 2710 et
284 2668 328 2709 in
355 2668 494 2710 coelis:
519 2668 626 2710 dicit
645 2668 860 2709 Deminus
879 2667 1045 2708 Simeni

216 2725 359 2767 Petro.

942 202 1143 235 (Lurhcdrzr

1171 204 1203 234 S,
1234 202 1329 235 Petri
1360 202 1497 234 Nonne.

1425 296 1586 335 Oratio.

1181 362 1275 399 eus,
1304 350 1379 403 qui
1396 349 1529 392 beato
1548 349 1681 391 Petro
1698 348 1917 403 Apestolo

1185 411 1274 456 tuo,
1294 406 1466 448 collatis
1484 405 1681 447 clavibus
1695 406 1817 457 regni
1833 418 1917 447 coe-

1090 464 1228 513 lestis,
1253 462 1418 515 ligandi
1442 467 1574 515 atque
1595 462 1793 504 solvendi
1810 475 1917 516 pon-

1089 520 1272 562 tificium
1296 518 1533 561 tradidisti:
1559 517 1766 570 concede3
1791 523 1840 560 ut
1857 519 1917 560 in-

1090 576 1371 619 tercessionis
1397 576 1487 627 ejus
1512 575 1694 625 auxilio,
1722 588 1748 616 a
1765 585 1917 628 pecca-

1090 636 1237 676 terum
1266 634 1521 674 nostrerum
1552 631 1737 673 nexibus
1765 630 1918 674 libere-

1090 702 1199 732 mur:
1224 689 1308 741 Qui
1327 688 1436 729 vivis
1456 692 1501 730 et
1518 701 1686 740 regnas.

1148 765 1294 798 Deinde
1324 766 1357 798 rit
1386 776 1578 799 commem.
1605 768 1638 799 ὃ.
1667 766 1784 799 l‘auli.

1146 823 1243 862 Ant.
1299 822 1457 861 Sancte
1506 815 1639 858 Paule
1683 814 1919 868 Apestole,

1091 874 1358 928 praedicator
1404 873 1619 923 veritatis,
1665 876 1710 914 et
1748 871 1919 914 Doctor

1093 931 1315 982 Gentium,
1347 929 1569 974 intercede
1597 941 1678 982 pro
1706 927 1834 970 nobis
1862 927 1920 970 ad

1091 988 1250 1038 Deum,
1275 988 1348 1041 qui
1370 993 1416 1030 te
1440 986 1580 1038 elegit.

1147 1051 1194 1101 ,Ψ
1229 1053 1299 1094 Tu
1330 1066 1377 1095 es
1405 1065 1484 1094 vas
1514 1049 1741 1092 electienis
1770 1053 1919 1091 sancte

1091 1110 1225 1152 Paule
1271 1109 1500 1163 Apestole.
1558 1112 1606 1162 14.
1647 1106 1920 1148 Praedicator

1092 1166 1290 1209 veritatis
1312 1167 1356 1208 in
1379 1165 1584 1207 universo
1607 1162 1783 1205 mundo.

1430 1236 1591 1276 Oratio.

1180 1315 1267 1352 eus,
1285 1302 1359 1355 qui
1372 1300 1698 1344 multitudinem
1713 1300 1920 1343 Gentium

1195 1359 1315 1401 beati
1334 1358 1459 1400 Pauli
1477 1357 1684 1411 Apestoli
1706 1357 1918 1411 praedica-

1090 1416 1210 1457 tiene
1247 1414 1451 1458 docuisti:
1493 1415 1550 1457 da
1585 1414 1713 1457 nobis
1751 1415 1919 1467 quaesu-

1090 1486 1203 1523 mus;
1235 1478 1283 1514 ut
1311 1473 1431 1524 cujus
1459 1471 1920 1514 commemoratienem

1091 1529 1292 1579 celimus,
1330 1529 1420 1581 ejus
1454 1528 1573 1581 apud
1603 1533 1648 1571 te
1674 1527 1921 1581 patrocinia

1092 1586 1363 1636 sentiamus„

1151 1650 1287 1683 Postea
1313 1651 1346 1683 S.
1374 1649 1517 1682 Prisca-
1547 1649 1645 1691 N‘irg.
1672 1653 1706 1680 et
1732 1647 1837 1680 Mart.

1150 1708 1245 1747 Ant.
1284 1707 1431 1748 Simile
1468 1710 1535 1748 est
1571 1718 1754 1757 regnum
1789 1704 1920 1747 coele-

1092 1777 1190 1806 rum
1218 1763 1384 1805 hemini
1411 1762 1676 1814 negotiatori
1705 1761 1921 1815 quaerenti

1091 1820 1232 1862 bonas
1250 1822 1524 1871 margaritas3
1542 1819 1720 1861 inventa
1733 1830 1820 1860 una
1832 1829 1922 1870 pre-

1092 1878 1224 1927 tiosa,
1252 1875 1374 1918 dedit
1393 1875 1538 1918 emnia
1556 1887 1652 1926 sua,
1679 1879 1724 1917 et
1747 1886 1921 1927 compa-

1092 1934 1207 1976 ravit
1227 1946 1334 1975 eam.

1150 1999 1196 2047 ,Ψ.
1229 1997 1401 2039 Diffusa
1436 2001 1504 2039 est
1538 1996 1679 2049 gratia
1712 1995 1758 2037 in
1792 1994 1921 2036 labiis

1092 2056 1190 2098 tuis.
1252 2057 1300 2107 Rp,
1337 2055 1580 2107 Propterea
1615 2051 1840 2095 benedixit
1875 2055 1921 2092 te

1092 2113 1213 2155 Deus
1236 2112 1281 2153 in
1304 2112 1526 2152 aeternum.

1147 2178 1309 2218 Oratio.
1338 2177 1406 2218 Da
1425 2177 1686 2228 quaesumus.
1702 2173 1794 2215 427.

1291 2255 1352 2295 In
1378 2254 1441 2295 11.
1469 2250 1720 2303 vesperis,

1147 2319 1322 2363 Hymnus
1350 2323 1387 2352 ut
1414 2318 1450 2351 in
1477 2317 1501 2350 1.
1527 2316 1641 2358 Vesp.
1668 2313 1743 2348 426.

1150 2371 1196 2422 ,Ψ.
1230 2373 1375 2425 Elegit
1405 2377 1450 2413 te
1476 2370 1692 2412 Deminus
1720 2367 1921 2411 sacerde-

1094 2436 1184 2473 tem
1209 2429 1304 2471 sibi.
1343 2432 1390 2482 R'·
1417 2427 1491 2469 Ad
1518 2425 1854 2468 sacrificandum
1881 2425 1922 2467 ei

1094 2487 1284 2529 hestiam
1302 2483 1454 2526 laudis.

1150 2553 1216 2592 Ad
1235 2551 1404 2598 Magnis.
1427 2552 1523 2590 Ant.
1546 2550 1660 2590 Dum
1677 2553 1794 2590 esset
1809 2560 1922 2589 sum-

1095 2622 1193 2651 mus
1211 2606 1428 2655 Pontifex,
1453 2607 1627 2647 terrena
1649 2618 1738 2646 non
1756 2603 1922 2652 metuit,

1097 2666 1176 2708 sed
1212 2664 1269 2707 ad
1306 2663 1502 2706 coelestia
1541 2674 1675 2713 regna
1704 2661 1922 2713 gloriesus

1097 2721 1310 2773 migravit.
