2040 2990
600 212 694 243 Intra
726 210 1013 243 Ilcluiomadnm
1044 210 1088 241 ἰν,
1118 214 1201 250 post
1231 208 1495 250 Epiphaniam.

197 307 463 357 Conditoris,
489 319 586 359 quae
606 305 724 359 apud
743 318 823 347 nos
841 304 1018 347 insensi-

195 364 308 414 bilia,
331 364 393 405 illi
412 362 632 405 sensibilia
651 367 761 403 sunt.

252 425 297 474 Rg.
321 421 422 462 Duo
442 419 670 473 seraphim
693 418 942 460 clamabant
961 417 1016 458 al-

194 481 260 517 ter
279 476 335 518 ad
356 477 555 519 alterum:
577 480 597 502 *
617 476 812 524 Sanctus,
832 479 1018 522 sanetus,

195 538 371 574 sanctus
408 534 622 575 Dominus
654 533 775 574 Deus
811 530 1019 572 Sabaoth:

198 594 217 613 *
232 589 368 631 Plena
382 595 448 631 est
468 590 609 631 omnis
628 594 745 630 terra
763 588 903 639 gloria
918 588 1019 638 ejus.

198 642 245 693 Y.
263 646 373 687 Tres
393 651 493 688 sunt
509 647 583 698 qui
601 645 899 687 testimonium
915 642 1020 684 dant

193 702 238 743 in
253 702 381 744 coelo:
396 703 536 753 Pater,
551 702 759 750 Verbum,
775 705 817 742 et
831 699 1018 753 Spiritus

194 764 386 809 sanctus:
405 765 447 801 et
461 760 505 800 hi
521 765 611 801 tres
626 772 759 800 unum
779 762 889 798 sunt.
916 756 1018 797 San-

194 821 301 857 ctus.
333 816 482 857 (iloria
502 816 631 857 Patri.
659 814 793 856 Plena
813 819 890 855 est.

499 876 646 915 Lectio
670 876 719 914 ix.

198 927 378 1032 Porro
407 930 605 970 homines
632 928 778 969 mirati
807 931 926 976 sunt,
959 925 1018 967 di-

298 988 465 1027 centes:
503 985 653 1035 Qualis
690 989 757 1026 est
789 983 880 1032 hic,
918 983 1020 1035 quia

194 1043 312 1084 venti
328 1047 371 1084 et
385 1055 504 1084 mare
525 1041 735 1083 obediunt
753 1038 813 1081 ei?
841 1039 943 1081 Non
959 1038 1019 1080 di-

195 1099 360 1152 scipuli,
382 1099 461 1141 sed
480 1104 637 1148 nautae,
658 1103 700 1140 et
719 1097 863 1146 ceteri,
884 1095 959 1148 qui
976 1095 1019 1136 in

194 1157 294 1197 navi
313 1161 446 1206 erant,
465 1154 746 1196 mirabantur.
780 1154 855 1194 Sin
874 1157 1020 1194 autem

196 1213 292 1264 quis
312 1213 585 1254 contenti6se
604 1211 807 1260 voluerit,
832 1222 923 1259 eos,
947 1209 1020 1261 qui

194 1268 481 1319 mirabantur,
510 1269 642 1310 fuisse
671 1266 928 1320 discipulos:
956 1278 1019 1307 re-

195 1325 529 1378 spondebimus,
563 1329 681 1367 recte
714 1324 914 1365 hemines
946 1335 1019 1375 ap-

194 1381 393 1434 pellatos,
413 1383 487 1434 qui
506 1381 695 1423 necdum
714 1382 927 1422 neverant
944 1391 1020 1431 po-

194 1438 376 1480 tentiam
395 1439 645 1480 Salvatoris.

251 1499 310 1537 Te
328 1495 471 1537 Deum
489 1495 727 1537 laudamus.
746 1495 806 1535 14.

253 1555 318 1595 Ad
337 1555 492 1595 Heneti.
509 1555 605 1594 Aut.
628 1551 905 1594 Ascendente
918 1550 1021 1591 Jesu

195 1608 218 1633 *
234 1608 277 1648 in
291 1608 546 1657 naviculam,
562 1621 664 1650 ecce
678 1613 824 1649 motus
838 1619 1020 1657 magnus

196 1664 335 1706 factus
354 1670 421 1707 est
437 1665 481 1705 in
496 1666 620 1706 mari:
641 1669 684 1706 et
703 1664 1022 1705 suscitaverunt

197 1733 296 1762 eum
324 1720 525 1773 discipuli
553 1722 663 1773 ejus,
693 1720 906 1763 dicentes:
934 1720 1021 1760 Do-

196 1778 322 1830 mine,
346 1778 467 1819 salva
486 1791 578 1827 nos,
600 1780 805 1831 perimus.

253 1834 301 1880 Y.
328 1834 542 1876 Dominus
571 1834 787 1886 regnavit,
816 1832 1022 1875 decerem

197 1890 348 1931 induit.
383 1892 427 1943 lxffv.
452 1890 601 1932 Induit
619 1891 834 1932 Deminus
855 1889 1022 1930 fortitu-

198 1946 354 1996 dinem,
375 1953 418 1988 et
436 1948 667 1999 praecinxit
685 1960 732 1989 se
752 1947 924 1988 virtute.

535 2006 696 2044 Oratio.

201 2055 378 2159 Deus,
403 2060 476 2112 qui
495 2074 576 2102 nos
600 2061 644 2101 in
667 2061 798 2102 tantis
818 2059 1022 2112 periculis

301 2117 581 2166 constitutos,
610 2130 692 2169 pro
719 2116 908 2158 humana
936 2116 1022 2157 scis

200 2170 434 2221 fragilitate
450 2185 537 2214 non
552 2186 684 2225 posse
699 2173 952 2215 subsistere:
967 2172 1023 2214 da

199 2226 326 2268 nobis
350 2228 534 2270 salutem
557 2230 714 2270 mentis
740 2234 783 2271 et
807 2230 1023 2282 corporis;

189 2287 248 2324 -ut
267 2295 328 2332 ea,
349 2297 446 2336 quae
462 2298 544 2337 pro
564 2286 756 2337 peccatis
775 2286 936 2327 nostris
950 2288 1023 2339 pa—

200 2339 341 2389 timur,
364 2346 407 2382 te
426 2341 658 2393 adjuvante
677 2342 912 2383 vincamus.
939 2343 1023 2383 Per

200 2395 436 2437 Deminum
455 2402 664 2439 nostrum.

258 2457 323 2496 Ad
344 2457 510 2503 magnit.
529 2458 625 2495 Ant.
646 2454 842 2504 Domine,
861 2455 884 2480 *
905 2455 1024 2496 salva

201 2521 296 2557 nos,
321 2511 527 2560 perimus:
552 2512 733 2562 impera,
755 2515 798 2551 et
817 2510 884 2552 fac
902 2512 1023 2553 Deus

201 2565 569 2617 tranquillitatem.

254 2619 302 2669 Ns.
319 2621 541 2673 Dirigatur
556 2622 743 2663 Domine
759 2623 900 2664 oratio
917 2637 1024 2665 mea.

205 2683 252 2733 Rg.
265 2678 386 2719 Sicut
397 2678 622 2719 incensum
632 2679 676 2719 in
687 2681 927 2731 conspectu
937 2685 1024 2721 tuo.

1277 303 1425 339 Feria
1453 302 1690 339 Secunda.

1126 363 1192 401 De
1219 359 1419 412 Epistola
1445 359 1502 401 ad
1528 358 1845 412 Philippenses.

1180 425 1328 465 Lectio
1358 426 1381 464 i.
1634 424 1736 475 Cap.
1756 425 1792 462 4.

1078 488 1105 526 »ξε-’ὴ
1122 482 1290 530 grataque
1313 478 1470 518 fratres
1493 476 1579 519 mei
1603 476 1830 525 carissimi,
1853 479 1897 517 et

1175 533 1551 583 desideratissimi,
1579 532 1786 585 gaudium
1809 544 1896 573 me-

1070 604 1155 642 um,
1175 597 1218 633 et
1237 593 1400 633 corona
1414 603 1526 632 mea:
1545 590 1608 631 sic
1623 593 1736 631 state
1750 589 1794 630 in
1808 589 1896 630 De-

1071 648 1201 698 mino,
1227 647 1456 689 carissimi:
1478 645 1695 688 Evodiam
1712 657 1831 696 rogO,
1853 650 1897 687 et

1071 705 1321 758 Syntychen
1357 704 1571 757 deprecor
1606 702 1798 755 idipsum
1832 704 1896 743 sa-

1072 774 1177 814 pere
1198 762 1241 802 in
1260 761 1463 802 Domino.
1498 760 1644 801 Etiam
1661 771 1769 810 rogo
1792 763 1835 800 et
1853 762 1897 800 te

1071 820 1278 869 germane
1293 830 1484 871 compar,
1504 816 1661 868 adjuva
1674 815 1782 865 illas,
1798 827 1897 867 quae

1071 888 1243 916 mecum
1261 874 1571 917 laboraverunt
1594 874 1637 914 in
1657 870 1896 923 Evangelio

1073 944 1172 973 cum
1193 932 1429 982 Clemente,
1453 935 1497 973 et
1517 930 1674 972 ceteris
1693 928 1897 981 adjutori-

1070 987 1153 1029 bus
1176 989 1300 1038 meis,
1327 1001 1513 1041 quorum
1535 986 1711 1028 nemina
1735 989 1835 1026 sunt
1854 984 1898 1025 in

1072 1044 1185 1087 libro
1205 1045 1318 1086 vitae.
1372 1048 1421 1099 Rg.
1449 1045 1591 1094 Quam
1608 1054 1777 1094 magna.
1805 1042 1898 1082 288.

1385 1105 1535 1145 Lectio
1557 1105 1596 1144 ii.

1078 1156 1314 1263 Gaudete
1333 1158 1377 1198 in
1396 1158 1588 1198 Domino
1608 1168 1797 1209 semper:
1821 1156 1897 1195 ite-

1176 1228 1272 1256 rum
1300 1214 1414 1264 dico,
1441 1213 1640 1265 gaudete.
1681 1210 1898 1253 Modestia

1073 1275 1220 1313 vestra
1232 1276 1337 1313 nota
1352 1271 1408 1312 sit
1423 1269 1623 1312 omnibus
1636 1267 1898 1310 hominibus:

1072 1328 1286 1369 Deminus
1305 1340 1447 1380 prope
1467 1331 1544 1368 est.
1582 1325 1702 1367 Nihil
1725 1323 1899 1366 solliciti

1073 1385 1183 1426 sitis:
1209 1384 1289 1426 sed
1312 1385 1355 1425 in
1379 1384 1497 1425 omni
1523 1383 1736 1432 oratione,
1760 1386 1803 1423 et
1823 1380 1898 1423 ob-

1073 1442 1332 1491 secrati6ne,
1352 1454 1451 1482 cum
1470 1440 1709 1491 gratiarum
1727 1438 1899 1480 actiene

1074 1498 1308 1551 petitiones
1323 1502 1481 1539 vestrae
1497 1497 1771 1538 innotescant
1781 1493 1900 1547 apud

1073 1555 1227 1596 Deum.
1254 1555 1311 1596 Et
1330 1567 1418 1607 pax
1431 1554 1526 1603 Dei,
1546 1565 1645 1605 quae
1665 1554 1900 1604 exsuperat

1075 1624 1248 1653 omnem
1281 1623 1476 1659 sensum,
1513 1608 1733 1651 custodiat
1764 1606 1901 1649 corda

1074 1673 1235 1717 vestra,
1262 1673 1306 1709 et
1329 1666 1635 1717 intelligentias
1660 1669 1829 1707 vestras
1855 1663 1900 1704 in

1075 1725 1248 1766 Christo
1269 1724 1294 1765 J
1297 1737 1385 1765 esu.

1130 1780 1392 1834 R.Adj1'1tor
1410 1793 1545 1821 meus.
1571 1780 1665 1820 288.

1379 1838 1528 1880 Lectio
1549 1839 1602 1878 iii.

1078 1892 1187 1997 De
1220 1896 1368 1936 cetero
1401 1894 1578 1942 fratres,
1611 1895 1900 1945 quaecumque

1179 1955 1279 1992 sunt
1292 1963 1407 1999 vera,
1427 1952 1716 2003 quaecumque
1730 1947 1901 2001 pudica,

1076 2010 1364 2061 quaecumque
1376 2007 1499 2058 justa,
1515 2008 1803 2059 quaecumque
1815 2016 1902 2045 san·

1076 2070 1157 2114 cta,
1169 2067 1456 2117 quaecumque
1468 2061 1681 2111 amabilia,
1693 2064 1903 2114 quaecum-

1079 2134 1163 2174 que
1187 2121 1316 2162 bonae
1341 2120 1486 2169 famae,
1514 2119 1550 2160 si
1575 2131 1661 2171 qua
1684 2118 1840 2167 virtus,
1865 2117 1901 2158 si

1077 2190 1164 2230 qua
1184 2177 1280 2218 laus
1303 2176 1561 2228 disciplinae,
1583 2174 1680 2216 haec
1699 2174 1902 2226 cogitate.

1077 2235 1186 2284 Quae
1206 2238 1250 2275 et
1269 2232 1500 2282 didicistis,
1524 2237 1567 2273 et
1586 2230 1834 2283 accepistis,
1859 2235 1902 2272 et

1077 2290 1279 2338 audistis,
1317 2294 1361 2331 et
1393 2288 1566 2330 vidistis
1603 2288 1647 2328 in
1679 2300 1768 2336 me,
1805 2286 1902 2328 haec

1077 2347 1206 2397 agite:
1227 2351 1270 2387 et
1284 2346 1405 2387 Deus
1422 2345 1546 2397 pacis
1563 2344 1644 2385 erit
1664 2343 1902 2385 vobiscum.

1078 2403 1266 2444 Gavisus
1286 2414 1382 2443 sum
1401 2405 1546 2442 autem
1565 2400 1607 2441 in
1623 2400 1814 2441 Domino
1831 2412 1901 2440 ve-

1077 2459 1321 2507 hementer,
1366 2457 1570 2510 quoniam
1611 2455 1790 2497 tandem
1829 2455 1901 2497 ali-

1079 2514 1254 2567 quando
1273 2514 1531 2556 refloruistis
1546 2525 1628 2565 pro
1643 2526 1713 2554 me
1731 2514 1902 2562 sentire,

1078 2573 1190 2614 sicut
1219 2577 1262 2613 et
1291 2570 1565 2612 sentiebAtis:
1599 2569 1803 2622 occupati
1830 2582 1902 2611 au·

1077 2634 1167 2671 tem
1191 2628 1335 2669 eratis.

1133 2687 1181 2737 R.
1206 2682 1481 2725 Benedicam.
1508 2683 1602 2723 289.
