2040 2990
747 197 918 231 Sabbato
944 198 993 231 ad
1016 198 1252 231 Matutinum.

1783 197 1854 234 103

203 289 389 332 Turbati
412 295 523 340 sunt,
552 295 595 332 et
613 291 724 332 moti
743 296 845 333 sunt
865 292 978 333 sicut

152 345 314 388 ebrius:
327 347 352 374 *
368 351 412 388 et
431 347 572 388 omnis
592 347 807 400 sapientia
825 350 978 390 eorum

152 402 365 444 devorata
383 407 461 444 681.
832 442 835 445 Α

201 459 260 501 Ε1
299 459 597 502 clamaverunt
640 460 698 503 ad
738 461 978 502 Deminum

153 528 252 557 cum
270 516 595 568 tribularentur,
613 518 636 544 *
655 522 700 558 et
720 517 775 559 de
790 519 976 560 necessi-

151 572 316 614 tatibus
336 575 489 614 eorum
508 573 660 615 eduxit
680 586 767 615 eos.

202 629 261 671 Et
286 630 440 671 statuit
462 630 704 682 procellam
728 631 818 682 ejus
842 631 886 671 in
905 643 976 672 au-

151 698 262 726 ram:
281 687 305 713 *
322 691 367 728 et
385 686 598 728 siluerunt
618 687 777 728 fluctus
798 688 899 739 ejus.

202 742 260 784 Et
286 742 425 784 laetati
452 748 553 785 sunt
582 744 684 796 quia
707 744 934 785 siluerunt:
952 746 976 771 *

151 803 196 840 et
215 799 399 842 deduxit
421 812 497 841 eos
516 801 561 841 in
579 805 759 853 portum
778 800 975 842 volunta-

150 855 208 896 tis
228 858 390 898 eorum.

201 912 501 955 Confiteantur
518 914 709 955 Domino
731 914 974 956 misericor-

150 969 235 1011 diae
263 971 367 1022 eius:
391 971 416 997 *
440 974 484 1011 et
510 971 727 1012 mirabilia
755 972 845 1023 ejus
872 971 975 1012 filiis

150 1025 386 1068 hominum.

200 1082 259 1124 Et
277 1083 472 1125 exaltent
495 1096 596 1125 eum
617 1084 662 1125 in
682 1085 868 1126 ecclesia
885 1084 975 1137 ple—

150 1139 233 1181 bis:
251 1141 275 1167 *
293 1145 337 1182 et
356 1140 401 1181 in
421 1139 633 1182 cathedra
649 1142 873 1195 seniOrum
886 1142 975 1182 lau-

151 1196 256 1238 dent
276 1209 386 1238 eum.

199 1253 356 1295 Posuit
374 1253 553 1295 flumina
571 1254 616 1295 in
631 1254 869 1296 desertum:
887 1257 911 1283 *
932 1260 975 1297 et

150 1310 293 1352 exitus
311 1312 524 1362 aquarum
541 1310 586 1351 in
605 1311 733 1353 sitim.

200 1367 385 1409 Terram
419 1368 690 1409 fructiferam
723 1369 768 1409 in
795 1368 973 1420 salsugi-

148 1436 260 1474 nem,
267 1425 291 1451 *
300 1436 326 1464 3
334 1423 502 1465 111311113
512 1423 849 1466 inhabitantium
859 1426 904 1466 in
913 1438 974 1467 ea.

200 1480 355 1521 Posuit
375 1479 598 1522 desertum
616 1481 660 1522 in
677 1486 831 1534 stagna
845 1484 974 1534 aqua-

149 1549 260 1578 rum:
277 1538 302 1563 *
322 1541 366 1578 61
389 1541 552 1578 terram
576 1537 669 1579 sine
696 1551 810 1590 aqua
837 1538 881 1579 in
904 1541 973 1580 ex-

147 1593 236 1635 itus
255 1595 478 1645 aquarum.

202 1649 260 1691 Et
287 1649 522 1691 collocavit
548 1649 639 1691 illic
668 1651 924 1693 esurientes:
951 1653 975 1679 *

151 1710 195 1747 et
218 1706 540 1748 constituerunt
563 1707 788 1749 civitatem
807 1708 974 1750 habita-

149 1762 294 1804 tionis.

201 1819 260 1861 Et
278 1819 605 1862 seminaverunt
624 1833 772 1873 agros,
793 1826 837 1863 et
855 1822 974 1874 plan-

149 1877 354 1917 taverunt
378 1877 544 1917 vineas:
566 1878 590 1904 *
611 1882 656 1919 et
674 1878 872 1920 fecerunt
889 1878 974 1919 fru-

150 1937 271 1974 ctum
289 1932 543 1974 nativitatis.

200 1989 259 2031 Et
275 1988 504 2031 benedixit
523 1989 602 2039 618,
631 1994 675 2031 61
694 1990 975 2043 multiplicati

150 2050 251 2087 sunt
268 2045 413 2086 nimis:
423 2046 447 2073 *
459 2050 503 2087 et
515 2047 706 2098 jumenta
722 2049 874 2088 eorum
886 2060 975 2088 non

149 2102 398 2144 minoravit.

200 2159 259 2202 Et
284 2158 416 2211 pauci
442 2158 548 2200 facti
575 2164 695 2202 sunt:
713 2161 737 2187 *
758 2165 802 2202 et
827 2161 975 2202 vexati

150 2219 251 2312 ‘siunt
284 2228 310 2256 a
343 2214 626 2258 tribulatione
658 2216 894 2267 malorum,
932 2221 975 2258 et

183 2271 316 2313 olore.

202 2328 353 2370 Effusa
363 2333 430 2371 est
440 2329 710 2382 contemptio
720 2341 853 2382 super
859 2330 973 2381 prin-

151 2384 286 2437 cipes:
301 2387 325 2412 *
340 2390 385 2427 61
404 2388 550 2427 errare
569 2386 673 2428 fecit
692 2399 769 2428 eos
785 2387 830 2427 in
844 2385 974 2435 invio,

151 2446 196 2482 61
214 2454 304 2483 11011
322 2442 367 2483 111
385 2443 466 2484 Via.

200 2497 258 2539 Et
282 2498 449 2551 adjuvit
473 2502 714 2551 pauperem
733 2499 789 2541 de
810 2498 974 2551 inopia:

151 2553 175 2579 *
194 2558 239 2595 61
256 2555 407 2606 posuit
423 2555 538 2599 sicut
558 2568 664 2597 oves
683 2555 881 2596 familias.

202 2609 429 2653 Videbunt
446 2612 567 2662 recti,
588 2617 631 2654 et
650 2612 931 2654 laetabuntur:
951 2612 975 2638 *

152 2670 196 2706 et
236 2667 377 2708 omnis
419 2668 626 2720 iniquitas
667 2668 884 2721 oppilabit
923 2679 974 2708 os

151 2734 288 2763 suum.

1083 292 1190 342 Quis
1210 292 1384 345 sepiens
1405 298 1449 334 et
1467 293 1688 335 custodiet
1702 293 1855 335 haec?*

1031 353 1075 390 et
1086 348 1301 400 intelliget
1315 349 1638 391 misericordias
1654 350 1854 391 Demini?

1082 405 1179 444 Ant.
1212 404 1354 446 Visita
1371 418 1453 447 nos
1473 406 1660 447 Domine
1680 406 1724 447 in
1743 406 1854 447 salu-

1029 461 1115 503 tari
1132 466 1222 503 tuo.

1080 519 1113 557 A
1121 523 1178 558 nt.
1209 518 1466 560 Confitebor
1485 519 1687 560 Domino.

1286 577 1482 616 psalmus
1506 579 1531 615 1(
1547 577 1592 615 ›7.

1112 633 1284 673 aratum
1303 644 1381 673 cor
1403 644 1550 673 meum
1569 632 1704 683 Deus⁷
1732 635 1853 684 para-

1123 693 1218 729 tum
1246 701 1323 729 cor
1350 701 1510 729 meum:
1532 690 1555 715 *
1576 688 1782 739 cantabo,
1810 694 1854 730 et

1027 745 1214 797 psallam
1233 745 1278 785 in
1296 745 1437 796 gloria
1455 758 1564 786 mea.

1079 802 1279 853 Exsurge
1324 801 1464 853 gloria
1507 814 1623 851 mea,
1669 804 1853 853 exsurge

1027 858 1295 910 psalterium,
1316 862 1361 899 et
1380 858 1562 899 cithara:
1581 860 1604 885 *
1624 862 1854 910 exsurgam

1029 914 1233 956 diluculo.

1081 971 1337 1012 Confitebor
1366 971 1449 1013 tibi
1480 971 1525 1011 in
1556 971 1734 1024 populis
1765 971 1852 1012 Do·
1897 1007 1899 1013 Α

1027 1028 1159 1069 1111116;
1186 1030 1210 1055 *
1240 1032 1283 1069 61
1314 1028 1500 1080 psallam
1530 1028 1612 1069 tibi
1642 1028 1687 1068 in
1715 1028 1853 1069 natio-

1027 1084 1166 1125 nibus.
1897 1083 1898 1086 ’

1081 1141 1193 1191 Quia
1211 1153 1368 1192 magna
1388 1145 1455 1182 est
1474 1153 1607 1193 super
1626 1141 1763 1182 coelos
1778 1141 1853 1182 mi-

1028 1196 1271 1239 sericordia
1288 1199 1466 1239 tua:*et
1481 1210 1620 1249 usque
1639 1197 1696 1239 ad
1714 1197 1852 1239 nubes
1896 1219 1899 1222 ·

1027 1254 1190 1295 veritas
1210 1259 1300 1295 tua:

1078 1310 1285 1352 Exaltare
1314 1323 1446 1363 super
1474 1310 1610 1351 coelos
1638 1311 1774 1360 Deus,
1809 1314 1853 1351 et

1028 1380 1159 1419 super
1178 1380 1353 1408 omnem
1376 1372 1540 1408 terram
1562 1367 1700 1418 gleria
1719 1371 1810 1408 tua:
1828 1368 1852 1394 *

1026 1428 1075 1464 ut
1093 1423 1335 1465 liberentur
1354 1423 1504 1465 dilecti
1520 1424 1595 1465 tui.

1078 1479 1256 1521 Salvum
1282 1480 1352 1521 fac
1382 1480 1563 1522 dextera
1590 1485 1680 1530 tua,
1710 1485 1753 1521 61
1781 1493 1851 1522 ex-

1027 1536 1130 1578 audi
1148 1549 1233 1578 me:
1249 1538 1274 1563 *
1286 1537 1407 1578 Deus
1427 1537 1600 1579 locutus
1616 1542 1683 1578 est
1699 1537 1744 1577 in
1758 1550 1851 1578 san-

1028 1598 1100 1634 cto
1121 1606 1217 1634 suo:

1078 1648 1333 1699 Exsultabo,
1349 1654 1392 1691 et
1404 1650 1596 1691 dividam
1607 1649 1851 1699 Sichimam‚

1027 1708 1050 1734 *
1065 1711 1108 1748 61
1123 1706 1370 1748 convallem
1387 1706 1772 1748 tabernaculorum
1791 1706 1851 1747 di-

1026 1763 1192 1804 metiar.

1078 1820 1203 1861 Meus
1236 1825 1303 1861 est
1336 1819 1522 1869 63113311,
1555 1823 1599 1861 61
1629 1831 1752 1860 1116118
1785 1823 1852 1860 681

1027 1876 1266 1917 Manasses:
1283 1878 1307 1903 *
1326 1880 1370 1917 61
1389 1875 1601 1929 Ephraim
1627 1875 1849 1928 susceptio

1028 1933 1185 1985 capitis
1203 1932 1301 1974 mei.

1078 1989 1192 2030 Juda
1228 2002 1307 2030 rex
1342 2001 1481 2030 meus:
1512 1990 1536 2015 *
1563 1988 1694 2030 Moab
1728 1987 1850 2029 lebes

1027 2045 1123 2097 spei
1148 2057 1270 2086 meae.

1080 2102 1131 2142 In
1153 2101 1396 2143 Idumaeam
1424 2101 1658 2143 extendam
1686 2100 1849 2142 calcea-

1026 2159 1222 2199 mentum
1242 2170 1403 2199 meum:
1421 2159 1445 2185 *
1464 2157 1571 2199 1111111
1597 2157 1849 2208 alienigenae

1027 2214 1156 2255 amici
1173 2214 1279 2255 facti
1295 2218 1408 2255 sunt.

1080 2271 1186 2321 Quis
1226 2270 1418 2312 deducet
1447 2283 1517 2311 me
1549 2270 1594 2311 in
1625 2269 1849 2311 civitatem

1026 2325 1261 2369 munitam?
1290 2329 1314 2354 *
1342 2327 1439 2379 quis
1468 2326 1658 2368 deducet
1684 2338 1754 2366 me
1781 2337 1848 2366 us-

1028 2397 1113 2437 que
1130 2384 1175 2424 in
1193 2381 1456 2425 Idumaeam?

1077 2441 1235 2482 Nonne
1249 2444 1298 2481 tu
1307 2440 1439 2489 Deus,
1456 2439 1530 2491 qui
1544 2437 1744 2491 repulisti
1756 2449 1848 2486 nos,

1026 2499 1051 2524 *
1070 2502 1113 2539 61
1131 2510 1221 2538 non
1246 2495 1386 2537 exibis
1405 2496 1526 2537 Deus
1550 2496 1594 2537 in
1612 2493 1847 2535 virtutibus

1026 2551 1211 2595 nostris?

1078 2611 1148 2650 Da
1164 2609 1292 2650 nobis
1312 2608 1519 2650 auxilium
1536 2606 1590 2648 de
1605 2605 1846 2648 tribulatio-

1027 2679 1098 2708 ne:
1116 2668 1140 2693 *
1160 2666 1262 2718 quia
1279 2678 1391 2706 vana
1411 2664 1526 2705 salus
1546 2662 1743 2704 heminis.

1080 2723 1132 2763 In
1160 2723 1257 2763 Deo
1283 2721 1492 2762 faciemus
1511 2719 1731 2760 virtutem:
1754 2716 1778 2742 *
1803 2721 1847 2757 61
