2040 2990
799 215 998 248 Dominica
1026 213 1337 257 septuagesimae.

219 314 317 354 lum.
350 306 398 356 Y.
425 313 704 355 Plantaverat
727 317 872 354 autem
891 311 1038 352 Domi-

218 383 297 411 nus
321 370 442 411 Deus
472 369 723 422 paradisum
748 368 989 421 voluptatis
1014 380 1039 408 a

216 426 449 479 principio,
475 427 519 467 in
544 439 630 478 quo
654 426 801 479 posuit
820 425 1039 466 hominem

218 495 346 534 quem
372 483 646 524 formaverat.
684 483 744 524 Ut
772 483 1039 534 operaretur.

523 534 672 574 Lectio
692 548 727 573 v.

290 596 330 637 ic
360 609 440 649 per
470 609 603 637 unum
635 596 855 637 hominem
886 595 1038 647 pecca-

296 658 389 694 tum
409 653 585 694 intravit
603 653 646 693 in
664 651 884 701 mundum,
904 655 947 692 et
960 663 1039 702 per

216 711 446 761 peccatum
477 721 612 750 mors:
646 714 689 750 et
719 709 779 750 ita
811 709 854 749 in
888 719 1038 748 omnes

216 765 413 806 homines
431 765 696 818 pertransiit,
716 765 759 805 in
780 777 866 816 quo
888 775 1039 805 omnes

218 824 519 874 peccaverunt.
551 821 761 863 Mundum
785 821 947 873 quippe
966 832 1038 872 ap-

216 878 395 931 pellavit
419 891 471 920 eo
493 878 591 919 loco
612 877 853 930 Apostolus
873 877 1039 918 univer-

217 948 312 976 sum
331 947 467 985 genus
486 935 731 976 humanum.
759 934 826 975 Ita
848 946 953 984 ergo
969 945 1039 974 res

217 1004 264 1032 se
283 991 514 1033 habebant.
547 990 728 1032 Jacebat
746 991 790 1031 in
809 990 949 1039 malis,
971 990 1039 1031 vel

217 1048 346 1089 etiam
377 1047 650 1097 volvebatur,
683 1053 726 1089 et
759 1046 813 1088 de
846 1046 970 1087 malis
996 1046 1039 1086 in

216 1104 329 1145 mala
352 1103 708 1157 praecipitabatur
731 1106 867 1145 totius
892 1102 1039 1144 huma-

216 1162 259 1201 ni
283 1161 453 1211 generis
480 1173 625 1201 massa
650 1160 871 1201 damnata:
899 1164 942 1201 et
967 1159 1038 1200 ad-

215 1218 360 1268 juncta
388 1217 502 1269 parti
531 1219 698 1265 eorum,
731 1216 804 1268 qui
831 1218 1039 1269 peccave-

216 1278 328 1323 rant,
348 1273 616 1324 angelorum,
637 1272 784 1314 luebat
802 1273 949 1325 impiae
969 1272 1039 1314 de·

217 1330 419 1371 sertionis
438 1330 714 1381 dignissimas
732 1342 898 1382 poenas.

267 1388 317 1427 R.
372 1387 494 1428 Dixit
524 1387 738 1428 Dominus
774 1387 909 1428 Deus:
939 1385 1040 1427 Non

217 1448 284 1484 est
303 1442 467 1484 bonum
485 1443 706 1485 hominem
726 1456 822 1485 esse
842 1443 998 1484 solum:

216 1500 444 1541 Faciamus
465 1501 503 1541 ei
519 1500 779 1551 adjutorium
795 1499 933 1541 simile
948 1499 1040 1541 sibi.

214 1551 266 1602 V.
285 1555 397 1597 Adae
415 1569 519 1597 vero
539 1569 626 1597 non
646 1555 948 1597 inveniebatur
968 1555 1039 1597 ad-

217 1612 330 1661 jutor
355 1612 504 1653 similis
528 1612 626 1654 sibi:
653 1611 762 1654 dixit
785 1625 890 1653 vero
909 1612 1040 1654 Deus.

216 1667 456 1709 Faciamus.

513 1723 664 1764 Lectio
685 1724 736 1763 vi.

292 1781 322 1822 d
346 1781 454 1822 iram
481 1781 645 1834 quippe
664 1781 747 1822 Dei
769 1781 958 1834 pertinet
982 1781 1038 1832 ju·
1095 1759 1110 1798 f*

321 1843 447 1885 stam,
477 1837 690 1890 quidquid
715 1850 832 1879 caeca
852 1843 896 1879 et
918 1837 1039 1879 indo-

217 1894 322 1935 mita
347 1895 699 1947 concupiscentia
721 1895 885 1936 faciunt
907 1893 1039 1935 liben-

217 1954 284 1991 ter
319 1951 437 2000 mali,
474 1956 517 1992 et
554 1950 766 2004 quidquid
801 1951 1040 1992 manifestis

218 2010 470 2059 opertisque
493 2008 636 2059 poenis
659 2008 883 2060 patiuntur
903 2007 1040 2053 inviti:

217 2075 304 2103 non
330 2076 433 2105 sane
459 2064 680 2105 Creatoris
704 2064 941 2106 desistente
964 2064 1039 2106 bo-

218 2119 366 2169 nitate,
403 2125 446 2161 et
480 2120 606 2161 malis
642 2120 806 2172 angelis
838 2120 1039 2162 submini-

218 2177 356 2217 strare
390 2176 540 2226 vitam,
576 2177 859 2229 vivacemque
889 2179 1039 2230 poten-

216 2232 338 2281 tiam,
364 2234 477 2284 (quae
501 2232 843 2275 subministratio
865 2233 902 2274 si
925 2233 1040 2275 aufe-

216 2290 354 2337 ratur,
405 2288 656 2339 interibunt)
710 2295 754 2331 et
806 2289 1039 2339 hominum,

219 2345 416 2397 quamvis
442 2344 497 2386 de
522 2346 762 2397 propagine
789 2346 941 2387 vitiata
967 2345 1038 2387 da-

217 2403 451 2452 mnataque
470 2402 749 2450 nascentium,
770 2402 956 2443 formare
975 2404 1038 2443 se-

216 2457 343 2506 mina,
360 2463 403 2499 et
418 2457 619 2506 animare,
635 2462 678 2498 et
692 2457 894 2499 ordinare
909 2471 1038 2500 mem-

216 2513 295 2555 bra
318 2526 396 2566 per
418 2516 665 2566 temporum
685 2516 852 2563 aetateS,
877 2527 956 2566 per
979 2514 1037 2556 lo-

218 2572 367 2611 corum
387 2570 528 2622 spatia
548 2572 750 2620 vegetare
771 2583 940 2620 sensus,
965 2571 1037 2611 ali-

217 2628 362 2667 menta
376 2625 549 2667 donare.
577 2626 732 2667 Melius
750 2626 863 2667 enim
881 2627 1037 2678 judica-

218 2684 280 2725 vit
316 2683 370 2724 de
406 2683 530 2723 malis
562 2682 674 2723 bene
708 2682 870 2732 facere,
908 2696 1036 2734 quarn

217 2739 329 2781 mala
347 2739 464 2780 nulla
484 2751 579 2781 esse
599 2741 862 2792 permittere.

1142 311 1191 361 lx'g.
1210 311 1393 352 Imfflisit
1411 311 1624 354 Dominus
1643 315 1850 366 soporem
1866 314 1910 355 in

1092 366 1245 416 Adam,
1265 372 1308 408 et
1326 367 1426 409 tulit
1440 381 1570 410 unam
1586 368 1640 411 de
1655 370 1790 412 costis
1805 371 1910 422 ejus:

1091 425 1112 447 *
1139 423 1196 464 Et
1220 423 1455 466 aedificavit
1480 430 1664 476 costam,
1693 439 1823 478 quam
1846 429 1910 468 tu—

1090 479 1200 522 lerat
1217 479 1432 522 Dominus
1451 481 1506 523 de
1525 481 1682 532 Adam,
1700 482 1743 523 in
1762 482 1910 524 mulie-

1090 548 1198 585 rem,
1223 541 1266 577 et
1285 536 1468 578 adduxit
1487 550 1583 579 eam
1606 538 1663 580 ad
1680 538 1839 588 Adam,
1862 543 1911 581 ut

1090 592 1260 634 videret
1279 592 1382 645 quid
1399 596 1580 635 vocaret
1598 607 1709 636 eam:
1727 594 1750 618 *
1768 595 1825 636 Et
1838 607 1910 636 vo·

1091 649 1207 690 cavit
1230 661 1388 691 nomen
1412 651 1502 702 ejus
1520 650 1704 712 Virago,
1733 651 1834 704 quia
1856 651 1910 693 de

1091 705 1184 747 viro
1214 711 1387 759 sumpta
1415 711 1491 748 est.
1531 701 1580 753 Y.
1613 707 1809 760 Cumque
1837 707 1910 750 ob-

1092 761 1340 812 dormisset,
1383 763 1482 805 tulit
1520 776 1650 805 unam
1687 763 1741 806 de
1778 764 1912 806 costis

1092 819 1192 870 ejus
1212 823 1255 860 et
1271 819 1456 872 replevit
1471 832 1645 861 carnem
1663 833 1746 873 pro
1768 833 1829 862 ea.
1857 821 1912 862 Et

1091 875 1336 917 aedificavit.
1368 876 1529 918 Gloria.
1555 877 1612 918 Et
1629 877 1813 920 vocavit.

1302 958 1351 997 In
1378 959 1447 997 ΠΙ.
1476 959 1510 997 N
1513 959 1696 998 octurno.

1090 1023 1243 1065 Lectio
1265 1024 1405 1065 sancti
1423 1024 1648 1076 Evangelii
1671 1027 1912 1069 secundum

1370 1080 1638 1123 Matthaeum.

1192 1141 1342 1182 Lectio
1364 1141 1431 1182 vii.
1615 1141 1716 1194 Cap.
1735 1142 1806 1181 20.

1090 1192 1165 1299 In
1184 1197 1259 1238 illo
1278 1199 1491 1250 tempore:
1510 1199 1632 1242 Dixit
1645 1201 1671 1242 J
1673 1213 1772 1242 esus
1787 1200 1912 1244 disci·

1156 1254 1270 1306 pulis
1298 1254 1386 1295 suis
1414 1255 1669 1307 parabolam
1695 1257 1822 1299 hanc:
1851 1258 1912 1300 Si—

1091 1310 1191 1352 mile
1217 1316 1283 1352 est
1306 1323 1487 1362 regnum
1512 1313 1725 1355 coelorum
1748 1313 1913 1356 homini

1091 1367 1399 1420 patrifamilias,
1419 1368 1493 1420 qui
1512 1370 1614 1411 exiit
1630 1370 1772 1422 primo
1786 1383 1912 1413 mane

1013 1441 1035 1463 ια
1093 1424 1339 1466 conducere
1385 1426 1611 1477 operarios
1654 1427 1699 1468 in
1742 1429 1912 1469 vineam

1093 1493 1226 1521 suam.
1255 1481 1312 1522 Et
1331 1481 1506 1534 reliqua.

1136 1549 1327 1591 Homilia
1346 1551 1485 1592 saneti
1505 1551 1708 1602 Gregorii
1725 1553 1870 1606 Papae.

1092 1612 1231 1646 Homil.
1258 1612 1307 1646 19.
1338 1611 1375 1645 in
1400 1610 1651 1653 Evangelium
1679 1614 1769 1654 post
1791 1609 1910 1653 princ.

1099 1680 1110 1695 ·*
1128 1668 1209 1725 ΤΞ
1220 1675 1375 1713 egnum
1407 1663 1619 1705 coelorum
1647 1664 1812 1706 homini
1839 1678 1912 1718 pa-

1095 1720 1110 1774 i]
1129 1729 1214 1779 ⁵5²³
1235 1719 1476 1761 trifamilias
1495 1720 1633 1762 simile
1651 1721 1819 1771 dicitur,
1839 1722 1914 1774 qui

1095 1773 1096 1780 ’
1191 1776 1214 1796 ¹
1234 1775 1290 1816 ad
1306 1775 1590 1818 excolendam
1605 1779 1776 1819 vineam
1790 1790 1913 1819 suam

1092 1832 1318 1885 operarios
1336 1832 1550 1874 conducit.
1584 1834 1691 1883 Quis
1709 1846 1815 1876 vero
1838 1847 1912 1888 pa-

1091 1889 1355 1930 trisfamilias
1391 1889 1717 1932 similitudinem
1751 1891 1912 1933 rectius

1092 1951 1229 1996 tenet,
1257 1960 1387 2000 quam
1412 1946 1624 1989 Conditor
1645 1952 1811 1997 noster,
1839 1948 1913 2000 qui

1093 2004 1204 2055 regit
1220 2016 1330 2056 quos
1346 2003 1554 2053 condidit,
1573 2008 1616 2045 et
1631 2003 1794 2045 electos
1809 2017 1912 2046 suos

1092 2061 1154 2102 sic
1179 2061 1223 2101 in
1246 2060 1331 2102 hoc
1354 2060 1517 2102 mundo
1544 2059 1760 2113 possidet,
1788 2061 1912 2113 quasi

1093 2117 1311 2168 subjectos
1339 2117 1540 2158 dominus
1567 2117 1611 2157 in
1638 2115 1794 2158 domo?
1827 2117 1911 2167 Qui

1091 2173 1224 2215 habet
1240 2176 1422 2222 vineam,
1439 2173 1729 2215 universalem
1747 2173 1913 2215 scilicet

1091 2229 1348 2279 Ecclesiam,
1376 2242 1474 2282 quae
1498 2228 1553 2270 ab
1572 2228 1686 2270 Abel
1710 2229 1822 2280 justo
1845 2242 1911 2271 us-

1093 2299 1177 2339 que
1209 2285 1266 2327 ad
1296 2286 1494 2327 ultimum
1526 2285 1726 2334 electum,
1764 2286 1837 2338 qui
1869 2286 1911 2327 in

1091 2343 1177 2384 fine
1211 2341 1363 2383 mundi
1394 2342 1640 2383 nasciturus
1677 2347 1760 2390 est,
1805 2347 1912 2394 quot

1092 2404 1266 2440 sanctos
1293 2398 1492 2450 protulit,
1520 2397 1643 2450 quasi
1670 2402 1737 2439 tot
1762 2398 1911 2451 palmi-

1090 2461 1157 2497 tes
1175 2455 1302 2496 misit.

1142 2512 1191 2563 R.
1222 2511 1501 2552 Plantaverat
1528 2516 1673 2553 autem
1697 2512 1912 2552 Dominus

1090 2570 1211 2611 Deus
1230 2567 1482 2621 paradisum
1497 2567 1737 2620 voluptatis
1756 2580 1781 2608 a
1797 2568 1910 2620 prin·

1091 2626 1218 2678 cipio:
1248 2625 1270 2647 *
1297 2625 1347 2665 In
1383 2636 1469 2675 quo
1502 2625 1650 2684 posuit
1681 2623 1910 2673 hominem,

1091 2694 1220 2735 quem
1238 2681 1512 2722 formaverat.
1543 2673 1591 2725 N.
1609 2680 1909 2732 Produxitque

1088 2738 1300 2780 Dominus
1324 2737 1444 2778 Deus
1472 2736 1527 2779 de
1553 2737 1686 2780 humo
1713 2748 1840 2779 omne
1864 2736 1909 2777 li-
