2080 2990
730 208 770 241 In
798 207 1050 240 Dedicutione
1076 206 1271 241 Ecclesiae.

151 307 405 356 interrogat,
446 304 564 358 apud
595 304 780 346 alterum
812 316 860 345 se
891 317 979 346 non

150 362 358 404 invitatus
373 362 538 403 invitat.
558 360 733 402 Sciebat
748 361 863 402 enim
877 360 979 402 ube-

151 431 245 460 rem
275 418 455 471 hospitii
487 418 554 459 sui
588 430 684 459 esse
720 416 979 459 mercedem.

150 474 239 517 Sed
257 479 415 523 tamen,
436 475 518 516 etsi
536 473 732 516 nondum
746 486 902 515 vocem
920 474 979 514 in-

150 532 327 573 vitantis
347 530 561 580 audierat,
587 531 671 582 jam
690 529 861 572 viderat
879 530 978 571 affe·

149 592 279 630 ctum.

200 654 251 704 R».
275 651 466 705 Lapides
487 652 669 705 pretiesi
695 664 846 694 omnes
865 653 977 694 muri

150 709 263 751 tuiz*
290 709 347 750 Et
370 713 512 750 turres
532 708 775 750 Jerusalem
793 709 976 760 gemmis

151 765 495 807 aedificabuntur.
542 761 591 812 V.
626 764 775 806 Portae
806 765 831 805 J
835 767 978 806 erusa-

149 821 236 863 lem
255 834 310 863 ex
329 821 540 875 sapphiro
560 826 604 863 et
624 820 856 872 smaragdo
877 820 978 863 aedi-

150 877 410 928 ficabuntur,
444 882 496 919 et>
520 890 574 919 ex
604 877 752 931 lapide
781 878 978 930 pretioso

150 935 290 976 omnis
314 934 521 976 circuitus
545 935 658 975 muri
677 935 780 987 ejus.
816 934 873 976 Et
891 939 978 976 tur-

149 1004 230 1032 res.
261 991 412 1032 Gldria
431 991 561 1032 Patri.
589 991 646 1033 Et
665 996 818 1033 turres.

199 1056 360 1098 Bened.
392 1056 460 1098 Ad
480 1056 746 1098 societatem.

446 1140 598 1181 Lectio
620 1141 673 1181 ix.

239 1220 362 1249 erum
375 1218 430 1247 ne
446 1217 612 1247 caecum
624 1205 745 1246 illum
755 1210 978 1258 tamquam

251 1262 467 1305 fastidiesi
494 1265 739 1314 pauperum
768 1262 854 1303 cito
883 1262 979 1304 reli-

150 1323 297 1374 quisse
324 1318 571 1368 videamur,
605 1323 648 1360 et
680 1321 890 1360 transisse
922 1319 979 1361 ad

149 1376 346 1426 divitem,
380 1377 688 1428 exspectemus
723 1388 839 1424 eum,
878 1376 979 1428 quia

149 1432 422 1486 exspectavit
437 1437 480 1473 et
493 1432 722 1473 Duminus:
742 1431 978 1483 interroge-

147 1503 244 1531 mus
261 1502 371 1539 eum,
387 1489 488 1541 quia
502 1488 790 1538 interrogavit
805 1493 848 1530 et
860 1488 978 1530 Chri-

149 1552 252 1588 stus.
271 1545 367 1587 Nos
382 1545 713 1596 interrogemus
729 1545 830 1596 quia
842 1548 978 1586 nesci-

148 1616 260 1644 mus:
285 1601 358 1644 ille
384 1602 485 1654 quia
503 1603 696 1643 neverat.
731 1601 827 1642 Nos
851 1602 977 1643 inter-

149 1660 368 1710 rogemus,
395 1663 444 1700 ut
463 1658 651 1699 sciamus
671 1657 787 1700 unde
805 1658 888 1700 iste
908 1671 977 1700 cu-

148 1717 270 1757 ratus
281 1715 351 1757 sit:
366 1715 438 1757 ille
452 1715 752 1766 interrogavit,
771 1714 876 1756 utin
891 1728 978 1757 uno

149 1771 298 1825 plures
315 1771 594 1821 disceremus,
608 1770 725 1813 unde
740 1771 979 1812 Dominum

149 1828 299 1870 videre
323 1830 581 1869 mereamur.
618 1828 911 1879 Interrogavit
938 1841 977 1869 e-

148 1885 254 1933 nim,
278 1890 326 1926 ut
345 1883 638 1934 crederemus,
661 1885 879 1926 neminem
896 1884 979 1925 nisi

151 1941 432 1983 confitentem
451 1953 584 1994 posse
603 1940 774 1982 salvari.

205 2009 268 2048 Te
290 2006 433 2047 Deum
451 2004 692 2047 laudamus.
719 2007 778 2046 14.

415 2095 495 2136 Ad
520 2095 717 2137 Laudes

368 2164 416 2194 et
451 2170 542 2203 per
577 2159 760 2195 Horas.

201 2224 299 2264 Ant.
324 2226 352 2264 1.
380 2224 572 2265 Domum
596 2228 718 2265 tuam
744 2224 932 2267 Domine
956 2228 980 2254 *

153 2281 280 2324 decet
308 2279 556 2322 sanctitudo
592 2280 636 2321 in
663 2280 981 2332 longitudinem

153 2337 332 2380 dierum.

205 2392 361 2435 Psalm.
396 2394 613 2436 Deminus
641 2395 850 2445 regnavit.
879 2408 974 2435 cum

150 2450 338 2501 reliquis.
368 2451 428 2492 15.

204 2508 239 2547 2.
268 2508 438 2548 Domus
462 2519 561 2549 mea
584 2508 608 2533 *
633 2507 790 2550 domus
822 2508 980 2549 oratio-

153 2563 220 2604 nis
238 2562 479 2605 vocabitur.

205 2622 240 2660 3.
268 2621 378 2661 Haec
403 2624 469 2662 est
493 2619 650 2662 domus
670 2621 847 2662 Dumini
866 2620 890 2645 *
909 2620 980 2660 fir-

153 2675 281 2717 miter
305 2674 537 2726 aedificata,
570 2675 682 2718 bene
709 2677 890 2719 fundata
915 2681 981 2718 est

154 2744 288 2785 supra
306 2732 476 2774 firmam
495 2738 678 2786 petram.

1081 306 1117 344 4.
1144 305 1260 346 Bene
1280 303 1462 346 fundata
1481 310 1548 346 est
1562 306 1585 331 *
1601 303 1759 345 domus
1773 303 1860 345 Do-

1031 361 1135 402 mini
1155 374 1289 413 supra
1308 361 1479 402 firmam
1497 366 1679 414 petram.

1081 419 1117 457 5.
1167 417 1361 470 Lapides
1409 417 1595 470 pretiosi
1638 419 1661 444 *
1707 430 1860 459 omnes

1031 474 1145 515 muri
1164 474 1237 523 tui,
1260 479 1303 516 et
1322 480 1465 516 turres
1484 473 1725 516 Jerusalem
1745 487 1859 525 gem-

1031 531 1114 571 mis
1133 529 1479 573 aedificabuntur.

1135 602 1394 654 Capitulum.
1540 602 1676 653 Apoc.
1697 603 1752 641 21.

1124 666 1183 708 idi
1215 667 1436 708 civitatem
1465 672 1662 708 sanctam
1689 668 1713 708 J
1717 671 1860 709 erusa-

1136 723 1222 764 lem
1251 736 1408 765 novam
1439 723 1777 765 descendentem
1806 723 1860 765 de

1034 779 1148 820 coelo
1177 792 1201 820 a
1227 780 1341 829 Deo,
1368 782 1570 832 paratam
1596 780 1707 821 sicut
1733 793 1860 833 spon-

1033 848 1126 876 sam
1146 838 1345 877 ornatam
1364 836 1459 878 viro
1480 849 1571 877 suo.

1343 906 1551 956 Hymnus.

1163 971 1226 1013 lto
1247 985 1302 1013 ex
1322 971 1498 1025 Olympi
1517 973 1681 1014 vertice

1187 1028 1351 1069 Summi
1371 1028 1569 1070 Parentis
1588 1029 1734 1079 Filius,

1142 1085 1232 1126 Ceu
1250 1090 1400 1126 monte
1420 1084 1624 1127 desectus
1643 1085 1754 1139 lapis

1135 1141 1297 1182 Terras
1317 1142 1360 1182 in
1380 1141 1491 1182 imas
1511 1141 1730 1193 decidens,

1136 1198 1305 1239 Domus
1325 1200 1539 1251 supernae,
1559 1203 1602 1240 et
1621 1199 1792 1248 infimae,

1134 1254 1379 1306 Utrumque
1398 1255 1536 1306 junxit
1557 1255 1772 1306 angulum.

1086 1328 1172 1369 Sed
1191 1328 1263 1368 illa
1284 1327 1411 1369 sedes
1432 1327 1627 1369 co'elitum

1135 1384 1316 1437 Semper
1335 1384 1519 1426 resultat
1538 1384 1752 1434 laudibus,

1135 1441 1366 1493 Deumque
1385 1441 1568 1482 Trinum
1588 1446 1631 1482 et
1650 1441 1835 1482 Unicum

1134 1498 1233 1548 Jugi
1253 1499 1413 1539 canore
1433 1497 1663 1550 praedicat:

1135 1554 1203 1594 Illi
1224 1556 1430 1595 canentes
1450 1554 1665 1606 jungimur

1134 1610 1276 1651 Almae
1296 1610 1438 1651 Sienis
1459 1610 1614 1651 aemuli.

1084 1686 1192 1725 Haec
1211 1684 1386 1736 templa,
1406 1684 1503 1725 Rex
1523 1684 1779 1733 coelestium,

1134 1740 1276 1793 Imple
1295 1740 1484 1791 benigno
1504 1741 1679 1782 lumine:

1135 1797 1234 1837 Huc
1255 1809 1281 1838 o
1301 1799 1480 1848 rogatus
1501 1797 1668 1846 adveni,

1137 1852 1371 1905 Plebisque
1392 1858 1495 1894 vota
1515 1854 1700 1906 suscipe,

1136 1909 1194 1950 Et
1212 1914 1365 1950 nostra
1383 1909 1520 1951 corda
1538 1910 1693 1961 jugiter

1135 1965 1354 2007 Perfunde
1374 1966 1476 2007 coeli
1495 1966 1644 2018 gratia.

1084 2039 1170 2080 Hic
1190 2041 1426 2092 impetrent
1443 2039 1638 2081 fidelium

1134 2095 1283 2137 Voces
1302 2097 1546 2148 precesque
1566 2097 1815 2150 supplicum

1135 2152 1303 2193 Domus
1322 2152 1465 2194 beatae
1482 2157 1674 2203 munera,

1135 2209 1367 2261 Partisque
1387 2208 1515 2250 donis
1535 2209 1770 2260 gaudeant:

1137 2266 1292 2307 Donec
1312 2265 1445 2306 soluti
1466 2267 1654 2319 cerpore

1138 2321 1276 2364 Sedes
1294 2321 1449 2364 beatas
1467 2322 1688 2375 impleant.

1084 2397 1231 2438 Decus
1250 2395 1426 2437 Parenti
1444 2394 1640 2437 debitum

1135 2452 1201 2494 Sit
1219 2453 1537 2505 usquequaque
1556 2451 1796 2502 Altissimo,

1134 2509 1342 2560 Nateque
1362 2508 1506 2550 Patris
1526 2508 1666 2558 unico,

1135 2565 1193 2606 Et
1214 2565 1378 2617 inclyto
1398 2563 1628 2614 Paraclito,

1138 2621 1218 2663 Cui
1235 2620 1341 2670 laus,
1360 2622 1570 2673 potestas,
1592 2620 1732 2671 gleria

1136 2678 1320 2719 AEterna
1339 2677 1396 2718 sit
1414 2689 1494 2728 per
1514 2676 1685 2718 saecula.

1343 2733 1495 2775 Amen.
