2040 2990
728 211 929 245 Dominiea
953 210 1263 254 Septuagesimzc.

1785 214 1850 249 325

212 309 314 350 Non
332 309 502 359 moriar,
522 309 600 351 sed
614 310 772 351 vivam:
786 310 810 335 *
828 314 870 351 et
888 322 981 350 nar-

162 365 270 407 rabo
292 367 427 417 opera
444 366 629 407 Domini.

183 438 186 442 ⁴
215 421 440 472 Castigans
473 422 701 473 castigavit
732 435 801 464 me
832 423 980 464 Domi-

161 490 257 519 nus:
275 478 299 504 *
319 483 362 520 et
380 479 510 520 morti
528 491 615 520 non
633 478 813 520 tradidit
831 492 912 520 me.

210 535 392 587 Aperite
410 535 515 576 mihi
538 540 688 587 portas
707 535 896 587 justitiae,
919 536 978 576 in-

160 592 335 642 gressus
354 591 397 632 in
418 604 491 632 eas
513 591 756 633 confitebor
774 592 978 634 Domino:

158 647 182 673 *
214 647 310 689 haec
341 653 470 700 porta
500 648 691 697 Domini,
722 649 820 700 justi
850 649 977 690 intra-

157 703 266 745 bunt
283 704 327 744 in
347 717 452 746 eam.

211 760 462 802 Confitebor
481 760 560 802 tibi
581 761 785 813 quoniam
805 760 977 803 exaudi-

158 816 214 857 sti
231 829 315 858 me:
334 817 358 843 *
377 821 420 858 et
443 816 583 859 factus
608 829 654 858 es
677 817 781 858 mihi
804 818 847 858 in
867 817 975 859 salu-

157 876 257 914 tem.

209 928 438 981 Lapidem,
475 942 604 982 quem
630 930 976 982 reprobaverunt

157 983 439 1027 aedificantes:
457 987 480 1012 *
500 986 570 1028 hic
594 986 734 1028 factus
761 991 828 1028 est
847 987 890 1027 in
909 1000 975 1028 ca-

156 1045 236 1093 put
256 1042 413 1093 anguli.

208 1098 247 1138 A
265 1098 456 1141 Domino
474 1099 636 1141 factum
656 1104 722 1141 est
740 1099 871 1141 istud:
890 1101 913 1126 *
933 1106 976 1142 et

157 1158 223 1196 est
239 1155 438 1197 mirabile
456 1155 501 1196 in
520 1156 657 1197 oculis
677 1157 848 1198 nostris.

206 1211 316 1252 Haec
336 1216 402 1253 est
422 1211 530 1262 dies,
555 1226 684 1264 quam
707 1213 810 1254 fecit
827 1214 975 1255 Domi-

155 1280 250 1309 nus:
260 1268 283 1293 *
294 1268 570 1318 exsultemus,
587 1274 630 1310 et
644 1269 841 1311 laetemur
855 1270 899 1311 in
915 1284 974 1312 ea.

208 1324 246 1365 Ο
265 1325 452 1366 D6mine
471 1325 638 1366 salvum
655 1339 725 1368 me
743 1326 822 1375 fac,
842 1340 868 1368 o
887 1328 974 1369 Do-

154 1380 270 1422 mine
301 1380 412 1422 bene
445 1385 724 1435 prosperare:
751 1383 774 1408 *
801 1383 975 1425 benedi-

156 1441 252 1478 ctus
281 1437 355 1489 qui
381 1437 500 1479 venit
526 1438 569 1479 in
593 1439 765 1480 n6mine
789 1439 975 1481 D6mini.

206 1492 513 1535 Benediximus
528 1494 654 1536 vobis
670 1495 724 1537 de
741 1494 872 1537 domo
887 1496 974 1538 Do-

154 1548 274 1647 missi:
302 1550 325 1577 *
351 1550 473 1591 Deus
500 1550 731 1601 Dominus,
766 1556 809 1593 et
835 1551 975 1594 illuxit

156 1617 214 1646 no
247 1619 294 1647 1s.

208 1661 468 1705 Constituite
505 1662 619 1705 diem
654 1664 894 1706 solemnem
928 1666 971 1706 in

154 1717 399 1815 effidensis,
430 1719 454 1745 *
485 1733 624 1773 usque
656 1719 712 1762 ad
749 1734 883 1763 cornu
915 1723 970 1763 al-

153 1778 172 1815 t
226 1774 270 1816 's.

203 1831 324 1872 Deus
349 1844 471 1873 meus
497 1845 543 1874 es
569 1837 632 1882 tu,
660 1837 704 1874 et
729 1834 971 1876 confitebor

153 1885 246 1984 tizi:
269 1888 292 1913 *
315 1888 436 1929 Deus
468 1901 590 1930 meus
619 1902 665 1930 es
692 1894 756 1939 tn,
788 1894 832 1932 et
858 1891 970 1932 exal-

153 1945 199 1984 ta
232 1956 257 1985 o
280 1948 334 1986 te.

205 1999 458 2042 Confitebor
477 2000 557 2043 tibi
576 2002 779 2053 quoniam
798 2003 968 2045 exaudi-

155 2056 212 2097 sti
229 2069 314 2098 me:
332 2057 356 2083 *
375 2062 419 2099 et
442 2057 582 2098 factus
607 2070 653 2099 es
676 2057 781 2098 mihi
799 2058 842 2099 in
861 2059 971 2101 salu-

153 2117 253 2154 tem.

205 2168 478 2211 Confitemini
528 2170 718 2212 Domino
768 2172 973 2223 quomam

153 2223 307 2266 bonus:
325 2227 349 2253 *
373 2227 578 2278 qu6niam
600 2227 643 2267 in
668 2228 875 2269 saeculum
897 2229 971 2269 mi-

154 2281 391 2323 seric6rdia
411 2283 512 2334 ejuS.

203 2338 301 2378 Ant.
319 2340 355 2378 2.
384 2338 638 2381 Confitebor
657 2340 747 2390 tibi,
768 2341 971 2392 qu6niam

154 2393 370 2436 exaudisti
388 2407 468 2436 me.

203 2449 300 2490 Ant.
319 2451 355 2490 3.
383 2451 504 2492 Deus
523 2452 643 2493 Deus
661 2465 794 2494 meus.

419 2507 615 2548 Psalmus
636 2509 698 2547 62.

150 2556 332 2661 Deus
336 2562 457 2658 lDeus
476 2576 598 2605 meus
617 2564 640 2589 *
659 2563 716 2606 ad
734 2568 778 2606 te
800 2564 854 2606 de
873 2564 969 2605 luce

248 2629 335 2667 Vlgl
353 2630 379 2659 o

1084 309 1134 349 In
1158 314 1275 351 terra
1299 310 1487 360 deserta,
1511 316 1554 352 et
1571 311 1700 361 invia,
1729 316 1772 353 et
1789 312 1848 352 in-

1032 368 1212 417 aqu6sa:
1246 368 1269 394 *
1302 367 1363 408 sic
1398 367 1441 408 in
1479 373 1628 409 sancto
1666 369 1848 420 apparui

1031 421 1124 472 tibi,
1148 427 1195 464 ut
1213 422 1405 464 viderem
1424 424 1627 465 virtutem
1645 429 1778 474 tuam,
1805 430 1848 466 et

1030 478 1212 528 gloriam
1231 484 1361 521 tuam.

1082 535 1296 585 Quoniam
1327 536 1480 578 melior
1511 541 1577 578 est
1607 537 1845 578 misericor-

1031 591 1103 633 dia
1134 597 1208 633 tua
1240 605 1370 645 super
1402 594 1527 635 vitas:
1555 596 1577 620 *
1605 593 1719 635 labia
1750 607 1845 635 mea

1029 648 1268 690 laudabunt
1287 654 1341 690 te.

1079 705 1150 746 Sic
1173 705 1428 747 benedicam
1451 712 1495 748 te
1519 706 1563 746 in
1582 706 1669 747 vita
1694 719 1802 747 mea:
1822 708 1844 734 *

1029 767 1072 803 et
1108 762 1151 803 in
1186 763 1358 804 n6mine
1391 768 1468 804 tuo
1500 762 1655 804 levabo
1693 776 1844 804 manus

1028 831 1157 859 meas.

1078 875 1197 916 Sicut
1216 875 1344 928 adipe
1368 880 1411 916 et
1429 875 1690 928 pinguedine
1709 875 1843 927 reple-

1028 933 1124 973 atur
1150 932 1292 973 anima
1317 945 1426 973 mea:
1446 933 1469 958 *
1489 937 1532 973 et
1555 931 1680 973 labiis
1707 932 1842 973 exsul-

1026 988 1202 1029 tationis
1221 987 1414 1030 laudabit
1433 1001 1482 1029 os
1500 1001 1654 1029 meum.

1078 1045 1122 1086 Si
1145 1058 1311 1086 memor
1335 1045 1395 1086 fui
1420 1045 1483 1086 tui
1508 1058 1637 1097 super
1662 1049 1842 1086 stratum

1026 1114 1186 1151 meum,
1219 1102 1263 1142 in
1287 1102 1506 1143 matutinis
1531 1101 1776 1143 meditabor
1801 1102 1842 1141 in

1026 1163 1084 1199 te:
1103 1158 1126 1184 *
1146 1158 1246 1210 quia
1263 1158 1380 1200 fuisti
1399 1157 1568 1210 adintor
1586 1170 1718 1199 meus.

1077 1215 1134 1256 Et
1157 1215 1200 1255 in
1219 1214 1463 1256 velamento
1488 1214 1653 1255 alarum
1672 1216 1843 1255 tuarum

1028 1270 1266 1321 exsultabo,
1281 1270 1463 1312 adhaesit
1479 1271 1619 1311 anima
1633 1283 1729 1311 mea
1743 1275 1844 1322 post

1026 1328 1126 1369 te:*
1145 1340 1214 1369 me
1234 1328 1425 1380 suscepit
1444 1327 1622 1368 dextera
1641 1332 1724 1368 tua.

1077 1384 1166 1436 Ipsi
1192 1397 1296 1425 vero
1325 1384 1369 1424 in
1395 1396 1552 1424 vanum
1581 1383 1843 1436 quaesierunt

1027 1440 1213 1481 animam
1230 1453 1387 1490 meam,
1415 1439 1687 1481 introibunt'
1676 1453 1719 1480 1n
1741 1439 1842 1480 infe-

1026 1497 1142 1538 ri6ra
1168 1501 1314 1538 terrae:
1333 1497 1356 1522 *
1375 1496 1636 1538 tradentur'
1624 1510 1669 1536 m
1691 1508 1842 1537 manus

1026 1553 1169 1604 gladii,
1188 1558 1335 1606 partes
1355 1553 1548 1605 vulpium
1565 1557 1700 1594 erunt.

1077 1610 1174 1651 Rex
1192 1622 1295 1651 vero
1318 1609 1536 1651 laetabitur
1559 1609 1602 1650 in
1620 1609 1731 1658 Deo,
1756 1609 1841 1650 lau-

1028 1665 1244 1707 dabuntur
1274 1678 1424 1707 omnes
1450 1666 1524 1717 qui
1547 1666 1686 1717 jurant
1709 1665 1751 1706 in
1776 1678 1842 1706 eo:

1026 1723 1050 1749 *
1076 1722 1175 1774 quia
1204 1722 1476 1764 obstructum
1500 1727 1567 1763 est
1592 1734 1642 1762 os
1666 1721 1841 1773 loquen-

1026 1779 1133 1820 tium
1151 1779 1307 1831 iniqua.

1076 1836 1149 1870 Hic
1171 1847 1247 1870 non
1272 1836 1410 1870 dicitur
1439 1838 1571 1873 Gldria
1593 1837 1708 1873 Patri.

1293 1888 1488 1928 Psalmus
1509 1889 1574 1927 66.

1111 1959 1188 1988 eus
1205 1946 1460 1987 misereatur
1478 1946 1630 1995 nostri,
1653 1950 1696 1987 et
1713 1945 1840 1987 bene-

1121 2002 1236 2045 dicat
1253 2002 1393 2044 nobis:
1408 2004 1432 2030 *
1446 2002 1656 2044 illuminet
1675 2002 1840 2043 vultum

1025 2072 1150 2100 suum
1170 2071 1300 2111 super
1318 2071 1410 2108 nos,
1434 2063 1477 2100 et
1494 2059 1749 2101 misereatur
1767 2072 1839 2100 no-

1025 2115 1114 2156 stri.

1075 2172 1135 2213 Ut
1165 2173 1479 2222 cognoscamus
1510 2172 1553 2212 in
1584 2176 1701 2213 terra
1727 2171 1839 2213 viam

1023 2233 1156 2269 tuam:
1175 2229 1198 2255 *
1217 2227 1261 2268 in
1279 2227 1476 2270 omnibus
1494 2227 1706 2269 Gentibus
1730 2228 1838 2268 salu—

1022 2286 1116 2325 tare
1134 2288 1266 2325 tuum.

1076 2339 1373 2381 Confitea'mtur
1397 2339 1475 2382 tibi
1494 2340 1645 2392 populi
1663 2340 1796 2381 Deus:
1814 2340 1837 2365 *

1023 2396 1311 2438 confiteantur
1330 2395 1409 2438 tibi
1426 2396 1577 2449 pdpuli
1596 2409 1756 2438 omnes.

1072 2453 1294 2494 Laetentur
1319 2458 1362 2494 et
1388 2452 1604 2494 exsultent
1623 2452 1799 2494 Gentes:
1814 2454 1837 2479 *

1023 2509 1226 2560 quoniam
1250 2508 1414 2559 judicas
1438 2508 1625 2561 p6pulos
1645 2508 1689 2548 in
1708 2509 1835 2560 aequi-

1020 2566 1122 2614 tate,
1142 2570 1185 2606 et
1203 2564 1395 2606 Gentes
1384 2578 1427 2605 m
1446 2569 1561 2606 terra
1581 2564 1738 2615 dirigis.

1072 2621 1369 2662 Confiteantur
1405 2621 1484 2662 tibi
1518 2620 1670 2673 populi
1704 2621 1834 2669 Deus,

204 2672 381 2714 Sitivit'
369 2687 413 2714 m
435 2679 479 2716 te
503 2676 644 2717 anima
666 2689 778 2725 mea,
797 2678 819 2703 *
840 2689 1007 2728 quam
1004 2677 1309 2718 confiteantur
1335 2677 1414 2718 tibi
1440 2677 1591 2729 populi
1618 2689 1784 2717 omnes:
1811 2677 1835 2702 *

152 2729 446 2782 multipliciter
463 2730 543 2773 tibi
561 2744 664 2774 caro
682 2745 789 2774 mea.

1019 2737 1134 2774 terra
1153 2732 1273 2775 dedit
1291 2732 1479 2774 fructum
1496 2746 1632 2773 suum.
