2080 2990
537 233 713 267 Officium
739 234 914 268 votivum
938 235 985 268 dc
1010 234 1198 268 Passione
1224 235 1265 268 1).
1288 235 1330 267 N.
1354 234 1385 267 J.
1408 234 1445 268 C.

214 324 390 377 Aspice,
408 323 519 364 imiti
535 336 691 364 manus
708 323 822 364 alma
838 322 965 364 clavo

397 379 597 421 Finditur
616 379 713 420 alte.

163 457 311 503 Hunc,
341 451 462 493 velut
487 450 614 503 pravi
640 450 818 492 sceleris
845 452 965 492 mini-

447 512 596 556 strum,

213 565 334 606 Inter
347 563 550 614 indignos
563 562 757 604 medium
771 563 966 604 latrones

214 620 368 662 Cerne:
389 619 577 661 crudelis
596 619 677 660 fuit
694 619 779 660 ista
797 619 939 670 gentis

394 676 502 716 Dira
520 675 736 716 voluntas.

168 749 304 792 Pallet
339 748 444 790 heu!
483 747 650 797 vultus3
693 752 826 800 caput
863 760 965 788 ecce

447 803 612 844 lassum

212 860 441 902 Flectitur:
479 858 638 905 clausis
676 858 814 900 oculis
851 858 964 899 Red-

135 960 137 963 ,
446 917 620 967 emptor

213 972 424 1025 Spiritum
439 983 564 1012 sacro
579 970 745 1011 meritis
761 973 965 1011 omistum

394 1027 557 1069 Fundit
576 1026 630 1068 ab
652 1039 739 1068 ore.

162 1104 199 1144 O
235 1113 331 1150 cor,
367 1113 429 1141 aes
461 1099 620 1141 durum
655 1102 858 1151 saperas,
894 1113 963 1151 ge-

445 1154 607 1196 mendo

211 1211 270 1253 Ni
283 1211 426 1253 scelus
441 1215 602 1262 tergas;
617 1215 694 1252 tua
708 1211 837 1263 culpa
852 1211 965 1252 Chri-

212 1323 360 1376 Stipiti
378 1271 623 1372 afflsxtiigntua
642 1322 771 1375 culpa
789 1323 922 1365 morti

392 1378 598 1420 subdidit
616 1384 735 1420 atrae.

160 1452 227 1495 Sit
247 1452 345 1494 Deo
370 1453 585 1493 aeternum
609 1451 746 1494 decus
770 1464 899 1494 omne
920 1453 964 1493 in

445 1521 600 1558 aevum,

213 1564 298 1614 Qui
332 1564 432 1617 pius
468 1564 606 1605 nostri
642 1565 815 1615 generis
849 1565 965 1607 Red-

445 1621 628 1673 emptor,

214 1675 418 1717 Criminis
442 1675 588 1718 labem
610 1677 780 1718 miseris
807 1679 964 1719 nocen-

445 1736 537 1773 tem

393 1788 612 1839 Sanguine
630 1789 765 1831 tersit.
794 1789 946 1830 Amen.

373 1869 422 1907 In
445 1869 476 1908 Ι.
499 1868 722 1908 Nochurno.

186 1932 287 1972 Ant.
320 1930 567 1972 Astiterunt
584 1943 710 1982 reges
729 1935 870 1972 terrae.

418 1997 617 2038 Psalmus
644 1999 681 2038 2.

138 2060 236 2095 ἴῳ
261 2068 363 2097 uare
384 2056 654 2097 fremuerunt
673 2056 851 2106 Gentes,
874 2056 898 2082 *
922 2060 966 2097 et

275 2111 430 2164 populi
451 2111 652 2154 meditati
672 2116 775 2154 sunt
795 2110 964 2152 inania?

186 2172 190 2173 ⁷
242 2170 248 2177 ”
329 2168 576 2210 Astiterunt
599 2181 728 2219 reges
752 2172 897 2217 terrae,
922 2172 966 2209 et

132 2223 355 2276 principes
383 2225 683 2265 convenerunt
709 2224 914 2270 inunum
941 2224 964 2249 *

134 2277 345 2320 adversus
378 2279 635 2330 Dominum,
672 2285 716 2322 et
752 2279 964 2321 adversus

135 2334 355 2376 Christum
382 2336 484 2386 ejus.

188 2391 501 2443 Dirumpamus
534 2391 708 2433 vincula
741 2393 912 2432 eorum:
941 2391 965 2417 *

134 2450 178 2487 et
204 2447 485 2498 projiciamus
512 2459 538 2488 a
569 2447 697 2488 nobis
728 2447 874 2498 jugum
901 2445 963 2497 ip-

135 2514 296 2542 sorum.

187 2557 273 2607 Qui
304 2557 475 2600 habitat
508 2559 552 2599 in
587 2558 729 2607 coelis,
763 2556 965 2597 irridebit

135 2625 230 2654 eos:
246 2614 271 2640 *
287 2618 331 2655 et
343 2614 559 2655 Dominus
575 2612 862 2655 subsannabit
877 2625 964 2653 eos.

186 2668 311 2710 Tunc
328 2668 532 2721 loquetur
551 2670 608 2711 ad
627 2682 704 2711 eos
728 2669 772 2709 in
791 2669 856 2708 ira
875 2680 964 2716 sua,

132 2724 156 2750 *
177 2729 220 2767 et
240 2725 284 2767 in
303 2724 450 2768 furore
475 2738 556 2768 suo
576 2724 855 2768 conturbabit
875 2736 964 2765 eos.

1755 226 1846 270 [237]

1068 321 1164 372 Ego
1184 326 1331 363 autem
1351 322 1615 363 constitiitus
1636 334 1733 362 sum
1747 321 1848 362 Rex

1018 377 1074 419 ab
1095 390 1147 418 eo
1168 390 1300 429 super
1314 378 1419 418 Sion
1433 382 1627 418 montem
1647 381 1846 417 sanctum

1019 435 1122 485 ejus,
1138 433 1162 459 *
1181 433 1430 485 praedicans
1453 434 1727 485 praeceptum
1747 433 1847 483 ejus.

1068 489 1284 530 Dominus
1318 489 1426 530 dixit
1458 489 1514 530 ad
1546 502 1633 530 me:
1661 490 1685 517 *
1712 488 1846 530 Filius

1017 558 1142 586 meus
1162 557 1209 586 es
1228 549 1287 595 tn,
1312 558 1394 596 ego
1414 545 1546 586 hodie
1565 545 1696 596 genui
1713 549 1768 586 te.

1068 600 1251 641 Postula
1271 613 1296 641 a
1320 613 1401 650 me,
1426 605 1469 642 et
1493 600 1608 642 dabo
1632 600 1713 641 tibi
1733 601 1845 642 Gen-

1018 662 1085 698 tes
1106 656 1412 698 haereditatem
1430 661 1562 705 tuam,
1576 657 1601 682 *
1617 661 1661 697 et
1673 669 1846 708 posses-

1019 713 1189 753 sionem
1207 717 1327 754 tuam
1346 713 1558 753 terminos
1577 716 1717 752 terrae.

1068 769 1215 818 Reges
1243 781 1320 809 eos
1345 768 1391 808 in
1417 768 1542 819 virga
1570 767 1724 817 ferrea,
1752 768 1777 793 *
1804 772 1848 809 et

1017 829 1242 876 tamquam
1259 837 1337 865 vas
1356 824 1478 874 figuli
1493 823 1740 873 confringes
1761 836 1847 865 eos.

1067 880 1125 920 Et
1149 893 1263 921 nunc
1288 893 1414 930 reges
1437 879 1681 929 intelligite:
1703 880 1727 905 *
1753 892 1846 920 eru-

1019 935 1172 976 dimini
1192 936 1266 988 qui
1284 935 1485 987 judicatis
1504 941 1676 976 terram.

1069 991 1237 1033 Servite
1260 992 1453 1033 Domino
1482 992 1526 1032 in
1552 991 1725 1032 timore:
1752 991 1776 1017 *
1805 996 1848 1033 et

1019 1047 1234 1088 exsultate
1255 1048 1295 1088 ei
1318 1060 1417 1088 cum
1435 1049 1639 1088 tremore.

1071 1103 1405 1155 Apprehendite
1442 1103 1735 1155 disciplinam,
1774 1115 1846 1143 ne-

1019 1159 1194 1211 quando
1232 1159 1444 1200 irascatur
1478 1159 1712 1207 Dominus,
1745 1159 1770 1186 *
1804 1163 1848 1199 et

1017 1215 1207 1267 pereatis
1228 1215 1283 1256 de
1302 1215 1373 1256 via
1394 1215 1517 1266 justa.

1070 1271 1180 1312 Cum
1204 1271 1416 1312 exarserit
1441 1271 1484 1311 in
1507 1270 1631 1312 brevi
1655 1271 1719 1311 ira
1745 1270 1846 1321 ejus,

1017 1328 1041 1353 *
1058 1327 1179 1369 beati
1198 1339 1350 1368 omnes
1375 1327 1449 1378 qui
1470 1326 1696 1367 confidunt
1719 1327 1762 1366 in
1782 1338 1846 1366 eo.

1072 1388 1169 1427 Ant.
1203 1383 1452 1424 Astiterunt
1476 1395 1602 1433 reges
1627 1387 1774 1431 terrae,
1803 1387 1846 1423 et

1016 1439 1239 1491 principes
1281 1440 1579 1480 convenerunt
1623 1438 1667 1478 in
1713 1451 1846 1478 unum

1017 1494 1229 1536 adversus
1258 1495 1510 1543 Dominum,
1551 1498 1595 1535 et
1635 1493 1846 1535 adversus

1017 1550 1237 1592 Christum
1266 1552 1367 1602 ejus.

1071 1610 1169 1651 Ant.
1198 1606 1474 1659 Multiplicati
1493 1610 1603 1646 sunt.

1301 1665 1500 1706 Psalmus
1528 1665 1563 1704 3.

1111 1719 1257 1760 omine
1292 1718 1399 1770 quid
1433 1717 1713 1770 multiplicati
1747 1721 1848 1758 sunt

1123 1775 1197 1826 qui
1225 1774 1435 1816 tribulant
1462 1773 1553 1815 me?
1581 1774 1605 1799 *
1632 1773 1759 1814 multi
1785 1773 1846 1812 in-

1018 1834 1203 1881 surgunt
1222 1830 1456 1872 adversum
1474 1842 1556 1871 me.

1069 1886 1196 1927 Multi
1211 1885 1363 1927 dicunt
1383 1887 1540 1926 animae
1555 1897 1682 1926 meae:
1700 1884 1724 1910 *
1742 1883 1845 1925 Non

1018 1947 1085 1984 est
1104 1942 1221 1983 salus
1239 1942 1326 1994 ipsi
1344 1942 1389 1982 in
1408 1942 1505 1982 Deo
1526 1942 1628 1992 ejus.

1068 1999 1138 2039 Tu
1182 2002 1329 2039 autem
1374 1997 1564 2038 Domine
1615 1996 1846 2048 susceptor

1017 2067 1142 2096 meus
1162 2066 1221 2104 eS,
1239 2054 1263 2079 *
1282 2053 1423 2104 gloria
1447 2066 1554 2103 mea,
1579 2057 1623 2094 et
1648 2052 1846 2093 exaltans

1018 2114 1151 2163 caput
1169 2122 1325 2151 meum.

1068 2166 1194 2208 Voce
1212 2178 1310 2207 mea
1329 2165 1386 2207 ad
1404 2165 1521 2206 Dfim
1540 2164 1740 2218 clamavi:
1758 2164 1782 2190 *
1802 2168 1846 2205 et

1018 2221 1240 2263 exaudivit
1258 2234 1329 2262 me
1349 2221 1404 2263 de
1418 2225 1569 2262 monte
1584 2224 1739 2261 sancto
1753 2232 1845 2260 suo.

1069 2278 1164 2328 Ego
1185 2277 1389 2327 dormivi,
1416 2282 1460 2319 et
1479 2278 1713 2329 soporatus
1733 2288 1846 2316 sum:

1016 2334 1040 2359 *
1064 2338 1108 2374 et
1131 2333 1372 2383 exsurrexi,
1398 2333 1501 2385 quia
1518 2332 1734 2373 Dominus
1753 2344 1843 2371 sus-

1018 2389 1136 2441 cepit
1154 2401 1236 2430 me.

1068 2445 1171 2486 Non
1207 2443 1372 2486 timebo
1409 2443 1543 2484 millia
1578 2441 1733 2494 populi
1764 2441 1841 2482 cir-

1018 2500 1265 2542 cumdantis
1288 2513 1374 2541 me:
1392 2499 1416 2525 *
1436 2502 1622 2548 exsurge
1641 2497 1841 2546 Domine,

1018 2556 1187 2598 salvum
1206 2569 1276 2597 me
1295 2556 1364 2596 fac
1384 2556 1504 2596 Deus
1523 2566 1658 2595 meus.

1070 2613 1287 2662 Quoniam
1322 2616 1370 2652 tu
1400 2610 1656 2662 percussisti
1689 2621 1841 2650 omnes

1017 2667 1302 2709 adversantes
1317 2666 1422 2707 mihi
1437 2666 1531 2707 sine
1546 2677 1691 2706 causa:
1701 2665 1725 2690 *
1740 2663 1841 2705 den-

1015 2728 1083 2765 tes
1101 2725 1387 2776 peccatorum
1405 2720 1660 2762 contrivisti.
