2040 2990
757 188 954 223 Dominicu
979 186 1026 220 ud
1053 184 1286 218 Matutinum.

236 294 340 334 Cum
366 291 573 333 exarserit
597 290 641 330 in
666 288 785 330 brevi
810 288 873 327 ira
892 287 991 337 ejus,

184 351 206 375 *
230 349 342 391 beati
363 360 512 389 omnes
533 346 605 398 qui
625 343 849 387 confidunt
867 343 910 383 in
930 354 993 383 eo.

464 408 657 448 I'salmus
685 407 719 444 3.

274 462 415 502 omine
451 458 554 512 quid
589 457 861 510 multiplicati
895 460 994 497 sunt

286 518 359 569 qui
387 516 592 558 tribulant
618 514 707 556 me?
735 515 757 539 *
784 513 907 554 multi
934 512 994 552 in-

184 577 363 624 surgunt
383 572 610 614 adversum
630 584 710 612 me.

234 630 356 671 Multi
373 629 522 671 dicunt
541 628 694 669 animae
710 638 833 667 meae:
852 626 874 650 *
893 624 994 665 Non

184 692 249 728 est
268 686 382 726 salus
402 686 483 738 ipsi
504 685 547 725 in
566 684 660 725 Deo
681 684 780 735 ejus.

234 743 301 783 Tu
345 747 488 783 autem
533 740 717 781 Domine
768 739 994 790 susceptor

185 812 306 840 meus
327 811 383 846 es,
402 799 424 823 *
443 797 581 848 gloria
604 809 709 846 mea,
733 801 776 837 et
801 794 994 836 exaltans

185 861 315 907 caput
334 867 486 896 meum.

236 911 358 952 Voce
373 924 468 952 mea
483 909 538 951 ad
553 910 786 951 Dominum
801 907 995 949 clamavi:

185 968 207 992 ¹⁸
237 973 279 1009 et
307 966 524 1009 exaudivit
551 980 619 1008 me
648 966 701 1007 de
728 970 875 1007 monte
903 977 995 1004 san-

186 1028 257 1065 cto
286 1037 374 1065 suo.

237 1081 329 1130 Ego
350 1079 550 1129 dormivi,
576 1084 618 1121 et
637 1081 867 1131 soporatus
887 1090 996 1118 sum:

186 1137 208 1161 *
233 1141 275 1178 et
299 1136 534 1185 exsurrexi,
558 1136 658 1188 quia
676 1135 888 1176 Deminus
908 1146 996 1174 sus-

188 1193 303 1245 cepit
322 1206 400 1233 me.

238 1249 335 1290 Non
374 1247 534 1290 timebo
571 1247 702 1288 millia
738 1247 887 1300 populi
920 1247 996 1288 cir-

187 1305 428 1346 cumdantis
452 1318 535 1346 me:
557 1305 580 1329 *
606 1308 788 1354 exsurge
812 1304 997 1345 Domine

188 1361 352 1403 salvum
372 1374 439 1402 me
460 1361 537 1410 fac,
558 1361 676 1402 Deus
695 1374 827 1402 meus.

239 1418 451 1468 Quoniam
487 1423 532 1458 tu
564 1418 815 1470 percussisti
848 1430 998 1458 omnes

189 1473 466 1515 adversantes
481 1473 584 1514 mihi
600 1474 691 1515 sine
707 1475 883 1515 causa:*
898 1473 998 1515 den-

189 1535 254 1571 tes
273 1532 550 1582 peccatorum
570 1531 821 1571 contrivisti.

243 1586 415 1627 Domini
437 1591 501 1627 est
520 1586 649 1627 salus:
668 1588 691 1611 *
716 1592 758 1628 et
777 1600 906 1639 super
924 1588 999 1639 po·

191 1642 338 1694 pulum
359 1648 479 1683 tuum
499 1642 744 1685 benedictio
765 1648 848 1684 tua.

468 1695 664 1736 psalmus
692 1697 728 1734 6.

192 1746 434 1851 Domine,
454 1768 507 1796 ne
526 1755 567 1795 in
589 1754 731 1796 furore
751 1761 827 1797 tuo
847 1757 1001 1806 arguas

305 1824 392 1859 me,
425 1813 447 1837 *
481 1824 619 1863 neque
640 1812 682 1852 in
701 1812 763 1852 ira
782 1818 855 1853 tua
873 1814 1002 1853 corri-

192 1867 287 1918 pias
306 1881 384 1908 me.

246 1923 447 1965 Miserere
476 1925 558 1965 mei
583 1925 769 1965 Domine
798 1925 1002 1976 quoniam

195 1979 389 2020 infirmus
414 1993 522 2020 sum:
546 1981 568 2005 *
598 1993 701 2021 sana
724 1994 793 2022 me
818 1981 1003 2023 Domine

196 2036 398 2087 quoniam
414 2036 669 2078 conturbata
680 2043 778 2078 sunt
789 2049 887 2078 ossa
898 2051 1004 2079 mea.

246 2092 301 2133 Et
320 2092 461 2133 anima
480 2106 575 2134 mea
594 2092 766 2134 turbata
782 2099 846 2135 est
865 2093 1004 2136 valde:

196 2149 218 2172 *
238 2147 314 2189 sed
333 2153 379 2189 tu
399 2148 584 2190 Domine
603 2149 853 2201 usquequo?

247 2204 508 2246 Convertere
551 2204 755 2254 Domine,
800 2211 843 2247 et
887 2206 1005 2259 eripe

198 2260 383 2302 animam
410 2274 567 2302 meam:
594 2262 617 2286 *
650 2262 813 2303 salvum
842 2276 911 2304 me
940 2263 1005 2304 fac

197 2322 375 2369 propter
394 2317 732 2359 misericordiam
751 2324 879 2359 tuam.

249 2372 461 2422 Quoniam
494 2386 578 2414 non
607 2379 672 2415 est
700 2375 741 2415 in
770 2381 909 2416 morte
934 2376 1005 2427 qui

199 2441 364 2469 memor
383 2429 438 2470 sit
458 2429 534 2470 tui:
558 2430 580 2454 *
606 2430 647 2470 in
673 2430 839 2472 inferno
864 2437 1006 2473 autem

200 2484 296 2535 quis
316 2484 589 2526 confitebitur
607 2485 708 2527 tibi?

251 2540 464 2581 Laboravi
485 2541 526 2581 in
546 2542 707 2591 gemitu
727 2556 835 2592 meo,
854 2543 1008 2585 lavabo

201 2609 278 2648 per
297 2596 485 2646 singulas
504 2603 654 2639 noctes
677 2598 833 2640 lectum
854 2613 1009 2641 meum:

200 2654 223 2676 *
252 2652 438 2749 lgicrimis
462 2654 568 2694 meis
593 2660 773 2695 stratum
792 2669 934 2696 meum
960 2657 1010 2696 ri-

201 2721 255 2757 ga
287 2721 324 2749 o.

1095 282 1313 324 Turbatus
1350 285 1416 322 est
1460 293 1484 321 a
1526 279 1671 320 furore
1710 277 1861 319 oculus

1045 353 1183 381 meus:
1222 339 1246 363 *
1287 337 1525 378 inveteravi
1560 335 1674 376 inter
1710 347 1862 376 omnes

1044 397 1241 437 inimicos
1260 407 1393 435 meos,

1094 451 1318 493 Discedite
1337 463 1362 491 a
1380 462 1450 490 me
1470 461 1638 497 omnes»,
1662 447 1737 500 qui
1762 460 1862 500 ope-

1044 509 1197 550 ramini
1218 508 1504 559 iniquitatem:
1523 506 1546 531 *
1567 505 1773 557 quoniam
1793 517 1863 546 ex-

1044 565 1209 606 audivit
1224 564 1437 605 Dominus
1452 575 1606 603 vocem
1625 562 1753 603 fietus
1766 561 1864 602 mei.

1094 620 1328 662 Exaudivit
1352 619 1566 660 Dominus
1594 617 1863 671 deprecatio-

1045 691 1143 719 nem
1163 691 1319 725 meam,
1342 677 1365 702 *
1388 675 1603 717 Dominus
1622 675 1865 716 orationem

1045 748 1184 776 meam
1205 733 1406 786 suscepit.

1096 790 1379 839 Erubescant‚
1399 794 1442 830 et
1461 787 1775 830 conturbentur
1794 800 1864 829 ve-

1046 848 1268 889 hementer
1284 859 1435 889 omnes
1450 845 1611 886 inimici
1621 844 1720 886 mei:
1730 844 1754 870 *
1765 856 1864 886 con—

1046 907 1268 946 vertantur
1293 909 1336 945 et
1360 901 1619 945 erubescant
1642 900 1771 943 valde
1795 913 1864 942 ve-

1046 962 1208 1003 lociter.
1664 987 1667 990 -

1105 1019 1152 1057 ln
1163 1016 1376 1058 Adventu.
1386 1017 1484 1056 Ant.
1495 1015 1650 1057 Veniet
1659 1027 1760 1057 ecee
1769 1015 1866 1056 Rex

1048 1074 1244 1116 excelsus
1269 1086 1366 1114 cum
1387 1075 1607 1125 potestate
1626 1084 1784 1123 magna
1809 1070 1866 1113 ad

1048 1129 1278 1172 salvandas
1297 1130 1472 1179 Gentes
1491 1129 1671 1182 alleluja.

1103 1187 1201 1226 Ant.
1214 1186 1481 1228 Consortate.

1102 1243 1184 1283 Per
1210 1243 1393 1283 Annum.
1418 1243 1516 1283 Ant.
1535 1242 1703 1284 servite
1721 1241 1869 1283 Domi-

1048 1313 1104 1341 no
1127 1300 1169 1341 in
1190 1299 1360 1341 timore:
1389 1305 1432 1341 et
1460 1299 1674 1341 exsultate
1703 1299 1742 1340 ei
1769 1312 1868 1340 cum

1048 1359 1248 1399 tremore.

1103 1414 1202 1454 Ant.
1222 1414 1340 1455 Deus
1358 1412 1488 1466 judex
1507 1414 1654 1465 justus.

1334 1469 1533 1509 Psalmus
1561 1469 1596 1509 7.

1053 1521 1280 1627 Domine
1295 1528 1415 1568 Deus
1430 1539 1553 1568 meus
1567 1526 1610 1566 in
1625 1531 1668 1568 te
1683 1523 1870 1578 speravi:

1172 1585 1195 1609 *
1216 1583 1383 1625 salvum
1410 1596 1480 1625 me
1507 1583 1576 1624 fac
1596 1595 1649 1624 ex
1669 1580 1870 1623 omnibus

1049 1639 1411 1693 persequentibus
1429 1653 1510 1690 me,
1530 1642 1573 1681 et
1590 1638 1728 1680 libera
1746 1651 1826 1680 me.

1101 1696 1346 1750 Nequando
1366 1697 1509 1750 rapiat
1526 1701 1575 1738 ut
1592 1695 1662 1737 leo
1682 1695 1870 1736 animam

1051 1767 1203 1802 meam,
1222 1755 1245 1779 *
1266 1753 1369 1795 dum
1388 1766 1476 1794 non
1495 1757 1562 1794 est
1582 1752 1655 1805 qui
1673 1751 1870 1800 redimat,

1053 1824 1192 1863 neque
1212 1810 1284 1863 qui
1304 1811 1471 1851 salvum
1491 1809 1631 1851 faciat.

1103 1867 1289 1908 Domine
1308 1867 1428 1908 Deus
1447 1879 1570 1908 meus
1588 1866 1624 1907 si
1642 1865 1726 1907 feci
1742 1861 1871 1915 istud,

1053 1924 1075 1949 *
1095 1924 1129 1964 si
1149 1929 1215 1965 est
1234 1923 1437 1976 iniquitas
1455 1923 1499 1964 in
1518 1922 1720 1964 manibus
1733 1921 1856 1963 meis:

1104 1981 1145 2021 Si
1184 1979 1354 2022 reddidi
1394 1978 1733 2021 retribuentibus
1768 1977 1872 2019 mihi

1054 2036 1183 2085 mala,
1210 2037 1233 2062 *
1262 2035 1462 2078 decidam
1485 2035 1641 2077 merito
1662 2034 1718 2076 ab
1737 2034 1872 2076 inimi-

1054 2094 1116 2135 cis
1135 2093 1242 2134 meis
1260 2093 1411 2133 inanis.

1105 2151 1397 2201 Persequatur
1441 2149 1640 2191 inimicus
1685 2147 1872 2190 animam

1055 2219 1215 2254 meam,
1244 2211 1286 2247 et
1314 2205 1674 2258 comprehendat,
1703 2210 1747 2247 et
1774 2216 1873 2246 con-

1056 2262 1198 2304 cnlcet
1224 2262 1267 2302 in
1294 2266 1410 2303 terra
1436 2263 1568 2304 vitam
1596 2275 1749 2310 meam,
1775 2261 1799 2287 *
1832 2264 1876 2301 et

1055 2318 1238 2369 gloriam
1278 2331 1419 2359 meam
1460 2319 1501 2359 in
1542 2318 1767 2371 pulverem
1804 2315 1875 2358 de-

1058 2375 1198 2417 ducat.

1109 2433 1305 2481 Exsurge
1323 2430 1510 2472 Domine
1530 2431 1572 2473 in
1593 2430 1655 2473 ira
1673 2434 1762 2472 tua:
1785 2429 1808 2455 *
1833 2434 1876 2470 et

1058 2488 1250 2529 exaltare
1268 2487 1309 2527 in
1327 2487 1484 2528 finibus
1504 2489 1776 2529 inimicorum
1790 2498 1876 2527 me-

1059 2546 1193 2585 orum.

1113 2601 1165 2642 Et
1181 2604 1364 2651 exsurge
1375 2602 1560 2643 Domine
1571 2602 1691 2643 Deus
1701 2614 1823 2642 meus
1834 2598 1876 2641 in

1061 2658 1282 2709 praecepto
1296 2657 1413 2709 quod
1424 2657 1654 2699 mandasti:
1664 2659 1688 2683 *
1699 2662 1742 2699 et
1754 2669 1876 2710 syna-

1060 2715 1172 2763 goga
1191 2713 1452 2765 populorum
1473 2713 1759 2756 circumdabit
1776 2718 1831 2755 te.
