2080 2990
502 864 586 905 Die
613 865 679 904 24.
707 862 933 904 Februarii
961 867 1026 906 vel
1053 864 1119 903 25.
1147 880 1260 907 anno
1292 868 1514 907 bissextili.

691 952 862 994 Sancti
884 952 1092 994 Mathiae
1120 956 1336 1005 Apostoli.

822 1039 975 1081 Duplex
998 1039 1027 1072 2.
1054 1039 1202 1072 classis.

211 1115 347 1149 Omnia
374 1117 419 1149 de
439 1116 641 1151 Communi
658 1118 795 1159 Apost.
812 1111 859 1154 [2]
888 1127 983 1158 prte-

155 1167 213 1196 ter
236 1164 447 1205 sequentia.

233 1262 311 1274 ‚77
330 1261 341 1283 ἰ,
487 1227 651 1266 Oratio.

163 1281 190 1345 i*
221 1290 285 1348 1'2-213
291 1272 338 1338 ’ξ
348 1304 440 1339 eus,
468 1291 543 1342 qui
570 1290 749 1331 beatum
772 1289 982 1330 Mathiam

161 1345 189 1400 335¹
232 1343 294 1397 2225*
312 1339 337 1400 ξς.
366 1346 685 1399 Apost016rum
699 1348 875 1387 tuerum
894 1344 980 1385 col·
1070 1356 1084 1396 μ’]
1105 1351 1143 1384 :112

162 1397 187 1420 ‘⁶‘
225 1394 240 1412 ³
266 1393 339 1440 ,ΝΞΛ
364 1402 478 1453 legio
496 1402 686 1443 sociasti:
705 1401 848 1442 tribue
865 1403 981 1452 qua'e-
1037 1392 1084 1430 *⁴³
1104 1394 1140 1426 w:

154 1470 320 1506 sumus;
347 1462 396 1498 ut
421 1459 510 1508 ejus
536 1458 868 1506 interventiene,
892 1462 980 1497 tuae

154 1513 270 1553 circa
297 1525 378 1553 nos
406 1514 582 1565 pietatis
611 1525 784 1565 semper
811 1515 981 1553 viscera

153 1568 402 1609 sentiemus.
429 1569 515 1609 Per
529 1569 766 1609 Deminum
782 1572 981 1608 nostrum

152 1623 177 1663 J
180 1636 302 1664 esum
317 1623 537 1664 Christum
555 1624 713 1664 Filium
731 1628 870 1664 tuum:
898 1623 981 1673 Qui

153 1683 300 1720 tecum
319 1679 426 1720 vivit
445 1685 490 1720 et
509 1684 672 1730 regnat.

208 1750 358 1783 Deinde
384 1750 423 1783 fit
447 1759 580 1783 comm.
608 1749 643 1782 S
666 1748 768 1782 Petri
795 1748 983 1792 Dzimiani.

156 1798 309 1839 quoties
332 1807 409 1830 non
436 1802 493 1830 cst
517 1797 743 1830 bissextilis,

208 1854 307 1892 Ant.
328 1853 365 1891 O
382 1850 552 1891 Doctor
573 1850 752 1901 Optime,
768 1849 981 1890 Ecclesiae

154 1910 318 1946 sanctae
337 1906 495 1954 lumen,
514 1905 643 1946 beate
661 1906 801 1954 Petre,
821 1905 981 1946 divinae

152 1960 262 2011 legis
281 1962 467 2010 ametor,
495 1959 734 2012 deprecere
752 1972 834 2012 pro
854 1960 981 2001 nobis

152 2015 310 2057 Filium
327 2016 422 2057 Dei.

208 2071 259 2122 ΥΤ.
273 2076 448 2116 Justum
467 2075 651 2117 deduxit
668 2075 883 2116 Deminus
902 2086 982 2126 per

155 2131 249 2172 vias
268 2136 423 2172 rectas.
458 2132 508 2182 R.
533 2131 590 2171 Et
615 2129 808 2171 ostendit
831 2130 894 2169 illi
917 2142 981 2170 re-

153 2198 291 2236 gnum·
306 2187 401 2227 Dei.

493 2247 655 2287 Oratio.

155 2299 396 2406 Concede
428 2315 526 2353 nos,
564 2307 814 2356 quaesumus
847 2305 981 2344 omni-

244 2365 404 2413 potens
423 2361 564 2409 Deus,
590 2360 710 2401 beeti
732 2359 852 2400 Petri
873 2360 982 2400 Con-

154 2416 332 2456 fessoris
349 2416 414 2456 tui
433 2421 565 2467 atque
578 2415 804 2456 Pontificis
819 2414 983 2454 monita

156 2475 200 2511 et
227 2471 428 2522 exempla
456 2471 631 2519 secteri3
665 2475 713 2511 ut
745 2482 824 2521 per
852 2471 982 2509 terre-

156 2525 311 2566 strium
329 2538 474 2566 rerum
497 2528 799 2578 contemptum
818 2526 981 2564 aeterna

157 2580 318 2635 gaudia
344 2584 674 2632 consequamur.
722 2581 807 2621 Per
834 2579 980 2619 Demi-

154 2649 258 2676 num
283 2640 492 2677 nostrum.

212 2701 353 2735 Postea
378 2702 510 2736 Feriae.

314 2835 378 2858 Pars
394 2835 528 2859 Hiemalis.

1275 1115 1323 1153 In
1352 1115 1381 1152 I.
1411 1114 1632 1152 Nocturno.

1133 1179 1198 1216 De
1225 1175 1410 1216 Actibus
1438 1174 1768 1226 Apostolorum.

1095 1242 1242 1281 Lectio
1264 1241 1285 1279 i.
1616 1240 1718 1288 (lap.
1735 1239 1763 1276 1.
1780 1250 1812 1275 c.

1171 1359 1265 1394 trus
1289 1354 1332 1393 in
1357 1353 1502 1393 medio
1528 1353 1725 1402 fratrum,
1753 1353 1862 1394 dixit

1172 1410 1279 1459 (erat
1308 1414 1453 1450 autem
1483 1408 1612 1449 turba
1637 1408 1861 1448 heminum

1036 1464 1180 1513 simul,
1217 1465 1306 1505 fere
1336 1469 1510 1505 centum
1540 1464 1723 1513 viginti):
1764 1464 1861 1504 Viri

1034 1520 1208 1569 fratres,
1247 1522 1425 1571 oportet
1462 1519 1634 1571 impleri
1670 1519 1860 1570 Scriptu-

1035 1587 1145 1624 ram,
1175 1588 1305 1626 quam
1331 1575 1538 1627 praedixit
1556 1574 1743 1626 Spiritus
1768 1587 1861 1614 san-

1036 1636 1130 1671 etus
1162 1643 1242 1682 per
1275 1643 1325 1671 os
1357 1630 1504 1671 David
1536 1630 1591 1671 de
1624 1629 1754 1678 Juda,
1788 1630 1863 1680 qui

1035 1685 1114 1727 fuit
1146 1686 1235 1726 dux
1272 1689 1439 1735 eorum,
1473 1687 1547 1738 qui
1580 1685 1860 1736 comprehen-

1036 1741 1192 1782 derunt
1220 1741 1244 1781 J
1248 1754 1384 1782 esum:
1420 1742 1494 1793 qui
1525 1742 1861 1781 connumeratus

1036 1801 1130 1837 erat
1154 1797 1198 1836 in
1226 1797 1370 1845 nobis,
1400 1802 1442 1838 et
1471 1799 1651 1837 sortitus
1679 1800 1745 1836 est
1770 1807 1859 1835 sor-

1035 1855 1124 1892 tem
1149 1852 1377 1893 ministerii
1404 1852 1539 1902 hujus.
1584 1852 1640 1892 Et
1666 1850 1738 1890 hic
1770 1850 1858 1901 qui-

1036 1906 1136 1947 dem
1168 1907 1367 1958 possedit
1394 1919 1546 1957 agrum
1575 1906 1630 1947 de
1657 1905 1860 1946 mercede

1034 1962 1292 2013 iniquitatis,
1338 1966 1381 2002 et
1418 1963 1656 2013 suspensus
1691 1960 1860 2012 crepuit

1034 2016 1224 2056 medius:
1269 2021 1313 2057 et
1359 2017 1516 2058 diffusa
1565 2021 1665 2057 sunt
1716 2015 1861 2056 emnia

1034 2074 1204 2112 viscera
1233 2073 1334 2122 ejus.

1092 2138 1141 2188 R.
1153 2135 1269 2176 Ecce
1290 2148 1371 2185 ego
1391 2136 1517 2176 mitto
1533 2148 1613 2176 vos
1629 2135 1740 2175 sicut
1754 2147 1859 2175 oves

1034 2190 1078 2230 in
1096 2190 1242 2231 medio
1263 2191 1483 2242 luporum,
1509 2190 1614 2231 dicit
1632 2190 1860 2230 Dominus:

1040 2249 1062 2272 *
1077 2245 1233 2286 Estote
1257 2259 1361 2297 ergo
1385 2246 1623 2298 prudentes
1643 2246 1754 2286 sicut
1774 2257 1858 2285 ser-

1034 2302 1200 2352 pentes,
1216 2306 1259 2342 et
1273 2302 1493 2353 simplices
1508 2302 1620 2342 sicut
1635 2299 1860 2341 columbae.

1039 2355 1088 2405 V.
1125 2356 1242 2396 Dum
1284 2357 1427 2398 lucem
1466 2356 1653 2404 habetis,
1695 2354 1860 2396 credite

1035 2411 1079 2450 in
1098 2410 1251 2460 lucem,
1270 2417 1319 2452 ut
1341 2412 1419 2452 filii
1443 2412 1553 2452 lucis
1573 2411 1677 2451 sitis.
1704 2410 1859 2451 Estete

1036 2478 1153 2516 ergo.

1346 2523 1498 2562 Lectio
1518 2522 1557 2561 ii.

1118 2585 1137 2621 t
1170 2585 1324 2622 notum
1358 2581 1521 2621 factum
1557 2585 1623 2621 est
1659 2579 1859 2621 emnibus

1134 2636 1432 2678 habitantibus
1451 2635 1706 2683 Jerusalem,
1733 2635 1794 2674 ita
1811 2638 1860 2674 ut

1037 2692 1332 2744 appellaretur
1358 2703 1462 2742 ager
1489 2690 1578 2739 ille,
1615 2691 1761 2739 lingua
1788 2690 1858 2729 εό-

1597 2816 1663 2850 32*
