2040 2990
703 466 972 515 CLEMEN
975 466 1012 515 S
1040 465 1218 514 PAPA
1241 466 1377 514 VIII.

596 544 663 572 AD
694 545 1031 574 PERPETUAM
1061 545 1149 571 REI
1179 544 1478 572 MEMORIAM.

199 669 215 723 f
224 667 235 673 ‚
251 678 294 729 fs}
317 694 325 719 )
338 692 384 710 um
399 684 427 710 in
440 683 562 710 Ecclesia
575 683 725 716 Catholica,
739 691 754 709 a
767 683 878 710 Christo
892 683 1013 710 Domino

249 719 333 755 τψἾ
350 726 446 750 nostro
464 723 516 749 sub
537 730 592 748 uno
611 722 712 756 capite,
737 722 795 756 ejus
816 722 845 748 in
868 722 950 748 terris
968 722 1013 749 Vi-

199 753 213 767 l*
245 750 269 774 ’ἶ
280 752 292 765 ²
306 755 333 788 J}
350 762 424 789 cario
443 761 576 794 instituta,
594 761 669 794 unio,
687 765 714 787 et
729 769 825 787 earum
838 768 931 787 rerum
950 769 1013 795 quae

195 779 235 830 ad
246 791 302 828 Dei
320 801 435 835 gloriam
459 804 486 826 et
504 796 629 826 debitum
648 800 903 826 Ecclesiasticarum
921 807 1013 834 perso-

194 849 293 868 narum
312 840 435 867 officium
454 842 591 873 spectant,
614 839 798 865 conformatio
821 847 930 883 semper
951 846 1013 865 con-

194 880 331 907 servanda
351 879 396 912 sit,
413 882 473 905 tum
486 878 625 912 praecipue
643 878 689 904 illa
707 878 864 904 communio
882 878 930 904 uni
944 878 1013 910 Deo,

194 926 250 946 una
268 922 295 945 et
312 918 409 945 eadem
433 917 552 943 formula
574 925 670 950 preces
692 917 854 949 adhibendi,
878 925 940 950 quae
959 917 1013 943 Ro-

194 966 277 985 mano
295 957 439 984 Breviario
458 956 626 988 continetur,
649 959 783 989 perpetuo
802 956 946 982 retinenda
964 959 1014 989 est,

194 1001 225 1024 ut
243 997 321 1023 Deus
342 996 370 1022 in
388 995 511 1022 Ecclesia
532 1002 582 1028 per
604 995 765 1021 universum
789 995 885 1021 orbem
904 995 1013 1028 diffusa,

194 1043 250 1063 uno
273 1039 301 1062 et
318 1035 415 1061 eodem
434 1034 533 1060 orandi
555 1037 582 1060 et
600 1034 734 1067 psallendi
757 1034 854 1060 ordine
876 1042 891 1060 a
911 1034 1013 1060 Christi

194 1075 322 1102 fidelibus
336 1081 446 1108 semper
458 1073 587 1099 laudetur
603 1076 631 1099 et
644 1073 794 1099 invocetur.
825 1072 1012 1105 Quamobrem

194 1123 228 1141 ex
252 1114 363 1140 decreto
387 1112 463 1140 Sacri
488 1112 603 1138 Concilii
627 1112 783 1138 Tridentini
809 1112 896 1138 felicis
924 1119 1012 1138 recor-

194 1153 314 1180 dationis
337 1152 405 1179 Pius
428 1152 506 1185 Papa
524 1151 557 1178 V.
582 1151 770 1185 praedecessor
794 1154 888 1178 noster
911 1151 955 1184 pie
979 1158 1010 1176 ac

193 1192 332 1226 sapienter
351 1191 501 1217 admodum
520 1190 682 1216 varietatem
704 1189 778 1216 illam
797 1190 1013 1223 Breviariorum,

193 1238 256 1265 quoe
280 1230 308 1256 in
332 1229 446 1263 singulis
464 1229 593 1255 Ecclesiis
618 1228 676 1255 fere
698 1228 809 1255 diversa
831 1229 1013 1261 habebantur,

192 1269 332 1296 nonnullis
354 1272 461 1295 tantum
480 1268 615 1302 exceptis,
638 1267 763 1300 sustulit,
785 1275 817 1293 ac
839 1267 929 1301 ipsum
949 1267 1013 1293 Bre—

192 1308 312 1335 viarium
336 1307 468 1339 restituit,
492 1310 519 1332 et
542 1307 639 1333 Romae
662 1307 867 1333 accuratissime
891 1306 1012 1340 imprimi

193 1350 220 1374 et
243 1346 412 1381 promulgari
435 1345 555 1372 curavit:
585 1346 660 1379 quod
684 1349 714 1372 ut
738 1345 874 1378 integrum
899 1345 1012 1371 inviola-

193 1390 308 1420 tumque
334 1386 369 1412 ab
393 1384 522 1411 omnibus
545 1385 706 1418 haberetur,
734 1384 827 1411 debita
854 1384 1012 1418 provisione

189 1422 324 1457 adhibita,
344 1425 416 1451 inter
434 1425 487 1451 alia
506 1423 611 1456 statuit,
628 1431 663 1450 ne
682 1423 737 1450 ullo
752 1431 872 1456 unquam
888 1426 1012 1456 tempore

192 1464 282 1491 totum
300 1463 344 1490 vel
366 1471 401 1489 ex
418 1467 498 1497 parte
515 1466 684 1495 mutaretur,
708 1466 756 1489 aut
779 1461 817 1488 illi
840 1461 944 1495 aliquid
965 1461 1012 1487 ad-

193 1503 313 1535 deretur,
331 1502 375 1529 vel
389 1503 501 1529 omnino
515 1502 715 1534 detraheretur,
734 1501 785 1527 sub
799 1500 889 1534 poenis
903 1500 931 1526 in
943 1501 1012 1534 ejus-

193 1541 257 1568 dem
275 1541 478 1568 Constitutione
501 1540 644 1567 contentis.
681 1540 751 1566 Cum
774 1547 840 1566 vero
864 1547 1011 1573 progressu

193 1580 339 1614 temporis,
362 1581 599 1614 typographorum
616 1579 780 1613 negligentia
799 1582 826 1605 et
844 1578 962 1611 incuria,
985 1581 1012 1605 et

192 1619 278 1646 nimia
295 1618 412 1646 aliorum
431 1619 514 1646 etiam
537 1627 581 1652 ea,
606 1627 669 1652 quae
693 1619 729 1645 ad
755 1618 830 1652 ipsos
853 1625 909 1644 non
931 1617 1012 1651 perti-

192 1662 267 1691 nent,
286 1661 389 1685 temere
406 1658 460 1685 sibi
477 1658 692 1690 assumentium,
711 1657 827 1684 audacia
845 1664 877 1683 ac
894 1656 1012 1689 licentia,

192 1697 270 1724 multi
289 1704 398 1724 errores
416 1697 444 1724 in
462 1697 531 1723 illud
548 1696 723 1730 irrepserint:
745 1704 777 1722 ac
801 1700 858 1723 tum
881 1695 909 1721 in
931 1702 1011 1721 sacra

192 1736 335 1770 Scriptura
353 1739 380 1762 et
398 1736 577 1763 Lectionibus
595 1736 719 1768 Patrum,
738 1738 796 1762 tum
815 1735 843 1761 in
862 1734 926 1760 vitis
944 1734 1010 1761 San-

192 1779 300 1802 ctorum
323 1778 350 1801 et
374 1775 516 1808 Rubricis‚
541 1775 656 1808 aliisque
681 1774 755 1808 locis,
781 1774 840 1800 sine
858 1775 960 1802 Nostra
985 1776 1012 1799 et

192 1814 383 1841 Romanorum
400 1813 567 1841 Pontificum
591 1814 827 1847 praedecessorum
845 1813 1011 1840 Nostrorum

192 1853 363 1886 auctoritate,
381 1861 433 1887 pro
451 1853 583 1887 cujusque
601 1853 716 1879 arbitrio
731 1853 862 1886 pleraque
875 1852 970 1878 addita
984 1854 1012 1878 et

191 1893 336 1918 immutata
356 1892 466 1926 fuerint,
483 1892 523 1918 ita
541 1895 572 1919 ut
589 1892 664 1918 nulla
681 1892 734 1925 jam
754 1892 928 1925 reperiantur
946 1891 1011 1918 Bre-

192 1930 288 1965 viaria,
306 1939 369 1965 quae
387 1939 403 1957 a
421 1931 511 1965 prima
530 1931 650 1958 editione
670 1930 792 1964 ejusdem
810 1930 854 1956 Pii
871 1930 900 1956 in
918 1929 1012 1956 multis

192 1978 249 1997 non
266 1969 423 2004 discrepent
440 1973 524 2003 atque
541 1969 718 2002 dissentiant,
736 1972 764 1995 et
781 1969 873 2002 aliqua
891 1967 1012 2001 recogni-

192 2009 268 2036 tione
284 2009 436 2042 indigeant:
454 2009 521 2042 Nos,
539 2009 587 2042 qui
604 2016 656 2042 pro
671 2008 808 2035 Pastorali
822 2008 923 2035 Nostra
939 2007 1010 2034 solli-

192 2047 313 2074 citudine
331 2047 359 2074 in
377 2056 438 2074 eam
456 2055 552 2074 curam
566 2047 705 2081 praecipue
719 2046 911 2079 incumbimus,
930 2050 961 2073 ut
978 2054 1010 2072 ea

192 2094 256 2121 quae
274 2094 290 2113 a
306 2087 563 2114 Praedecessoribus
582 2087 692 2114 Nostris
710 2090 803 2113 sancte
821 2094 853 2112 ac
871 2086 915 2120 pie
931 2085 1007 2112 insti-

192 2129 252 2152 tuta
271 2129 348 2158 sunt,
371 2129 506 2160 perpetuo
524 2126 629 2159 integra
652 2129 680 2152 et
698 2125 829 2152 inviolata
849 2131 1011 2151 conserven-

193 2168 250 2191 tur:
269 2172 332 2198 quae
346 2172 412 2191 vero
427 2164 569 2191 hominum
588 2165 668 2199 culpa
686 2165 831 2191 immutata
846 2168 911 2190 sunt
929 2166 1012 2197 atque

193 2207 336 2238 corrupta,
360 2207 388 2230 et
411 2211 474 2238 quae
492 2204 707 2237 recognitionem
725 2204 850 2237 exigunt,
874 2203 902 2229 in
922 2202 1012 2236 pristi-

192 2251 259 2270 num
278 2247 381 2270 statum
399 2243 581 2270 restituantur
603 2246 630 2269 et
648 2243 848 2277 reformentur;
871 2241 1012 2269 mandavi-

193 2291 255 2309 mus
273 2282 411 2309 nonnullis
429 2282 483 2316 piis
501 2286 528 2308 et
546 2282 662 2308 eruditis
676 2282 752 2315 viris,
771 2289 888 2315 quorum
905 2281 1011 2307 consul—

193 2321 297 2349 tatione
314 2325 342 2348 et
360 2329 445 2355 opera
463 2321 491 2347 in
509 2321 666 2354 hujusmodi
685 2321 768 2347 rebus
783 2321 943 2354 frequenter
960 2319 1012 2346 uti-

194 2368 268 2394 mur,
290 2364 321 2387 ut
343 2361 416 2387 idem
435 2360 609 2387 Breviarium
631 2367 703 2386 nova
726 2360 850 2386 adhibita
872 2358 1012 2392 diligentia

194 2400 348 2426 accuratius
362 2399 536 2433 inspicerent,
550 2403 634 2432 atque
647 2399 844 2431 examinarent,
863 2401 890 2424 et
903 2405 934 2424 ea
949 2405 1012 2431 quae

194 2438 345 2472 depravata
363 2446 423 2464 esse
446 2442 473 2464 et
491 2438 677 2471 recognitione
701 2437 822 2471 indigere
841 2436 1012 2462 animadver-

194 2480 291 2510 terent,
305 2485 355 2511 pro
370 2484 419 2503 sua
429 2477 555 2503 doctrina
571 2481 598 2503 et
611 2477 713 2510 pietate
723 2477 906 2503 restituerent.
931 2475 1011 2508 Quod

193 2523 256 2542 cum
278 2516 314 2542 ab
336 2516 370 2542 iis
392 2519 487 2542 exacte
509 2523 541 2541 ac
563 2515 688 2550 profecto
713 2514 768 2542 nen
791 2514 922 2541 mediocri
946 2521 1009 2540 cum

194 2554 378 2581 emolumento
397 2555 551 2588 praestitum
569 2554 618 2587 sit,
641 2554 679 2580 ita
701 2558 732 2580 ut
754 2562 788 2580 ex
806 2553 943 2587 superiori
965 2552 1012 2579 illo

194 2593 368 2620 incommodo
382 2601 432 2627 per
445 2594 618 2620 occasionem
633 2601 688 2620 non
702 2600 800 2627 parum
811 2591 936 2618 utilitatis
950 2598 1012 2625 pro-

195 2632 313 2659 venerit:
335 2632 393 2660 Nos
415 2632 484 2659 illud
507 2632 535 2660 in
553 2632 655 2660 Nostra
678 2631 860 2666 typographia
878 2630 1012 2658 Vaticana

195 2678 278 2705 quam
292 2671 514 2698 emendatissime
532 2671 653 2705 imprimi
671 2679 703 2697 ac
721 2670 857 2704 divulgari
874 2669 1011 2703 jussimus.

195 2710 234 2738 Ut
256 2713 348 2737 autem
372 2710 445 2738 illius
468 2718 535 2738 usus
558 2710 587 2737 in
611 2710 740 2737 omnibus
764 2709 906 2736 christiani
935 2706 1011 2736 orb'ls

194 2748 333 2783 partibus,
355 2749 496 2784 perpetuis
514 2749 618 2777 futuris
635 2748 806 2783 temporibus
824 2751 1012 2782 conservetur,

1066 684 1157 717 ipsum
1175 683 1350 710 Breviarium
1372 683 1399 710 in
1423 683 1493 710 alma
1513 685 1589 712 Urbe
1612 685 1712 712 Nostra
1735 686 1762 713 in
1785 687 1880 713 eadem

1066 722 1248 757 typographia
1267 726 1382 756 tantum,
1401 726 1427 749 et
1445 731 1501 750 non
1520 724 1584 750 alibi
1602 724 1722 758 imprimi
1741 733 1822 759 posse
1836 726 1880 752 de-

1066 762 1216 788 cernimus:
1232 765 1309 788 extra
1325 762 1429 789 Urbem
1444 770 1510 789 vero
1524 763 1599 796 juxta
1613 763 1752 797 exemplar
1766 765 1794 790 in
1808 765 1880 791 dicta

1066 800 1249 835 typographia
1273 808 1346 827 nunc
1369 801 1487 834 editum,
1512 805 1539 828 et
1563 810 1616 828 non
1641 802 1732 835 aliter,
1756 804 1807 830 hac
1824 804 1881 837 lege

1066 839 1187 873 imprimi
1205 847 1286 872 posse
1300 840 1492 873 permittimus,
1511 844 1541 867 ut
1560 841 1689 867 nimirum
1704 842 1881 876 typographis

1067 878 1286 912 quibuscumque
1305 878 1372 904 illud
1391 879 1548 912 imprimere
1562 879 1725 913 volentibus,
1745 880 1773 907 id
1792 881 1881 907 facere

1066 917 1158 950 liceat,
1182 917 1314 950 requisita
1338 921 1429 943 tamen
1449 917 1526 951 prius
1548 922 1575 944 et
1598 918 1625 944 in
1644 919 1752 952 scriptis
1771 920 1881 946 obtenta

1067 956 1230 982 dilectorum
1241 956 1359 982 filiorum
1375 956 1572 990 Inquisitorum
1587 958 1722 984 haereticae
1737 958 1882 992 pravitatis

1067 995 1094 1021 in
1113 995 1146 1021 iis
1164 995 1240 1026 locis,
1258 994 1285 1020 in
1304 995 1405 1028 quibus
1424 995 1534 1028 fuerint,
1552 996 1599 1022 ubi
1613 1004 1679 1022 vero
1698 1004 1753 1023 non
1772 997 1882 1029 fuerint,

1067 1034 1277 1060 Ordinariorum
1297 1034 1420 1060 locorum
1438 1034 1559 1061 licentia:
1583 1035 1718 1069 alioquin,
1736 1036 1759 1062 si
1777 1037 1882 1070 absque

1066 1073 1224 1105 hujusmodi
1242 1072 1351 1099 licentia
1369 1073 1472 1099 dictum
1492 1073 1664 1100 Breviarium
1683 1075 1735 1100 sub
1753 1082 1881 1108 quacum-

1067 1119 1121 1145 que
1141 1111 1229 1137 forma
1249 1112 1283 1137 de
1300 1115 1392 1137 cetero
1410 1112 1462 1145 ipsi
1480 1112 1646 1146 imprimere,
1664 1117 1710 1140 aut
1724 1113 1882 1147 bibliopolae

1067 1151 1186 1176 vendere
1213 1151 1454 1184 praesumpserint,
1481 1152 1645 1185 typographi
1672 1156 1698 1178 et
1725 1152 1881 1186 bibliopolae

1066 1193 1144 1215 extra
1170 1188 1278 1215 Statum
1306 1189 1438 1216 Nostrum
1466 1190 1687 1217 Ecclesiasticum
1720 1191 1881 1217 exsistentes

1066 1228 1356 1254 excommunicationis
1374 1228 1437 1254 latae
1451 1229 1601 1261 sententiae,
1621 1237 1636 1255 a
1655 1238 1709 1263 qua
1727 1230 1778 1256 nisi
1798 1238 1813 1256 a
1829 1230 1882 1256 Ro-

1066 1275 1148 1293 mano
1163 1267 1304 1299 Pontifice,
1323 1271 1508 1301 praeterquam
1527 1267 1555 1293 in
1573 1268 1669 1294 mortis
1688 1267 1803 1295 articulo
1819 1277 1881 1295 con-

1066 1306 1163 1338 stituti,
1181 1306 1287 1332 absolvi
1303 1310 1440 1340 nequeant
1459 1306 1487 1333 in
1505 1306 1576 1333 alma
1590 1315 1656 1333 vero
1671 1308 1755 1340 Urbe,
1773 1315 1804 1334 ac
1822 1308 1882 1333 reli·

1066 1353 1121 1379 quo
1139 1344 1219 1371 Statu
1233 1345 1424 1371 Ecclesiastico
1442 1349 1650 1379 commorantes,
1669 1346 1880 1379 quingentorum

1065 1384 1228 1410 ducatorum
1246 1384 1306 1410 auri
1324 1384 1358 1410 de
1373 1384 1497 1417 Camera,
1515 1391 1546 1410 ac
1565 1385 1720 1411 amissionis
1738 1385 1880 1418 librorum,

1065 1426 1092 1450 et
1120 1426 1250 1457 typorum
1278 1423 1400 1449 omnium
1424 1422 1548 1449 Camerae
1576 1424 1716 1457 praedictae
1744 1423 1879 1457 applican-

1065 1461 1164 1488 dorum
1182 1470 1279 1495 poenas
1302 1462 1407 1495 absque
1429 1461 1482 1488 alia
1500 1462 1684 1489 declaratione
1702 1462 1880 1488 irremisibili-

1064 1505 1107 1527 ter
1130 1500 1272 1526 incurrant
1296 1509 1328 1527 eo
1353 1501 1421 1534 ipso.
1461 1501 1496 1527 Et
1519 1501 1697 1528 nihilominus
1720 1501 1879 1528 eorumdem

1064 1539 1270 1566 Breviariorum
1289 1547 1339 1573 per
1361 1547 1409 1566 eos
1430 1539 1465 1565 de
1488 1543 1579 1566 cetero
1602 1541 1706 1574 absque
1724 1540 1879 1573 hujusmodi

1064 1578 1172 1604 licentia
1200 1578 1460 1612 imprimendorum,
1491 1582 1538 1605 aut
1564 1579 1771 1606 vendendorum
1799 1587 1879 1605 usum

1065 1617 1167 1650 ubique
1186 1617 1309 1643 locorum
1329 1620 1356 1643 et
1374 1617 1504 1650 gentium,
1522 1618 1574 1644 sub
1592 1618 1694 1644 eisdem
1713 1618 1803 1652 poenis
1821 1625 1879 1651 pcr-

1065 1659 1148 1690 petuo
1166 1656 1355 1682 interdicimus
1378 1660 1404 1682 et
1423 1656 1609 1690 prohibemus.
1645 1657 1702 1691 Ipsi
1726 1661 1817 1683 autem
1837 1657 1878 1682 In-

1064 1695 1225 1729 quisitores,
1244 1703 1293 1722 seu
1313 1695 1452 1722 Ordinarii
1469 1695 1605 1729 locorum,
1623 1700 1770 1729 antequam
1789 1696 1878 1729 hujus-

1063 1734 1138 1760 modi
1157 1734 1294 1761 licentiam
1314 1734 1477 1767 concedant,
1500 1734 1642 1761 Breviaria
1664 1735 1700 1761 ab
1717 1735 1784 1768 ipsis
1802 1738 1878 1769 typo—

1063 1773 1174 1807 graphis
1193 1773 1388 1807 imprimenda,
1406 1777 1433 1800 et
1450 1777 1597 1807 postquam
1616 1773 1748 1807 impressa
1769 1774 1878 1806 fuerint,

1063 1820 1126 1839 cum
1144 1812 1196 1838 hoc
1214 1812 1358 1838 Breviario
1377 1812 1540 1839 auctoritate
1557 1813 1659 1840 Nostra
1677 1813 1827 1846 recognito,
1851 1816 1878 1838 et

1063 1859 1136 1878 nunc
1154 1850 1296 1884 impresso,
1316 1850 1522 1884 diligentissime
1539 1851 1694 1884 conferant,
1712 1859 1762 1878 nec
1780 1851 1807 1878 in
1825 1851 1878 1878 illis

1064 1890 1168 1924 aliquid
1187 1890 1260 1922 addi,
1279 1889 1323 1916 vel
1336 1890 1443 1916 detrahi
1457 1890 1625 1924 permittant,
1643 1894 1670 1917 et
1686 1891 1714 1917 in
1727 1891 1787 1924 ipsa
1800 1891 1878 1917 licen-

1067 1929 1103 1956 tia
1117 1928 1242 1962 originali
1257 1929 1292 1954 de
1305 1928 1450 1955 collatione
1462 1928 1543 1961 facta,
1562 1932 1588 1955 et
1602 1930 1678 1962 quod
1691 1930 1802 1956 omnino
1816 1937 1878 1956 con-

1066 1968 1192 2001 cordent,
1216 1975 1299 1994 manu
1323 1967 1435 2001 propria
1459 1971 1637 2001 attestentur,
1663 1969 1739 2001 cujus
1762 1968 1877 1995 licentiae

1065 2007 1143 2041 copia
1161 2006 1239 2033 initio
1257 2006 1301 2033 vel
1323 2006 1351 2033 in
1373 2006 1447 2033 calce
1464 2007 1596 2040 cujusque
1613 2007 1748 2033 Breviarii
1770 2014 1878 2041 semper

1065 2046 1251 2080 imprimatur:
1265 2046 1340 2079 quod
1354 2045 1377 2072 si
1391 2053 1470 2072 secus
1479 2046 1601 2079 fecerint,
1615 2046 1795 2079 Inquisitores
1806 2046 1878 2072 vide-

1063 2085 1126 2112 licet
1144 2085 1307 2119 privationis
1328 2092 1442 2111 suorum
1461 2084 1629 2117 officiorum,
1651 2092 1683 2111 ac
1699 2084 1878 2111 inhabilitatis

1063 2124 1099 2151 ad
1125 2124 1184 2157 illa,
1207 2127 1235 2150 et
1258 2123 1311 2150 alia
1334 2123 1362 2149 in
1384 2127 1525 2158 posterum
1548 2123 1711 2156 obtinenda,
1733 2123 1878 2150 Antistites

1063 2171 1130 2190 vero
1148 2167 1174 2189 et
1188 2163 1327 2190 Ordinarii
1341 2162 1464 2189 locorum
1477 2162 1665 2196 suspensionis
1684 2170 1700 2189 a
1720 2162 1828 2195 divinis,
1847 2169 1879 2188 ac

1063 2202 1201 2229 interdicti
1219 2202 1255 2229 ab
1272 2201 1396 2235 ingressu
1415 2201 1556 2234 Ecclesiae,
1577 2209 1673 2228 eorum
1691 2209 1757 2228 vero
1776 2200 1878 2228 vicarii

1063 2241 1226 2276 privationis
1244 2241 1370 2267 similiter
1387 2240 1542 2268 officiorum
1561 2244 1588 2267 et
1606 2241 1799 2267 beneficiorum
1818 2248 1878 2267 suo-

1063 2289 1134 2313 rum,
1152 2284 1179 2307 et
1196 2279 1375 2306 inhabilitatis
1394 2280 1430 2306 ad
1447 2279 1502 2313 illa,
1520 2283 1547 2306 et
1565 2279 1618 2306 alia
1636 2280 1663 2306 in
1677 2283 1818 2314 posterum
1831 2279 1878 2306 ob-

1063 2320 1183 2352 tinenda,
1201 2326 1234 2345 ac
1247 2322 1381 2352 praeterea
1395 2319 1684 2345 excommunicationis
1702 2319 1806 2352 absque
1824 2318 1877 2345 alia

1063 2358 1255 2391 declaratione,
1273 2361 1304 2384 ut
1317 2357 1473 2391 praefertur,
1492 2365 1588 2391 poenas
1603 2358 1743 2384 incurrant
1761 2364 1794 2384 eo
1809 2357 1876 2391 ipso.

1063 2398 1192 2425 Ceterum
1210 2404 1363 2431 pauperum
1377 2396 1555 2430 Clericorum,
1573 2400 1600 2423 et
1618 2396 1734 2423 aliarum
1748 2403 1877 2430 persona-

1062 2444 1124 2463 rum
1144 2435 1410 2468 Ecclesiasticarum,
1436 2442 1467 2462 ac
1485 2435 1718 2469 typographorum
1736 2438 1763 2461 et
1782 2433 1877 2460 biblio-

1063 2475 1188 2510 polarum
1203 2481 1441 2508 quorumcumque
1459 2473 1645 2500 indemnitatis
1664 2481 1698 2500 ex
1711 2472 1877 2506 benignitate

1062 2514 1223 2548 Apostolica
1237 2513 1371 2540 rationem
1385 2512 1525 2545 habentes,
1543 2512 1646 2538 eisdem
1655 2511 1798 2539 Breviaria
1815 2512 1876 2538 hac-

1063 2557 1142 2580 tenus
1164 2553 1297 2586 impressa
1312 2560 1396 2586 penes
1414 2559 1444 2578 se
1462 2551 1635 2584 habentibus,
1653 2554 1684 2577 ut
1701 2559 1733 2578 ea
1751 2550 1876 2582 retinere,

1063 2596 1090 2619 et
1107 2591 1161 2619 illis
1179 2592 1231 2625 uti,
1254 2598 1341 2625 eaque
1359 2591 1479 2618 vendere
1497 2590 1649 2625 respective
1665 2590 1783 2625 possint,
1805 2588 1877 2615 simi-

1062 2631 1126 2659 liter
1147 2630 1331 2665 permittimus
1353 2633 1380 2657 et
1402 2630 1582 2663 indulgemus.
1618 2629 1680 2657 Non
1704 2627 1876 2656 obstantibus

1062 2670 1187 2703 licentiis,
1205 2669 1333 2702 indultis,
1350 2672 1377 2695 et
1394 2668 1544 2703 privilegiis
1562 2668 1780 2701 quibuscumque
1798 2669 1875 2700 typo—

1062 2708 1173 2743 graphis
1191 2709 1322 2735 hactenus
1340 2715 1390 2742 per
1406 2708 1477 2740 Nos,
1500 2715 1549 2734 seu
1567 2706 1708 2733 Romanos
1726 2704 1874 2732 Pontifices

1061 2747 1279 2783 praedecessores
1292 2747 1409 2775 Nostros
1422 2746 1595 2774 Breviarium
1607 2744 1770 2780 praedictum
1783 2743 1827 2771 Pii
1840 2743 1874 2770 V.
