2080 2990
439 250 509 284 Die
536 250 583 283 ll.
610 250 715 283 Febr.

137 343 225 384 suis
251 342 380 393 longe
405 341 678 392 illustriores,
705 343 954 396 nuncupati,

135 402 183 440 ut
204 398 404 449 religioni
426 410 585 439 nomen
604 397 781 450 dedere,
808 399 954 440 Bonfi-

135 454 218 496 lius
253 454 517 504 Monaldius,
561 454 832 506 Bonajuncta
866 456 953 497 Ma-

136 511 258 561 netti,
289 511 507 552 Manettus
529 510 810 562 Antellensis,
837 512 953 552 Ami-

136 565 244 608 deus
271 566 326 609 de
352 566 564 617 Amideis‚
592 566 784 618 Uguccio
816 568 951 619 Ugue-

137 622 320 672 cioniuS‚
362 622 596 664 Sosteneus
632 622 687 664 de
723 624 954 674 Sosteneis,

137 678 311 720 demum
356 678 535 720 Alexius
581 678 635 721 de
680 679 955 721 Falconeriis.

137 734 244 775 Cum
261 734 306 775 hi
323 735 546 786 trigesimo
565 735 694 777 tertio
717 749 849 788 supra
864 736 954 777 mil-

135 790 334 832 lesimum
353 804 405 832 ac
422 790 490 833 bis
509 792 793 833 centesimum
816 798 955 842 anum,

135 847 481 900 auspicatissimo
505 851 741 901 assumptae
764 849 955 901 Virginis

136 903 265 954 festo,
291 904 334 944 in
358 904 560 946 sodalitio
588 905 794 957 quodam,
820 906 889 946 cui
906 908 954 947 ti-

134 960 251 1002 tulus
270 960 558 1003 Laudentium
577 967 683 1011 erat,
708 963 955 1013 augustissi-

134 1030 218 1058 mae
236 1017 320 1059 Dei
339 1018 585 1068 Genitricis‚
604 1023 736 1070 prout
754 1032 835 1072 par
853 1024 955 1069 erat,

134 1072 286 1115 laudes
306 1074 591 1125 exsolverent,
617 1074 670 1116 ab
680 1121 682 1123 ,
692 1075 846 1116 eadem
856 1075 954 1126 jdul-

136 1130 307 1172 cissime
325 1131 378 1172 iis
397 1133 652 1184 apparente,
671 1131 847 1184 inopine
865 1145 954 1174 mo-

134 1186 228 1227 neri
252 1200 299 1229 se
324 1188 514 1229 sentiunt
537 1187 594 1230 ad
616 1187 878 1230 sublimioris
896 1189 954 1230 vi-

135 1247 193 1284 tae
210 1256 364 1295 genus,
388 1244 643 1297 posthabito
663 1245 842 1294 mundo,
869 1259 953 1287 am-

134 1299 427 1352 plectendum;
455 1300 755 1354 absolutisque
780 1301 954 1353 idcirco,

136 1355 293 1407 quibus
321 1356 483 1399 dabant
510 1359 706 1411 operam,
741 1358 954 1409 laudibus,

135 1412 364 1454 confestim
390 1414 544 1466 perciti
574 1415 618 1455 in
645 1428 794 1465 unum,
827 1415 953 1456 colla-

134 1470 278 1521 tisque
313 1472 465 1511 mutuo
502 1470 711 1520 consiliis,
756 1472 954 1524 supernis

133 1525 218 1567 Dei
235 1527 432 1568 vocantis
450 1530 734 1580 vocantisque
750 1528 954 1580 Deiparae

135 1582 322 1623 oraculis
346 1585 500 1635 parere
524 1597 627 1626 mox
654 1584 954 1626 decreverunt:

136 1637 255 1689 quod
281 1642 325 1680 et
349 1638 501 1681 sedulo
526 1640 687 1682 factum
715 1645 782 1682 est
807 1641 862 1682 ab
885 1642 954 1682 iis-

135 1693 251 1735 dem:
274 1707 374 1736 nam
397 1696 597 1739 consulto
621 1697 767 1738 statim
786 1701 954 1739 mature

133 1750 254 1792 urbis
282 1754 512 1805 episcopo,
543 1758 646 1806 post
670 1753 857 1795 fortunae
882 1754 953 1795 ab·

134 1805 290 1848 dicatis
321 1807 466 1858 bonis,
503 1812 780 1862 erogatisque
811 1810 953 1863 ample

133 1862 178 1903 in
196 1865 372 1914 egenos,
401 1864 550 1907 ciliciis
575 1867 693 1908 carni
719 1866 954 1917 obstrictis,

101 1942 106 1946 -
133 1918 358 1962 vilioribus
392 1920 650 1975 detritisque
677 1923 869 1965 vestibus
898 1923 952 1964 ci-

133 1975 253 2018 nerei
288 1976 449 2018 coloris
483 1978 642 2030 induti,
686 1979 730 2020 in
766 1979 954 2021 ruralem

133 2044 316 2084 parvam
340 2032 568 2076 aediculam
591 2038 865 2077 secesserunt
882 2048 953 2076 na-

134 2088 274 2130 talitio
310 2088 381 2132 die
416 2092 722 2133 amantissimae
759 2093 956 2145 ipsorum

133 2144 347 2196 Parentis,
375 2151 423 2188 ut
445 2148 546 2189 vitae
571 2149 800 2190 sanctioris
823 2149 951 2202 prim-

135 2201 260 2242 ordia
278 2202 442 2255 optime
461 2203 628 2255 inirent,
649 2218 734 2257 qua
753 2205 823 2247 die
842 2218 954 2246 mor-

135 2256 295 2299 talibus
329 2263 425 2301 orta
456 2262 792 2303 sacratissimam
820 2261 955 2303 vitam

134 2312 232 2365 ipsa
248 2313 541 2359 inchoaverat.

190 2368 239 2419 Rz-
273 2370 434 2413 Omnes
461 2373 533 2414 isti
559 2374 812 2426 congregati
840 2378 954 2423 sunt,

135 2427 344 2468 venerunt
367 2427 555 2471 Domina
578 2430 672 2471 tibi:
694 2425 716 2447 *
738 2431 795 2471 Et
820 2430 952 2471 omni-

135 2480 218 2522 bus
240 2481 307 2524 his
330 2483 449 2526 velut
473 2488 727 2528 ornamento
747 2486 955 2527 vestieris.

138 2528 187 2580 V·
212 2538 268 2579 Et
295 2539 586 2584 circumdabis
617 2542 696 2584 tibi
723 2555 799 2584 eos
832 2542 956 2594 quasi

135 2593 315 2646 Sponsa.
341 2595 409 2638 Et.

442 2647 592 2690 Lectio
612 2663 648 2688 v.

204 2706 244 2747 ic
283 2711 452 2760 septem
489 2708 606 2751 beati
644 2710 724 2751 viri
760 2709 954 2750 caritatis

221 2762 388 2805 foedere
416 2764 607 2807 devincti
631 2765 784 2808 eadem
809 2766 852 2805 in
879 2765 953 2806 do-

762 250 829 284 Bb.
854 250 925 283 VH
950 250 1068 284 Fund.
1095 251 1180 284 Ord.
1207 251 1309 285 Serv.
1336 252 1374 284 Γ».
1402 252 1445 285 M.
1465 252 1505 284 V.

1729 249 1824 293 [287]

1006 356 1079 384 mo
1099 350 1237 386 semet
1259 347 1470 396 unierant;
1498 359 1595 387 cum
1620 360 1721 389 ecce
1744 361 1823 401 per

1006 399 1161 441 urbem
1190 401 1324 451 visos,
1363 403 1728 445 statim.Domino
1761 405 1823 445 sic

1008 456 1266 508 disponente
1292 460 1580 511 moventeque
1607 459 1822 502 infantiles

1007 525 1138 554 voces
1169 513 1376 566 Deipara‚
1408 528 1461 556 ex
1492 515 1716 557 infantium
1748 530 1823 559 ore

1007 582 1058 610 ac
1077 569 1338 620 lactentium,
1356 571 1466 612 inter
1480 584 1596 623 ⁴quos
1609 577 1700 613 tum
1714 586 1824 625 puer

1008 630 1100 667 erat
1146 631 1320 667 sanctus
1360 627 1585 681 Philippus
1626 628 1823 671 Benitius

1009 682 1079 722 vix
1099 683 1295 734 quintum
1313 696 1506 725 mensem
1524 684 1759 736 ingressus,
1777 700 1824 728 se

1007 738 1157 780 Mariae
1196 739 1374 780 clamari
1412 753 1563 782 servos
1601 742 1822 794 insperato

1009 800 1075 836 est
1094 795 1300 837 auditum.
1335 797 1505 846 Quanta
1527 802 1629 838 tunc
1649 803 1691 839 et
1710 801 1823 840 exin·

1009 850 1063 892 de
1103 853 1262 893 amoris
1302 853 1475 894 flamma
1514 854 1558 894 in
1592 854 1825 896 Dominam

1008 920 1140 957 suam,
1157 909 1276 960 cujus
1292 909 1462 960 (ignaris
1479 909 1599 962 ipsis)
1616 909 1826 952 declarati

1008 964 1122 1005 servi
1141 970 1275 1014 erant,
1304 966 1503 1007 excitatis
1527 965 1683 1007 studiis
1707 970 1824 1008 exar-

1008 1020 1159 1070 serint,
1177 1033 1265 1062 non
1283 1021 1408 1063 facile
1429 1027 1495 1063 est
1514 1023 1744 1075 explicatu.
1772 1024 1824 1064 Il-

1006 1076 1082 1118 lud
1114 1077 1254 1118 solum
1286 1078 1435 1129 scitur,
1466 1078 1584 1130 quod
1617 1079 1679 1120 sic
1712 1080 1750 1120 ei
1778 1093 1825 1121 se

1008 1132 1277 1184 dediderunt,
1295 1139 1343 1176 ut
1356 1135 1489 1176 veluti
1502 1135 1686 1176 Matrem
1703 1149 1825 1177 suam

1006 1190 1220 1240 venerari,
1252 1191 1529 1244 maximoque
1559 1191 1724 1233 honore
1752 1192 1823 1233 ha-

1006 1245 1121 1295 bere,
1140 1259 1306 1288 morem
1328 1248 1367 1288 ei
1385 1249 1535 1298 gerere
1554 1248 1598 1288 in
1615 1248 1824 1299 omnibus,

1008 1306 1051 1343 et
1075 1302 1378 1355 obtemperare
1401 1309 1583 1357 propter
1606 1317 1700 1346 eam
1725 1317 1822 1346 cun-

1007 1359 1088 1399 ctis
1116 1362 1392 1412 summopere
1420 1360 1674 1402 studuerint.
1711 1362 1823 1402 Hinc

1008 1415 1138 1456 etiam
1179 1415 1290 1457 adeo
1334 1417 1508 1468 jucundi
1550 1419 1749 1469 gratique
1785 1418 1823 1459 ei

1007 1471 1136 1521 fuere,
1155 1477 1203 1513 ut
1222 1485 1320 1513 cum
1339 1473 1517 1514 vitaturi
1535 1472 1687 1525 populi
1704 1473 1821 1525 plau-

1007 1540 1102 1568 sum
1127 1528 1170 1568 in
1188 1528 1413 1581 Senarium
1438 1534 1631 1571 montem
1655 1528 1708 1571 ab
1729 1530 1824 1582 ipsa

1006 1584 1058 1624 iis
1083 1587 1403 1637 praeostensum
1427 1585 1660 1627 habitaturi
1688 1587 1822 1627 teten—
1870 1626 1871 1629 ,

1007 1640 1162 1690 derint,
1201 1641 1349 1694 ibique
1380 1642 1634 1683 crucifixum
1664 1642 1689 1682 J
1692 1654 1822 1691 esum,

1006 1698 1416 1751 moestissimamque
1428 1698 1611 1739 Matrem
1627 1697 1823 1739 dolentes

1007 1754 1180 1795 assidue
1217 1755 1476 1804 recolerent3
1513 1755 1714 1807 apparuit
1749 1754 1821 1795 illa

1007 1810 1087 1860 eis,
1126 1810 1364 1863 habituque
1397 1810 1571 1861 lugubri
1603 1810 1821 1861 assignato

1006 1866 1050 1906 in
1069 1867 1322 1907 memoriam
1341 1866 1542 1908 dolorum
1561 1868 1752 1916 suorum,
1774 1871 1822 1907 ut
1893 1903 1897 1907 .

1007 1924 1356 1975 compaterentur
1399 1923 1510 1974 istis,
1556 1935 1632 1963 eos
1677 1935 1823 1964 consc—

1006 1980 1152 2020 cravit.

1059 2033 1107 2082 R..
1135 2034 1319 2077 Vocabo
1347 2047 1498 2076 servos
1525 2047 1662 2085 meOS,
1694 2040 1737 2076 et
1764 2038 1823 2076 in-

1007 2091 1137 2132 duam
1160 2091 1258 2132 illos
1282 2091 1426 2132 tunica
1444 2105 1557 2141 mea,
1587 2097 1630 2133 et
1652 2092 1823 2142 cingulo

1006 2160 1104 2189 meo
1125 2147 1384 2189 confortabo
1405 2160 1496 2188 eos:
1514 2149 1535 2171 *
1553 2148 1609 2188 Et
1632 2150 1822 2200 potesta-

1006 2209 1095 2245 tem
1108 2216 1251 2245 meam
1267 2203 1381 2245 dabo
1396 2204 1439 2244 in
1454 2203 1652 2245 manibus
1665 2206 1824 2246 eorum.

1008 2251 1057 2302 V·
1078 2260 1135 2302 Et
1159 2265 1284 2302 erunt
1310 2260 1433 2312 quasi
1457 2266 1606 2313 patres
1629 2261 1821 2303 habitan-

1006 2316 1122 2358 tibus
1141 2315 1392 2358 Jerusalem.
1423 2317 1489 2359 Et.

1306 2370 1455 2411 Lectio
1476 2371 1526 2409 vi.

1054 2433 1099 2470 ta
1118 2428 1332 2470 cinericiis
1350 2428 1555 2478 vestibus,
1575 2428 1823 2481 indulgente

1077 2485 1206 2527 etiam
1227 2487 1446 2537 episcopo,
1464 2485 1507 2525 in
1526 2485 1669 2536 nigras
1687 2487 1822 2527 muta-

1007 2542 1078 2591 tis,
1102 2547 1206 2594 post
1228 2541 1458 2583 nonnullos
1478 2553 1616 2583 annos
1635 2542 1823 2583 fortuna-

1006 2598 1062 2639 tis
1097 2597 1272 2649 quidem
1304 2597 1508 2649 auspiciis
1540 2597 1823 2639 clarissimum

1006 2653 1114 2695 illud
1136 2653 1478 2694 Praedicatorum
1505 2654 1667 2695 ordinis
1691 2653 1822 2694 decus

1007 2714 1183 2751 sanctus
1202 2710 1356 2750 Petrus
1373 2708 1539 2760 Martyr
1559 2709 1823 2751 Florentiam

1008 2767 1206 2817 accessit,
1226 2770 1284 2814 et,
1306 2764 1454 2806 audita
1471 2765 1754 2819 inspectaque
1772 2768 1823 2805 si-
