2080 2990
272 228 314 263 4*
657 227 727 262 Die
751 228 804 260 29.
830 226 925 259 Nov.
973 227 1007 260 S.
1033 224 1179 259 (sic-Iasii
1205 224 1228 257 Ι.
1254 223 1370 265 I'upae
1395 227 1431 256 et
1455 221 1562 256 Conf.

273 330 365 366 tum
400 321 641 376 apostolico
677 319 853 362 decreto
888 317 1086 366 firmavit,

275 386 317 422 et
335 380 430 422 diro
449 377 720 420 anathemate
739 375 851 417 feriit
865 375 1087 417 Iconema-

274 436 389 478 chos.
430 435 537 485 Quae
564 447 662 476 cum
688 431 744 474 ad
770 432 929 474 Lednis
962 443 1087 472 aures

273 494 593 545 pervenissent,
622 489 749 531 altius
775 490 917 540 rugire
944 487 1087 539 coepit,

273 549 474 600 misitque
498 546 706 588 adversus
730 544 988 596 Gregorium
1011 543 1086 584 flo-

274 604 559 646 rentissimam
595 602 779 644 classem
810 614 907 643 cum
938 604 1086 652 poten-

274 661 439 703 tissimo
460 659 666 709 exercitu3
690 657 769 700 sed.
786 657 895 705 haec,
914 655 1087 698 volente

274 730 324 758 ac
342 716 512 759 vindice
530 716 642 766 Deo,
666 715 709 755 in
727 713 950 755 Adriatico
971 725 1087 753 saeva

275 774 535 826 tempestate
563 772 741 824 agitata,
773 769 892 811 foedo
920 768 1086 810 naufra-

275 830 346 881 gio
365 829 503 882 periit.

324 887 373 938 Rg.
407 885 540 926 Posui
567 882 829 935 adjutorium
856 895 986 935 super
1013 894 1087 935 po-

275 943 457 990 tentem,
502 945 545 982 et
584 939 771 982 exaltavi
809 938 994 980 electum
1033 938 1087 980 de

275 997 402 1050 plebe
437 1009 551 1038 mea:
582 999 604 1022 *
645 996 799 1037 Manus
838 995 953 1036 enim
991 1007 1088 1037 mea

275 1053 551 1095 auxiliabitur
583 1053 633 1094 ei.
678 1046 729 1099 V.
761 1052 913 1093 Inveni
944 1050 1088 1093 David

275 1123 447 1152 servum
477 1123 637 1159 meum,
674 1108 772 1150 eleo
798 1113 957 1155 sancto
988 1120 1087 1150 meo

275 1167 377 1207 unxi
406 1179 513 1208 eum.
553 1165 717 1207 Manus.

568 1222 716 1263 Lectio
737 1221 788 1261 vi.

380 1278 470 1320 ulta
481 1290 653 1330 quoque
664 1291 689 1319 a
698 1277 967 1331 Luitprando
977 1277 1088 1319 Lon-

393 1334 686 1385 gobarddrum
707 1347 808 1385 rege
827 1334 974 1387 inique
993 1348 1088 1387 pas-

275 1405 347 1432 sus
371 1396 452 1441 est,
481 1391 555 1443 qui
578 1396 621 1433 et
638 1390 802 1433 Urbem
825 1391 954 1442 longa
977 1391 1088 1432 obsi-

275 1449 402 1490 di6ne
422 1448 568 1498 cinxit,
593 1453 635 1490 et
654 1448 791 1490 sancti
808 1448 927 1489 Petri
945 1448 1087 1490 basili-

275 1518 370 1546 cam
401 1505 610 1556 sacrilega
641 1517 770 1546 manu
803 1504 989 1557 diripuit.
1039 1506 1090 1546 In

275 1561 340 1602 his
375 1561 582 1612 angustiis
617 1561 913 1603 sanctissimus
943 1562 1088 1604 Ponti-

275 1617 346 1659 fex
373 1617 429 1659 ad
457 1617 658 1659 Carolum
684 1617 946 1668 Martellum,
974 1624 1089 1660 ante-

275 1674 460 1715 cesseris
479 1674 696 1726 exemplo,
723 1674 891 1724 legatos
910 1687 1008 1716 cum
1026 1687 1089 1715 sa-

276 1730 357 1771 cris
376 1729 623 1772 muneribus
638 1728 880 1771 destinavit.
907 1730 1091 1773 Munivit

275 1785 402 1828 Urbis
442 1786 616 1827 mo'enia:
659 1786 801 1837 largas
843 1786 887 1827 in
930 1788 1089 1838 egenos

275 1842 570 1894 eleemesynas
590 1842 798 1893 erogavit,
825 1855 960 1884 novas
978 1842 1088 1885 basi-

274 1898 377 1940 licas
402 1911 427 1940 a
450 1899 739 1941 fundamentis
764 1900 992 1950 exstruxit,
1019 1913 1089 1941 an-

275 1957 416 2007 tiquas
435 1956 619 2006 ornavit,
643 1968 694 1997 ac
712 1957 985 2006 restauravit,
1003 1957 1088 1998 Va·

274 2012 462 2053 ticanam
500 2012 759 2065 praesertim,
804 2012 915 2054 intra
961 2026 1090 2066 quam

276 2069 513 2110 oraturium
531 2081 652 2119 auro,
681 2071 875 2121 argento,
897 2070 1089 2120 gemmis,

276 2127 478 2177 omnique
495 2125 676 2178 pretiesi
696 2126 839 2178 Operis
856 2128 1013 2177 genere
1029 2126 1089 2169 di-

274 2183 413 2222 tatum
448 2182 597 2231 erexit,
639 2182 683 2223 in
719 2195 806 2235 quo
843 2185 1090 2225 sanctorum

276 2237 589 2290 Apostolorum
633 2243 676 2280 et
711 2239 950 2291 Martyrum
995 2239 1088 2281 reli-

277 2294 399 2346 quias
444 2307 610 2335 summa
650 2308 752 2336 cura
788 2300 831 2337 et
868 2295 1089 2347 diligentia

274 2354 385 2392 toto.
401 2350 619 2392 christiani
652 2351 770 2393 orbis
798 2351 963 2394 ambitu
990 2365 1087 2395 con-

277 2407 455 2458 quisitas
479 2407 691 2459 repesuit,
719 2411 762 2449 et
787 2407 991 2450 colendas
1020 2421 1088 2451 ex—

276 2463 436 2514 pesuit‚
469 2476 521 2505 eo
546 2464 731 2505 maxime
756 2466 968 2516 tempore,
1001 2478 1088 2517 quo

275 2518 369 2559 illas
410 2519 651 2570 agiemachi
691 2518 907 2562 diabulico
945 2521 1088 2564 furere

275 2575 597 2627 proculcabant.
648 2576 785 2619 Multa
827 2578 1089 2619 monasteria

276 2632 477 2682 restituit,
505 2638 547 2674 et
572 2633 732 2675 sanctis
751 2633 916 2684 legibus
934 2634 1088 2675 instru-

275 2688 348 2738 xit,
367 2690 611 2741 statuitque,
630 2695 677 2731 ut
694 2689 937 2742 presbyteri
951 2695 994 2732 et
1007 2693 1088 2732 me-

276 2744 400 2786 nachi
428 2745 602 2788 alternis
631 2751 763 2788 noctu
796 2746 956 2799 diuque
985 2746 1087 2788 divi-

1137 327 1214 357 nas
1249 313 1401 356 laudes
1437 312 1715 356 celebrarent.
1771 312 1954 353 Fractus

1139 371 1313 413 demum
1329 370 1567 419 labaribus‚
1591 368 1755 411 meritis
1773 368 1875 410 licet
1893 372 1953 409 at·

1139 440 1223 480 que
1250 426 1480 469 virtutibus
1508 425 1709 478 inclytus,
1747 436 1860 467 anno
1888 424 1954 466 sui

1138 483 1418 538 pontificatus
1475 481 1703 524 undecimo
1760 479 1954 523 nondum

1137 542 1332 594 peracto,
1356 544 1511 591 quarto
1530 537 1751 580 Kalendas
1773 537 1952 579 Decem-

1137 597 1227 639 bris
1246 597 1317 649 pie
1334 596 1442 638 abiit
1455 595 1499 636 in
1512 595 1712 645 Domino,
1732 598 1775 636 et
1787 594 1830 635 in
1844 605 1952 646 prae-

1139 653 1256 695 dicto
1290 652 1482 694 oratorio
1512 651 1726 694 Vaticano
1759 649 1954 703 sepultus

1139 715 1216 752 est.

1190 768 1240 819 Rg.
1266 766 1355 806 Iste
1375 770 1441 806 est
1458 764 1542 817 qui.

1189 828 1232 862 In
1253 826 1315 862 ΠΙ.
1334 827 1531 861 Nocturno
1557 825 1726 861 Homilia
1752 826 1789 860 in
1811 825 1956 869 Evang.

1138 877 1265 911 Homo
1300 876 1469 919 peregre.
1504 875 1550 909 de
1587 874 1722 909 eodem
1756 874 1956 910 Communi

1142 926 1167 960 1.
1192 926 1288 959 loco.

1191 973 1232 1006 111
1259 972 1374 1006 Laud.
1402 982 1596 1006 commem.
1622 970 1745 1005 Feriae
1768 971 1805 1005 in
1829 970 1928 1005 Adv.

1190 1021 1305 1064 Vesp.
1331 1031 1351 1054 a
1374 1019 1465 1063 Cap.
1490 1019 1536 1054 de
1563 1030 1666 1063 sequ.
1693 1029 1824 1054 comm.
1844 1029 1957 1063 praee.

1193 1069 1334 1103 Oratio.
1367 1067 1517 1102 Exaudi
1544 1068 1775 1111 quaesumus.
1803 1068 1832 1101 2.
1862 1068 1957 1101 loco.

1322 1155 1405 1196 Die
1423 1155 1489 1196 29.
1507 1153 1778 1196 Novembris.

1214 1223 1256 1264 S.
1280 1222 1462 1264 Gelasii
1483 1223 1519 1264 1.
1542 1223 1675 1273 Papae
1700 1225 1743 1261 et
1767 1219 1884 1261 Conf.

1468 1284 1629 1327 Duplex.

1192 1343 1327 1377 Omnia
1352 1342 1398 1376 de
1424 1341 1566 1375 Comm.
1592 1339 1837 1374 Confessoris
1861 1338 1958 1374 Pon-

1139 1392 1266 1427 tificis.
1291 1395 1430 1434 practer
1455 1400 1559 1433 sequ.
1581 1389 1640 1431 (m.
1665 1393 1688 1423 t.
1713 1389 1761 1430 v.)

1192 1439 1332 1474 Oratio.
1364 1439 1422 1472 Da
1445 1438 1675 1482 quaesumus.

1191 1488 1235 1521 Et
1265 1488 1304 1521 fit
1334 1485 1528 1521 commem.
1563 1485 1597 1519 S.
1627 1484 1821 1518 Saturnini
1849 1484 1956 1519 Mart.

1139 1542 1178 1570 ut
1204 1536 1241 1569 in
1264 1535 1374 1570 Brcv.

1192 1589 1231 1622 In
1261 1588 1286 1622 Ι.
1317 1588 1514 1622 Nocturno
1549 1586 1751 1620 Lectiones
1785 1585 1831 1620 dc
1860 1585 1957 1620 Scri-

1140 1643 1250 1680 ptura
1275 1642 1505 1670 occurrente.

1366 1707 1414 1745 In
1442 1706 1491 1744 II.
1519 1705 1740 1744 Nocturno.

1437 1773 1589 1814 Lectio
1610 1773 1663 1813 iv.

1146 1844 1446 1918 [ᾪ61έ151115,
1470 1847 1598 1895 gente
1617 1843 1863 1893 Africanus,
1886 1856 1958 1896 pa-

1174 1892 1265 1961 (575,
1287 1906 1354 1943 tre
1371 1900 1566 1950 Valerio,
1594 1900 1638 1941 in
1661 1899 1818 1942 Felicis
1844 1899 1960 1941 tertii

1288 1957 1433 1999 locum
1470 1957 1748 2008 subrogatus,
1788 1956 1959 2009 pontifi-

1142 2017 1287 2057 catum
1305 2014 1439 2066 gessit
1458 2026 1593 2055 annos
1618 2015 1821 2066 quatuor,
1844 2025 1959 2055 men-

1142 2084 1211 2113 ses
1230 2076 1347 2121 octo,
1373 2070 1670 2122 duodeviginti
1694 2069 1797 2112 dies.
1834 2069 1959 2111 Crea-

1141 2128 1202 2170 vit
1220 2128 1263 2168 in
1283 2126 1444 2180 duplici
1464 2126 1736 2168 ordinatiane
1752 2126 1960 2168 diaconos

1142 2182 1263 2234 duOS,
1281 2183 1563 2237 presbyteros
1582 2183 1756 2234 triginta
1775 2186 1820 2224 et
1838 2182 1960 2232 duos,

1142 2242 1363 2292 sexaginta
1386 2245 1555 2292 septem
1577 2252 1656 2293 per
1675 2238 1847 2281 diversa
1862 2238 1960 2281 loca

1142 2299 1385 2350 episcopos.
1411 2296 1492 2338 Vir
1510 2309 1613 2338 sane
1633 2295 1840 2346 singulari
1858 2294 1961 2337 fidei

1140 2352 1437 2406 propagandae
1456 2366 1508 2395 ac
1531 2351 1758 2395 servandae
1777 2351 1872 2395 zelo
1894 2364 1958 2393 ar-

1141 2409 1430 2460 dentissimus,
1450 2409 1567 2451 omni
1580 2409 1834 2459 litteratura,
1849 2420 1958 2461 prae-

1141 2466 1290 2508 sertim
1317 2479 1457 2516 sacra,
1500 2465 1871 2514 instructissimus,
1915 2469 1959 2506 et

1140 2522 1344 2576 intrepidi
1367 2523 1560 2575 pectoris
1584 2521 1760 2571 rubore,
1787 2526 1880 2563 tum
1902 2520 1959 2563 ad

1140 2578 1400 2621 vindicanda
1417 2578 1626 2621 Ecclesiae
1651 2583 1695 2620 et
1713 2577 1838 2620 Sedis
1856 2590 1958 2631 apo-

1140 2635 1307 2677 stelicae
1327 2636 1431 2687 jura,
1456 2641 1549 2677 tum
1568 2635 1624 2677 ad
1643 2633 1958 2676 retundendam

1140 2691 1444 2734 haereticerum
1493 2697 1537 2733 et
1584 2690 1958 2734 schismaticarum

1140 2748 1404 2801 proterviam
1423 2751 1626 2790 armatus.
