2040 2990
711 179 815 212 Fcriu
844 179 975 221 quintu
1003 180 1050 212 ad
1079 179 1312 213 Matutimnn.
1815 177 1858 213 71

153 274 178 300 *
214 277 258 315 et
294 285 392 325 quae
428 272 590 314 multo's
628 272 818 314 habebat
853 272 978 321 filios,

153 329 369 371 infirmata
397 334 476 371 est.

204 386 418 427 Dominus
465 386 701 427 mortificat
747 391 791 427 et
843 386 978 427 vivifi-

153 447 238 493 cat,
274 444 298 469 *
330 441 508 484 deducit
545 442 601 484 ad
635 443 798 484 inferos
836 447 879 484 et
915 455 979 484 re-

153 498 283 541 ducit.

203 556 417 597 Dominus
445 558 686 609 pauperem
718 556 820 598 facit
848 561 892 597 et
919 555 978 597 di-

152 617 227 662 tat,
255 614 278 640 *
305 612 502 654 humiliat
530 618 574 654 et
603 612 813 654 sublevat.

203 669 393 711 Suscitat
426 669 480 711 de
509 669 689 722 pulvere
723 671 922 720 egenum,
955 670 979 695 *

153 731 196 768 et
224 725 279 767 de
307 728 500 768 stercore
530 726 671 768 elevat
697 729 952 779 pauperem:

203 783 262 824 Ut
290 782 441 825 sedeat
469 796 567 824 cum
589 782 868 835 principibus,
891 784 914 809 *
935 787 979 823 et

153 839 309 881 solium
336 839 487 890 gloriae
514 841 671 881 teneat.

202 896 379 937 Domini
408 897 522 938 enim
551 901 650 938 sunt
673 895 872 937 cardines
896 901 978 937 ter-

153 965 224 1001 rae,
252 954 276 980 *
305 957 348 995 et
375 954 523 1006 pesuit
551 966 683 1006 super
711 966 787 994 eos
817 952 979 994 orbem.

202 1008 345 1051 Pedes
364 1012 615 1051 sanctorum
637 1012 814 1051 suorum
836 1011 978 1050 serva-

150 1065 231 1116 bit,
265 1071 308 1107 et
339 1067 461 1119 impii
491 1066 535 1107 in
567 1066 758 1108 tenebris
793 1066 978 1108 contice-

152 1127 288 1165 scent:
324 1125 348 1150 *
386 1123 487 1176 quia
522 1136 609 1165 non
645 1123 689 1164 in
725 1122 978 1165 fortitudine

152 1192 231 1221 sua
258 1179 536 1222 roborabitur
563 1180 639 1221 vir.

202 1236 439 1278 Dominum
460 1236 754 1278 formidabunt
777 1235 977 1278 adversa-

152 1291 203 1333 rii
229 1293 335 1345 ejus:
362 1294 386 1320 *
414 1298 458 1335 et
483 1306 616 1346 super
641 1293 762 1346 ipsos
788 1293 831 1334 in
855 1293 978 1334 coelis

151 1349 336 1391 tonabit:

203 1406 418 1452 Dominus
454 1405 662 1458 judicabit
696 1406 805 1448 fines
838 1411 978 1455 terrae,

153 1467 197 1504 et
224 1461 346 1504 dabit
372 1462 601 1515 imperium
628 1463 721 1514 regi
753 1475 848 1513 suo,
879 1464 903 1489 *
936 1467 979 1503 et

153 1517 406 1560 sublimabit
433 1531 568 1561 comu
597 1519 757 1561 Christi
785 1519 862 1560 sui.

203 1579 301 1621 Ant.
351 1580 564 1622 Dominus
612 1580 820 1633 judicabit
869 1580 978 1621 fines

151 1640 292 1678 terrae.

202 1699 300 1739 Ant.
346 1696 459 1738 Coeli
495 1697 707 1739 coelerum
743 1698 767 1724 *
802 1697 978 1739 laudate

152 1753 305 1795 Deum.

203 1809 270 1849 Ps.
299 1809 496 1852 Laudate
524 1811 640 1851 Dfim
668 1809 722 1852 de
750 1810 885 1851 coelis.
906 1810 963 1851 17.

252 1873 509 1925 Capitulum.
619 1874 742 1913 Rom.
759 1874 815 1914 13.
832 1874 870 1914 d.

150 1933 304 2042 Nox
331 1940 571 1994 praecessit,
605 1939 698 1982 dies
731 1944 876 1981 autem
905 1952 976 1993 ap-

262 1997 583 2050 propinquavit.
593 1997 860 2049 Abjiciamus
872 2009 976 2047 ergo

152 2054 287 2106 opera
302 2053 591 2103 tenebrarum,
611 2058 654 2095 et
668 2053 896 2095 induamur
913 2065 976 2093 ar-

150 2122 221 2150 ma
261 2109 381 2151 lucis.
442 2110 562 2152 Sicut
602 2111 645 2151 in
686 2109 756 2152 die
793 2109 976 2151 honeste

151 2165 431 2208 ambulemus.

463 2229 669 2279 Hymnus.

297 2310 364 2347 ox,
393 2302 437 2339 et
463 2297 668 2346 tenebrae,
698 2301 741 2338 et
768 2295 925 2344 nubila,

322 2353 513 2395 Confusa
540 2353 688 2395 mundi
717 2358 760 2394 et
787 2352 975 2394 turbida:

253 2408 350 2451 Lux
376 2410 518 2459 intrat,
547 2409 729 2451 albescit
756 2409 898 2462 polus:

257 2466 453 2508 Christus
482 2467 615 2508 venit:
644 2465 864 2507 discedite.

205 2530 354 2583 Caligo
381 2536 511 2573 terrae
540 2530 749 2572 scinditur

258 2587 472 2629 Percussa
500 2587 605 2629 solis
634 2587 813 2640 spiculo,

254 2643 494 2696 Rebusque
521 2645 606 2696 jam
634 2644 755 2686 color
783 2642 903 2691 redit,

255 2698 393 2741 Vultu
418 2701 593 2742 nitentis
622 2700 787 2742 sideris.

1087 275 1149 313 Te
1179 271 1349 314 Christe
1377 273 1518 314 solum
1546 274 1760 315 nevimus:

1135 329 1199 370 Te
1226 334 1371 371 mente
1399 343 1508 382 pura
1535 336 1577 372 et
1606 330 1801 383 simplici,

1134 384 1301 427 Flendo
1321 391 1363 427 et
1381 386 1576 428 canendo
1598 389 1856 439 quaesumus,

1135 442 1319 484 Intende
1347 443 1507 484 nostris
1536 443 1745 485 sensibus.

1085 502 1191 544 Sunt
1217 503 1352 544 multa
1381 504 1488 545 fucis
1516 504 1633 554 illita,

1137 560 1245 609 Quae
1273 560 1370 602 luce
1398 563 1637 613 purgentur
1663 566 1752 602 tua:

1135 616 1204 657 Tu
1231 630 1334 658 vera
1363 617 1437 658 lux
1466 617 1707 659 coelestium

1134 672 1272 714 Vultu
1299 675 1454 715 sereno
1482 674 1685 715 illumina.

1086 734 1180 774 Deo
1209 734 1327 775 Patri
1355 735 1410 776 sit
1436 734 1585 785 gloria,

1135 790 1326 843 Eiusque
1355 791 1436 833 soli
1464 792 1586 840 Filio,

1137 847 1245 887 Cum
1272 847 1435 900 Spiritu
1462 848 1691 897 Paraclito,

1134 903 1261 945 Nunc
1290 910 1333 946 et
1359 918 1438 957 per
1466 918 1594 946 omne
1623 904 1840 946 saeculum.

1343 962 1496 1003 Amen.

1086 1011 1134 1062 V.
1161 1018 1336 1070 Repleti
1365 1031 1513 1059 sumus
1541 1031 1667 1059 mane
1693 1018 1855 1059 miseri-

1032 1073 1182 1115 cordia
1197 1079 1281 1115 tua.
1311 1076 1357 1126 R.
1377 1074 1711 1129 Exsultavimus,
1728 1079 1770 1116 et
1785 1073 1855 1115 de·

1031 1129 1178 1171 lectati
1206 1144 1365 1172 sumus.

1085 1187 1154 1228 Ad
1192 1188 1351 1229 Bened.
1391 1191 1487 1230 Ant.
1534 1189 1601 1229 De
1641 1201 1771 1228 manu
1812 1189 1855 1228 ό-

1030 1243 1194 1285 mnium
1222 1246 1246 1271 *
1275 1245 1348 1297 qui
1377 1244 1562 1286 oderunt
1589 1258 1689 1293 nos,
1721 1243 1858 1285 libera

1031 1312 1112 1341 nos
1139 1301 1336 1343 Demine.

1085 1355 1223 1390 Preces
1258 1357 1412 1400 quando
1446 1357 1636 1394 dicuntur,
1670 1357 1856 1391 habentur

1032 1414 1149 1447 supra
1174 1405 1212 1438 in
1237 1405 1349 1439 Feria
1374 1406 1419 1438 Il.
1449 1406 1502 1441 52.

1292 1471 1500 1497 —spspo
1552 1483 1556 1484 .

1046 1530 1195 1571 Feria
1223 1529 1402 1580 quinta
1429 1531 1494 1571 ad.
1520 1529 1837 1571 matutinum.

1082 1596 1206 1637 invit.
1234 1596 1470 1638 Dominum
1500 1597 1572 1649 qui
1597 1596 1698 1638 fecit
1721 1608 1812 1644 nos,
1834 1600 1854 1622 *

1031 1653 1189 1695 Venite
1218 1653 1460 1695 adoremus.

1083 1711 1149 1751 ΡΞ.
1179 1711 1347 1760 Venite,
1376 1709 1652 1751 exsultemus.
1679 1710 1714 1749 2.

1342 1771 1548 1821 Hymnus.

1179 1840 1236 1869 ox
1264 1832 1357 1869 atra
1384 1840 1527 1869 rerum
1556 1826 1747 1876 contegit

1210 1884 1360 1925 Terrae
1389 1883 1559 1925 coleres
1588 1882 1792 1924 omnium:

1131 1941 1226 1983 Nos
1254 1941 1512 1982 confitentes
1540 1939 1761 1993 poscimus

1132 1998 1207 2047 Te,
1235 1998 1344 2049 juste
1372 1996 1501 2048 judex
1530 1995 1742 2037 cerdium:

1080 2063 1136 2105 Ut
1164 2062 1335 2104 auferas
1363 2061 1545 2115 piacula,

1131 2119 1380 2172 Sordesque
1408 2118 1565 2159 mentis
1594 2116 1761 2159 abluas:

1131 2175 1369 2228 Donesque
1399 2174 1568 2217 Christe
1595 2173 1789 2225 gratiam,

1132 2231 1192 2274 Ut
1219 2234 1450 2274 arceantur
1478 2230 1665 2272 crimina.

1082 2299 1201 2338 Mens
1229 2309 1332 2338 ecce
1359 2300 1506 2349 torpet
1533 2295 1676 2348 impia,

1131 2354 1271 2404 Quam
1299 2353 1427 2406 culpa
1454 2351 1626 2394 mordet
1652 2350 1797 2392 nuxia:

1131 2409 1331 2451 Obscura
1357 2409 1489 2460 gestit
1515 2407 1679 2457 tollere,

1131 2467 1187 2508 Et
1213 2471 1257 2508 te
1285 2465 1558 2517 Redemptor
1587 2466 1791 2517 quaerere.

1082 2530 1262 2583 Repelle
1289 2535 1338 2571 tu
1365 2529 1593 2580 caliginem

1129 2587 1396 2628 Intrinsecus
1426 2598 1554 2637 quam
1582 2583 1777 2630 maxime,

1129 2642 1188 2684 Ut
1215 2643 1259 2682 in
1287 2642 1418 2683 beato
1446 2641 1634 2692 gaudeat

1129 2699 1184 2740 Se
1213 2698 1421 2740 collocari
1446 2697 1618 2738 lumine.
