2080 2990
837 215 1012 249 (›sficium
1040 214 1324 247 Defunctorum.

220 314 409 359 exutam,
426 310 470 350 in
489 312 666 351 aeternae
686 309 939 351 salvationis
955 322 1051 362 par-

219 373 308 409 tem
327 369 520 407 restitue.
548 367 633 408 Per
652 366 901 408 Deminum.

275 423 323 473 δ”.
356 423 574 475 Requiem
606 424 816 464 aeternam
845 423 962 464 dona
989 423 1051 464 eis

220 479 420 520 Demine.
469 482 515 531 Ην.
551 479 608 520 Et
638 478 714 520 lux
745 481 959 532 perpetua
990 478 1051 519 lu-

219 540 317 577 ceat
337 536 411 577 eis.

266 591 315 641 δ”.
334 592 633 645 Requiescant
644 593 687 633 in
697 605 819 645 pace.
845 595 890 644 Rg.
900 592 1053 632 Amen.

382 678 470 719 Ad
502 677 889 730 matutinum.

277 746 398 785 Iuvit.
436 746 606 794 Regem,
632 742 701 784 cui
722 742 867 783 omnia
890 741 1053 790 vivunt,

223 806 244 827 *
263 799 423 841 Venite
443 799 689 841 adoremus.

275 858 516 909 Repetitnr.
571 858 752 906 Regem,
798 854 869 895 cui
908 852 1053 895 emnia

222 911 383 961 vivunt,
403 914 547 953 venite
568 911 815 953 adoremus.

278 970 343 1008 Ps.
367 969 532 1017 Venite,
552 967 830 1009 exsultemus.
849 967 886 1007 2.

278 1026 329 1065 Iit
368 1026 405 1064 in
447 1025 548 1065 fine:
598 1024 808 1076 Requiem
845 1024 1055 1063 aeternam

221 1081 338 1122 dona
362 1081 425 1122 eis
443 1080 649 1122 Demine:
675 1085 719 1121 et
741 1080 816 1120 lux
840 1081 1055 1131 perpetua

222 1137 367 1179 luceat
387 1137 460 1178 eis.

277 1206 358 1239 Iloc
385 1205 652 1238 invitatorium
680 1203 819 1236 dicitur
845 1207 991 1235 tuntum
1018 1203 1054 1235 in

224 1255 285 1287 die
319 1251 707 1287 (ilsiliinlcmtuntionis
743 1251 912 1283 omnium
944 1250 1055 1283 Fide-

223 1302 313 1335 lium
348 1301 637 1335 I)ci'unt·t‹‘›runi,
671 1304 706 1332 et
740 1299 777 1331 in
809 1298 869 1331 dic
902 1298 1055 1340 deposi-

224 1350 340 1383 tionis
368 1348 560 1381 Dct'uncti:
592 1347 732 1389 quibus
762 1347 898 1379 dicbus
926 1346 1055 1379 dicun—

224 1404 283 1431 tur
309 1404 383 1430 tres
412 1395 645 1437 infrascripti
674 1395 875 1429 Nocturni.
908 1401 944 1427 et
968 1394 1054 1427 Ant.

224 1445 479 1487 duplicantur.
523 1444 623 1476 Aliis
650 1443 889 1485 temporibus
916 1442 1057 1475 dicitur

223 1499 367 1527 tantun]
395 1502 509 1525 unum
538 1492 776 1525 Nocturnum
807 1501 892 1524 cnm
918 1490 1056 1524 Laudi-

225 1542 306 1576 bus,
334 1541 405 1573 hoc
432 1540 581 1573 ordine:
608 1539 719 1572 Fcriu
745 1539 789 1572 ll.
814 1545 849 1571 et
871 1538 910 1571 V.
936 1538 961 1571 Ι.
981 1538 1057 1571 No-

224 1596 413 1622 cturnum:
442 1587 552 1620 Furia
576 1586 639 1619 ΙΙΙ.
667 1593 702 1619 ct
727 1586 800 1619 VI..
827 1586 870 1619 ΙΙ.
894 1586 1056 1619 Noctur-

227 1647 327 1670 num:
361 1636 467 1668 Furia
495 1635 554 1668 iv.
582 1640 617 1667 ct
643 1635 830 1668 Subbato.
857 1634 920 1667 ΙΙΙ.
946 1634 1056 1667 Noet.

471 1703 520 1741 In
539 1703 568 1741 Ι.
589 1702 813 1741 Nocturno.

410 1772 492 1805 Pro
523 1770 651 1803 Feria
682 1769 730 1802 II.
762 1775 801 1802 et
831 1769 873 1802 V.

279 1826 378 1864 Ant.
397 1823 545 1874 Dirige
560 1825 584 1850 *
599 1822 788 1864 Demine
798 1822 920 1863 Deus
935 1834 1060 1863 meus

225 1880 269 1921 in
288 1883 530 1933 conspectu
549 1884 626 1922 tuo
646 1879 763 1920 viam
781 1891 935 1921 meam.

514 1941 710 1981 Psalmus
739 1941 774 1978 5.

240 2048 248 2056 ι
274 1997 488 2038 ³
524 2009 622 2038 mea
664 1995 841 2037 auribus
880 1995 1059 2048 percipe

399 2053 603 2102 Demine,
631 2053 654 2078 *
680 2052 873 2103 intellige
900 2051 1058 2093 clame-

276 2110 352 2129 ³
400 2121 493 2150 rem
519 2121 675 2150 meum.

279 2164 463 2206 Intende
499 2165 599 2206 voci
636 2164 846 2206 Oratianis
885 2176 1008 2214 meae,
1035 2165 1059 2190 *

228 2220 326 2261 Rex
353 2233 477 2262 meus
506 2226 549 2262 et
575 2221 696 2262 Deus
723 2234 857 2263 meus.

282 2277 497 2327 Queniam
517 2276 573 2318 ad
592 2282 637 2318 te
657 2276 810 2318 orabo:
829 2278 851 2302 '⁸‘
871 2277 1059 2319 Demine

228 2345 356 2374 mane
385 2332 594 2374 exaudies
622 2345 777 2374 vocem
804 2346 957 2374 meam.

282 2389 411 2430 Mane
447 2388 603 2431 astabo
636 2387 716 2430 tibi
750 2394 794 2430 et
827 2389 1001 2431 videbo:
1036 2390 1059 2415 *

231 2445 437 2497 queniam
464 2457 552 2486 non
579 2444 700 2486 Deus
728 2444 880 2486 volens
908 2445 1059 2498 iniqui-

230 2503 367 2543 tatem
394 2506 442 2542 tu
470 2513 527 2542 es.

282 2556 439 2609 Neque
470 2556 686 2598 habitabit
717 2556 835 2607 juxta
867 2561 911 2598 te
942 2557 1060 2598 mali-

230 2626 356 2664 gnus:
375 2613 398 2639 *
418 2625 560 2665 neque
579 2611 897 2665 permanebunt
917 2613 1061 2664 injusti

231 2675 332 2711 ante
361 2668 514 2710 Oculos
540 2674 652 2710 tuos.

284 2724 429 2767 Odisti
448 2737 610 2774 omneS,
637 2725 710 2777 qui
730 2726 967 2777 operantur
986 2725 1060 2766 ini-

1106 308 1334 361 quitatem:
1353 308 1376 333 *
1395 307 1557 360 perdes
1581 319 1743 358 omnes,
1772 308 1847 360 qui
1873 307 1934 349 lo-

1106 367 1298 416 quuntur
1325 363 1613 406 mendacium.

1156 420 1313 462 Virum
1350 420 1608 471 sanguinum
1647 425 1692 462 et
1731 419 1935 462 dolesum

1105 476 1428 518 abominabitur
1446 476 1675 517 Dominus:
1701 475 1726 502 *
1754 488 1837 527 ego
1863 489 1935 518 au-

1105 538 1195 575 tem
1229 533 1274 574 in
1310 531 1587 574 multitudine
1622 531 1935 574 misericordiae

1104 594 1204 631 tuae.

1157 644 1356 687 Introibo
1384 645 1428 685 in
1456 643 1636 686 domum
1662 649 1797 686 tuam:
1820 644 1844 670 *
1863 643 1936 686 ad-

1106 700 1245 742 orabo
1274 700 1331 742 ad
1353 699 1566 753 templum
1590 705 1790 742 sanctum
1813 705 1938 742 tuum

1105 757 1149 797 in
1177 757 1335 799 timere
1362 762 1452 798 tuo.

1157 813 1346 854 Demine
1361 812 1505 854 deduc
1519 824 1590 853 me
1606 812 1651 852 in
1669 811 1832 863 justitia
1848 816 1938 854 tua:

1106 870 1129 895 ¹⁸¹
1152 874 1336 922 propter
1359 869 1558 910 inimicos
1580 880 1704 909 meos
1730 867 1870 919 dirige
1893 868 1937 909 in

1107 927 1347 978 conspectu
1374 930 1451 966 tuo
1480 924 1595 966 viam
1622 936 1776 965 meam.

1159 981 1375 1032 Queniam
1397 994 1486 1022 non
1515 985 1582 1022 est
1608 980 1652 1021 in
1681 992 1758 1022 ore
1787 981 1939 1021 ebrum

1107 1038 1282 1079 veritas:
1310 1038 1333 1063 *
1363 1050 1439 1079 cor
1468 1038 1620 1078 e6rum
1648 1049 1808 1077 vanum
1836 1041 1913 1078 est.

1159 1093 1449 1146 Sepstlchrum
1489 1097 1645 1146 patens
1687 1097 1755 1134 est
1789 1097 1939 1143 guttur

1108 1153 1271 1199 eorum,
1290 1150 1448 1200 linguis
1464 1149 1552 1190 suis
1568 1148 1723 1190 dolose
1740 1147 1939 1199 agebant,

1107 1207 1130 1233 *
1159 1206 1302 1258 judica
1329 1205 1428 1247 illos
1455 1205 1588 1246 Deus.

1159 1262 1378 1304 Decidant
1409 1275 1435 1303 a
1467 1260 1807 1312 cogitatienibus
1839 1259 1940 1310 suis,

1108 1318 1350 1361 secundum
1386 1317 1710 1360 multitudinem
1743 1317 1939 1370 impieta-

1107 1381 1201 1417 tum
1221 1377 1373 1417 e6rum
1393 1373 1565 1427 expelle
1585 1386 1672 1423 eos,
1690 1374 1714 1399 ¹⁸¹
1734 1373 1941 1426 queniam

1107 1432 1389 1480 irritaverunt
1415 1436 1459 1472 te
1487 1430 1686 1471 Demine.

1160 1488 1217 1529 Et
1244 1487 1446 1529 laetentur
1475 1499 1638 1535 omneS,
1668 1485 1742 1538 qui
1762 1490 1942 1538 sperant

1108 1544 1152 1585 in
1183 1549 1243 1593 te,
1271 1544 1294 1569 *
1323 1544 1367 1584 in
1399 1545 1612 1585 aeternum
1645 1541 1941 1584 exsultabunt:

1110 1605 1154 1642 et
1180 1599 1399 1642 habitabis
1426 1600 1471 1640 in
1500 1599 1573 1640 eis.

1161 1657 1218 1698 Et
1236 1656 1540 1707 gloriabuntur
1559 1655 1604 1696 in
1621 1659 1666 1697 te
1686 1666 1849 1703 omnes,
1868 1653 1943 1706 qui

1110 1712 1295 1763 diligunt
1326 1724 1487 1754 nomen
1517 1716 1655 1761 tuum,
1683 1711 1707 1737 *
1737 1710 1942 1763 queniam

1109 1774 1158 1811 tu
1184 1767 1420 1810 benedices
1447 1768 1573 1819 justo.

1162 1825 1365 1873 Domine,
1397 1829 1446 1866 ut
1477 1828 1603 1865 scuto
1633 1822 1764 1865 bonae
1792 1821 1941 1864 volun-

1109 1882 1213 1923 tatis
1241 1886 1330 1922 tuae
1358 1881 1382 1906 *
1410 1880 1633 1922 coronasti
1659 1892 1751 1921 nos.

1163 1937 1381 1989 Requiem
1408 1938 1630 1978 aeternam.

1168 1994 1266 2034 Ant.
1288 1993 1440 2044 Dirige
1463 1992 1653 2034 Demine
1674 1992 1795 2034 Deus
1818 2003 1943 2032 meus

1110 2050 1155 2090 in
1174 2050 1418 2102 conspectu
1434 2054 1512 2090 tuo
1531 2049 1648 2090 viam
1666 2060 1820 2090 meam.

1168 2107 1267 2146 Ant.
1299 2107 1568 2147 Convertere
1603 2105 1627 2130 *
1658 2104 1868 2154 Domine,
1901 2107 1945 2145 et

1113 2162 1232 2214 eripe
1251 2161 1441 2203 animam
1457 2173 1615 2202 meam:
1635 2160 1842 2212 queniam
1855 2171 1945 2201 non

1115 2223 1182 2261 est
1202 2219 1246 2259 in
1263 2223 1417 2267 morte,
1438 2217 1512 2270 qui
1530 2229 1700 2258 memor
1719 2216 1776 2258 sit
1793 2215 1868 2258 tui.

1404 2272 1602 2312 Psalmus
1622 2273 1659 2312 6.

1202 2331 1361 2379 emine,
1386 2342 1440 2371 ne
1459 2329 1503 2370 in
1522 2329 1670 2371 furere
1688 2334 1765 2371 tuo
1786 2331 1945 2380 arguas

1213 2400 1300 2437 me,
1324 2387 1348 2413 *
1371 2398 1515 2438 neque
1547 2385 1591 2426 in
1620 2386 1684 2426 ira
1710 2390 1787 2427 tua
1814 2387 1944 2427 corri-

1113 2445 1208 2497 pias
1227 2456 1308 2485 me.

1164 2500 1372 2541 Miserere
1404 2498 1491 2539 mei
1518 2497 1708 2539 Demine
1740 2498 1947 2550 queniam

1113 2556 1311 2597 infirmus
1339 2568 1448 2596 sum:
1473 2557 1497 2582 *
1524 2567 1631 2596 sana
1658 2567 1728 2596 me
1756 2554 1946 2595 Demine

1115 2613 1321 2665 queniam
1336 2611 1598 2653 conturbata
1613 2615 1714 2653 sunt
1725 2623 1827 2652 ossa
1837 2622 1946 2651 mea.

1166 2669 1223 2710 Et
1242 2668 1384 2710 anima
1403 2680 1501 2709 mea
1520 2667 1698 2710 turbata
1718 2671 1785 2708 est
1803 2665 1946 2708 valde:

1114 2728 1137 2753 *
1157 2724 1236 2767 sed
1255 2730 1303 2767 tu
1321 2724 1509 2766 Demine
1530 2721 1783 2776 usquequo?
