2080 2990
244 230 333 274 [314]

244 329 384 368 torem
407 331 604 368 nostrum
630 339 805 368 carnem
832 330 1003 368 sumere
1023 332 1066 368 et

245 396 416 424 crucem
431 382 576 424 subire
591 383 745 424 fecisti:
761 383 952 424 concede
967 396 1064 435 pro·

245 439 390 492 pitius;
415 444 462 481 ut
485 440 597 481 sicut
621 439 858 481 solemnem
879 452 1064 481 comme-

244 496 532 537 morationem
572 496 787 549 passionis
830 498 921 548 ejus
957 496 1064 538 cele-

245 551 436 602 bramus,
454 553 515 594 ita
534 557 578 594 et
596 553 818 606 patientiae
837 553 975 605 ipsius
993 552 1064 593 ha-

245 607 349 650 bere
369 609 644 658 documenta,
672 614 716 650 et
734 608 1064 651 resurrectionis

246 667 465 707 consortia
483 668 736 707 mereamur.
763 666 847 707 Per
863 664 1064 707 eumdem

246 722 478 763 Dominum
497 727 702 764 nostrum.

301 786 338 818 ln
373 786 394 818 l.
427 786 532 819 Noct,
565 785 661 819 Lect.
687 783 943 819 Commendat.
973 783 1064 826 [239]

470 859 517 896 In
544 858 592 896 11.
622 858 840 897 Nocturno.

248 924 397 962 Sermo
426 921 562 963 sancti
589 921 820 972 Augustini
846 922 1066 974 Episcopi.

249 990 363 1021 δἐι-ιη.
387 990 426 1021 Η.
450 989 552 1022 Doni.
573 991 603 1022 in
623 991 762 1024 l‘almis
777 991 821 1024 dc
839 991 941 1024 l'ass.
958 991 1063 1025 Doni.

547 1046 696 1086 Lectio
718 1047 769 1085 ἧκ’.

254 1111 295 1155 ἐξ
313 1147 315 1153 χ
330 1110 377 1153 ³2²3
394 1102 571 1144 dmonet
593 1115 690 1152 nos,
719 1103 874 1144 fratres
899 1104 1065 1144 carissi-

253 1145 379 1232 7)]
408 1159 483 1208 mi,
503 1159 558 1200 ad
578 1159 897 1201 solemnitatem
917 1160 1064 1201 Domi-

260 1211 385 1243 »ἐξ
408 1216 516 1257 nicae
537 1216 756 1257 Passionis
777 1215 870 1257 dies
890 1216 995 1269 ipse,
1022 1217 1065 1257 in

246 1285 332 1325 quo
367 1285 462 1313 eam
493 1285 573 1314 nec
606 1276 726 1313 muta
760 1272 974 1314 elementa
1005 1278 1065 1315 ta-

245 1330 433 1370 cuerunt.
487 1328 688 1370 Celebret
727 1342 822 1370 eam
856 1329 930 1370 lux
962 1329 1066 1371 fidei

243 1385 398 1436 linguis
419 1384 656 1434 hominum,
677 1398 807 1437 quam
826 1385 1065 1428 conclama-

244 1443 398 1483 verunt
425 1442 554 1483 etiam
582 1441 750 1483 silentia
777 1441 1065 1484 tenebrarum.

244 1497 389 1539 Hodie
417 1498 630 1539 Dominus
657 1503 805 1540 noster
831 1500 875 1539 in
903 1501 1066 1541 statera

245 1554 384 1595 crucis
408 1555 596 1607 pretium
619 1561 782 1597 nostrae
814 1555 965 1597 salutis
993 1569 1066 1608 ap-

244 1610 412 1663 pendit,
454 1616 497 1652 et
528 1624 614 1652 una
644 1617 786 1653 morte
817 1613 1067 1654 universum

245 1666 467 1716 mundum,
497 1667 608 1708 sicut
636 1668 827 1709 omnium
855 1669 1066 1719 eonditor,

244 1723 303 1764 ita
323 1723 513 1764 omnium
530 1726 758 1776 reparator
777 1725 975 1767 absolvit.
1000 1726 1066 1766 In-

245 1778 493 1822 dubitanter
531 1780 643 1822 enim
681 1781 910 1823 credamus
947 1782 1067 1834 quod

243 1840 385 1878 totum
408 1836 615 1878 mundum
641 1836 839 1888 redemit,
870 1838 943 1891 qui
968 1838 1066 1891 plus

245 1890 381 1943 dedit,
402 1905 531 1945 quam
549 1898 667 1935 totus
686 1893 872 1936 mundus
892 1895 1067 1937 valeret.

244 1948 446 1991 Meritum
466 1949 579 1991 enim
598 1950 836 2003 redemptae
852 1951 1067 1994 mercedis

246 2005 433 2056 dignitas
448 2006 627 2057 insignis
640 2008 770 2060 pretii
784 2010 1067 2061 supergressa

246 2067 322 2103 est.
354 2062 473 2104 Inter
495 2063 770 2116 redemptum
794 2069 837 2106 et
855 2064 1065 2107 redimen-

245 2122 334 2159 tem
354 2117 623 2171 dispensatio
643 2120 738 2170 fuit,
766 2122 1066 2174 compensatio

246 2186 333 2214 non
365 2174 454 2216 fuit.
507 2176 590 2226 Qui
622 2189 726 2227 ergo
760 2191 847 2219 non
878 2178 1068 2220 habebat

245 2232 427 2282 peccata
442 2232 631 2284 propria,
648 2232 776 2283 digne
792 2233 953 2276 delevit
967 2235 1066 2276 alie-

245 2299 311 2327 na.
334 2286 465 2328 Solus
481 2287 551 2329 hic
564 2289 636 2341 pia
649 2290 823 2332 victima
837 2304 918 2344 pro
934 2292 1067 2333 omni-

245 2342 327 2384 bus
356 2343 530 2393 cecidit,
558 2349 606 2386 ut
631 2357 782 2387 omnes
808 2347 987 2398 levaret3
1024 2353 1068 2389 et

247 2399 347 2451 quia
367 2398 561 2442 debitum
581 2401 700 2442 solus
719 2415 806 2444 non
824 2402 986 2454 habuit,
1004 2418 1067 2446 re-

247 2460 315 2497 cte
339 2456 480 2498 foenus
505 2457 815 2500 misericordiae
841 2473 923 2512 pro
949 2460 1066 2503 debi-

246 2511 413 2554 toribus
433 2514 640 2565 erogavit.

303 2580 348 2627 lxssa
362 2578 455 2628 Ego
469 2584 652 2631 propter
664 2585 708 2621 te
724 2579 1067 2624 Chananaeorum

247 2645 372 2684 reges
405 2636 618 2686 permissi,
658 2641 701 2678 et
734 2635 836 2678 dedi
866 2638 946 2679 tibi
979 2653 1066 2681 sce-

179 2705 181 2708 ·
246 2694 392 2741 ptrum
419 2691 578 2741 regale:
604 2696 625 2718 *
656 2692 713 2734 Et
739 2698 787 2734 tu
815 2693 971 2736 dedisti
1000 2699 1067 2737 ca-

247 2746 327 2797 piti
370 2759 468 2788 meo
514 2750 709 2800 spineam
753 2752 975 2800 coronam,
1026 2758 1068 2793 et

634 238 671 270 In
699 239 1068 271 <Iommcmoratione
1097 238 1292 271 Passionis
1320 237 1360 270 Ι),
1387 237 1429 270 N.
1454 237 1486 271 J.
1512 237 1550 270 (ἶ,

1117 325 1371 379 percussisti
1398 325 1608 368 arundine
1631 328 1941 380 caputsmeum.

1120 380 1168 431 Y.
1183 381 1353 434 Popule
1372 395 1507 432 meus,
1531 382 1636 434 quid
1655 383 1738 425 feci
1755 383 1848 434 tibi,
1868 389 1942 426 aut

1117 438 1159 478 in
1198 451 1285 490 quo
1323 438 1579 481 contristavi
1613 439 1678 481 te?
1722 440 1941 493 responde

1117 494 1231 535 mihi.
1267 494 1334 535 Et.

1431 556 1576 596 Lectio
1599 570 1632 595 v.

1205 607 1397 659 erpende
1425 607 1537 649 inter
1563 606 1675 657 haec,
1710 607 1784 660 qui
1810 607 1941 650 talem

1216 676 1298 716 pro
1314 663 1441 705 nobis
1458 663 1580 706 dedit
1593 664 1835 716 pecliniam,
1848 677 1942 717 qua-

1117 720 1203 762 lem
1227 733 1252 760 a
1275 719 1402 761 nobis
1426 720 1482 762 sit
1505 723 1737 762 exacturus
1755 723 1942 762 usuram.

1117 778 1168 817 In
1187 776 1269 818 hac
1288 779 1435 828 itaque
1456 775 1525 818 die
1544 775 1655 818 fides
1671 776 1943 830 propheticae

1118 833 1458 875 annuntiationis
1483 833 1661 886 impleta
1687 839 1770 884 est,
1798 834 1859 876 ita
1882 833 1942 876 di-

1118 890 1270 931 centis:
1302 889 1472 942 Corpus
1495 903 1641 931 meum
1665 889 1767 932 dedi
1791 903 1942 944 percu-

1117 946 1343 996 tientibus,
1371 951 1415 988 et
1442 959 1575 998 genas
1601 959 1722 988 meas
1749 946 1942 989 vellenti—

1117 1002 1214 1052 bus;
1233 1002 1389 1044 faciem
1406 1015 1549 1045 meam
1569 1016 1656 1045 non
1675 1003 1813 1045 averti
1827 1016 1853 1045 a
1866 1003 1943 1045 foe-

1118 1059 1254 1101 ditate
1271 1061 1508 1112 sputorum.
1526 1060 1727 1112 Suscepit
1739 1060 1854 1102 mala
1868 1073 1942 1102 no-

1118 1120 1225 1166 stra,
1252 1122 1300 1158 ut
1324 1115 1536 1158 tribueret
1560 1116 1676 1158 bona
1701 1130 1789 1158 sua.
1828 1117 1943 1160 Hinc

1117 1172 1408 1223 intelligamus
1426 1178 1635 1224 quantum
1647 1173 1868 1215 hominem
1882 1173 1943 1216 di-

1118 1228 1252 1279 ligere
1289 1228 1491 1280 dignatus
1527 1230 1585 1271 sit
1621 1235 1722 1272 ante
1758 1229 1942 1283 culpam,

1120 1298 1251 1337 quem
1279 1285 1342 1326 sic
1370 1285 1509 1338 diligit
1537 1291 1641 1339 post
1667 1289 1846 1328 ruinam.
1886 1288 1943 1328 A·

1118 1344 1281 1393 gnosce
1306 1341 1456 1391 homo,
1496 1348 1706 1395 quantum
1727 1343 1875 1385 valeas
1901 1349 1944 1386 et

1119 1397 1330 1450 quantum
1361 1397 1538 1449 debeas;
1571 1404 1615 1441 et
1648 1399 1752 1441 dum
1777 1405 1943 1442 tantam

1118 1455 1432 1508 redemptionis
1457 1461 1545 1497 tuae
1570 1457 1785 1510 perspicis
1809 1456 1943 1508 digni-

1117 1514 1271 1562 tatem,
1301 1512 1397 1564 ipse
1422 1511 1503 1554 tibi
1526 1511 1707 1555 indicito
1730 1513 1944 1566 peccandi

1117 1568 1344 1621 pudorem.
1384 1569 1500 1611 Ecce
1527 1582 1610 1622 pro
1638 1570 1774 1623 impio
1802 1572 1944 1623 pietas

1119 1625 1378 1676 flagellatur,
1405 1638 1487 1678 pro
1508 1626 1643 1668 stulto
1663 1627 1878 1679 sapientia
1897 1626 1944 1668 il-

1118 1681 1293 1731 luditur,
1312 1694 1394 1734 pro
1414 1682 1626 1725 mendace
1639 1683 1801 1725 veritas
1819 1684 1943 1726 neca-

1119 1742 1206 1788 tur,
1235 1738 1464 1780 damnatur
1487 1739 1650 1791 justitia
1675 1752 1757 1793 pro
1782 1740 1944 1792 iniquo,

1119 1795 1419 1837 misericordia
1447 1795 1634 1837 afficitur
1660 1808 1743 1849 pro
1769 1796 1944 1846 crudeli,

1118 1863 1199 1903 pro
1217 1853 1377 1894 misero
1397 1851 1590 1904 repletur
1608 1852 1836 1894 sinceritas
1851 1854 1944 1894 ace-

1118 1913 1184 1958 to,
1209 1908 1450 1950 inebriatur
1473 1908 1573 1950 felle
1593 1908 1797 1961 dulcedo,
1826 1908 1945 1951 addi-

1120 1964 1232 2006 citur
1255 1964 1503 2006 innocentia
1531 1978 1613 2019 pro
1641 1979 1735 2016 reo,
1761 1966 1946 2008 moritur

1120 2021 1210 2062 vita
1228 2034 1310 2074 pro
1329 2023 1516 2063 mortuo.

1175 2081 1220 2130 R».
1263 2078 1358 2129 Ego
1395 2077 1500 2120 duxi
1535 2082 1580 2119 te
1610 2090 1690 2130 per
1723 2077 1945 2120 desertum

1121 2133 1408 2186 quadraginta
1422 2135 1555 2185 annis,
1574 2139 1617 2176 et
1630 2147 1789 2176 manna
1803 2135 1946 2177 cibavi

1119 2194 1179 2232 te:
1197 2196 1217 2217 *
1241 2191 1298 2233 Et
1330 2195 1379 2232 tu
1409 2204 1479 2233 me
1512 2191 1709 2233 cecidisti
1736 2191 1874 2245 alapis
1902 2197 1946 2234 et

1120 2247 1313 2298 flagellis.
1370 2245 1415 2295 V.
1453 2248 1623 2301 Popule
1659 2261 1800 2299 meus,
1838 2248 1945 2301 quid

1121 2303 1204 2345 feci
1221 2303 1316 2353 tibi,
1341 2309 1415 2346 aut
1433 2304 1477 2345 in
1497 2317 1584 2356 quo
1605 2305 1861 2347 contristavi
1878 2303 1943 2347 te?

1121 2359 1341 2413 responde
1360 2359 1476 2401 mihi.
1503 2360 1570 2403 Et.

1423 2418 1569 2458 Lectio
1592 2419 1640 2457 vi.

1120 2468 1352 2574 Expavit
1377 2472 1518 2514 scelus
1544 2473 1767 2515 hominum
1791 2477 1945 2517 natura

1226 2541 1386 2580 rerum;
1422 2533 1466 2571 et
1494 2542 1624 2581 quem
1651 2534 1852 2572 creatura
1880 2544 1944 2573 re—

1121 2584 1246 2626 bellis
1282 2598 1370 2627 non
1406 2586 1621 2637 agnoscit,
1663 2599 1762 2628 eum
1795 2587 1944 2630 mundi

1120 2642 1356 2683 Dominum
1382 2645 1571 2684 tremens
1601 2647 1720 2685 terra
1747 2646 1943 2694 testatur,

1122 2703 1165 2739 et
1184 2698 1285 2739 coeli
1303 2698 1470 2749 Regem
1495 2699 1562 2740 sol
1581 2700 1748 2751 fugiens
1768 2699 1943 2742 confite-

1119 2759 1200 2795 tur.
1241 2754 1480 2807 Chlamyde
1508 2758 1713 2798 coccinea
1740 2756 1941 2807 induitur,
