2080 2990
658 230 728 263 Die
753 231 782 264 3.
807 230 891 263 Jan.
939 230 973 263 S
999 230 1210 264 Genovcfae
1236 231 1339 272 Yirg.

1760 235 1852 279 [267]

144 333 262 377 strae;
280 332 329 369 ut
349 339 537 379 quorum
556 327 766 369 solemnia
781 327 971 369 celebra-

142 396 254 432 mus,
275 385 428 425 eorum
444 383 652 435 precibus
671 383 867 436 adjuvari
885 397 971 425 me-

142 440 326 480 reamur.
352 439 437 480 Per
454 439 702 480 Dominum.

245 599 478 662 FESTA
506 601 865 671 JANUARH.

373 747 456 787 Die
478 748 515 787 3.
533 747 559 787 J
561 747 737 788 anuarii.

284 823 328 864 S.
349 824 611 865 Genovefae
630 827 830 875 Virginis.

471 893 635 937 Duplex.

193 954 329 989 Omnia
359 956 405 990 de
431 956 633 992 Communi
659 958 860 1002 virginum
885 959 968 1003 [83],

139 1007 281 1045 praeter
305 1014 409 1047 sequ.

475 1057 639 1098 Oratio.

224 1121 373 1163 ffunde
392 1135 525 1175 super
538 1134 620 1163 nos
639 1122 826 1163 Domine
846 1123 968 1175 spiri-

234 1182 328 1219 tum
365 1178 595 1229 agnitionis
633 1184 676 1219 et
713 1177 969 1228 dilectionis,

141 1246 228 1285 quo
248 1234 450 1275 ancillam
469 1240 590 1276 tuam
605 1234 875 1275 Genovefam
893 1235 968 1274 im-

140 1289 331 1341 plevisti:
358 1295 407 1331 ut
432 1289 586 1331 sedula
611 1291 701 1342 ejus
727 1290 967 1331 imitatione

138 1344 219 1386 tibi
243 1345 410 1387 sincere
437 1345 750 1398 obsequentes,
779 1345 867 1387 fide
890 1345 970 1387 tibi

140 1405 184 1442 et
198 1403 333 1453 opere
344 1402 607 1454 placeamus.
626 1402 710 1443 Per
720 1402 968 1443 Dominum.

193 1461 237 1496 In
267 1462 293 1498 Ι,
323 1463 522 1499 Nocturno
552 1465 757 1500 Lectiones
791 1465 837 1499 de
870 1466 967 1499 Scri-

138 1512 251 1551 ptura
275 1516 508 1547 occurrente.

367 1581 417 1619 In
443 1581 494 1619 11.
522 1581 745 1620 Nocturno.

440 1650 593 1691 Lectio
614 1651 665 1691 iv.

143 1724 171 1755 ἓ(
259 1719 457 1768 „enovefa
474 1718 772 1771 Nemptoduri
797 1720 840 1759 in
860 1733 966 1770 agro

152 1764 266 1835 017⁴
290 1773 535 1823 Parisiensi,
554 1775 718 1816 Severo
740 1780 783 1816 et
801 1775 966 1817 Gerun-

155 1839 171 1848 ’·
202 1819 260 1850 A
287 1829 350 1870 tia
363 1830 619 1882 parentibus
632 1836 744 1880 nata,
759 1830 967 1873 inauditae

137 1884 311 1926 virtutis
339 1885 575 1937 splendore
603 1899 629 1926 a
654 1887 816 1928 teneris
844 1888 966 1928 annis

139 1940 304 1982 claruit.
340 1941 586 1982 Germanus
609 1941 965 1984 Autissiodoren-

138 1995 197 2036 sis
221 1995 266 2036 in
284 1996 554 2038 Britanniam
577 1997 839 2038 transiturus
868 2011 967 2039 cum

137 2051 265 2104 Lupo
289 2052 513 2102 Trecensi‚
537 2058 585 2094 ut
607 2053 855 2108 Pelagianae
879 2053 965 2095 hae—

138 2107 247 2148 resis
279 2108 486 2160 reliquias
517 2108 788 2161 profligaret,
825 2110 965 2162 conje-

138 2163 220 2204 ctis
244 2163 288 2203 in
315 2177 411 2205 eam
437 2164 591 2214 oculis,
625 2164 723 2205 Deo
752 2178 898 2206 caram
923 2171 966 2207 et

137 2218 242 2260 vitae
261 2220 491 2261 sanctitate
509 2220 723 2261 illustrem
740 2220 835 2261 fore
854 2233 964 2272 prae-

139 2273 259 2316 dixit.
286 2275 357 2317 Ab
377 2288 429 2317 ea
449 2288 547 2317 cum
563 2276 843 2329 postulasset,
862 2289 965 2316 num

138 2330 430 2381 virginitatem
440 2332 538 2373 Deo
548 2331 680 2373 vellet
695 2334 965 2381 consecrare,

141 2385 376 2436 Genovefa,
387 2387 510 2429 vultu
520 2387 577 2428 ad
586 2386 848 2428 modestiam
858 2400 967 2428 com-

139 2442 304 2493 posito,
339 2442 485 2484 statim
510 2442 739 2495 respondit
763 2442 809 2484 id
832 2456 967 2484 unum

140 2509 186 2537 se
211 2497 491 2539 vehementer
518 2501 685 2551 optare.
722 2498 966 2539 Germanus

139 2554 287 2603 itaque
310 2553 540 2594 ecclesiam
564 2554 779 2605 frequenti
798 2554 966 2606 populo

139 2606 376 2658 ingressus,
397 2609 557 2661 puellae
575 2623 728 2650 manus
746 2610 966 2661 imposuit,

141 2668 184 2704 et
214 2663 326 2705 inter
357 2664 537 2706 crebros
563 2666 839 2706 Psalmorum
866 2677 965 2706 con-

141 2720 307 2768 centus,
326 2720 610 2772 prolixasque
630 2719 864 2770 orationes,
884 2723 966 2761 vir-

1023 328 1169 377 ginem
1196 330 1481 371 consecravit.
1522 329 1740 371 Postridie
1773 331 1851 372 sci-

1024 383 1198 424 scitanti
1221 397 1275 424 an
1294 385 1387 426 voti
1409 386 1494 436 jam
1519 386 1664 426 emissi
1683 399 1851 427 memor

1024 444 1154 488 esset,
1182 442 1421 481 memorem
1440 454 1544 482 vero
1570 454 1631 490 se,
1661 446 1704 482 et
1729 442 1773 481 in
1797 455 1850 483 eo

1022 496 1254 547 proposito
1273 500 1612 548 permansuram,
1631 498 1728 538 Deo
1748 510 1849 550 ope-

1023 553 1162 600 rante,
1195 552 1477 593 asseveravit.
1516 552 1596 593 Ele
1628 566 1851 593 nummum

1023 608 1185 647 aereum
1231 607 1355 657 signo
1400 608 1540 648 erucis
1585 609 1850 659 insignitum,

1021 674 1103 703 nec
1129 662 1220 703 sine
1244 663 1328 703 Dei
1352 668 1460 704 nutu
1482 663 1601 703 humi
1625 664 1849 716 conspica-

1022 722 1109 766 tus,
1129 718 1320 769 collegit,
1340 719 1510 769 Virgini
1530 718 1665 768 dedit,
1688 732 1849 771 praece-

1022 775 1176 824 pitque
1192 779 1240 815 ut
1257 774 1372 815 collo
1391 776 1633 826 appensum
1648 777 1851 825 gestaret,

1022 841 1104 869 nec
1122 828 1221 869 ullis
1241 829 1449 883 deinceps
1474 830 1723 879 monilibus,
1753 843 1851 881 quae

1023 897 1200 936 sponsae
1238 884 1398 926 Christi
1441 899 1530 926 non
1574 886 1850 935 conveniunt,

1023 941 1170 981 ornari
1189 954 1235 982 se
1254 943 1489 993 pateretur.

1077 998 1127 1048 R.
1162 997 1350 1049 Propter
1382 997 1626 1046 veritatem,
1659 1002 1703 1038 et
1734 1010 1849 1038 man-

1023 1052 1317 1104 suetudinem,
1342 1058 1384 1094 et
1409 1053 1629 1104 justitiam:
1660 1056 1681 1078 *
1696 1053 1752 1093 Et
1777 1052 1848 1094 de-

1023 1106 1155 1148 ducet
1186 1113 1230 1148 te
1266 1107 1522 1149 mirabiliter
1554 1108 1735 1150 dextera
1765 1112 1851 1149 tua.

1024 1159 1075 1209 V.
1091 1163 1246 1215 Specie
1265 1169 1351 1213 tua,
1371 1169 1415 1205 et
1433 1163 1757 1216 pulchritudine
1775 1169 1851 1205 tua

1020 1218 1211 1268 intende,
1240 1222 1454 1272 prospere
1478 1219 1687 1272 procede,
1717 1225 1759 1261 et
1786 1232 1849 1260 re-

1021 1286 1117 1323 gna.
1145 1275 1211 1317 Et.

1334 1327 1485 1368 Lectio
1507 1342 1543 1367 v.

1129 1386 1392 1428 iraculorum
1430 1386 1548 1428 dono
1581 1392 1624 1427 et
1659 1386 1849 1428 multitu-

1151 1441 1251 1483 dine
1276 1442 1495 1491 excelluit,
1522 1442 1710 1483 maxime
1734 1443 1850 1483 circa

1021 1500 1357 1548 energumenos,
1404 1511 1515 1549 quos
1557 1497 1655 1538 oleo
1700 1511 1848 1539 conse-

1020 1555 1142 1594 crato
1174 1553 1405 1604 inungens,
1447 1566 1472 1594 a
1504 1553 1754 1594 daemonum
1784 1559 1847 1605 ty-

1019 1608 1201 1650 rannide
1239 1609 1467 1651 liberabat.
1521 1608 1713 1649 Plurima
1750 1622 1847 1661 pro-

1019 1664 1196 1716 phetico
1213 1666 1368 1717 spiritu
1385 1664 1533 1713 edixit3
1553 1669 1685 1715 atque
1702 1665 1847 1716 impri-

1019 1715 1117 1769 mis,
1146 1721 1383 1762 accedente
1410 1720 1562 1769 Attila,
1589 1721 1848 1761 Hunnorum

1019 1788 1138 1826 rege,
1171 1777 1288 1817 cives
1315 1777 1583 1817 Parisienses
1617 1775 1848 1817 adhortata

1019 1838 1103 1881 est,
1135 1845 1190 1872 ne
1222 1832 1384 1873 relictis
1418 1830 1616 1880 sedibus,
1650 1831 1846 1872 fortunas

1019 1901 1120 1928 suas
1143 1887 1228 1928 alio
1248 1887 1547 1935 transferrent,
1574 1885 1729 1927 urbem
1752 1887 1845 1938 pol-

1017 1943 1145 1992 licita,
1169 1943 1391 1984 subversis
1411 1942 1505 1983 aliis
1523 1942 1846 1991 munitionibus,

1018 1999 1310 2050 perstituram.
1338 1998 1421 2039 Rei
1440 1996 1669 2039 veritatem
1687 1997 1844 2049 proba-

1019 2054 1081 2095 vit
1114 2056 1311 2103 eventus3
1342 2053 1475 2105 idque
1505 2053 1744 2095 Genovefae
1771 2066 1844 2105 pa-

1016 2110 1203 2151 trocinio
1228 2109 1388 2151 datum.
1422 2110 1663 2150 Grassante
1687 2107 1846 2149 deinde

1018 2165 1151 2214 fame,
1180 2170 1224 2206 et
1250 2166 1294 2205 in
1318 2165 1508 2206 maxima
1530 2166 1716 2205 annonae
1741 2164 1845 2204 cari-

1018 2223 1120 2270 tate,
1139 2220 1293 2262 urbem
1311 2234 1468 2271 magna
1485 2220 1687 2261 frumenti
1707 2220 1846 2271 copia,

1018 2282 1061 2317 et
1103 2280 1323 2329 pauperes
1364 2277 1616 2317 innumeros
1654 2275 1844 2324 erogatis

1017 2331 1205 2384 panibus
1225 2332 1497 2373 sustentavit.
1524 2332 1680 2382 Neque
1699 2335 1845 2371 tamen

1016 2392 1085 2428 tot
1121 2387 1250 2429 editis
1286 2388 1506 2428 miraculis
1544 2386 1735 2436 effugere
1766 2387 1843 2438 po-

1018 2443 1117 2492 tuit,
1163 2444 1267 2495 quin
1306 2443 1623 2485 malevolorum
1661 2440 1763 2482 odio
1801 2446 1845 2482 et

1020 2499 1292 2540 contumeliis
1327 2499 1608 2551 premeretur.
1666 2497 1843 2537 Germa-

1017 2567 1115 2603 nus,
1147 2555 1190 2594 in
1217 2555 1487 2596 Britanniam
1515 2555 1672 2594 iterum
1700 2552 1842 2604 profe-

1019 2612 1181 2659 cturus,
1202 2622 1298 2651 eam
1318 2609 1438 2658 adiit,
1463 2613 1507 2649 et
1526 2608 1657 2649 variis
1675 2608 1842 2658 impeti-

1018 2670 1108 2706 tam
1131 2665 1354 2706 calumniis
1376 2663 1524 2705 divino
1544 2663 1721 2714 eloquio
1743 2674 1841 2702 con-

1018 2721 1186 2762 solatus
1228 2725 1310 2769 est;
1357 2719 1593 2769 habitaque
1628 2717 1750 2768 gravi
1785 2715 1843 2757 ad
