2080 2990
746 204 922 238 Officium
948 204 1236 238 Defunctorum.

193 302 460 344 Convertere
504 302 709 351 Domine,
760 307 804 343 et
849 302 970 354 eripe

140 358 329 399 animam
361 371 519 399 meam:
546 358 570 383 *
599 358 769 399 salvum
798 371 869 399 me
901 358 970 399 fae

138 418 323 466 propter
341 413 686 456 miseric6rdiam
704 418 835 463 tuam,

196 470 414 520 Qudniam
442 483 530 512 non
559 474 625 511 est
652 470 696 510 in
724 475 867 511 morte
897 470 970 521 qui

138 538 308 567 memor
333 526 389 567 sit
412 527 490 567 tui:
513 527 536 551 *
559 526 604 566 in
627 526 797 566 inferno
823 530 969 567 autem

140 582 237 634 quis
258 582 539 624 confitebitur
557 581 658 624 tibi?

190 638 412 680 Laboravi
430 638 474 678 in
492 638 657 689 gemitu
675 650 787 687 meo,
808 637 968 678 lavabo

138 707 218 746 per
239 694 432 745 singulas
455 698 608 736 noctes
627 693 791 735 lectum
808 706 968 734 meum:

138 751 162 777 *
181 750 371 791 lacrimis
396 750 506 792 meis
533 754 719 791 stratum
743 762 890 790 meum
914 749 967 789 ri-

136 805 269 859 gabo.
321 857 326 859 ξ

190 861 415 904 Turbatus
461 866 528 903 est
569 874 595 902 a
630 862 778 902 furere
815 861 969 902 Oculus

138 931 276 960 meus:
291 921 314 944 *
333 918 575 960 inveteravi
592 917 704 959 inter
722 930 874 958 omnes
893 917 968 957 ini-

137 977 277 1016 micos
295 987 431 1016 meos.

190 1029 417 1072 Discedite
437 1043 462 1071 a
480 1042 550 1070 me
571 1042 741 1078 omnes,
767 1029 841 1082 qui
866 1041 968 1081 ope-

138 1086 295 1127 ramini
314 1086 604 1139 iniquitatem:
623 1087 646 1111 *
668 1086 874 1137 qu6niam
899 1097 968 1125 ex-

138 1142 305 1184 audivit
318 1142 536 1183 D6minus
551 1154 706 1182 vocem
725 1141 854 1182 fletus
871 1141 968 1181 mei.

188 1198 426 1240 Exaudivit
452 1199 669 1239 Deminus
698 1197 968 1249 deprecatio-

137 1267 237 1296 nem
260 1267 420 1305 meam,
439 1257 463 1281 *
483 1254 699 1295 D6minus
724 1254 969 1294 oratidnem

136 1322 280 1352 meam
299 1310 505 1363 suscepit.

188 1366 475 1417 Erubescant,
498 1371 542 1408 et
563 1365 879 1407 conturbentur
899 1378 968 1406 ve-

136 1422 364 1464 hementer
410 1436 562 1464 omnes
610 1422 772 1463 inimici
817 1422 917 1462 mei:
946 1423 969 1447 *

138 1481 449 1521 convertantur
478 1484 522 1521 et
553 1478 815 1519 erubescant
841 1477 969 1518 valde

136 1534 358 1577 veleciter.

188 1591 405 1644 Requiem
424 1594 645 1633 aeternam.

194 1651 294 1692 Ant.
318 1650 587 1691 Convertere
605 1646 805 1695 D6mine‚
825 1650 868 1686 et
888 1646 967 1686 eri-

137 1716 194 1756 pe
227 1704 417 1744 animam
447 1717 607 1745 meam:
643 1702 849 1755 quc‘miam
881 1714 969 1742 non

138 1763 206 1800 est
223 1759 267 1800 in
284 1765 438 1810 morte,
457 1760 532 1812 qui
549 1772 719 1801 memor
739 1759 795 1799 sit
813 1758 887 1799 tui.

194 1818 295 1859 Ant.
328 1815 574 1868 Nequando
605 1815 747 1867 rapiat
770 1816 794 1842 *
819 1819 868 1855 ut
897 1813 967 1855 leo

139 1871 328 1912 animam
353 1884 515 1921 meam,
552 1871 658 1912 dum
687 1883 776 1911 non
802 1874 869 1911 est
895 1870 969 1921 qui

138 1926 340 1977 redimat,
365 1940 510 1980 neque
537 1927 610 1979 qui
634 1926 804 1967 salvum
827 1925 968 1966 faeiat.

432 1993 630 2033 Psalmus
650 1993 686 2032 7.

228 2041 372 2082 Omine
386 2041 508 2082 Deus
524 2053 647 2081 meus
661 2040 706 2080 in
719 2043 764 2080 te
779 2037 968 2090 speravi:

241 2099 265 2123 *¹
291 2097 462 2138 salvum
489 2109 559 2137 me
587 2096 656 2136 fac
684 2107 739 2136 ex
765 2093 968 2135 omnibus

139 2152 506 2206 persequentibus
523 2165 605 2201 me,
626 2156 669 2192 et
687 2150 826 2191 libera
844 2162 925 2190 me.

189 2208 440 2261 Nequando
459 2209 604 2261 rapiat
623 2211 670 2248 ut
689 2206 760 2247 leo
780 2206 968 2246 animam

138 2277 298 2315 meam,
311 2267 342 2301 ἶ*
362 2264 466 2306 dum
483 2277 573 2305 non
593 2268 659 2305 est
678 2262 752 2315 qui
771 2261 967 2310 redimat,

139 2333 283 2373 neque
304 2321 378 2373 qui
396 2321 565 2362 salvum
584 2320 727 2361 faciat.

190 2377 380 2419 Domine
395 2378 516 2418 Deus
531 2389 666 2425 meus,
686 2376 723 2415 si
741 2375 825 2416 feci
840 2372 968 2422 istud,
1016 2384 1019 2386 ·

140 2432 163 2457 *
183 2433 220 2473 si
244 2438 310 2474 est
334 2433 542 2485 iniquitas
561 2433 606 2472 in
623 2431 824 2472 manibus
844 2430 969 2471 meis:

193 2489 238 2529 Si
279 2487 452 2530 reddidi
486 2487 828 2530 retribuentibus
864 2486 970 2527 mihi

141 2544 271 2594 mala,
290 2546 313 2571 *
334 2544 535 2586 decidam
561 2545 719 2585 merito
748 2543 803 2584 ab
832 2542 968 2582 inimi-

142 2601 205 2642 cis
224 2601 334 2641 meis
353 2601 504 2641 inanis.

193 2657 490 2708 Persequatur
537 2657 737 2698 inimicus
783 2656 970 2696 animam

141 2725 294 2761 meam,
308 2717 352 2752 et
365 2711 723 2764 comprehendat,
738 2716 781 2752 et
797 2710 968 2752 concill-

269 2853 334 2877 Pars
350 2852 484 2879 memus.

1024 306 1094 343 cet
1111 301 1157 341 in
1175 306 1294 342 terra
1313 302 1448 343 vitam
1467 315 1625 352 meam,
1649 305 1673 329 ¹⁸¹
1698 307 1742 343 et
1764 302 1853 353 glo-

1022 357 1130 398 riam
1156 370 1299 398 meam
1325 358 1369 398 in
1396 358 1625 410 piilverem
1652 357 1854 399 dedlicat.

1075 414 1275 464 EXSI'lrge
1295 414 1483 455 Domine
1506 415 1551 454 in
1571 414 1636 455 ira
1656 419 1747 455 tua:
1766 416 1789 440 *
1811 419 1855 455 et

1024 470 1218 511 exaltare
1237 469 1281 510 in
1300 470 1460 511 finibus
1478 470 1753 511 inimicdrum
1766 482 1853 511 me-

1024 527 1160 566 Orum.

1075 581 1132 622 Et
1164 585 1351 632 exstirge
1379 582 1476 623 Dfie
1503 582 1624 623 Deus
1655 594 1778 623 meus
1810 582 1854 622 in

1023 639 1248 690 praeeepto
1275 638 1395 690 quod
1413 638 1643 679 mandasti:
1658 640 1682 664 ²⁴¹
1695 643 1738 679 et
1757 651 1853 690 syn-

1023 696 1164 745 ag6ga
1183 694 1449 746 populOrum
1469 694 1757 735 eircfimdabit
1775 699 1830 735 te.

1074 750 1132 791 Et
1156 756 1341 803 propter
1359 749 1473 791 hanc
1492 751 1535 790 in
1556 750 1691 791 altum
1710 751 1853 800 regre—

1023 806 1143 847 dere:
1162 809 1186 833 *
1205 807 1421 848 Dominus
1440 806 1603 858 indicat
1621 806 1824 858 pepulos.

1075 863 1099 903 J
1102 862 1231 904 ridica
1271 875 1342 903 me
1381 862 1570 903 Demine
1614 862 1854 903 secandum

1022 919 1230 969 justitiam
1266 931 1427 967 meam,
1463 919 1487 943 *
1525 924 1569 960 et
1612 917 1854 959 seci'mdum

1023 975 1317 1016 innocentiam
1336 987 1479 1015 meam
1500 987 1632 1026 super
1652 987 1733 1015 me.

1077 1031 1369 1072 Consumetur
1412 1031 1610 1082 nequitia
1650 1032 1852 1082 peecato-

1022 1100 1135 1136 rum,
1162 1093 1205 1128 et
1230 1086 1392 1137 diriges
1412 1087 1589 1137 justum,
1608 1088 1632 1112 *
1652 1091 1853 1127 scrutans

1023 1143 1161 1184 corda
1180 1148 1223 1184 et
1243 1155 1370 1184 renes
1390 1143 1523 1183 Deus.

1073 1199 1097 1239 J
1099 1205 1244 1240 ustum
1265 1199 1527 1250 adjut6rium
1542 1211 1687 1239 meum
1703 1211 1727 1238 a
1742 1198 1853 1246 Dim,

1022 1257 1046 1280 *
1067 1256 1141 1307 qui
1160 1255 1305 1296 salvos
1325 1255 1429 1295 facit
1447 1260 1594 1295 rectos
1614 1253 1759 1295 eorde.

1075 1312 1197 1352 Deus
1216 1310 1347 1363 judex
1365 1311 1520 1362 justus,
1547 1310 1692 1359 fortis,
1716 1315 1759 1351 et
1779 1312 1852 1361 pa-

1022 1367 1149 1408 tiens:
1168 1369 1191 1393 *
1210 1366 1425 1418 numquid
1449 1366 1653 1407 irascitur
1670 1378 1750 1418 per
1770 1368 1853 1406 sin-

1021 1424 1149 1475 gulos
1170 1422 1287 1464 dies?

1074 1480 1172 1521 Nisi
1204 1479 1406 1520 conversi
1438 1478 1622 1526 fueritis,
1660 1477 1854 1528 gladium

1022 1550 1150 1577 suum
1180 1534 1386 1577 vibrabit:
1411 1535 1433 1559 *
1459 1547 1609 1575 areum
1637 1546 1763 1574 suum
1791 1538 1851 1574 te·

1021 1590 1174 1641 tendit,
1195 1596 1238 1632 et
1255 1591 1431 1643 paravit
1450 1590 1582 1630 illum.

1074 1649 1130 1689 Et
1155 1648 1199 1688 in
1228 1660 1280 1689 eo
1305 1646 1477 1699 paravit
1503 1658 1608 1686 vasa
1632 1645 1805 1694 mortis,
1830 1646 1853 1671 *

1022 1706 1203 1755 sagittas
1223 1715 1324 1744 suas
1344 1701 1600 1743 ardentibus
1620 1700 1775 1741 effecit.

1073 1761 1189 1801 Eece
1209 1759 1414 1811 parti'iriit
1429 1757 1697 1809 injustitiam:
1712 1757 1736 1782 *
1751 1769 1852 1796 con-

1023 1817 1141 1868 ce'pit
1173 1815 1389 1863 dolerem,
1423 1819 1466 1854 et
1497 1812 1671 1865 peperit
1699 1811 1851 1863 iniqui-

1021 1874 1170 1912 tatem.

1074 1927 1239 1968 Lacum
1258 1925 1439 1978 aperuit,
1459 1929 1503 1965 et
1522 1923 1676 1965 effodit
1697 1937 1809 1965 eum:
1828 1924 1852 1948 *

1022 1988 1067 2025 et
1084 1982 1237 2024 incidit
1255 1982 1299 2022 in
1317 1982 1502 2030 f6veam‚
1525 1993 1655 2032 quam
1675 1980 1789 2021 fecit.

1076 2039 1367 2080 Convertetur
1393 2036 1521 2077 dolor
1546 2036 1636 2087 ejus
1656 2036 1700 2076 in
1719 2041 1852 2088 caput

1022 2096 1127 2147 ejus:
1145 2096 1169 2120 *
1189 2099 1232 2135 et
1250 2094 1295 2134 in
1313 2093 1523 2134 verticem
1541 2092 1679 2144 ipsius
1699 2092 1852 2144 iniqui-

1021 2156 1090 2192 tas
1110 2152 1200 2202 ejus
1221 2148 1470 2191 descendet.

1075 2205 1331 2248 Confitebor
1372 2204 1563 2245 Domino
1610 2202 1852 2244 seci'mdum

1021 2263 1229 2314 justitiam
1249 2263 1355 2313 ejus:
1375 2262 1399 2287 *
1419 2266 1463 2302 et
1481 2259 1668 2312 psallam
1686 2259 1852 2299 n6mini

1021 2318 1200 2359 Demini
1219 2316 1431 2358 altissimi.

1074 2374 1291 2426 Requiem
1309 2374 1528 2414 aeternam.

1079 2431 1179 2472 Ant.
1196 2428 1439 2481 Nequando
1459 2427 1602 2479 rapiat
1616 2431 1664 2467 ut
1678 2426 1748 2467 leo
1765 2426 1850 2466 ani-

1021 2498 1138 2526 mam
1156 2498 1313 2534 meam,
1340 2483 1445 2525 dum
1469 2495 1557 2524 non
1577 2487 1644 2523 est
1664 2482 1738 2534 qui
1756 2481 1850 2522 red-

1022 2542 1138 2591 imat,
1157 2554 1300 2593 neque
1322 2540 1396 2592 qui
1415 2539 1583 2580 salvum
1601 2538 1742 2579 faciat.

1079 2595 1129 2645 V.
1152 2599 1194 2638 A
1216 2602 1348 2649 porta
1372 2595 1509 2636 inferi.
1554 2598 1604 2648 R.
1626 2594 1743 2634 Erue
1762 2593 1849 2632 Βό-

1023 2654 1138 2695 mine
1159 2654 1324 2694 animas
1344 2653 1507 2693 e6rum.

1080 2712 1205 2750 Pater
1224 2712 1385 2749 noster.
1410 2715 1548 2749 totum
1571 2712 1752 2747 secreto.

1584 2834 1635 2866 L*
