2040 2990
176 168 223 203 82
769 172 875 205 Fcria
904 172 1033 215 quinta
1061 172 1107 205 ad
1134 172 1294 206 Laudes.

228 266 409 306 Incensa
429 265 527 316 igni,
549 269 592 306 et
612 263 799 305 suffOssa
819 266 842 291 *
862 264 917 305 ab
940 265 1000 305 in-

177 321 429 374 crepatione
454 321 602 362 vultus
630 321 694 362 tui
722 321 939 374 peribunt.

227 378 324 418 Fiat
367 390 521 418 manus
567 383 642 419 tua
687 390 818 431 super
859 378 1001 419 virum

176 434 369 475 dexterae
407 439 512 475 tuae:
554 436 577 461 ¹⁸¹
615 440 658 476 et
693 448 825 487 super
862 434 1000 475 filium

175 490 374 540 homnis,
404 503 535 542 quem
562 491 829 532 confirmasti
857 490 948 532 tibi.

226 548 282 588 Et
309 560 398 588 non
427 546 694 589 discedimus
727 560 751 589 a
780 553 835 597 te,
864 548 999 589 vivifi-

175 603 296 644 cabis
330 616 429 645 nos:
458 606 481 630 ’⁸¹
510 609 553 645 et
589 616 750 645 nomen
783 609 906 645 tuum
939 604 999 644 in-

175 659 442 701 vocabimus.

224 717 413 758 Domine
426 718 546 759 Deus
559 718 781 766 virttitum,
790 719 999 759 converte

173 786 269 814 nos:
288 775 311 800 *
332 779 376 815 et
405 774 587 815 ostende
617 774 770 815 faciem
799 779 930 824 tuam,
956 779 999 816 et

175 829 282 871 salvi
310 830 482 871 erimus.

226 891 325 929 Ant.
351 888 576 939 Propitius
596 892 691 929 esto
710 888 904 940 peccatis
924 901 998 929 no-

174 945 277 986 stris
305 944 504 985 Demine.

225 1003 304 1042 Per
324 1003 507 1041 Annum.
529 996 576 1047 ,V
600 1001 866 1043 Gaudebunt
882 1002 998 1043 labia

172 1070 286 1106 mea,
324 1071 421 1098 curn
459 1060 693 1099 cantavero
731 1058 822 1099 tibi.
858 1062 905 1111 Rg.
942 1060 997 1101 Et

173 1114 316 1155 anima
344 1127 441 1155 mea
471 1127 602 1166 quam
631 1114 866 1157 redemisti.

226 1175 271 1213 In
294 1174 509 1214 Adventu.
536 1168 583 1219 V
607 1172 672 1212 Ex
695 1171 799 1213 Sion
826 1173 996 1225 speeies

172 1226 345 1268 decoris
374 1229 475 1278 ejus.
505 1230 553 1270 Η.
582 1229 701 1269 Deus
729 1235 879 1271 noster
909 1243 995 1271 ma-

170 1283 326 1325 nifeste
354 1284 510 1325 veniet.

224 1343 305 1382 Pro
337 1357 421 1384 uno
444 1344 567 1385 Mart.
597 1339 646 1390 V.
675 1342 827 1383 Gloria
857 1349 901 1385 et
920 1343 995 1385 ho-

169 1398 276 1438 nere
293 1398 515 1439 coronasti
536 1411 635 1439 eum
651 1398 849 1440 Demine.
869 1404 918 1454 K.
940 1401 996 1443 Et

170 1454 437 1495 eonstituisti
467 1467 565 1496 eum
590 1468 722 1508 super
744 1458 880 1508 opera
908 1460 994 1499 ma-

170 1523 303 1551 nuum
330 1513 514 1552 tuarum.

221 1572 305 1611 Pro
332 1572 438 1622 plur.
461 1573 584 1613 Mart.
614 1568 663 1619 V.
692 1569 921 1612 Laetamini
951 1572 995 1612 in

169 1623 372 1672 DeminQ
400 1629 443 1665 et
472 1625 688 1667 exsultate
716 1627 828 1678 justi.
858 1632 908 1683 R.
939 1629 995 1671 Et

169 1679 417 1730 gloriamini
443 1693 596 1723 omnes
625 1683 734 1724 recti
763 1684 909 1726 eorde.

222 1739 305 1778 Pro
343 1739 463 1779 Conf.
499 1739 622 1780 Pont.
662 1745 703 1780 et
744 1754 829 1781 non
870 1742 993 1782 Pont.

170 1790 219 1841 V.
235 1794 412 1835 Amavit
432 1807 531 1835 eum
554 1795 781 1846 Dominus,
805 1802 848 1838 et
868 1800 993 1839 orna-

170 1850 231 1891 vit
262 1863 371 1891 eum.
402 1853 450 1903 lx'g.
477 1851 643 1893 Stolam
670 1852 823 1904 gloriae
852 1854 993 1897 induit

171 1920 280 1948 eum.

222 1964 305 2003 Pro
336 1978 419 2004 una
454 1966 622 2006 Sancta.
659 1960 706 2010 V
736 1967 891 2020 Specie
917 1973 993 2010 tua

170 2025 213 2061 et
240 2020 565 2073 pulchritudine
596 2027 683 2064 tua.
716 2025 765 2075 R„
796 2024 993 2075 Intende,

168 2078 381 2129 prospere
407 2078 614 2130 procede,
640 2084 682 2121 et
710 2093 853 2131 regna.

553 2164 615 2191 πῶυ
623 2177 628 2178 ⁷

422 2223 500 2264 Ad
525 2224 733 2267 Laudes.

222 2285 319 2325 Ant.
345 2285 445 2327 Tibi
462 2286 545 2327 soli
564 2288 756 2339 peccavi,
767 2290 790 2315 *
804 2288 992 2333 Domine

169 2340 376 2383 miserere
404 2343 501 2383 mei.

223 2400 287 2438 l's.
322 2398 530 2440 Miserere
553 2400 650 2441 mei.
677 2401 750 2441 50.

223 2456 319 2495 Ant.
352 2455 550 2496 Demine.

439 2524 632 2565 I‘salmus
662 2528 727 2565 89.

506 2585 721 2636 refugium
762 2586 901 2629 factus
946 2602 991 2630 es

317 2640 462 2681 nobis:
498 2643 521 2667 *
562 2654 587 2682 a
627 2644 908 2692 generatione
949 2646 992 2686 in

249 2704 274 2720 ⁴³
315 2697 654 2749 generatic'mem.

1105 264 1368 315 Priusquam
1397 269 1572 305 montes
1600 264 1775 317 fierent,
1808 272 1884 309 aut

1054 321 1317 362 formaretur
1344 326 1463 362 terra
1492 326 1535 362 et
1564 320 1700 363 orbis:
1717 324 1740 350 *
1760 336 1786 365 a
1805 326 1882 365 sae-

1055 377 1154 419 culo
1173 382 1216 418 et
1232 389 1371 429 usque
1390 377 1434 418 in
1451 377 1615 419 saeculu
1625 382 1674 420 tu
1691 392 1738 421 es
1748 380 1881 422 Deus.

1105 434 1173 475 Ne
1199 436 1373 475 avertas
1397 433 1620 475 hominem
1646 435 1690 476 in
1713 436 1881 479 humili—

1053 493 1206 532 tatem:
1235 492 1258 517 *
1287 495 1330 531 et
1368 490 1534 533 dixisti:
1567 490 1882 536 Convertimini

1054 547 1131 588 filii
1157 546 1395 588 hominum.

1106 604 1323 654 Quoniam
1348 604 1468 646 mille
1489 605 1590 645 anni
1608 610 1710 647 ante
1729 606 1882 649 oculos

1052 666 1171 711 tuos,
1208 663 1231 687 *
1270 665 1495 713 tamquam
1534 661 1628 704 dies
1666 662 1882 715 hesterna,

1054 731 1152 769 quae
1180 718 1406 770 praeteriit,

1104 775 1160 816 Et
1181 774 1384 817 custodia
1407 775 1451 816 in
1469 780 1611 826 nocte,
1632 778 1655 803 *
1675 789 1775 828 quae
1798 790 1881 830 pro

1052 831 1188 873 nihilo
1209 831 1438 882 habentur,
1454 834 1606 873 eorum
1626 834 1728 874 anni
1745 840 1882 876 erunt.

1105 888 1232 930 Mane
1250 888 1363 930 sicut
1378 888 1516 930 herba
1530 892 1738 941 transeat,
1752 904 1881 933 mane

1052 945 1219 995 floreat,
1249 950 1292 987 et
1319 948 1530 987 transeat:
1551 948 1574 974 *
1594 948 1780 1000 vespere
1809 948 1880 990 de-

1052 1002 1180 1052 cidat,
1208 1002 1385 1044 induret
1415 1007 1458 1044 et
1486 1005 1667 1045 arescat.

1104 1059 1215 1108 Quia
1245 1058 1483 1101 defecimus
1511 1060 1556 1100 in
1584 1060 1649 1101 ira
1673 1065 1760 1111 tua,
1788 1063 1812 1089 *
1837 1066 1881 1104 et

1050 1115 1094 1155 in
1123 1116 1271 1157 furore
1298 1121 1376 1158 tuo
1405 1116 1573 1158 turbati
1601 1130 1763 1159 sumus.

1102 1172 1297 1214 Posuisti
1332 1173 1589 1225 iniquitates
1624 1179 1800 1216 nostras
1835 1176 1881 1216 in

1051 1231 1293 1282 conspectu
1309 1235 1405 1271 tuo:
1419 1231 1442 1257 *
1454 1230 1664 1272 saeculum
1679 1236 1881 1274 nostrum

1050 1285 1093 1326 in
1122 1286 1443 1328 illuminatione
1471 1287 1620 1329 vultus
1648 1288 1724 1329 tui.

1103 1343 1320 1393 Quoniam
1343 1356 1497 1385 omnes
1523 1343 1618 1386 dies
1643 1345 1785 1387 nostri
1807 1344 1879 1387 de—

1050 1399 1261 1441 fecerunt:
1278 1402 1302 1427 *
1321 1405 1364 1442 et
1384 1401 1429 1442 in
1448 1401 1513 1443 ira
1532 1406 1608 1443 tua
1627 1401 1879 1444 defecimus.

1101 1456 1217 1497 Anni
1245 1457 1387 1499 nostri
1416 1458 1530 1501 sicut
1555 1461 1716 1501 aranea
1743 1458 1878 1501 medi-

1048 1512 1274 1554 tabuntur:
1294 1516 1318 1541 *
1339 1514 1434 1556 dies
1464 1518 1678 1558 annorum
1707 1518 1879 1557 nostro-

1048 1582 1145 1610 rum
1177 1570 1221 1610 in
1249 1571 1370 1623 ipsis,
1399 1574 1680 1625 septuaginta
1710 1572 1822 1613 anni.

1099 1626 1144 1667 Si
1173 1632 1319 1669 autem
1347 1628 1391 1669 in
1412 1628 1731 1681 potentatibus,
1758 1634 1878 1671 octo-

1046 1685 1167 1734 ginta
1203 1684 1318 1724 anni:
1352 1686 1375 1711 *
1405 1692 1448 1727 et
1486 1686 1675 1739 amplius
1715 1687 1879 1737 e6rum,

1046 1739 1173 1782 labor
1203 1746 1246 1782 et
1275 1740 1414 1783 dolor.

1100 1797 1318 1847 Qu6niam
1343 1799 1598 1852 supervenit
1628 1803 1876 1842 mansuetu-

1047 1854 1125 1897 do:
1154 1856 1177 1881 *
1206 1860 1249 1897 et
1277 1856 1576 1909 corripiemur.

1099 1911 1208 1962 Quis
1223 1913 1347 1954 novit
1362 1916 1634 1966 potestatem
1646 1914 1724 1955 irae
1735 1918 1841 1955 tuae:
1853 1915 1877 1942 *

1047 1974 1090 2010 et
1118 1981 1212 2021 prae
1240 1969 1399 2011 timere
1428 1975 1506 2012 tuo
1536 1970 1647 2011 iram
1668 1975 1789 2012 tuam
1814 1970 1875 2012 di-

1045 2026 1303 2067 numerare?

1097 2082 1338 2123 Dexteram
1358 2088 1479 2125 tuam
1500 2084 1564 2125 sic
1582 2089 1734 2125 notam
1753 2083 1835 2126 fac:
1851 2085 1875 2111 *

1046 2143 1090 2180 et
1119 2138 1317 2180 eruditos
1347 2140 1481 2182 eorde
1511 2140 1556 2181 in
1585 2140 1812 2193 sapientia.

1097 2195 1367 2238 Convertere
1395 2197 1585 2239 Domine
1618 2195 1874 2250 usquequo?

1045 2254 1068 2279 *
1098 2257 1141 2313 et
1169 2251 1463 2304 deprecabilis
1499 2259 1595 2296 esto
1625 2267 1758 2307 super
1786 2267 1873 2296 ser-

1045 2321 1124 2350 vos
1153 2313 1266 2349 tuos.

1096 2364 1273 2417 Repleti
1303 2378 1453 2408 sumus
1480 2381 1608 2410 mane
1627 2368 1872 2410 misericer-

1045 2420 1118 2463 dia
1145 2426 1234 2462 tua:
1259 2423 1282 2448 *
1301 2428 1344 2463 et
1373 2424 1699 2474 exsultavimus,
1728 2429 1773 2466 et
1800 2423 1871 2466 de-

1044 2477 1195 2519 lectati
1219 2490 1369 2520 sumus
1392 2481 1595 2523 omnibus
1623 2480 1778 2523 diebus
1797 2493 1871 2522 no·

1045 2534 1158 2575 stris.

1096 2591 1255 2632 Laetati
1267 2604 1417 2633 sumus
1432 2605 1514 2645 pro
1527 2593 1694 2645 diebus,
1711 2594 1870 2647 quibus

1044 2660 1124 2688 nos
1144 2646 1399 2689 humiliasti:
1419 2651 1442 2675 *
1462 2650 1598 2700 annis,
1625 2651 1784 2703 quibus
1810 2653 1869 2692 vi-

1045 2702 1189 2745 dimus
1216 2703 1342 2745 mala.
