2040 2990
760 209 963 244 Dominiea
987 210 1257 253 Sexagesimae.

161 304 275 354 Sem,
294 303 445 353 Cham,
469 307 512 345 et
530 303 554 344 J
556 302 728 356 apheth.
767 303 983 355 Corrupta

162 364 230 402 est
253 365 399 401 autem
416 365 533 401 terra
551 372 699 402 coram
717 359 831 408 Deo,
857 363 901 401 et
919 371 982 400 re-

160 416 279 469 pleta
295 421 362 457 est
380 416 616 469 iniquitate.
645 415 839 468 Cumque
854 415 982 456 vidis-

161 477 228 514 set
254 473 374 514 Deus
407 478 569 514 terram
597 485 692 514 esse
721 474 982 524 corruptam,

161 529 317 580 (omnis
338 529 498 581 quippe
523 541 624 570 caro
649 531 904 580 corruperat
924 528 982 568 vi-

161 598 231 626 am
263 598 384 626 suam
416 598 548 638 super
579 585 756 635 terram)
789 583 898 626 dixit
927 584 983 625 ad

159 641 276 682 Noe:
308 642 427 683 Finis
454 642 669 683 universae
698 641 837 682 carnis
865 641 983 682 venit

162 710 310 739 coram
325 711 409 739 me:
429 698 596 750 repleta
613 702 680 739 est
697 702 814 739 terra
831 697 982 749 iniqui—

160 756 252 796 tate
275 768 300 795 a
323 755 433 796 facie
458 756 624 804 eorum,
650 758 693 795 et
717 765 797 804 ego
819 753 981 806 disper-

162 810 262 852 dam
281 824 358 853 eos
375 824 473 852 cum
486 815 613 852 terra.
641 810 728 851 Fac
742 809 823 851 tibi
838 823 983 851 arcam

162 867 217 908 de
245 867 372 918 lignis
399 867 632 918 laevigatis:
663 866 983 907 mansiunculas

160 924 204 964 in
231 936 333 965 arca
359 923 511 974 facieS,
546 929 589 965 et
619 923 830 965 bitumine
858 922 983 963 linies

161 980 420 1021 intrinsecus
445 985 489 1022 et
516 982 796 1021 extrinsecus.
839 979 895 1020 Et
921 979 983 1020 sic

161 1036 293 1078 facies
322 1049 435 1078 eam:
468 1036 784 1077 Trecentorum
817 1035 982 1077 cubito-

160 1105 257 1134 rum
277 1093 359 1134 erit
377 1092 602 1143 longitudo
622 1105 751 1142 arcae,
777 1092 982 1144 quinqua-

159 1151 278 1199 ginta
297 1148 543 1190 cubitorum
559 1147 756 1198 latitudo,
776 1153 819 1190 et
837 1148 982 1199 trigin-

161 1210 206 1247 ta
226 1205 473 1247 cubitorum
492 1204 677 1247 altitudo
696 1204 821 1245 illius.

210 1274 260 1327 Rz.
297 1269 593 1321 Quadraginta
625 1269 717 1311 dies
754 1274 798 1311 et
830 1274 982 1311 noctes

160 1327 301 1379 aperti
320 1331 420 1368 sunt
438 1326 555 1376 coeli,
579 1330 623 1367 et
642 1339 695 1367 ex
717 1326 834 1367 omni
852 1338 982 1367 carne

160 1383 348 1425 habente
394 1383 596 1435 spiritum
641 1382 743 1424 vitae
788 1382 983 1433 ingressa

161 1444 262 1481 sunt
284 1440 327 1480 in
351 1451 511 1480 arcam:
532 1443 555 1467 *
578 1439 635 1481 Et
658 1438 812 1481 clausit
832 1451 857 1479 a
875 1438 981 1479 foris

161 1496 321 1537 ostium
330 1495 556 1536 Dominus.
573 1492 623 1545 V.
634 1496 685 1536 In
700 1495 881 1537 articulo
896 1494 981 1536 diei

160 1552 273 1594 illius
299 1552 520 1603 ingressus
545 1555 612 1593 est
634 1551 731 1593 No'e
756 1551 801 1591 in
826 1563 981 1601 arcam,

161 1613 204 1650 et
222 1608 300 1649 filii
316 1609 417 1660 ejus,
437 1613 479 1650 et
496 1620 608 1649 uxor
621 1607 745 1658 illius,
765 1613 808 1649 et
822 1610 981 1649 uxores

160 1665 349 1706 filiorum
364 1665 464 1716 ejus.
495 1664 561 1706 Et.
594 1664 745 1707 Gloria
758 1664 888 1707 Patri.
915 1664 982 1706 Et.

390 1746 439 1786 In
458 1746 508 1785 H.
528 1746 748 1786 Nocturno.

160 1815 227 1855 Ex
245 1812 357 1855 libro
377 1813 514 1854 sancti
535 1812 757 1854 Ambrosii
774 1812 982 1866 Episcopi

390 1868 444 1911 de
462 1869 560 1910 Noe
580 1873 623 1910 et
642 1881 752 1910 arca.

236 1931 388 1974 Lectio
408 1933 461 1974 iv.
531 1937 623 1980 Cap.
640 1936 669 1970 4.
688 1936 789 1970 circa
805 1936 902 1971 med.

168 2039 170 2041 ,
195 2003 257 2065 [³3³2]
274 2014 279 2073 Ι
292 1995 406 2046 abes,
419 1995 519 2048 quia
530 1995 666 2037 iratus
675 1995 889 2059 Dominus
901 1999 980 2036 est:

195 2074 219 2123 ’ἒ
235 2075 257 2124 ³¹
274 2085 279 2123 ¹
308 2054 744 2160 33222120322531233
756 2053 980 2159 {3322}ssAE

159 2163 268 2205 situs
285 2164 329 2205 in
343 2169 472 2206 terrae
486 2164 674 2215 regione,
694 2176 868 2206 carnem
881 2176 979 2216 por-

159 2224 272 2270 tans,
293 2220 384 2262 sine
404 2222 588 2273 peccato
609 2233 705 2262 esse
724 2232 810 2261 non
828 2219 980 2272 possit,

159 2276 292 2326 (terra
312 2277 425 2318 enim
444 2277 563 2319 velut
583 2276 761 2329 quidam
779 2276 979 2318 tentatio-

159 2345 262 2373 num
279 2332 402 2374 locus
417 2338 494 2383 est,
514 2335 704 2385 caroque
719 2332 979 2385 corruptelae

159 2388 378 2440 illecebra)
388 2394 534 2431 tamen
545 2402 643 2431 cum
652 2389 862 2431 haberent
872 2401 981 2430 men-

159 2448 250 2485 tem
263 2445 443 2487 rationis
459 2447 675 2498 capacem,
689 2445 979 2496 virtutemque

161 2500 315 2542 animae
329 2501 515 2543 infusam
528 2501 713 2554 corpori,
732 2502 824 2543 sine
842 2501 978 2542 consi-

161 2555 385 2598 deratione
399 2558 544 2610 aliqua
553 2558 597 2599 in
610 2558 781 2610 lapsum
791 2559 978 2607 ruerunt,

161 2624 215 2653 ex
231 2624 317 2664 quo
336 2615 543 2655 revocare
558 2626 606 2656 se
623 2614 798 2655 nollent.
824 2613 978 2665 Neque

161 2668 274 2709 enim
295 2668 415 2710 Deus
443 2670 606 2720 cogitat
633 2670 745 2711 sicut
771 2669 978 2718 hemines,

159 2729 207 2766 ut
230 2724 375 2776 aliqua
394 2725 433 2766 ei
450 2737 563 2767 nova
586 2725 791 2768 succedat
811 2726 978 2767 senten-

1788 205 1856 240 335

1033 302 1104 351 tia,
1118 315 1261 354 neque
1274 302 1472 344 irascitur
1486 304 1607 356 quasi
1620 304 1853 346 mutabilis:

1033 358 1112 400 sed
1125 358 1225 400 ideo
1242 358 1337 400 haec
1352 359 1564 410 leguntur,
1581 365 1628 401 ut
1644 362 1854 413 exprima-

1032 419 1102 456 tur
1123 418 1406 467 peccatorum
1425 418 1673 458 nostrorum
1692 417 1853 459 acerbi—

1033 475 1117 521 tas,
1147 484 1245 523 quae
1273 471 1463 513 divinam
1491 474 1695 514 meruerit
1724 473 1854 515 offen-

1034 540 1142 568 sam:
1168 533 1392 580 tamquam
1411 531 1605 580 eousque
1625 529 1854 572 increverit

1034 583 1172 636 culpa,
1192 589 1240 626 ut
1260 584 1389 625 etiam
1409 585 1539 634 Deus,
1563 585 1635 637 qui
1654 587 1854 627 naturali-

1033 644 1100 681 ter
1122 653 1209 682 non
1229 643 1429 682 movetur
1452 646 1525 683 aut
1547 642 1624 691 ira,
1649 647 1723 684 aut
1743 643 1855 693 odio,

1034 702 1109 738 aut
1135 698 1338 749 passione
1367 697 1472 746 ulla,
1506 700 1768 750 provocatus
1797 700 1854 740 vi-

1035 752 1190 794 deatur
1209 753 1265 794 ad
1284 752 1561 795 iracundiam.

1085 816 1134 866 R.
1163 809 1416 851 AEdifieavit
1434 810 1531 852 Noe
1555 810 1691 852 altare
1709 811 1854 851 Domi-

1034 878 1110 915 no,
1143 866 1331 908 offerens
1359 879 1490 919 super
1518 866 1624 908 illud
1651 867 1854 908 holocau-

1035 927 1168 963 stum:
1207 923 1504 975 odoratusque
1542 928 1608 964 est
1643 924 1855 965 Dominus

1035 978 1218 1020 odorem
1237 979 1478 1028 suavitatis,
1503 984 1546 1021 et
1565 978 1787 1021 benedixit
1806 980 1855 1029 ei,

1035 1034 1202 1076 dicens:
1229 1039 1251 1063 *
1285 1036 1499 1086 Crescite,
1529 1040 1572 1077 et
1599 1035 1855 1088 multiplica-

1033 1091 1153 1141 mini,
1182 1097 1225 1133 et
1252 1091 1419 1144 replete
1446 1096 1618 1133 terram.
1660 1089 1710 1141 V.
1739 1093 1854 1134 Ecce

1034 1160 1115 1198 ego
1139 1150 1325 1190 statuam
1348 1153 1526 1201 pactum
1546 1161 1690 1190 meum
1713 1148 1854 1190 vobis-

1034 1216 1152 1254 cum,
1184 1210 1228 1246 et
1256 1218 1354 1246 cum
1387 1205 1550 1246 semine
1578 1210 1725 1246 vestro
1752 1209 1855 1257 post

1034 1273 1124 1301 vos.
1152 1261 1353 1303 Crescite.

1339 1322 1490 1364 Lectio
1514 1336 1548 1362 v.

1136 1375 1311 1416 initatus
1328 1378 1394 1415 est
1408 1375 1632 1426 praeterea,
1649 1372 1767 1425 quod
1782 1372 1852 1414 de-

1156 1431 1266 1472 leret
1293 1429 1522 1472 hominem.
1551 1430 1640 1479 ,Ab
1668 1428 1853 1478 homine,

1033 1488 1182 1540 inquit,
1201 1499 1339 1538 usque
1355 1485 1411 1527 ad
1425 1499 1570 1538 pecus,
1591 1491 1633 1528 et
1650 1499 1675 1527 a
1691 1485 1852 1538 reptili-

1032 1544 1114 1586 bus
1128 1557 1267 1597 usque
1282 1543 1337 1584 ad
1352 1543 1543 1584 volatilia
1556 1542 1723 1585 delebo.
1739 1541 1854 1592 Quid

1032 1601 1236 1642 laeserant
1262 1598 1596 1643 irrationabilia?
1638 1597 1724 1640 Sed
1753 1598 1854 1650 quia

1032 1662 1214 1710 propter
1240 1657 1459 1699 hominem
1485 1655 1558 1697 illa
1583 1656 1696 1697 facta
1720 1658 1852 1703 erant,

1033 1726 1086 1755 eo
1120 1714 1270 1766 utique
1306 1713 1471 1762 deleto,
1507 1716 1690 1764 propter
1724 1723 1853 1762 quem

1032 1770 1146 1812 facta
1186 1775 1305 1820 sunt,
1346 1771 1617 1821 consequens
1654 1771 1765 1816 erat,
1805 1770 1853 1807 ut

1033 1827 1162 1868 etiam
1176 1826 1250 1867 illa
1266 1825 1522 1874 delerentur,
1543 1824 1643 1876 quia
1657 1835 1743 1864 non
1760 1826 1852 1863 erat

1034 1883 1107 1936 qui
1131 1883 1198 1924 his
1223 1883 1426 1924 uteretur.
1463 1881 1600 1922 Sensu
1625 1884 1770 1921 autem
1794 1878 1850 1919 al-

1031 1940 1142 1981 tiore
1156 1938 1264 1980 illud
1275 1938 1588 1979 manifestatur:
1604 1937 1703 1989 quia
1717 1936 1850 1978 homo

1031 2008 1153 2037 mens
1177 1999 1258 2044 est,
1285 2007 1382 2047 quae
1408 1998 1475 2036 est
1496 1993 1677 2035 rationis
1702 2005 1851 2045 capax.

1027 2052 1176 2093 Homo
1212 2051 1325 2093 enim
1361 2050 1564 2092 definitur
1601 2048 1759 2090 animal
1791 2048 1850 2089 vi-

1031 2121 1147 2157 vum,
1168 2107 1367 2156 mortale,
1389 2105 1656 2148 rationabile.
1690 2104 1850 2146 Princi-

1030 2163 1120 2216 pali
1142 2164 1272 2214 igitur
1291 2165 1523 2212 exstincto,
1548 2162 1678 2204 etiam
1698 2173 1850 2203 sensus

1032 2220 1170 2261 omnis
1196 2219 1496 2271 exstinguitur:
1524 2231 1577 2260 eo
1603 2217 1723 2271 quod
1746 2216 1850 2257 nihil

1031 2276 1187 2328 reliqui
1212 2274 1269 2317 ad
1295 2276 1481 2317 salutem
1510 2274 1718 2327 supersit,
1752 2286 1849 2314 cum

1031 2332 1183 2374 salutis
1213 2331 1539 2374 fundamentum
1570 2331 1706 2372 virtus
1736 2329 1849 2371 defe-

1031 2389 1149 2431 cerit.

1084 2448 1134 2498 R.
1155 2445 1322 2486 Ponam
1340 2456 1488 2486 arcum
1506 2455 1649 2485 meum
1666 2442 1710 2482 in
1729 2440 1848 2482 nubi-

1029 2500 1112 2542 bus
1131 2500 1243 2551 coeli,
1262 2500 1370 2542 dixit
1388 2500 1601 2541 Dominus
1621 2497 1677 2539 ad
1694 2498 1805 2539 Noe:
1825 2502 1848 2526 *

1029 2557 1084 2598 Et
1109 2556 1374 2599 recordabor
1400 2555 1577 2598 fo'ederis
1601 2554 1703 2603 mei,
1730 2551 1847 2606 quod

1029 2613 1176 2666 pepigi
1194 2618 1348 2655 tecum.
1380 2609 1428 2661 V.
1443 2612 1637 2663 Cumque
1657 2608 1845 2652 obduxe-

1029 2681 1079 2710 ro
1093 2668 1280 2711 nubibus
1294 2669 1464 2718 coelum,
1480 2666 1708 2720 apparebit
1720 2676 1844 2705 arcus

1028 2737 1150 2767 meus
1171 2725 1215 2766 in
1233 2725 1430 2767 nubibus.
1458 2725 1514 2766 Et
1532 2720 1805 2765 recordabor.
