2040 2990
635 205 772 243 ouium
800 205 860 238 dic
889 205 982 238 iufra
1010 207 1192 239 Octavum
1220 205 1459 249 Epiphaniae.

191 301 332 349 cupat.
382 295 496 338 Hinc
523 298 682 339 iterum
710 298 834 341 dicit:
863 299 1016 340 Risum

191 352 399 406 deputavi
423 354 634 403 errorem,
663 359 707 396 et
729 355 890 405 gaudio
917 355 1016 405 dixi,

191 408 305 461 Quid
329 409 490 451 frustra
514 409 754 464 deciperis?
789 413 902 453 Hinc
927 425 1015 453 rur-

190 479 264 508 sus
281 466 356 508 ait:
376 466 463 508 Cor
476 467 737 519 sapientium
752 468 827 510 ubi
841 469 1016 510 tristitia

190 529 271 565 est:
298 528 342 565 et
362 535 437 564 cor
456 523 688 566 stultorum
707 524 782 567 ubi
801 525 961 567 laetitia.

246 583 303 622 Te
322 580 465 621 Deum
485 579 723 623 laudamus.
743 583 801 622 14.

244 638 313 678 Ad
328 638 489 680 Bencd.
506 640 604 681 Ant.
634 637 827 680 Vidimus
844 638 1015 680 stellam

189 695 280 747 ejus
303 694 327 720 *
350 693 393 734 in
413 693 606 744 Oriente,
632 699 675 736 et
698 695 895 737 venimus
917 708 1015 737 cum

188 750 441 794 muneribus
460 749 647 793 adorare
665 752 912 793 Dominum.

241 808 311 850 Ad
336 810 507 859 Magnis.
532 811 629 851 Ant.
660 808 967 860 Interrogabat
991 810 1015 837 *

186 866 341 916 Magos
360 864 578 907 Herodes:
604 865 734 916 Quod
759 865 930 916 signum
954 866 1013 907 vi·

188 922 315 965 distis
343 935 476 975 super
503 926 653 963 natum
680 921 870 974 Regem?
907 922 1013 964 Stel-

186 980 273 1021 lam
285 979 473 1021 vidimus
487 978 734 1030 fulgentem,
750 980 869 1031 cujus
881 979 1015 1032 splen-

187 1036 269 1078 dor
288 1036 501 1078 illuminat
518 1035 739 1078 mundum.

373 1169 650 1214 auinta
693 1169 831 1211 Die.

427 1250 476 1288 In
498 1249 528 1288 Ι.
551 1249 773 1289 Nocturno.

277 1314 344 1354 De
371 1309 573 1363 Epistola
602 1310 658 1352 ad
685 1311 923 1353 Romanos.

315 1378 467 1419 Lectio
496 1378 520 1418 i
702 1376 734 1416 C
738 1389 803 1427 ap.
825 1378 881 1416 14.

196 1436 234 1483 ;,.«ξ,«
258 1428 513 1504 fnfirmum
541 1432 688 1470 autem
712 1428 757 1470 in
781 1428 870 1471 fide
896 1433 1013 1472 assu-

196 1487 235 1547 ᾗ
259 1487 302 1546 ὶ
327 1485 442 1535 mite,
457 1485 603 1526 nonin
619 1485 1015 1551 disceptationibus

192 1549 215 1562 ²
329 1541 657 1611 cogitatienum.
670 1541 796 1583 Alius
808 1542 923 1584 enim
933 1556 1016 1585 cre-

187 1598 251 1640 dit
265 1611 313 1640 se
330 1597 593 1640 manducare
608 1599 766 1640 omnia:
783 1599 857 1652 qui
869 1604 1015 1642 autem

186 1655 382 1696 infirmus
400 1659 477 1705 est,
496 1655 593 1696 olus
609 1655 854 1697 manducet.
880 1657 925 1697 Is
941 1657 1015 1708 qui

186 1711 440 1762 manducat,
463 1725 552 1754 non
570 1712 909 1755 manducantem
926 1726 1014 1755 non

187 1773 380 1822 spernat:
396 1773 440 1811 et
455 1769 530 1821 qui
543 1782 631 1810 non
645 1769 891 1820 manducat,
905 1783 1015 1811 man-

187 1826 420 1868 ducantem
443 1838 531 1867 non
554 1825 731 1877 judicet:
757 1826 878 1868 Deus
900 1827 1014 1868 enim

186 1882 308 1924 illum
335 1883 581 1935 assumpsit.
629 1883 698 1924 Tu
724 1883 820 1936 quis
847 1897 911 1934 es,
941 1884 1014 1936 qui

187 1939 352 1991 judicas
375 1939 565 1981 alienum
588 1938 787 1982 servum?
822 1941 1013 1982 Domino

188 2009 268 2038 suo
297 2001 401 2046 stat,
429 2001 504 2038 aut
531 1996 666 2039 cadit:
694 1996 827 2039 stabit
851 2003 1014 2040 autem:

187 2058 346 2105 potens
389 2058 456 2095 est
501 2054 615 2095 enim
657 2054 779 2096 Deus
822 2058 1013 2097 statuere

186 2110 317 2152 illum.

240 2170 288 2222 R.
323 2166 427 2207 Tria
463 2171 563 2208 sunt
594 2170 775 2209 munera
808 2169 1014 2221 pretiosa,

187 2236 286 2276 quae
322 2222 573 2264 obtulerunt
600 2223 716 2288 Magi
743 2224 935 2266 Domino
968 2225 1012 2266 in

187 2280 258 2322 die
276 2280 372 2330 ista,
392 2284 435 2322 et
451 2279 644 2322 habent
633 2294 676 2320 m
696 2293 743 2322 se
764 2280 909 2322 divina
923 2295 1012 2334 my-

188 2336 338 2378 steria:
373 2341 394 2363 *
430 2337 482 2377 In
514 2349 639 2386 auro,
675 2342 723 2378 ut
756 2337 1014 2380 ostendatur

188 2393 323 2444 Regis
356 2392 572 2445 potentia:
607 2393 650 2434 in
683 2392 831 2443 thure,
865 2395 1013 2437 Sacer-

187 2449 338 2491 dotem
368 2461 574 2499 magnum
611 2449 858 2491 considera:
896 2455 939 2493 et
970 2452 1013 2492 in

186 2505 380 2559 myrrha,
417 2506 695 2548 Dominicam
732 2507 1013 2559 sepulturam.

189 2561 237 2611 Y.
267 2562 427 2604 Salutis
455 2567 618 2604 nostrae
646 2565 870 2605 auctorem
898 2564 1013 2614 Magi

187 2619 383 2661 venerati
412 2623 512 2660 sunt
537 2619 580 2660 in
609 2619 855 2669 cunabulis,
887 2626 930 2661 et
958 2620 1013 2662 de
1075 2627 1113 2668 ζεῖ»

187 2676 403 2718 thesauris
436 2676 526 2717 suis
559 2676 766 2728 mysticas
798 2676 836 2718 ei
866 2680 1012 2718 mune-

187 2746 284 2775 rum
303 2733 474 2786 species
494 2732 756 2775 obtulerunt.
783 2733 834 2773 In
854 2746 971 2775 auro.

1378 301 1530 342 Lectio
1550 300 1588 341 ii.

1164 370 1234 398 am
1275 356 1384 398 alius
1424 355 1586 408 judicat
1625 355 1741 399 diem
1781 357 1893 399 inter

1181 413 1315 455 diem:
1350 412 1459 455 alius
1488 418 1633 454 autem
1659 413 1822 465 judicat
1850 426 1893 455 0-

1067 483 1212 512 mnem
1244 469 1377 512 diem:
1410 471 1709 522 unusquisque
1739 470 1783 511 in
1813 482 1893 512 suo

1068 540 1200 570 sensu
1236 525 1440 569 abundet.
1498 526 1582 577 Qui
1617 527 1732 580 sapit
1767 527 1893 576 diem,

1067 584 1259 626 Domino
1293 584 1425 636 sapit:
1458 583 1514 624 Et
1545 583 1619 636 qui
1648 583 1894 633 manducat,

1067 641 1258 683 Domino
1293 640 1547 682 manducat:
1582 639 1744 691 gratias
1780 640 1894 682 enim

1068 698 1158 749 agit
1184 698 1293 740 Deo.
1347 698 1403 738 Et
1432 697 1506 750 qui
1532 709 1621 738 non
1647 695 1893 747 manducat,

1067 755 1257 796 Domino
1277 766 1372 796 non·
1387 753 1639 803 manducat,
1665 758 1709 795 et
1729 753 1892 804 gratias

1067 812 1155 863 agit
1169 811 1277 853 Deo.
1303 811 1447 852 Nemo
1465 810 1579 852 enim
1598 814 1796 851 nostrum
1810 809 1893 852 sibi

1066 868 1187 918 vivit,
1215 872 1258 910 et
1284 880 1413 909 nemo
1442 866 1527 908 sibi
1553 867 1747 908 moritur.
1791 867 1892 908 Sive

1067 925 1182 967 enim
1217 924 1422 974 vivimus,
1461 923 1653 965 Domino
1690 923 1892 965 vivimus:

1067 982 1159 1023 sive
1189 981 1419 1030 morimur,
1450 980 1642 1022 Domino
1671 979 1891 1024 morimur.

1066 1038 1166 1080 Sive
1194 1050 1299 1089 ergo
1326 1037 1530 1087 vivimus,
1557 1037 1649 1079 sive
1673 1036 1892 1087 morimur,

1066 1094 1243 1136 Domini
1262 1107 1423 1136 sumus.

1119 1156 1170 1207 R.
1200 1152 1251 1192 In
1281 1150 1497 1193 columbae
1531 1149 1679 1203 specie
1706 1149 1893 1202 Spiritus

1067 1213 1245 1250 sanctus
1265 1208 1384 1250 visus
1404 1212 1486 1258 est,
1507 1207 1696 1248 Paterna
1715 1218 1803 1248 vox
1822 1219 1892 1248 au-

1067 1265 1159 1307 dita
1182 1269 1265 1307 est:
1289 1272 1312 1296 *
1335 1265 1420 1306 Hic
1445 1268 1512 1306 est
1530 1263 1667 1305 Filius
1685 1275 1808 1305 meus
1833 1262 1893 1304 di-

1066 1322 1222 1372 lectus,
1250 1321 1295 1362 in
1321 1333 1408 1374 quo
1432 1320 1538 1362 mihi
1564 1319 1677 1362 bene
1703 1319 1893 1373 compla-

1068 1379 1147 1420 cui.
1172 1377 1220 1430 Y.
1237 1377 1349 1420 Coeli
1364 1378 1504 1431 aperti
1521 1381 1620 1419 sunt
1636 1389 1769 1430 super
1783 1388 1893 1427 eum,

1068 1439 1111 1477 et
1130 1448 1217 1477 vox
1234 1435 1377 1476 Patris
1396 1434 1595 1476 intonuit.
1622 1433 1708 1475 Hic
1726 1437 1803 1475 est.

1371 1502 1524 1544 Lectio
1545 1502 1599 1543 iii.

1066 1557 1142 1663 In
1157 1556 1242 1599 hoc
1259 1556 1374 1598 enim
1389 1555 1588 1598 Christus
1602 1557 1801 1598 mortuus
1817 1558 1893 1606 est,

1118 1615 1179 1655 et
1201 1612 1454 1655 resurrexit:
1481 1617 1530 1654 ut
1555 1616 1599 1654 et
1622 1613 1894 1654 mortuorum

1067 1675 1111 1712 et
1136 1670 1336 1712 vivorum
1360 1668 1618 1711 dominetur.
1654 1668 1723 1710 Tu
1746 1672 1893 1710 autem

1068 1726 1173 1779 quid
1194 1725 1360 1779 judicas
1379 1725 1558 1767 fratrem
1581 1724 1727 1767 tuum?
1752 1729 1827 1767 aut
1845 1729 1894 1767 tu

1068 1796 1202 1836 quare
1211 1783 1381 1836 spernis
1388 1782 1567 1824 fratrem
1573 1781 1718 1824 tuum?
1729 1781 1893 1824 Omnes

1067 1841 1182 1882 enim
1207 1839 1420 1882 stabimus
1443 1844 1543 1881 ante
1565 1838 1757 1881 tribunal
1775 1837 1893 1880 Chri-

1068 1897 1134 1939 sti.
1170 1897 1389 1950 Scriptum
1413 1901 1480 1938 est
1503 1896 1635 1938 enim:
1658 1896 1774 1938 Vivo
1799 1907 1893 1947 ego,

1068 1954 1175 1996 dicit
1198 1953 1430 2003 Dominus,
1458 1953 1664 2006 quoniam
1690 1951 1796 1994 mihi
1820 1952 1893 1994 fle-

1067 2013 1208 2053 ctetur
1227 2023 1356 2053 omne
1374 2023 1503 2062 genu:
1526 2014 1570 2052 et
1589 2009 1729 2051 omnis
1747 2008 1894 2060 lingua

1067 2067 1344 2110 confitebitur
1358 2067 1467 2109 Deo.
1493 2068 1648 2119 Itaque
1665 2067 1892 2118 unusquis-

1067 2137 1152 2177 que
1172 2129 1372 2166 nostrum
1390 2136 1473 2178 pro
1493 2136 1540 2166 se
1563 2123 1777 2165 rationem
1796 2121 1892 2164 red-

1067 2180 1142 2223 det
1167 2181 1276 2223 Deo.
1319 2181 1423 2222 Non
1448 2193 1553 2232 ergo
1579 2179 1764 2233 amplius
1789 2178 1892 2220 invi-

1067 2250 1163 2280 cem
1180 2237 1432 2290 judicemus.

1118 2297 1168 2348 Rr.
1195 2295 1341 2346 Reges
1361 2293 1553 2336 Tharsis.
1580 2294 1672 2335 252.

1295 2371 1345 2411 In
1366 2372 1416 2411 H.
1438 2371 1659 2411 Nocturno.

1104 2437 1256 2481 Sermo
1277 2438 1416 2479 sancti
1435 2438 1613 2479 Maximi
1632 2437 1853 2491 Episcopi.

1206 2505 1373 2539 Ilomilia
1402 2505 1427 2538 1.
1453 2505 1498 2538 dc
1524 2505 1752 2547 Epiphania.

1366 2562 1516 2603 Lectio
1536 2563 1588 2602 iv.

1076 2663 1079 2667 λ
1112 2671 1113 2676 ¹
1223 2621 1316 2671 hac,
1330 2620 1611 2670 dilectissimi,
1625 2620 1890 2670 celebritate,

1074 2672 1112 2738 ,ἶ
1136 2678 1173 2733 ⁸²..
1202 2678 1315 2719 sicut
1329 2677 1468 2719 relatu
1483 2679 1679 2730 paternae
1693 2677 1889 2720 traditio-

1077 2735 1093 2753 ’ἐ
1201 2735 1267 2776 nis
1285 2734 1550 2785 instruimur,
1569 2734 1798 2788 multiplici
1814 2746 1888 2775 no-
