2040 2990
387 205 472 242 'Die
497 210 525 243 7.
555 210 639 243 Dec.
688 212 720 243 S.
749 211 943 243 Ambrosii
972 211 1093 253 hlpisc.
1120 212 1225 244 (lons.
1252 218 1285 245 ct
1316 213 1408 245 liccl.
1441 213 1541 245 Uoc-1.

124 303 272 345 xentio
300 303 464 345 Ariano
495 306 720 357 episcopo,
756 305 946 357 populus

125 359 179 401 de
213 362 466 402 successore
502 360 733 412 deligendo
767 359 946 402 disside-

123 415 208 458 bat.
246 417 389 466 Quare
409 417 685 467 Ambrosius,
712 430 795 470 pro
816 416 947 459 officii

123 472 189 513 sui
207 476 387 514 munere
407 473 635 515 ecclesiam
649 474 881 525 ingressus,
899 479 947 516 ut

124 531 389 571 commotam
442 528 700 571 seditiOnem
757 530 946 580 sedaret,

123 596 222 626 cum
244 585 380 627 multa
405 586 460 628 de
480 587 626 639 quiete
645 591 689 628 et
707 588 946 639 tranquilli-

121 644 213 683 tate
240 642 493 695 reipublicae
517 642 730 696 praeclare
755 642 946 694 dixisset,

122 697 177 739 de
196 700 377 751 repente
396 699 534 751 puero
553 698 837 741 Ambrosium
859 703 945 753 epi-

122 766 306 807 scopum
334 755 624 804 exclamante,
651 756 842 797 universi
869 759 944 809 po-

120 810 213 863 puli
243 823 330 853 vox
358 811 516 864 erupit,
546 811 830 854 Ambrosium
859 815 945 865 epi-

121 879 304 919 scopum
323 866 614 921 deposcentis.

175 930 223 981 R.
248 929 400 970 Inveni
422 928 568 970 David
592 942 766 970 servum
789 942 944 980 meum,

122 984 220 1026 oleo
267 990 420 1027 sancto
465 998 564 1027 meo
610 986 715 1027 unxi
761 999 877 1028 eum:
920 990 941 1011 *

119 1040 274 1082 Manus
308 1042 422 1084 enim
454 1054 552 1083 mea
586 1042 863 1084 auxiliabitur
895 1044 944 1084 ei.

122 1094 171 1145 V.
202 1097 322 1139 Nihil
353 1098 558 1151 proficiet
583 1099 782 1140 inimicus
806 1099 851 1140 in
879 1113 943 1150 eo,

120 1158 163 1195 et
185 1153 300 1195 filius
324 1154 564 1208 iniquitatis
588 1167 675 1196 non
699 1155 875 1197 nocebit
894 1157 956 1205 ei„

119 1210 285 1251 Manus.

435 1263 582 1304 Lectio
607 1278 640 1302 v.

224 1329 402 1369 eusante
430 1327 522 1378 illo,
556 1332 599 1370 et
627 1330 779 1369 eorum
806 1329 942 1381 preci—

222 1383 304 1425 bus
333 1384 578 1434 resistente,
607 1383 764 1425 ardens
792 1385 945 1437 populi

120 1438 313 1480 studium
348 1438 404 1481 ad
430 1439 785 1481 Valentinianum
811 1441 944 1494 impe-

118 1497 310 1536 ratorem
334 1495 526 1538 delatum
551 1502 634 1538 est:
662 1497 731 1538 cui
755 1498 945 1548 gratissi-

118 1564 238 1592 mum
255 1552 351 1602 fuit,
377 1565 402 1593 a
421 1565 469 1594 se
489 1552 685 1594 delectos
703 1553 867 1604 judices
888 1554 944 1595 ad

120 1607 414 1650 sacerdotium
462 1609 686 1661 postulari.
750 1610 851 1652 Fuit
899 1611 943 1652 id

120 1665 249 1706 etiam
274 1664 421 1708 Probo
454 1665 665 1718 praefecto
697 1666 943 1718 jucundum,

120 1721 194 1773 qui
221 1721 456 1763 Ambrosio
489 1722 786 1774 proficiscenti
820 1724 943 1775 quasi

120 1775 318 1819 divinans
353 1778 537 1820 dixerat:
568 1778 696 1820 Vade
729 1792 825 1830 age,
856 1793 943 1821 non

118 1838 167 1875 ut
184 1833 325 1886 judex,
344 1834 424 1876 sed
442 1839 491 1876 ut
508 1837 753 1887 episeopus.
788 1836 942 1888 Itaque

120 1902 219 1931 cum
238 1889 295 1931 ad
313 1890 467 1943 populi
482 1889 747 1932 desiderium
761 1891 942 1944 impera-

118 1947 226 1987 toris
254 1947 456 1988 voluntas
484 1946 729 1997 accederet,
758 1947 941 1989 Ambro-

120 2002 208 2044 sius
224 2002 472 2056 baptizatus
492 2004 599 2054 (erat
614 2003 727 2044 enim
743 2004 941 2045 catechu-

118 2061 285 2111 menus)
305 2061 527 2112 sacrisque
545 2059 755 2109 initiatus,
780 2072 832 2101 ac
856 2073 941 2101 ser-

118 2115 230 2156 vatis
258 2115 459 2157 omnibus
487 2129 541 2156 ex
567 2115 765 2157 instituto
793 2115 941 2157 Eccle-

119 2171 195 2212 siae
215 2171 418 2213 ordinum
437 2171 661 2223 gradibus,
682 2174 840 2214 octavo
861 2172 941 2221 die,

121 2228 194 2280 qui
220 2228 300 2270 fuit
328 2228 516 2281 septimo
542 2228 647 2270 Idus
672 2228 941 2278 Decembris,

120 2284 371 2337 episcopale
398 2297 508 2326 onus
533 2285 736 2337 suscepit.
782 2285 941 2326 Faetus

119 2342 370 2393 episcopus,
390 2341 648 2382 catholicam
666 2341 798 2382 fidem
818 2346 861 2382 et
881 2340 940 2382 di-

118 2396 344 2448 sciplinam
370 2397 709 2439 ecclesiasticam
733 2397 941 2438 acerrime

119 2451 328 2494 defendit:
371 2453 621 2506 multosque
654 2454 861 2502 Arianos,
898 2459 941 2494 et

120 2507 230 2548 alios
252 2507 484 2550 haereticos
509 2509 566 2550 ad
589 2509 693 2551 fidei
712 2510 941 2551 veritatem

120 2564 350 2613 convertit,
385 2565 430 2605 in
466 2565 622 2618 quibus
655 2565 941 2607 clarissimum

119 2618 328 2661 Ecclesiae
349 2620 495 2662 lumen
519 2626 716 2663 sanctum
737 2622 940 2672 Augusti-

118 2688 221 2716 num
239 2675 264 2716 J
267 2688 343 2716 esu
362 2676 534 2718 Christo
553 2678 735 2730 peperit.

961 2651 966 2715 Ι
1003 2710 1006 2712 ,

849 2743 1224 2777 *Q*—

1759 214 1824 249 375

1052 308 1100 359 Rt·
1131 306 1266 348 Posui
1298 307 1558 360 adjutorium
1586 323 1718 362 super
1746 323 1822 363 po—

998 363 1179 412 tentem,
1226 369 1269 405 et
1311 363 1500 406 exaltavi
1541 366 1727 407 electum
1767 366 1822 408 de

999 418 1130 471 plebe
1146 432 1258 461 mea:
1278 421 1299 444 *
1320 421 1474 462 Manus
1499 422 1613 463 enim
1635 435 1732 464 mea
1751 436 1820 464 au-

999 474 1222 517 xiliabitur
1242 477 1292 517 ei.
1326 471 1374 522 Y.
1399 478 1550 519 Inveni
1568 479 1711 520 David
1736 493 1822 521 ser-

999 545 1102 572 vum
1120 545 1282 582 meum,
1311 533 1410 574 oleo
1431 539 1583 576 sancto
1602 548 1700 576 meo
1719 537 1822 577 unxi

1000 600 1109 629 eum.
1136 588 1302 630 Manus.

1302 643 1450 683 Lectio
1473 644 1523 682 vi.

1082 701 1250 742 ratiano
1277 702 1541 754 imperatore
1570 707 1734 754 occiso,
1767 705 1822 746 ad

1107 758 1345 799 Maximum
1378 760 1468 811 ejus
1500 760 1822 803 interfectorem

998 813 1168 865 legatus
1195 817 1353 856 iterum
1381 816 1604 868 profectus
1634 822 1717 859 est:
1754 820 1822 859 eo-

1000 883 1084 922 que
1102 871 1406 923 poenitentiam
1430 874 1559 923 agere
1583 876 1822 923 recusante,

998 940 1045 968 se
1077 928 1131 968 ab
1166 929 1256 980 ejus
1289 930 1594 971 communione
1627 931 1822 971 semovit.

997 983 1298 1026 Theodosium
1308 985 1629 1038 imperatorem,
1641 991 1822 1039 propter

998 1040 1166 1082 caedem
1197 1041 1524 1083 Thessalonicae
1556 1043 1731 1092 factam,
1763 1044 1821 1083 in-

996 1098 1150 1148 gressu
1187 1097 1398 1139 Ecclesiae
1442 1098 1678 1150 prohibuit.
1734 1100 1821 1148 Cui,

997 1166 1096 1194 cum
1118 1153 1191 1195 ille
1210 1154 1355 1196 David
1379 1167 1553 1207 quoque
1577 1168 1725 1207 regem
1749 1155 1825 1197 ad-

996 1209 1202 1260 alterum,
1237 1215 1280 1252 et
1308 1210 1573 1252 homicidam
1601 1212 1734 1253 fuisse
1762 1212 1820 1253 di-

995 1268 1147 1316 xisset,
1177 1266 1406 1319 respondit
1434 1267 1710 1309 Ambrosius:
1738 1269 1822 1318 Qui

997 1326 1173 1364 secutus
1194 1336 1240 1365 es
1261 1326 1494 1374 errantem,
1523 1327 1706 1377 sequere
1731 1338 1820 1377 poe-

997 1379 1218 1421 nitentem.
1263 1381 1406 1430 Quare
1434 1381 1711 1422 Theodosius
1740 1380 1822 1422 sibi

998 1435 1053 1476 ab
1083 1448 1136 1477 eo
1165 1437 1416 1489 impositam
1439 1437 1659 1489 publicam
1685 1438 1820 1489 poeni-

996 1492 1179 1532 tentiam
1203 1492 1424 1534 humiliter
1450 1494 1548 1544 egit.
1585 1494 1702 1544 Ergo
1728 1506 1821 1534 san-

999 1553 1093 1589 ctus
1127 1551 1363 1601 episeopus
1395 1562 1477 1602 pro
1510 1549 1708 1590 Ecclesia
1740 1550 1822 1590 Dei

997 1605 1197 1646 maximis
1229 1605 1454 1647 laboribus
1488 1608 1691 1658 curisque
1727 1618 1821 1658 per—

997 1661 1188 1711 functus,
1220 1662 1368 1703 multis
1394 1661 1518 1703 libris
1547 1662 1678 1703 etiam
1705 1663 1821 1712 egre-

997 1717 1067 1768 gie
1087 1719 1361 1771 conscriptis,
1391 1720 1625 1770 antequam
1647 1718 1691 1758 in
1709 1730 1821 1758 mor-

996 1773 1101 1814 bum
1132 1774 1361 1824 incideret,
1397 1775 1549 1815 mortis
1583 1787 1673 1815 suae
1704 1773 1819 1814 diem

995 1830 1210 1881 praedixit.
1243 1829 1316 1871 Ad
1343 1843 1471 1881 quem
1495 1832 1709 1881 aegrotum
1730 1830 1818 1870 Ho-

996 1888 1177 1927 noratus
1223 1886 1517 1927 Vercellensis
1569 1889 1819 1938 episcopuS,

995 1941 1078 1983 Dei
1101 1955 1210 1983 voce
1234 1947 1301 1983 ter
1328 1941 1592 1991 admonitus,
1620 1942 1818 1991 accurrit,

996 2000 1122 2049 eique
1181 2003 1378 2040 sanctum
1430 1998 1606 2040 Domini
1659 2010 1818 2051 corpus

994 2053 1197 2106 praebuit:
1227 2067 1313 2107 quo
1338 2054 1410 2095 ille
1434 2059 1625 2108 sumpto,
1651 2054 1818 2096 confor-

994 2110 1122 2151 matis
1147 2111 1191 2151 in
1215 2111 1356 2152 crucis
1383 2110 1708 2152 similitudinem
1730 2112 1817 2151 ma-

994 2165 1131 2216 nibus,
1150 2179 1291 2216 orans,
1312 2167 1500 2208 animam
1516 2168 1612 2209 Deo
1627 2166 1819 2208 reddidit

995 2221 1136 2274 pridie
1168 2223 1318 2264 Nonas
1350 2223 1534 2276 Aprilis,
1572 2236 1684 2264 anno
1717 2226 1818 2275 post

996 2277 1216 2320 Christum
1240 2285 1391 2321 natum
1415 2279 1720 2321 trecentesimo
1744 2290 1816 2319 no-

994 2335 1217 2385 nagesimo
1238 2336 1436 2388 septimo.

1047 2393 1093 2443 K.
1122 2391 1211 2433 Iste
1230 2397 1296 2433 est
1316 2392 1399 2444 qui.
1419 2391 1502 2444 [54]

1047 2449 1085 2481 ln
1110 2449 1172 2482 ΠΙ.
1200 2450 1307 2482 Noct.
1340 2450 1474 2482 llomil.
1503 2450 1537 2482 in
1566 2449 1705 2489 Evang.
1741 2448 1812 2481 X'os

994 2494 1098 2529 estis.
1124 2497 1168 2530 de
1195 2498 1395 2531 Communi
1423 2497 1529 2530 Doct.
1555 2497 1579 2530 l.
1607 2497 1701 2529 loco.
1730 2494 1797 2537 [64]

1045 2545 1083 2577 ln
1113 2545 1227 2579 Laud.
1254 2547 1292 2579 lit
1317 2556 1510 2579 commem.
1538 2544 1666 2578 Fcriae.

1044 2592 1098 2626 Dc
1141 2593 1278 2636 vigilia
1320 2594 1509 2627 immacul.
1551 2592 1730 2634 Concept.
1771 2591 1808 2623 B.

992 2639 1038 2673 M.
1067 2640 1104 2673 V.
1132 2641 1223 2673 nihil
1252 2642 1290 2674 fit
1316 2642 1389 2674 nisi
1413 2642 1447 2674 in
1477 2641 1601 2673 Missa.

1044 2687 1157 2730 Vesp.
1177 2690 1223 2722 de
1245 2700 1347 2731 sequ.
1367 2699 1498 2722 comm.
1517 2688 1638 2722 Feri-„e
1656 2692 1807 2720 tantum.
