2080 2990
524 208 697 243 Secunda
723 208 783 241 dic
811 209 903 241 infra
930 208 1008 241 Oct.
1033 207 1182 240 immac.
1208 207 1322 240 Cone.
1348 207 1386 240 B.
1413 207 1456 240 M.
1483 207 1523 240 V.

215 299 262 349 V.
285 301 500 343 Exaltabo
516 306 560 344 te
572 302 770 351 Domine,
787 301 991 353 quoniam

172 358 403 425 suscepisti
428 371 509 400 me.
567 361 613 411 [ζ’.
636 358 732 399 Nec
763 356 992 399 delectasti

171 427 368 456 immicos
387 427 510 456 meos
529 427 660 467 super
678 427 759 456 me.

449 483 516 519 Ad
535 484 717 520 Nonam.

230 540 327 581 Ant.
359 538 497 580 'nahe
515 552 607 581 nos.

255 604 510 656 Capitulum.
707 606 842 656 Apoc.
863 606 917 643 12.

244 664 391 715 ignum
408 677 611 715 magnum
629 663 830 716 apparuit
847 663 891 703 in
909 676 993 705 coe-

258 720 316 761 lo:
342 720 500 762 Mulier
521 722 680 761 amicta
700 719 809 769 sole,
833 724 876 760 et
892 719 994 760 luna

173 775 254 818 sub
274 776 458 829 pedibus
480 777 584 828 ejus,
608 780 652 817 et
671 776 716 816 in
741 776 884 828 capite
904 777 993 827 ejus

174 834 337 874 corona
355 832 581 874 stellarum
599 831 842 873 duodecim.

227 890 277 941 Rz.
309 891 370 931 br.
411 888 626 930 Exaltabo
659 892 703 929 te
732 888 938 938 Domine,
971 889 992 911 *

174 945 388 995 Quoniam
410 945 640 997 suscepisti
658 957 738 986 me.
764 944 993 986 Exaltabo.

176 996 225 1048 V.
253 1000 349 1042 Nec
381 1000 610 1043 delectasti
641 1000 839 1042 inimicos
871 1013 993 1042 meos

173 1069 304 1109 super
348 1070 429 1099 me.
491 1057 705 1108 Quoniam
751 1057 993 1110 suscepisti.

176 1112 326 1155 Gloria
342 1114 475 1155 Patri.
509 1113 738 1155 Exaltabo.

225 1164 275 1217 V.
315 1170 599 1212 Immaculata
639 1169 878 1222 Conceptio
919 1174 994 1210 tua

172 1226 257 1268 Dei
282 1226 481 1268 Genitrix
505 1226 656 1277 Virgo.
700 1226 749 1276 Ru
775 1225 994 1267 Gaudium

174 1282 443 1325 annuntiavit
460 1283 664 1324 universo
683 1282 856 1323 mundo.

376 1359 437 1400 In
459 1360 521 1401 H.
540 1359 788 1410 vesperis.

225 1427 361 1462 Omnia
384 1432 425 1461 ut
448 1427 486 1461 in
509 1426 535 1460 I.
553 1426 667 1469 Vesp.
693 1425 767 1469 376,
794 1427 932 1465 praeter

225 1479 295 1520 Ad
319 1479 490 1529 Magnis.
517 1479 615 1518 Ant.
649 1477 793 1519 Hodie
818 1479 992 1528 egressa

175 1538 243 1574 est
264 1534 288 1559 *
311 1533 433 1584 virga
457 1533 512 1575 de
535 1532 682 1575 radice
700 1534 725 1574 J
727 1546 838 1575 esse:
863 1533 994 1575 hodie

175 1589 267 1631 sine
281 1589 374 1630 ulla
391 1590 563 1642 peccati
580 1589 678 1631 labe
696 1591 911 1642 concepta
928 1595 995 1631 est

173 1645 326 1686 Maria:
353 1645 486 1688 hodie
511 1648 746 1687 contritum
770 1651 837 1687 est
862 1645 916 1687 ab
944 1659 995 1687 ea

174 1706 305 1754 caput
322 1702 538 1755 serpentis
557 1703 731 1754 antiqui,
751 1702 931 1754 alleluja„

223 1762 271 1797 Et
293 1763 334 1797 fit
357 1762 667 1797 commemoratio
692 1762 824 1796 Feriae.

370 1849 452 1891 Die
473 1850 511 1890 9.
530 1849 798 1891 Decembris.

259 1909 458 1951 Secunda
477 1908 547 1951 die
566 1909 675 1950 infra
695 1909 906 1950 Octavam

174 1967 518 2010 Immaculatae
542 1968 770 2019 concept.
789 1969 841 2010 B.
860 1969 922 2010 Μ.
938 1969 994 2010 V.

226 2025 362 2060 Omnia
386 2031 426 2061 ut
450 2027 489 2061 in
514 2026 622 2061 festo.
650 2025 724 2060 376.

225 2078 269 2112 In
296 2078 323 2113 Ι.
351 2079 549 2114 Nocturno
582 2079 785 2114 Lectiones
820 2079 867 2112 de
896 2078 992 2112 Scri-

174 2129 286 2168 ptura
310 2132 541 2162 occurrente.

405 2193 454 2233 In
472 2193 523 2233 11.
541 2193 761 2233 Nocturno.

176 2255 244 2296 Ex
256 2255 384 2296 Bulla
397 2255 645 2307 dogmatica
657 2256 723 2296 Pii
736 2257 869 2309 Papae
884 2258 995 2299 noni.

474 2326 625 2367 Lectio
645 2326 697 2366 iv.

250 2380 514 2433 42:125neffabilis
531 2381 661 2433 Deus,
682 2383 801 2434 cujus
820 2382 901 2423 viae
921 2382 996 2422 mi-

189 2437 227 2494 ᾗ)
250 2436 287 2487 ’ἐς
319 2436 556 2478 sericordia
588 2442 631 2479 et
663 2439 844 2488 veritas,
878 2439 996 2490 cujus

318 2491 518 2534 voluntas
533 2494 856 2547 omnipotentia,
871 2499 913 2536 et
927 2507 995 2535 cu-

180 2547 243 2597 jus
271 2547 483 2599 sapientia
507 2550 676 2601 attingit
701 2563 726 2592 a
750 2550 834 2592 fine
859 2562 997 2602 usque

180 2602 236 2643 ad
246 2602 377 2644 finem
390 2604 569 2656 fortiter,
585 2611 628 2648 et
644 2606 838 2659 disponit
854 2606 999 2647 omnia

180 2658 386 2709 suaviter,
413 2672 512 2701 cum
535 2661 589 2703 ab
615 2663 731 2703 omni
756 2662 998 2704 aeternitate

180 2714 433 2767 praeviderit
466 2716 833 2760 luctuosissimam
864 2720 998 2760 totius

1043 299 1220 341 humani
1243 300 1413 351 generis
1436 303 1603 342 ruinam
1628 314 1683 343 ex
1704 301 1865 343 Adami

1043 356 1388 408 transgressione
1413 356 1709 408 derivandam,
1734 362 1865 410 atque

1043 412 1087 453 in
1112 412 1321 464 mysterio
1350 426 1376 454 a
1408 413 1578 454 saeculis
1607 413 1865 456 abscondito

1043 468 1232 521 primum
1251 482 1342 510 suae
1359 469 1568 510 bonitatis
1588 482 1699 522 opus
1719 469 1865 512 decre-

1044 525 1155 567 verit
1178 538 1257 577 per
1276 525 1413 567 Verbi
1437 526 1778 568 incarnationem
1802 540 1866 568 sa-

1046 583 1268 623 cramento
1294 581 1532 624 occultiore
1556 582 1792 635 complere,
1819 588 1867 624 ut

1046 643 1198 679 contra
1228 638 1476 679 misericors
1511 651 1637 679 suum
1668 640 1866 691 proposi-

1045 698 1138 735 tum
1178 694 1310 736 homo
1357 694 1585 736 diabolicae
1630 695 1867 747 iniquitatis

1046 751 1237 792 versutia
1259 755 1382 792 actus
1404 751 1447 791 in
1471 750 1645 803 culpam
1667 764 1754 792 non
1772 764 1866 804 per-

1045 808 1141 857 iret,
1166 811 1209 848 et
1231 806 1350 858 quod
1372 807 1416 847 in
1439 807 1581 859 primo
1603 806 1776 848 Adamo
1801 820 1867 849 ca-

1046 866 1196 903 surum
1212 867 1315 913 erat,
1334 863 1378 903 in
1397 862 1591 905 secundo
1607 863 1774 905 felicius
1791 864 1867 905 eri-

1045 921 1236 969 geretur,
1271 919 1325 960 ab
1353 919 1475 961 initio
1505 924 1548 960 et
1580 924 1679 962 ante
1707 920 1868 962 saecula

1045 975 1265 1027 unigenito
1280 975 1392 1017 Filio
1408 988 1487 1017 suo
1501 976 1697 1026 Matrem,
1714 989 1767 1018 ex
1783 989 1868 1029 qua

1046 1044 1148 1073 caro
1188 1032 1328 1074 factus
1368 1033 1413 1072 in
1452 1032 1581 1074 beata
1620 1034 1867 1085 temporum

1045 1088 1315 1140 plenitudine
1347 1091 1617 1138 nasceretur,
1650 1088 1779 1140 elegit
1807 1094 1867 1131 at-

1047 1157 1130 1196 que
1153 1144 1384 1194 ordinavit,
1408 1147 1618 1197 tantoque
1637 1158 1730 1197 prae
1752 1158 1867 1187 crea-

1045 1201 1152 1242 turis
1170 1201 1381 1242 universis
1396 1206 1463 1243 est
1476 1205 1736 1254 prosecutus
1752 1204 1866 1242 amo-

1045 1269 1103 1306 re,
1121 1262 1170 1298 ut
1184 1258 1228 1298 in
1241 1257 1315 1298 illa
1328 1270 1415 1299 una
1429 1257 1511 1299 sibi
1524 1258 1868 1310 propensissima

1046 1313 1270 1355 voluntate
1290 1313 1615 1366 complacuerit.

1101 1369 1150 1418 Rg.
1168 1370 1264 1420 Ego
1283 1383 1337 1411 ex
1357 1382 1433 1411 ore
1452 1370 1665 1411 Altissimi
1682 1368 1866 1422 prodivi,

1046 1425 1338 1477 primogenita
1366 1430 1466 1467 ante
1498 1438 1672 1467 omnem
1702 1429 1867 1467 creatu-

1046 1494 1155 1522 ram:
1184 1495 1265 1533 ego
1289 1482 1372 1523 feci
1397 1483 1441 1523 in
1464 1482 1586 1523 coelis
1609 1487 1657 1524 ut
1683 1483 1868 1524 oriretur

1045 1537 1190 1579 lumen
1206 1538 1469 1580 indeficiens.
1491 1538 1511 1559 *
1526 1538 1732 1580 Nondum
1746 1543 1868 1579 erant

1046 1594 1206 1646 abyssi,
1231 1599 1275 1636 et
1295 1607 1377 1645 ego
1396 1595 1480 1646 jam
1504 1596 1717 1647 concepta
1739 1607 1868 1636 eram.

1048 1643 1098 1695 V.
1113 1651 1234 1692 Deus
1251 1651 1364 1692 enim
1379 1651 1542 1692 creavit
1555 1651 1682 1692 mein
1697 1651 1867 1702 justitia,

1046 1710 1091 1748 et
1116 1706 1406 1759 apprehendit
1432 1720 1610 1748 manum
1636 1720 1794 1756 meam,
1824 1713 1868 1748 et

1047 1764 1237 1805 servavit
1254 1777 1335 1806 me.
1362 1763 1580 1805 Nondum.

1356 1816 1504 1856 Lectio
1525 1830 1561 1855 v.

1128 1878 1367 1928 uapropter
1394 1875 1512 1916 illam
1538 1875 1668 1926 longe
1697 1881 1798 1917 ante
1823 1889 1866 1917 o-

1150 1945 1273 1973 mnes
1301 1931 1521 1982 angelicos
1549 1932 1741 1984 spiritus,
1770 1945 1868 1973 cun-

1047 1991 1229 2041 ctosque
1253 1989 1438 2029 Sanctos
1466 1987 1708 2029 coelestium
1735 1989 1867 2029 omni-

1046 2058 1120 2085 um
1133 2045 1441 2086 charismatum
1454 2044 1582 2096 eopia
1593 2044 1647 2085 de
1660 2044 1868 2086 thesauro

1047 2100 1286 2142 divinitatis
1315 2100 1576 2153 deprompta
1603 2100 1665 2141 ita
1687 2101 1869 2142 mirifice

1048 2157 1296 2206 cumulavit,
1312 2161 1359 2198 ut
1374 2157 1471 2209 ipsa
1485 2156 1540 2198 ab
1556 2157 1674 2197 omni
1687 2169 1868 2209 prorsus

1047 2213 1218 2265 peccati
1236 2212 1335 2254 labe
1355 2225 1528 2265 semper
1543 2211 1691 2262 libera,
1711 2225 1762 2254 ac
1775 2217 1870 2254 tota

1046 2269 1230 2321 pulchra
1250 2273 1294 2310 et
1311 2269 1506 2321 perfecta
1526 2281 1621 2310 eam
1639 2269 1868 2310 inocentiae

1049 2330 1092 2366 et
1114 2325 1357 2366 sanctitatis
1378 2324 1693 2377 plenitudinem
1711 2337 1802 2377 prae
1822 2337 1869 2366 se

1048 2381 1193 2431 ferret,
1214 2394 1299 2433 qua
1316 2382 1453 2432 major
1472 2380 1553 2422 sub
1571 2381 1669 2422 Deo
1688 2380 1867 2422 nullate-

1047 2450 1128 2479 nus
1161 2437 1433 2489 intelligitur,
1470 2442 1513 2479 et
1547 2450 1677 2489 quam
1709 2441 1870 2489 praeter

1047 2494 1190 2536 Deum
1235 2506 1364 2536 nemo
1413 2494 1588 2546 assequi
1635 2492 1868 2545 cogitando

1048 2555 1205 2603 potest.
1241 2551 1298 2591 Et
1323 2550 1500 2603 quidem
1526 2550 1711 2591 decebat
1737 2551 1868 2590 omni-

1048 2619 1125 2657 no,
1170 2611 1216 2648 ut
1255 2606 1585 2659 perfectissimae
1628 2605 1868 2647 sanctitatis

1050 2662 1356 2715 splendoribus
1376 2675 1549 2715 semper
1567 2664 1721 2703 ornata
1737 2661 1868 2711 fulge-

1050 2724 1126 2769 ret,
1145 2732 1196 2761 ac
1213 2719 1283 2760 vel
1301 2719 1355 2760 ab
1374 2720 1471 2771 ipsa
1490 2718 1709 2769 originalis
1728 2716 1868 2768 culpae
