2040 2990
170 221 244 256 306
689 222 886 256 [himinica
917 223 955 255 Y.
982 228 1067 265 post
1098 222 1362 265 Epiphaniam.

173 333 253 362 vos
277 320 503 362 tribulant:
531 325 575 362 et
597 320 739 370 vobis,
766 320 840 372 qui
862 319 997 362 tribu-

172 377 332 426 lamini,
353 377 548 428 requiem
566 376 795 430 nobiscum
814 377 858 417 in
878 389 997 418 reve-

171 433 334 474 latione
354 433 531 474 Domini
549 433 574 474 J
577 446 653 475 esu
679 433 734 475 de
759 433 873 474 coelo
899 446 998 474 cum

172 489 352 540 Angelis
389 490 563 531 virtutis
600 491 709 542 ejus,
746 490 790 531 in
824 490 999 531 flamma

172 546 283 597 ignis
303 546 446 587 dantis
470 546 707 588 vindictam
724 547 794 595 iis,
819 547 892 599 qui
910 559 998 588 non

172 605 388 644 noverunt
415 603 577 652 Deum,
609 609 652 645 et
681 604 755 655 qui
782 616 868 644 non
898 602 998 644 obe-

173 659 297 701 diunt
306 659 545 710 Evangelio
557 660 735 700 Domini
747 659 885 701 nostri
896 659 920 700 J
923 672 999 700 esu

174 716 344 758 Christi.
363 716 447 766 Qui
461 729 615 769 poenas
632 715 798 757 dabunt
812 716 855 756 in
870 715 998 756 inter-

171 773 234 814 itu
268 775 454 814 aeternas
482 786 507 814 a
535 773 644 814 facie
672 772 870 821 Domini,
903 778 947 814 et
975 785 999 812 a

171 830 311 880 gloria
346 829 520 871 virtutis
558 830 666 880 ejus:
703 841 802 870 cum
834 829 1000 871 venerit

171 885 408 937 glorificari
429 886 472 926 in
494 886 655 927 sanctis
677 885 780 936 suis,
805 890 849 927 et
867 884 1000 926 admi-

173 942 322 984 rabilis
342 942 435 983 fieri
456 943 499 983 in
523 942 741 991 omnibus,
768 942 842 994 qui
865 941 1000 983 credi-

174 999 345 1047 derunt,
367 999 467 1051 quia
487 998 703 1040 creditum
723 1003 788 1040 est
808 998 1001 1040 testimo-

174 1055 293 1097 nium
312 1060 511 1097 nostrum
528 1068 659 1108 super
675 1068 755 1096 vos
771 1055 815 1095 in
830 1054 899 1096 die
914 1054 1001 1096 illo.

174 1113 225 1152 In
251 1124 337 1164 quo
365 1112 497 1153 etiam
524 1114 700 1153 oramus
724 1124 897 1164 semper
921 1124 1001 1164 pro
1049 1114 1052 1117 '

175 1168 319 1210 vobis:
354 1173 401 1210 ut
429 1168 631 1220 dignetur
659 1181 739 1210 vos
771 1168 1002 1211 vocatione

175 1238 253 1266 sua
263 1226 384 1267 Deus
399 1231 560 1274 noster,
576 1230 619 1267 et
633 1225 815 1278 impleat
829 1237 1003 1266 omnem
1058 1219 1072 1244 ,z
1090 1225 1106 1246 μ

175 1281 446 1323 voluntatem
464 1281 683 1330 bonitatis,
706 1286 749 1323 et
769 1294 880 1334 opus
898 1281 1002 1324 fidei
1059 1302 1095 1306 .,-

175 1339 218 1378 in
253 1339 432 1387 virtute,
468 1344 517 1380 ut
551 1338 811 1380 clarificetur
843 1350 1002 1379 nomen

175 1395 351 1436 Domini
379 1395 521 1437 nostri
545 1395 568 1436 J
572 1408 649 1436 esu
675 1395 836 1436 Christi
861 1395 905 1435 in
929 1408 1002 1436 vo-

176 1451 260 1501 bis,
287 1457 330 1493 et
352 1465 432 1493 vos
455 1453 498 1493 in
523 1452 617 1502 illo,
647 1451 887 1493 secundum
910 1454 1003 1503 gra-

176 1508 281 1549 tiam
308 1508 393 1550 Dei
426 1509 584 1558 nostri,
621 1514 665 1550 et
694 1508 871 1550 Domini
899 1509 1003 1549 Jesu

178 1564 348 1606 Christi.

232 1639 278 1690 R.
307 1638 514 1679 Paratum
533 1651 621 1680 cor.
648 1640 747 1679 290.

282 1720 431 1760 Lectio
454 1720 506 1759 iii.
747 1723 849 1772 (lap.
865 1722 899 1760 2.

177 1783 448 1889 Rogamus
473 1792 619 1829 autem
644 1799 722 1828 vos
746 1786 902 1828 fratres
926 1798 1005 1838 per

287 1843 522 1885 adventum
541 1844 719 1884 Domini
743 1843 882 1885 nostri
901 1843 925 1883 J
928 1855 1005 1884 esu

182 1899 362 1949 Christi,
395 1906 437 1942 et
464 1906 627 1942 nostrae
656 1900 1005 1951 congregationis

178 1956 222 1996 in
240 1957 400 2008 ipsum:
418 1962 466 1998 ut
484 1970 571 1999 non
591 1957 680 1999 cito
699 1956 962 1999 moveamini
980 1969 1005 1997 a

180 2018 329 2054 vestro
345 2026 485 2063 sensu,
503 2026 646 2066 neque
661 2013 920 2063 terreamini,
934 2026 1005 2054 ne-

181 2081 265 2120 que
293 2081 372 2121 per
401 2070 618 2122 spiritum,
646 2082 789 2122 neque
814 2082 894 2122 per
919 2082 1005 2111 ser-

179 2126 365 2175 monem,
388 2139 530 2178 neque
549 2139 629 2179 per
649 2126 881 2179 epistolam
899 2131 1005 2167 tam-

181 2193 311 2232 quam
326 2194 405 2234 per
424 2195 505 2223 nos
521 2183 710 2232 missam,
730 2183 855 2234 quasi
875 2183 1006 2225 instet

181 2236 274 2279 dies
293 2237 480 2279 Domini.
516 2239 584 2280 Ne
606 2239 702 2291 quis
724 2251 804 2280 vos
825 2238 1007 2281 seducat

180 2293 269 2336 ullo
301 2294 454 2335 modo:
489 2295 695 2347 quoniam
726 2297 809 2337 nisi
838 2296 1007 2337 venerit

181 2349 392 2392 discessio
413 2351 616 2403 primum,
641 2357 685 2393 et
706 2352 924 2394 revelatus
945 2352 1005 2394 fu-

181 2407 263 2448 erit
287 2406 418 2448 homo
445 2407 632 2460 peccati,
660 2408 775 2449 filius
798 2408 1006 2461 perditio-

180 2463 266 2512 nis,
300 2463 372 2515 qui
401 2463 679 2513 adversatur,
713 2470 756 2505 et
784 2465 1006 2507 extollitur

181 2532 313 2572 supra
346 2533 494 2569 omne,
531 2519 651 2571 quod
684 2520 842 2562 dicitur
874 2521 1005 2570 Deus,

181 2581 255 2617 aut
279 2576 398 2628 quod
422 2575 594 2625 colitur,
620 2577 681 2618 ita
704 2582 751 2618 ut
772 2577 814 2618 in
838 2578 1004 2629 templo

181 2632 263 2674 Dei
288 2632 440 2674 sedeat
460 2632 697 2674 ostendens
717 2646 763 2674 se
783 2638 1005 2685 tamquam

181 2690 237 2732 sit
256 2689 387 2730 Deus.

232 2755 281 2805 Rg.
309 2754 497 2805 Adiutor
515 2766 649 2795 meus.
676 2754 777 2795 290.

1284 323 1363 365 Ad
1378 324 1640 374 vesperas.

1387 383 1549 424 Oratio.

1136 437 1327 479 amiliam
1344 443 1481 487 tuam,
1512 439 1761 490 quaesumus
1784 437 1872 478 Do-

1144 494 1280 544 mine,
1311 497 1516 536 continua
1542 494 1706 547 pietate
1731 495 1873 535 custo—

1051 549 1113 591 di:
1152 555 1221 600 ut,
1263 564 1361 603 quae
1396 551 1441 592 in
1477 550 1571 592 sola
1606 563 1685 603 spe
1721 549 1874 601 gratiae

1051 606 1242 648 coelestis
1261 608 1467 657 innititur,
1489 612 1565 649 tua
1586 619 1758 660 semper
1775 617 1874 659 pro-

1050 664 1242 706 tectione
1263 665 1492 706 muniatur.
1524 664 1608 706 Per
1628 663 1876 705 Dominum.

1409 738 1535 764 »Φψ
1614 750 1622 752 ⁴

1287 803 1561 852 Dominica
1588 802 1649 853 V.
1672 856 1675 860 ,

1201 874 1326 919 post
1362 869 1739 921 Epiphaniam.

1300 944 1349 982 In
1368 945 1396 983 Ι.
1416 944 1638 984 Nocturno.

1058 999 1213 1052 Incipit
1231 999 1431 1052 Epistola
1454 999 1594 1051 prima
1619 998 1736 1040 beati
1755 998 1877 1040 Pauli

1167 1055 1374 1108 Apostoli
1398 1055 1455 1097 ad
1474 1055 1766 1097 Timotheum.

1135 1113 1286 1154 Lectio
1314 1114 1335 1153 i.
1653 1115 1755 1167 Cap.
1776 1117 1803 1156 1.

1058 1185 1069 1206 μ·
1089 1184 1127 1223 (g,
1150 1169 1292 1211 aulus
1317 1168 1565 1222 Apostolus
1589 1169 1695 1211 Jesu
1721 1169 1880 1212 Christi

1059 1245 1072 1284 3
1090 1255 1156 1292 ἢ(
1185 1225 1426 1267 secundum
1443 1226 1676 1278 imperium
1691 1226 1776 1267 Dei
1791 1226 1880 1268 Sal-

1068 1281 1072 1293 *
1185 1283 1350 1324 vatoris
1369 1282 1520 1332 nostri,
1540 1288 1584 1324 et
1604 1282 1763 1324 Christi
1777 1282 1801 1323 J
1803 1295 1881 1325 esu

1056 1340 1151 1393 spei
1165 1340 1344 1381 nostrae:
1359 1338 1593 1381 Timotheo
1610 1338 1772 1381 dilecto
1787 1338 1880 1381 filio

1055 1397 1100 1437 in
1131 1396 1229 1438 fide.
1284 1396 1454 1446 Gratia,
1487 1395 1806 1446 misericordia,
1837 1401 1882 1438 et

1055 1467 1143 1506 pax
1169 1466 1194 1495 a
1216 1453 1313 1494 Deo
1339 1453 1487 1502 Patre,
1512 1457 1556 1494 et
1579 1452 1754 1494 Christo
1777 1452 1802 1493 J
1804 1465 1882 1494 esu

1056 1510 1246 1551 Domino
1265 1515 1430 1551 nostro.
1461 1509 1582 1551 Sicut
1599 1509 1752 1559 rogavi
1769 1513 1815 1551 te
1833 1514 1882 1551 ut

1057 1568 1306 1608 remaneres
1337 1565 1521 1619 Ephesi,
1558 1578 1658 1607 cum
1692 1565 1803 1607 irem
1838 1565 1882 1607 in

1056 1622 1379 1671 Macedoniam,
1407 1627 1455 1664 ut
1484 1621 1762 1664 denuntiares
1790 1622 1882 1674 qui·

1056 1679 1243 1722 busdam
1262 1692 1316 1721 ne
1340 1678 1466 1720 aliter
1491 1677 1714 1728 docerent,
1738 1691 1882 1731 neque

1056 1735 1332 1778 intenderent
1351 1734 1524 1784 fabulis,
1549 1739 1593 1776 et
1615 1735 1882 1786 genealogiis

1058 1792 1361 1835 interminatis:
1379 1805 1477 1844 quae
1494 1791 1759 1844 quaestiones
1773 1803 1882 1844 prae-

1058 1855 1175 1892 stant
1207 1849 1348 1900 magis
1382 1861 1512 1900 quam
1548 1847 1883 1890 aedificationem

1058 1907 1151 1957 Dei,
1172 1919 1270 1958 quae
1290 1910 1357 1947 est
1375 1905 1419 1946 in
1438 1904 1537 1946 fide.

1112 1966 1159 2016 Ru
1186 1962 1388 2013 Domine,
1412 1974 1466 2003 ne
1485 1961 1530 2015 in
1548 1961 1612 2003 ira
1630 1967 1706 2004 tua
1725 1963 1883 2012 arguas

1058 2034 1144 2071 me,
1166 2032 1309 2072 neque
1332 2019 1377 2060 in
1400 2018 1547 2060 furore
1569 2023 1647 2060 tuo
1671 2018 1883 2071 corripias

1058 2090 1143 2119 me:
1168 2080 1189 2102 *
1211 2076 1419 2117 Miserere
1442 2075 1528 2116 mei
1552 2074 1754 2124 Domine,
1779 2077 1882 2128 quo-

1058 2135 1174 2175 niam
1206 2133 1403 2174 infirmus
1432 2145 1539 2173 sum.
1585 2128 1634 2180 Υ.
1660 2131 1813 2173 Timor
1840 2137 1884 2174 et

1058 2197 1221 2233 tremor
1240 2190 1452 2230 venerunt
1470 2200 1602 2240 super
1620 2200 1701 2237 me,
1721 2192 1765 2229 et
1783 2200 1883 2229 con-

1058 2249 1260 2289 texerunt
1279 2257 1348 2286 me
1367 2243 1573 2286 tenebrae.
1601 2243 1819 2286 Miserere.

1372 2304 1518 2344 Lectio
1540 2303 1576 2343 ii.

1140 2358 1222 2399 inis
1242 2363 1388 2399 autem
1406 2357 1620 2410 praecepti
1639 2361 1706 2398 est
1724 2357 1884 2398 caritas
1954 2374 1958 2379 -

1154 2414 1209 2456 de
1233 2413 1367 2455 corde
1390 2426 1519 2466 puro,
1548 2418 1593 2455 et
1617 2413 1885 2454 conscientia

1059 2472 1193 2518 bona,
1221 2476 1265 2512 et
1290 2469 1377 2511 fide
1399 2483 1487 2511 non
1509 2469 1622 2511 ficta.
1662 2469 1702 2509 A
1727 2469 1885 2521 quibus

1062 2527 1238 2581 quidam
1263 2526 1532 2575 aberrantes,
1560 2526 1763 2567 conversi
1785 2530 1886 2567 sunt

1059 2585 1102 2626 in
1122 2583 1428 2635 vaniloquium,
1447 2582 1645 2623 volentes
1664 2595 1762 2624 esse
1775 2581 1884 2633 legis

1061 2641 1285 2689 doctores,
1313 2651 1400 2680 non
1427 2638 1716 2689 intelligentes
1743 2650 1885 2690 neque

1061 2709 1160 2749 quae
1187 2695 1444 2748 loquuntur,
1473 2707 1614 2747 neque
1645 2694 1700 2737 de
1730 2694 1885 2747 quibus

1060 2753 1288 2795 affirmant.
1306 2752 1475 2794 Scimus
1490 2756 1638 2794 autem
1654 2751 1755 2805 quia
1769 2750 1884 2794 bona
