2040 2990
206 229 273 264 374
485 232 550 266 lm·
578 233 604 265 7.
632 232 716 266 Dec.
765 235 798 265 S.
829 233 1020 266 Ambrosii
1051 233 1174 275 Episc.
1201 234 1307 266 (tons.
1334 242 1367 267 ct
1396 234 1491 267 Eccl.
1518 235 1623 268 Doct.

206 324 336 377 plebe
375 337 491 366 mea:
522 331 542 352 *
593 326 748 367 Manus
786 327 899 368 enim
935 339 1033 368 mea

206 381 488 423 auxiliabitur
519 382 570 423 ei.
611 380 659 431 δ”.
702 383 854 424 Inveni
886 383 1032 425 David

206 450 382 479 servum
413 451 578 489 meum,
620 439 719 480 oleo
748 445 903 482 sancto
931 453 1030 482 meo

205 495 309 535 unxi
338 507 457 536 eum.-
494 495 661 537 Manus.

505 556 652 596 Lectio
676 556 725 595 vi.

200 607 410 713 Viduis
430 613 474 650 et
495 608 702 661 Orphanis
716 610 911 661 pecunia,
931 622 1030 651 con-

312 664 424 715 silio,
467 667 603 717 opera
638 677 723 706 non
762 665 912 707 defuit:
956 678 1031 718 op-

206 722 384 774 pressos
404 721 515 763 adeo
540 721 801 771 sublevavit,
829 728 878 764 ut
901 723 1031 764 etiam

205 783 296 819 tres
330 777 549 827 tribunos,
594 791 673 831 per
711 778 970 820 calumniam
1007 792 1032 820 a

206 834 494 876 Constantino
530 835 732 885 Augusto
771 834 1030 877 condemne-

206 896 286 940 tos,
308 891 380 943 qui
399 904 446 933 se
464 897 649 944 propter
668 892 827 933 famam
846 893 936 944 ejus
956 893 1030 934 mi-

205 947 454 988 raculorum
482 948 753 989 orationibus
778 948 1030 1000 longissime

205 1004 376 1046 absenti
401 1005 778 1055 commendarant,
805 1005 949 1047 adhuc
972 1006 1030 1047 vi-

205 1073 327 1111 vens,
366 1074 464 1102 cum
495 1061 766 1114 imperatori,
803 1062 1031 1104 minaciter

206 1130 304 1158 eum
336 1123 521 1167 terrens,
553 1121 847 1171 apparuisset,
877 1119 1030 1161 libera-

205 1174 327 1215 verit.
371 1174 479 1215 Cum
514 1187 619 1216 vero
654 1181 807 1217 eontra
839 1175 1030 1218 edictum

205 1231 470 1272 Diocletiani
495 1236 538 1272 et
558 1232 809 1273 Maximiani
835 1232 1030 1275 christia—

203 1300 272 1328 nae
291 1287 396 1329 fidei
414 1288 644 1330 veritatem
664 1289 801 1341 Myrae
820 1289 1029 1342 praedica-

205 1349 290 1393 ret,
326 1343 381 1385 ab
418 1345 733 1397 imperatorum
769 1346 1030 1388 satellitibus

205 1400 564 1453 comprehensus,
598 1407 641 1443 et
671 1402 926 1454 longissime
958 1403 1030 1445 ab-

206 1456 381 1507 ductus,
401 1458 445 1498 in
465 1461 687 1500 carcerem
707 1460 929 1511 conjectus
949 1465 1030 1501 est:

204 1513 279 1555 ubi
315 1514 395 1555 fuit
429 1528 569 1567 usque
605 1515 662 1556 ad
700 1516 1030 1558 Constantinum

204 1571 529 1623 imperatorem:
569 1573 689 1624 cujus
722 1573 840 1623 jussu
873 1585 927 1615 ex
959 1586 1029 1614 cu-

206 1626 350 1668 stodia
365 1630 554 1680 ereptus,
574 1628 742 1680 Myram
757 1629 897 1670 rediit.
925 1630 1030 1671 Mox

205 1683 260 1724 ad
288 1683 516 1725 Nicaenum
544 1685 777 1726 concilium
805 1698 852 1727 se
881 1688 1030 1728 contu-

204 1739 268 1781 lit:
301 1740 376 1781 ubi
404 1753 503 1782 cum
530 1742 737 1783 trecentis
765 1741 849 1782 illis
878 1741 1030 1784 decem

204 1801 248 1838 et
267 1802 368 1838 octo
383 1797 586 1839 Patribus
602 1798 809 1839 Arianam
828 1798 1030 1841 haeresim

205 1853 523 1896 condemnavit.
586 1854 695 1896 Inde
735 1857 936 1897 reversus
973 1856 1029 1898 ad

205 1910 524 1963 episcopatum,
552 1924 639 1953 non
667 1912 729 1953 ita
752 1912 890 1954 multo
916 1919 1029 1965 post,

203 1966 394 2008 instante
417 1974 574 2018 morte,
602 1969 846 2021 suspiciens
874 1969 918 2010 in
944 1982 1029 2011 coe-

203 2022 309 2072 lum,
343 2036 442 2064 cum
470 2024 664 2076 Angelos
691 2025 775 2067 sibi
801 2028 1029 2068 occurren-

203 2084 270 2120 tes
288 2079 540 2131 intueretur,
558 2081 633 2123 illo
648 2081 823 2123 Psalmo
840 2095 1028 2135 pronun-

203 2135 324 2185 tiato,
344 2136 393 2176 In
413 2142 457 2178 te
476 2137 663 2179 Domine
682 2139 869 2191 sperav13
888 2152 1028 2192 usque

203 2190 260 2233 ad
275 2204 374 2233 eum
387 2192 544 2243 locum,
563 2195 612 2235 In
629 2207 782 2236 manus
797 2200 895 2237 tuas
913 2208 1027 2237 com-

202 2247 363 2289 mendo
398 2250 597 2301 spiritum
630 2264 792 2302 meum;
825 2252 868 2293 in
901 2252 1028 2294 coele-

204 2309 315 2346 stem
343 2306 529 2357 patriam
556 2307 769 2358 migravit.
806 2309 907 2359 Ejus
935 2321 1027 2350 cor-

204 2374 287 2413 pus
307 2361 485 2403 Barium
510 2363 553 2404 in
574 2364 734 2416 Apulia
758 2365 1028 2414 translatum,

204 2416 367 2459 ibidem
395 2424 519 2460 suma
546 2419 799 2462 celebritate
827 2433 878 2462 ac
902 2434 1027 2463 vene-

204 2474 372 2515 ratione
392 2475 559 2517 cOlitur.
613 2480 656 2529 [ᾧ.
694 2477 783 2518 Iste
803 2483 880 2519 est.
904 2477 987 2530 [54]

257 2538 291 2570 1η
316 2538 373 2570 111.
397 2538 501 2571 Not-t.
524 2539 659 2572 llomil.
683 2541 714 2571 in
740 2540 878 2581 lfflxung.
908 2542 1027 2574 Homo

203 2588 372 2628 peregre.
385 2586 667 2620 dc(⁷1‹›m.(]‹›ni.
686 2587 939 2622 l’‹›1u.l.l‹›e‹›.
958 2586 1027 2630 [56]

255 2634 290 2666 ln
323 2635 434 2667 Laud.
463 2636 497 2667 lit
526 2646 719 2669 commi-m.
750 2636 876 2670 Furiae

256 2683 435 2725 Vespera·
476 2696 493 2715 ιι
542 2685 663 2725 Cupit
705 2685 749 2717 dc
796 2696 898 2727 sequ.
940 2697 1020 2719 cum

201 2742 393 2765 commem.
423 2732 582 2773 praeced.
610 2740 640 2765 ct
673 2733 800 2765 Feriam

616 2790 621 2793 ι
651 2789 719 2796 saa—1

1285 326 1368 369 Die
1387 327 1423 370 7.
1442 328 1711 372 Decembris.

1112 396 1156 436 S.
1175 395 1430 438 Ambrosii
1451 398 1669 451 Episcopi.
1696 402 1815 441 Conf.
1837 408 1878 443 et

1367 454 1476 495 Eccl.
1496 455 1621 496 Doct.

1412 516 1572 559 Duplex.

1133 571 1266 606 Omnia
1302 573 1346 606 dc
1379 574 1522 606 Corum.
1558 573 1665 607 Conf.
1694 574 1800 609 Pont.
1837 573 1908 617 [49]

1082 626 1220 663 praeter
1245 632 1349 663 sequ.
1379 621 1438 663 (m.
1461 625 1485 655 t.
1510 623 1558 664 v.)

1134 676 1201 717 Ad
1221 678 1389 726 Magnis.
1422 678 1517 718 Ant.
1548 678 1584 718 O
1609 677 1779 719 Doctor
1799 677 1908 730 opti—

1085 745 1170 782 me,
1189 733 1399 775 Ecclesiae
1419 738 1581 775 sanctae
1601 733 1762 784 lumen,
1779 733 1909 776 beate

1085 789 1303 839 Ambrosi‚
1325 789 1484 832 divinae
1502 790 1613 842 legis
1632 792 1813 840 amator,
1838 790 1908 832 de-

1085 848 1268 899 precare
1286 860 1368 899 pro
1388 846 1515 889 nobis
1533 846 1690 889 Filium
1708 847 1803 889 Dei.

1417 910 1577 950 Oratio.

1172 975 1261 1013 eus,
1281 964 1355 1016 qui
1374 963 1541 1017 pepulo
1561 968 1637 1005 tuo
1653 965 1828 1005 aeternae
1844 976 1908 1005 sa-

1185 1019 1289 1061 lutis
1316 1020 1496 1062 beatum
1523 1019 1807 1062 Ambrosium
1833 1021 1908 1061 mi—

1085 1078 1268 1117 nistrum
1295 1077 1500 1119 tribuisti:
1530 1082 1711 1130 praesta,
1740 1078 1908 1129 quaesu-

1084 1146 1196 1183 mus;
1223 1138 1272 1174 ut
1297 1146 1426 1186 quem
1444 1134 1685 1175 Docterem
1709 1133 1811 1175 vitae
1836 1132 1908 1175 ha-

1084 1189 1258 1231 buimus
1294 1190 1337 1231 in
1374 1190 1519 1240 terris,
1572 1190 1908 1232 intercessorem

1085 1245 1248 1288 habere
1281 1249 1527 1289 mereamur
1562 1247 1606 1287 in
1638 1246 1772 1288 coelis.
1824 1246 1909 1288 Per

1084 1303 1321 1344 Dominum
1339 1309 1548 1345 nostrum.

1132 1365 1278 1399 Deinde
1307 1367 1344 1399 fit
1368 1377 1560 1400 commem.
1587 1369 1620 1401 S.
1645 1368 1808 1403 Nicolai.

1136 1420 1233 1457 Ant.
1256 1416 1431 1458 Amavit
1445 1429 1544 1458 eum
1558 1417 1662 1466 Dfis‚
1677 1420 1720 1458 et
1735 1415 1908 1457 ornevit

1084 1486 1198 1514 eum:
1225 1473 1383 1515 stolam
1405 1473 1557 1524 gloriae
1576 1472 1716 1515 induit
1735 1485 1844 1522 eum,
1864 1476 1907 1514 et

1084 1529 1140 1571 ad
1159 1535 1312 1583 portas
1331 1529 1524 1583 paradisi
1545 1529 1772 1572 coronaVit
1796 1541 1905 1570 eum.

1132 1582 1180 1629 Y
1203 1587 1228 1627 J
1229 1591 1375 1628 ustum
1394 1586 1578 1629 deduxit
1595 1586 1808 1628 Dominus
1826 1597 1906 1638 per

1083 1642 1176 1684 vias
1195 1647 1349 1684 rectas.
1385 1642 1429 1692 [ἐν.
1459 1643 1517 1684 Et
1541 1641 1733 1684 ostendit
1757 1641 1820 1683 illi
1841 1653 1905 1684 re-

1083 1712 1215 1750 gnum
1232 1699 1326 1741 Dei.

1132 1759 1282 1799 Oratio
1314 1765 1358 1799 ut
1388 1772 1528 1810 supra.
1561 1759 1654 1800 373.

1135 1820 1271 1853 Postea
1299 1819 1344 1852 dc
1372 1819 1490 1852 Fcria.

1134 1876 1171 1908 In
1200 1876 1224 1909 Ι.
1248 1875 1446 1909 Noenu-no
1473 1876 1570 1910 Lect.
1599 1875 1742 1912 Fidelis
1766 1886 1903 1912 sermo.

1081 1924 1126 1957 de
1153 1924 1285 1957 codem
1314 1924 1455 1957 Comm.
1484 1924 1509 1958 1.
1535 1925 1631 1958 loco.
1669 1924 1737 1968 [51]

1311 1998 1358 2035 In
1378 1998 1427 2036 ΙΙ.
1448 1998 1668 2037 Nocturno.

1381 2062 1531 2103 Lectio
1553 2062 1604 2101 iv.

1095 2146 1136 2178 cz(
1149 2159 1151 2161 ·
1172 2142 1213 2166 τ
1236 2129 1454 2171 mbresius
1481 2131 1715 2182 episcopus
1739 2128 1902 2171 Medio-

1096 2183 1099 2190 ’
1127 2188 1175 2243 s„
1208 2194 1222 2210 ⁸
1253 2187 1462 2236 lanensis,
1519 2185 1743 2227 Ambrosii
1795 2186 1902 2228 civis

1143 2238 1169 2246 ’
1251 2243 1439 2284 Romani
1457 2242 1583 2292 filius,
1601 2247 1726 2296 patre
1746 2242 1902 2284 Gelliae

1081 2300 1291 2353 praefecto
1310 2304 1439 2341 natus
1459 2303 1535 2340 est.
1562 2299 1613 2339 In
1631 2298 1756 2351 hujus
1769 2298 1902 2340 infan-

1080 2357 1136 2399 tis
1169 2369 1245 2398 ore
1278 2357 1462 2398 examen
1489 2367 1621 2407 apum
1649 2354 1901 2398 consedisse

1080 2412 1254 2455 dicitur:
1279 2425 1378 2464 quae
1403 2424 1474 2453 res
1499 2411 1690 2453 divinam
1712 2411 1792 2452 viri
1816 2411 1901 2453 elo-

1081 2470 1302 2522 quentiam
1328 2466 1707 2521 praemonstrabat.
1747 2468 1901 2509 Romae

1078 2525 1331 2568 liberalibus
1349 2524 1589 2577 disciplinis
1611 2523 1806 2566 eruditus
1825 2529 1901 2566 est.

1078 2583 1187 2624 Post
1206 2595 1230 2623 a
1244 2581 1390 2623 Probo
1409 2580 1629 2633 praefecto,
1650 2580 1838 2632 Liguriae
1857 2586 1901 2622 et

1078 2638 1268 2680 AEmssiae
1294 2637 1575 2690 praepositus:
1602 2636 1717 2679 unde
1743 2638 1901 2690 pestea

1079 2694 1271 2747 ejusdem
1285 2693 1419 2735 Probi
1437 2694 1554 2746 jussu
1570 2706 1668 2735 cum
1681 2694 1899 2746 potestate

1078 2750 1373 2793 Mediolanum
1387 2750 1519 2792 venit:
1534 2748 1619 2800 ubi,
1632 2751 1806 2791 mortuo
1820 2749 1901 2790 Au·

1999 2818 2040 2990 Δ
