2080 2990
647 214 750 248 Ordo
776 213 1129 248 Gommendationis
1155 214 1313 247 Animzu.

183 306 341 350 Libera
379 305 565 346 Domine
614 305 801 346 animam
841 304 954 346 servi

131 363 209 413 tui,
237 362 349 403 sicut
374 361 569 403 liberasti
595 366 684 403 tres
710 365 872 414 pueros
899 361 954 403 de

133 421 302 461 camino
325 418 435 469 ignis
455 416 661 468 ardentis,
690 423 734 459 et
753 417 807 459 de
824 430 954 459 manu

133 475 246 526 regis
265 474 411 527 iniqui.
444 478 488 528 R„
508 473 659 515 Amen.

186 530 345 573 Libera
384 530 570 571 Domine
617 530 803 571 animam
842 530 956 571 servi

132 588 211 638 tui,
252 588 363 629 sicut
398 586 594 628 liberasti
625 586 865 628 Susannam
900 585 955 628 de

134 644 244 686 falso
265 643 451 685 crimine.
481 644 527 694 R„
548 642 699 684 Amen.

187 699 343 743 Libera
381 698 568 740 Domine
615 699 801 739 animam
842 698 955 739 servi

134 757 212 806 tui,
239 755 349 797 816111
375 755 570 797 liberasti
589 755 734 797 David
755 754 809 796 de
827 767 956 795 manu

134 812 249 864 regis
268 812 384 862 Saul,
410 817 453 853 et
475 811 530 853 de
547 824 679 853 manu
698 812 850 854 Goliae.

220 892 238 911 ·.
257 868 408 910 Amen.

185 872 345 968 {ibera
383 924 570 966 Domine
615 924 802 964 animam
844 923 958 964 servi

135 982 212 1031 tui,
240 982 353 1023 sicut
378 981 574 1023 liberasti
591 981 770 1022 Petrum
788 985 831 1021 et
849 980 956 1021 Pau-

135 1038 226 1080 lum
243 1038 298 1080 de
318 1036 576 1079 carceribus.
606 1039 653 1089 Rs.
674 1036 825 1078 Amen.

189 1097 243 1136 Et
275 1094 386 1135 sicut
421 1093 717 1136 beatissimam
749 1092 958 1134 Theclam

136 1150 360 1202 Virginem
397 1155 440 1192 et
473 1150 710 1202 Martyrem
746 1154 866 1191 tuam
903 1147 958 1190 de

134 1207 273 1249 tribus
300 1206 581 1248 atrocissimis
604 1206 831 1248 tormentis
854 1205 957 1246 libe-

135 1263 260 1314 rasti,
282 1263 344 1304 sic
361 1262 546 1304 liberare
565 1261 754 1314 digneris
773 1261 959 1302 animam

136 1319 261 1371 hujus
284 1319 399 1361 servi
420 1319 499 1369 tui,
526 1324 569 1360 et
590 1324 735 1361 tecum
758 1318 891 1359 facias
915 1318 959 1358 in

134 1375 261 1418 bonis
281 1374 555 1427 congaudere
574 1374 837 1417 coelestibus.

190 1434 241 1486 Κ.
258 1431 410 1474 Amen.

468 1483 630 1523 Oratio.

213 1545 540 1587 ommendamus
565 1545 645 1587 tibi
661 1544 847 1586 Domine
874 1543 958 1585 ani-

238 1614 355 1643 mam
397 1601 547 1642 famuli
587 1601 651 1643 tui
685 1602 724 1642 N
729 1633 759 1652 .,
810 1613 959 1654 preca-

137 1660 321 1711 murque
356 1663 401 1700 te
434 1657 620 1700 Domine
653 1658 678 1699 J
681 1670 758 1699 esu
789 1656 959 1698 Christe

137 1714 338 1756 Salvator
360 1714 525 1756 mundi:
553 1719 601 1756 ut
624 1718 806 1767 propter
831 1726 961 1765 quam

138 1770 196 1813 ad
222 1775 385 1812 terram
415 1770 753 1812 misericorditer
784 1768 958 1811 descen-

138 1827 256 1876 disti,
283 1827 632 1868 Patriarcharum
660 1828 836 1868 tuorum
863 1826 960 1867 sini-

138 1882 221 1925 bus
248 1883 465 1924 insinuare
491 1896 580 1924 non
609 1884 775 1924 renuas.
817 1882 961 1934 Agno-

140 1951 213 1980 sce
236 1939 423 1980 Domine
447 1942 689 1981 creaturam
713 1943 848 1989 tuam,
875 1952 962 1980 non

140 2008 167 2036 a
184 1994 266 2037 diis
285 1995 434 2036 alienis
453 1997 653 2045 creatam,
672 1994 751 2036 sed
768 2008 794 2037 a
807 2000 851 2037 te
866 1995 961 2036 solo

140 2051 237 2093 Deo
268 2051 368 2093 vivo
402 2056 445 2093 et
477 2064 596 2093 vero:
639 2051 739 2104 quia
774 2064 862 2093 non
896 2056 963 2093 est

142 2108 251 2149 alius
278 2107 399 2149 Deus
425 2113 586 2161 praeter
612 2112 671 2158 te,
713 2112 755 2149 et
781 2120 868 2149 non
897 2112 963 2149 est

142 2162 382 2205 secundum
401 2166 537 2217 opera
553 2170 638 2206 tua.
665 2163 861 2205 Laetifica
874 2163 962 2206 Do-

141 2220 255 2261 mine
293 2220 479 2262 animam
518 2221 608 2273 ejus
641 2220 685 2260 in
725 2221 963 2272 conspectu

141 2281 236 2326 tuo,
268 2281 312 2318 et
339 2289 394 2317 ne
422 2276 667 2318 memineris
688 2275 963 2328 iniquitatum

143 2333 232 2384 ejus
274 2332 563 2385 antiquarum,
608 2338 652 2375 et
690 2332 962 2383 ebrietatum,

144 2401 252 2441 quas
288 2388 512 2431 suscitavit
544 2389 664 2431 furor
696 2389 788 2430 sive
819 2389 964 2431 fervor

141 2444 244 2486 mali
274 2443 488 2486 desiderii.
522 2445 646 2487 Licet
673 2445 786 2487 enim
811 2445 963 2497 pecca-

142 2500 268 2551 verit,
289 2506 434 2542 tamen
452 2501 641 2552 Patrem,
668 2506 711 2543 et
726 2500 896 2551 Filium,
922 2508 964 2543 et

144 2556 351 2608 Spiritum
367 2563 564 2599 sanctum
581 2571 669 2599 non
682 2557 865 2608 negavit,
886 2557 965 2599 sed

146 2612 339 2662 credidit,
359 2618 402 2655 et
420 2614 561 2655 zelum
576 2614 659 2656 Dei
677 2614 721 2655 in
737 2626 784 2655 se
803 2612 963 2663 habuit,

145 2674 189 2710 et
206 2669 362 2719 Deum,
388 2670 461 2722 qui
478 2671 580 2713 fecit
599 2671 755 2720 omnia,
778 2668 965 2712 fideliter

145 2723 355 2767 adoravit.

300 2867 364 2892 Pars
378 2867 511 2893 Hiemalis.

1731 208 1823 254 [193]

1340 310 1498 350 Oratio.

1005 364 1220 471 Delicta
1237 370 1479 422 iuventatis,
1500 375 1542 413 et
1559 371 1824 422 ignorantias

1112 427 1212 478 ers‚
1233 429 1490 478 quaesumus,
1509 441 1563 469 ne
1581 429 1825 470 memineris

1005 482 1207 533 Domine;
1243 483 1322 525 sed
1358 484 1596 526 secundum
1626 498 1826 536 magnam

1005 539 1347 581 misericordiam
1382 546 1501 582 tuam
1532 554 1700 583 memor
1730 547 1825 584 esto

1005 595 1119 636 illius
1139 596 1183 636 in
1201 595 1338 647 gloria
1357 596 1563 638 claritatis
1582 602 1680 639 tuae.
1712 598 1826 651 Ape-

1006 653 1171 694 riantur
1191 653 1230 694 ei
1249 653 1358 703 coeli,
1379 653 1649 695 collaetentur
1665 654 1726 695 illi
1742 655 1826 695 An-

1007 709 1103 760 geli.
1130 710 1181 750 In
1199 722 1379 761 regnum
1397 715 1519 751 tuum
1537 711 1722 752 Domine
1742 724 1827 752 ser-

1007 779 1110 807 vum
1127 771 1249 807 tuum
1269 766 1453 819 suscipe.
1491 766 1706 819 Suscipiat
1731 780 1828 808 eum

1009 827 1182 864 sanctus
1206 823 1393 864 Michael
1417 823 1717 874 Archangelus
1736 823 1828 874 Dei,

1010 879 1083 931 qui
1100 879 1264 920 militiae
1290 879 1481 921 coelestis
1499 880 1656 921 meruit
1674 879 1828 932 princi-

1008 937 1170 988 patum.
1202 936 1390 978 Veniant
1413 936 1475 976 illi
1500 936 1674 978 obviam
1693 936 1830 978 sancti

1010 991 1166 1042 Angeli
1191 992 1289 1042 Dei,
1323 997 1366 1034 et
1392 992 1634 1045 perducant
1662 1005 1760 1034 eum
1786 992 1831 1032 in

1010 1048 1228 1090 civitatem
1239 1049 1463 1090 coelestem
1472 1049 1722 1090 Jerusalem.
1741 1049 1832 1090 Sus-

1010 1104 1142 1157 cipiat
1166 1117 1265 1146 eum
1287 1104 1442 1147 beatus
1464 1105 1620 1147 Petrus
1640 1105 1829 1158 Aposto-

1009 1161 1092 1211 lus,
1126 1161 1194 1202 cui
1218 1174 1243 1202 a
1266 1161 1363 1203 Deo
1389 1162 1533 1203 claves
1557 1162 1677 1212 regni
1704 1162 1829 1203 coele-

1010 1217 1087 1258 stis
1106 1217 1278 1259 traditae
1299 1223 1407 1259 sunt.
1427 1217 1616 1269 Adjuvet
1632 1231 1730 1259 eum
1745 1231 1831 1259 san-

1011 1279 1106 1315 ctus
1124 1273 1284 1315 Paulus
1303 1274 1562 1326 Apostolus,
1583 1274 1656 1326 qui
1676 1274 1830 1325 dignus

1000 1330 1089 1372 fuit
1108 1343 1204 1371 esse
1224 1343 1301 1371 vas
1323 1330 1557 1372 electionis.
1584 1330 1831 1373 Intercedat

1010 1399 1091 1439 pro
1125 1399 1177 1428 eo
1211 1392 1384 1428 sanctus
1417 1387 1623 1438 Joannes,
1668 1387 1831 1429 electus

1010 1444 1094 1485 Dei
1121 1443 1378 1496 Apostolus,
1410 1443 1479 1485 cui
1509 1444 1702 1486 revelata
1734 1449 1833 1486 sunt

1012 1501 1180 1541 secreta
1199 1499 1404 1541 coelestia.
1445 1500 1580 1541 Orent
1603 1513 1684 1552 pro
1710 1512 1763 1542 eo
1788 1513 1832 1542 o-

1011 1569 1132 1598 mnes
1153 1556 1290 1597 sancti
1305 1556 1520 1609 Apostoli,
1541 1556 1698 1608 quibus
1714 1569 1739 1597 a
1752 1557 1833 1598 Do·

1011 1613 1127 1654 mino
1154 1611 1256 1654 data
1280 1617 1346 1653 est
1369 1614 1567 1665 potestas
1590 1611 1754 1664 ligandi
1773 1618 1832 1654 at-

1014 1682 1098 1721 que
1123 1668 1331 1710 solvendi.
1366 1668 1645 1710 Intercedant
1670 1682 1752 1721 pro
1780 1682 1832 1710 eo

1014 1738 1163 1767 omnes
1196 1725 1341 1767 Sancti
1376 1730 1419 1767 et
1450 1725 1590 1767 Electi
1621 1726 1718 1775 Dei,
1761 1726 1834 1777 qui

1012 1795 1094 1834 pro
1134 1781 1292 1822 Christi
1329 1781 1501 1822 nomine
1537 1783 1754 1823 tormenta
1789 1782 1834 1822 in

1013 1838 1098 1879 hoc
1117 1837 1278 1879 sa'eculo
1298 1838 1605 1879 sustinuerunt:
1622 1843 1671 1879 ut
1690 1840 1833 1880 vincu-

1013 1894 1065 1935 lis
1085 1893 1225 1935 carnis
1245 1897 1411 1944 exutus,
1430 1896 1657 1946 pervenire
1671 1897 1832 1936 merea·
1879 1936 1882 1939 ,

1013 1955 1083 1992 tur
1102 1949 1159 1992 ad
1172 1950 1355 2001 gloriam
1368 1950 1489 2000 regni
1504 1950 1705 2001 coelestis,
1725 1964 1833 2004 prae·
1883 1983 1884 1986 ,

1015 2009 1157 2049 stante
1183 2006 1372 2047 Domino
1403 2011 1555 2048 nostro
1583 2007 1607 2047 J
1610 2020 1686 2048 esu
1717 2007 1834 2049 Chri·
1880 2044 1884 2047 ,

1015 2068 1099 2105 81οε
1124 2062 1206 2113 Qui
1230 2075 1329 2103 cum
1346 2062 1475 2104 Patre
1500 2067 1543 2104 et
1561 2063 1722 2116 Spiritu
1741 2076 1834 2104 san-

1016 2124 1086 2161 cto
1105 2118 1211 2160 vivit
1231 2123 1274 2160 et
1292 2123 1443 2170 regnat
1461 2119 1504 2159 in
1522 2119 1683 2161 saecula
1701 2133 1834 2162 saecu-

1014 2175 1165 2217 lorum.
1203 2175 1252 2227 R·
1274 2174 1425 2216 Amen.

1070 2245 1111 2280 Si
1135 2245 1313 2279 anxiatur
1337 2244 1462 2278 adhuc
1486 2244 1627 2285 anima,
1660 2243 1836 2276 dicuntur

1019 2294 1059 2327 hi
1078 2293 1232 2336 Psahni,
1248 2286 1429 2327 videlicet
1446 2292 1696 2337 Confitemini.
1716 2294 1776 2330 20.
1801 2292 1836 2322 et
1884 2331 1885 2335 ,

1018 2345 1121 2376 totus
1143 2341 1205 2375 Ps.
1226 2320 1336 2376 Beati
1358 2333 1601 2377 immaculati.
1627 2348 1694 2380 per
1709 2337 1801 2371 Hor
1794 2346 1834 2370 {S

1020 2390 1257 2423 distributus
1278 2389 1332 2424 21.

1074 2446 1240 2488 Egressa
1265 2450 1389 2479 autem
1414 2444 1550 2485 animan
1575 2443 1646 2476 dic.
1671 2442 1743 2476 hoc

1072 2503 1122 2542 R.
1142 2501 1376 2544 Subvenite
1399 2500 1544 2542 Sancti
1561 2501 1660 2550 Dei,
1685 2504 1832 2543 occur-

1016 2557 1096 2600 rite
1116 2558 1274 2623 Angeli
1291 2557 1480 2599 Domini.
1504 2557 1525 2578 *
1541 2532 1833 2621 Suscipientes

1018 2614 1203 2655 animam
1230 2615 1334 2666 ejus:
1358 2615 1378 2637 *
1400 2613 1642 2655 Offerentes
1670 2626 1765 2655 eam
1790 2613 1833 2652 in
1883 2644 1887 2666 5

1018 2673 1257 2723 conspectu
1282 2669 1504 2712 Altissimi.
1547 2663 1594 2713 V.
1620 2669 1834 2722 Suscipiat

1016 2731 1060 2768 te
1085 2726 1292 2777 Christus,
1325 2725 1398 2778 qui
1428 2726 1603 2768 vocavit
1631 2730 1692 2775 te,
1724 2730 1767 2767 et
1789 2724 1833 2765 in

1577 2855 1609 2888 N
