<?xml version="1.0" encoding="UTF-8"?>
<!DOCTYPE html PUBLIC "-//W3C//DTD XHTML 1.0 Transitional//EN"
    "http://www.w3.org/TR/xhtml1/DTD/xhtml1-transitional.dtd">
<html xmlns="http://www.w3.org/1999/xhtml" xml:lang="en" lang="en">
 <head>
  <title>
</title>
<meta http-equiv="Content-Type" content="text/html;charset=utf-8" />
  <meta name='ocr-system' content='tesseract 3.04.00' />
  <meta name='ocr-capabilities' content='ocr_page ocr_carea ocr_par ocr_line ocrx_word'/>
</head>
<body>
  <div class='ocr_page' id='page_1' title='image "./p1breviariumroma00cathuoft_0916.png"; bbox 0 0 2080 2990; ppageno 0'>
   <div class='ocr_carea' id='block_1_1' title="bbox 236 235 306 270">
    <p class='ocr_par' dir='ltr' id='par_1_1' title="bbox 236 235 306 270">
     <span class='ocr_line' id='line_1_1' title="bbox 236 235 306 270; baseline 0 0"><span class='ocrx_word' id='word_1_1' title='bbox 236 235 306 270; x_wconf 77' lang='lat'><strong>10*</strong></span> 
     </span>
    </p>
   </div>
   <div class='ocr_carea' id='block_1_2' title="bbox 744 280 1934 350">
    <p class='ocr_par' dir='ltr' id='par_1_2' title="bbox 744 280 1934 350">
     <span class='ocr_line' id='line_1_2' title="bbox 744 280 1934 288; baseline 0 2702"><span class='ocrx_word' id='word_1_2' title='bbox 744 280 1934 288; x_wconf 95' lang='lat' dir='ltr'><strong> </strong></span> 
     </span>
     <span class='ocr_line' id='line_1_3' title="bbox 744 288 1934 350; baseline 0 -54"><span class='ocrx_word' id='word_1_3' title='bbox 744 288 1109 350; x_wconf 95' lang='lat' dir='ltr'><strong>  </strong></span> <span class='ocrx_word' id='word_1_4' title='bbox 1931 288 1934 296; x_wconf 95' lang='lat' dir='ltr'><strong> </strong></span> 
     </span>
    </p>
   </div>
   <div class='ocr_carea' id='block_1_3' title="bbox 234 325 1057 935">
    <p class='ocr_par' dir='ltr' id='par_1_3' title="bbox 234 325 1057 833">
     <span class='ocr_line' id='line_1_4' title="bbox 235 325 1056 384; baseline -0.009 -11"><span class='ocrx_word' id='word_1_5' title='bbox 235 332 277 372; x_wconf 89' lang='lat' dir='ltr'><strong>in</strong></span> <span class='ocrx_word' id='word_1_6' title='bbox 303 337 511 384; x_wconf 89' lang='lat' dir='ltr'><strong>quantum</strong></span> <span class='ocrx_word' id='word_1_7' title='bbox 537 327 799 372; x_wconf 80' lang='lat' dir='ltr'><strong>venerabilis</strong></span> <span class='ocrx_word' id='word_1_8' title='bbox 825 325 1056 378; x_wconf 80' lang='lat' dir='ltr'><strong>Eutychia-</strong></span> 
     </span>
     <span class='ocr_line' id='line_1_5' title="bbox 235 383 1056 440; baseline -0.009 -11"><span class='ocrx_word' id='word_1_9' title='bbox 235 401 315 429; x_wconf 93' lang='lat' dir='ltr'><strong>nus</strong></span> <span class='ocrx_word' id='word_1_10' title='bbox 335 387 464 429; x_wconf 90' lang='lat' dir='ltr'><strong>etiam</strong></span> <span class='ocrx_word' id='word_1_11' title='bbox 484 385 787 440; x_wconf 88' lang='lat' dir='ltr'><strong>propheticam</strong></span> <span class='ocrx_word' id='word_1_12' title='bbox 807 383 1056 436; x_wconf 88' lang='lat' dir='ltr'><strong>supergres-</strong></span> 
     </span>
     <span class='ocr_line' id='line_1_6' title="bbox 235 441 1057 494; baseline -0.009 -9"><span class='ocrx_word' id='word_1_13' title='bbox 235 457 308 485; x_wconf 92' lang='lat' dir='ltr'><strong>sus</strong></span> <span class='ocrx_word' id='word_1_14' title='bbox 328 449 394 485; x_wconf 93' lang='lat' dir='ltr'><strong>est</strong></span> <span class='ocrx_word' id='word_1_15' title='bbox 412 443 595 493; x_wconf 90' lang='lat' dir='ltr'><strong>laudem,</strong></span> <span class='ocrx_word' id='word_1_16' title='bbox 615 442 735 494; x_wconf 91' lang='lat' dir='ltr'><strong>cujus</strong></span> <span class='ocrx_word' id='word_1_17' title='bbox 753 441 797 482; x_wconf 90' lang='lat' dir='ltr'><strong>in</strong></span> <span class='ocrx_word' id='word_1_18' title='bbox 817 441 1057 491; x_wconf 88' lang='lat' dir='ltr'><strong>conspectu</strong></span> 
     </span>
     <span class='ocr_line' id='line_1_7' title="bbox 234 494 1056 546; baseline -0.009 -5"><span class='ocrx_word' id='word_1_19' title='bbox 234 500 410 541; x_wconf 74' lang='lat' dir='ltr'><strong>Demini</strong></span> <span class='ocrx_word' id='word_1_20' title='bbox 438 512 524 541; x_wconf 92' lang='lat' dir='ltr'><strong>non</strong></span> <span class='ocrx_word' id='word_1_21' title='bbox 553 498 695 539; x_wconf 92' lang='lat' dir='ltr'><strong>solum</strong></span> <span class='ocrx_word' id='word_1_22' title='bbox 721 510 858 546; x_wconf 92' lang='lat' dir='ltr'><strong>mors,</strong></span> <span class='ocrx_word' id='word_1_23' title='bbox 898 494 976 536; x_wconf 92' lang='lat' dir='ltr'><strong>sed</strong></span> <span class='ocrx_word' id='word_1_24' title='bbox 1013 498 1056 534; x_wconf 92' lang='lat' dir='ltr'><strong>et</strong></span> 
     </span>
     <span class='ocr_line' id='line_1_8' title="bbox 235 549 1054 608; baseline -0.009 -11"><span class='ocrx_word' id='word_1_25' title='bbox 235 556 322 597; x_wconf 90' lang='lat' dir='ltr'><strong>vita</strong></span> <span class='ocrx_word' id='word_1_26' title='bbox 360 556 525 597; x_wconf 84' lang='lat' dir='ltr'><strong>exstitit</strong></span> <span class='ocrx_word' id='word_1_27' title='bbox 560 555 765 608; x_wconf 85' lang='lat' dir='ltr'><strong>pretiosa.</strong></span> <span class='ocrx_word' id='word_1_28' title='bbox 826 549 1054 594; x_wconf 90' lang='lat' dir='ltr'><strong>Moriendo</strong></span> 
     </span>
     <span class='ocr_line' id='line_1_9' title="bbox 235 606 1054 665; baseline -0.007 -13"><span class='ocrx_word' id='word_1_29' title='bbox 235 625 421 665; x_wconf 91' lang='lat' dir='ltr'><strong>namque</strong></span> <span class='ocrx_word' id='word_1_30' title='bbox 445 612 671 664; x_wconf 72' lang='lat' dir='ltr'><strong>preprium</strong></span> <span class='ocrx_word' id='word_1_31' title='bbox 691 610 863 652; x_wconf 93' lang='lat' dir='ltr'><strong>Christo</strong></span> <span class='ocrx_word' id='word_1_32' title='bbox 888 606 1054 658; x_wconf 79' lang='lat' dir='ltr'><strong>sangui-</strong></span> 
     </span>
     <span class='ocr_line' id='line_1_10' title="bbox 235 663 1055 710; baseline -0.01 0"><span class='ocrx_word' id='word_1_33' title='bbox 235 682 332 710; x_wconf 91' lang='lat' dir='ltr'><strong>nem</strong></span> <span class='ocrx_word' id='word_1_34' title='bbox 370 667 505 710; x_wconf 84' lang='lat' dir='ltr'>dedit:</span> <span class='ocrx_word' id='word_1_35' title='bbox 549 666 737 709; x_wconf 88' lang='lat' dir='ltr'><strong>vivendo</strong></span> <span class='ocrx_word' id='word_1_36' title='bbox 778 663 1055 707; x_wconf 72' lang='lat' dir='ltr'><strong>nihilOminus</strong></span> 
     </span>
     <span class='ocr_line' id='line_1_11' title="bbox 235 722 1055 766; baseline -0.009 0"><span class='ocrx_word' id='word_1_37' title='bbox 235 725 535 766; x_wconf 74' lang='lat' dir='ltr'><strong>cohortatiene</strong></span> <span class='ocrx_word' id='word_1_38' title='bbox 554 724 789 765; x_wconf 88' lang='lat' dir='ltr'><strong>fortissima</strong></span> <span class='ocrx_word' id='word_1_39' title='bbox 806 722 1055 762; x_wconf 83' lang='lat' dir='ltr'><strong>innumeros</strong></span> 
     </span>
     <span class='ocr_line' id='line_1_12' title="bbox 235 779 842 833; baseline -0.007 -10"><span class='ocrx_word' id='word_1_40' title='bbox 235 782 349 823; x_wconf 91' lang='lat' dir='ltr'><strong>coelo</strong></span> <span class='ocrx_word' id='word_1_41' title='bbox 369 782 584 833; x_wconf 76' lang='lat' dir='ltr'><strong>Martyres</strong></span> <span class='ocrx_word' id='word_1_42' title='bbox 604 779 842 832; x_wconf 89' lang='lat' dir='ltr'><strong>acquisivit.</strong></span> 
     </span>
    </p>

    <p class='ocr_par' dir='ltr' id='par_1_4' title="bbox 294 836 792 891">
     <span class='ocr_line' id='line_1_13' title="bbox 294 836 792 891; baseline -0.006 -12"><span class='ocrx_word' id='word_1_43' title='bbox 294 842 338 891; x_wconf 63' lang='lat' dir='ltr'><strong>Rg.</strong></span> <span class='ocrx_word' id='word_1_44' title='bbox 364 838 486 880; x_wconf 89' lang='lat' dir='ltr'><strong>Stola</strong></span> <span class='ocrx_word' id='word_1_45' title='bbox 504 836 792 890; x_wconf 83' lang='lat' dir='ltr'><strong>jucunditatis.</strong></span> 
     </span>
    </p>

    <p class='ocr_par' dir='ltr' id='par_1_5' title="bbox 294 894 1057 935">
     <span class='ocr_line' id='line_1_14' title="bbox 294 894 1057 935; baseline -0.009 0"><span class='ocrx_word' id='word_1_46' title='bbox 294 903 330 935; x_wconf 77' lang='lat' dir='ltr'><strong>ln</strong></span> <span class='ocrx_word' id='word_1_47' title='bbox 360 901 419 934; x_wconf 91' lang='lat' dir='ltr'><strong>lll.</strong></span> <span class='ocrx_word' id='word_1_48' title='bbox 446 901 551 933; x_wconf 75' lang='lat' dir='ltr'><strong>Noct.</strong></span> <span class='ocrx_word' id='word_1_49' title='bbox 586 898 750 932; x_wconf 71' lang='lat' dir='ltr'><strong>llomilia</strong></span> <span class='ocrx_word' id='word_1_50' title='bbox 780 897 811 928; x_wconf 77' lang='lat' dir='ltr'><strong>in</strong></span> <span class='ocrx_word' id='word_1_51' title='bbox 841 896 983 934; x_wconf 50' lang='lat' dir='ltr'><strong>Erana.</strong></span> <span class='ocrx_word' id='word_1_52' title='bbox 1015 894 1057 928; x_wconf 66' lang='lat' dir='ltr'><strong>si</strong></span> 
     </span>
    </p>
   </div>
   <div class='ocr_carea' id='block_1_4' title="bbox 237 943 1058 1030">
    <p class='ocr_par' dir='ltr' id='par_1_6' title="bbox 237 943 1058 1030">
     <span class='ocr_line' id='line_1_15' title="bbox 237 943 1058 991; baseline -0.012 -8"><span class='ocrx_word' id='word_1_53' title='bbox 237 947 323 991; x_wconf 91' lang='lat' dir='ltr'><strong>quis</strong></span> <span class='ocrx_word' id='word_1_54' title='bbox 351 947 434 982; x_wconf 83' lang='lat' dir='ltr'><strong>vult</strong></span> <span class='ocrx_word' id='word_1_55' title='bbox 460 950 551 990; x_wconf 88' lang='lat' dir='ltr'><strong>post</strong></span> <span class='ocrx_word' id='word_1_56' title='bbox 576 955 635 980; x_wconf 91' lang='lat' dir='ltr'><strong>me</strong></span> <span class='ocrx_word' id='word_1_57' title='bbox 663 944 803 980; x_wconf 85' lang='lat' dir='ltr'><strong>venire.</strong></span> <span class='ocrx_word' id='word_1_58' title='bbox 845 944 889 976; x_wconf 59' lang='lat' dir='ltr'><strong>ilc</strong></span> <span class='ocrx_word' id='word_1_59' title='bbox 925 943 1058 975; x_wconf 69' lang='lat' dir='ltr'><strong>codem</strong></span> 
     </span>
     <span class='ocr_line' id='line_1_16' title="bbox 240 996 614 1030; baseline -0.011 0"><span class='ocrx_word' id='word_1_60' title='bbox 240 998 437 1030; x_wconf 56' lang='lat' dir='ltr'><strong>Communi</strong></span> <span class='ocrx_word' id='word_1_61' title='bbox 463 998 491 1029; x_wconf 65' lang='lat'><strong>2.</strong></span> <span class='ocrx_word' id='word_1_62' title='bbox 520 996 614 1027; x_wconf 72' lang='lat' dir='ltr'><strong>loco.</strong></span> 
     </span>
    </p>
   </div>
   <div class='ocr_carea' id='block_1_5' title="bbox 240 1074 1061 1500">
    <p class='ocr_par' dir='ltr' id='par_1_7' title="bbox 240 1074 1061 1500">
     <span class='ocr_line' id='line_1_17' title="bbox 421 1074 871 1118; baseline -0.007 -1"><span class='ocrx_word' id='word_1_63' title='bbox 421 1077 504 1118; x_wconf 92' lang='lat' dir='ltr'><strong>Die</strong></span> <span class='ocrx_word' id='word_1_64' title='bbox 523 1077 586 1116; x_wconf 87' lang='lat'><strong>10.</strong></span> <span class='ocrx_word' id='word_1_65' title='bbox 605 1074 871 1116; x_wconf 86' lang='lat' dir='ltr'><strong>Decembris.</strong></span> 
     </span>
     <span class='ocr_line' id='line_1_18' title="bbox 495 1138 810 1178; baseline -0.01 0"><span class='ocrx_word' id='word_1_66' title='bbox 495 1138 810 1178; x_wconf 81' lang='lat' dir='ltr'><strong>Translationis</strong></span> 
     </span>
     <span class='ocr_line' id='line_1_19' title="bbox 296 1194 996 1239; baseline -0.007 0"><span class='ocrx_word' id='word_1_67' title='bbox 296 1197 455 1239; x_wconf 85' lang='lat' dir='ltr'><strong>Almae</strong></span> <span class='ocrx_word' id='word_1_68' title='bbox 482 1197 670 1238; x_wconf 86' lang='lat' dir='ltr'><strong>Domus</strong></span> <span class='ocrx_word' id='word_1_69' title='bbox 697 1194 996 1236; x_wconf 81' lang='lat' dir='ltr'><strong>Lauretanae</strong></span> 
     </span>
     <span class='ocr_line' id='line_1_20' title="bbox 393 1251 904 1302; baseline -0.006 -7"><span class='ocrx_word' id='word_1_70' title='bbox 393 1254 444 1295; x_wconf 88' lang='lat' dir='ltr'><strong>B.</strong></span> <span class='ocrx_word' id='word_1_71' title='bbox 469 1252 645 1294; x_wconf 84' lang='lat' dir='ltr'><strong>Mariae</strong></span> <span class='ocrx_word' id='word_1_72' title='bbox 669 1251 904 1302; x_wconf 85' lang='lat' dir='ltr'><strong>Virginis.</strong></span> 
     </span>
     <span class='ocr_line' id='line_1_21' title="bbox 499 1312 800 1356; baseline -0.01 -9"><span class='ocrx_word' id='word_1_73' title='bbox 499 1314 651 1356; x_wconf 71' lang='lat' dir='ltr'><strong>Duplex</strong></span> <span class='ocrx_word' id='word_1_74' title='bbox 668 1312 800 1351; x_wconf 67' lang='lat' dir='ltr'><strong>maius.</strong></span> 
     </span>
     <span class='ocr_line' id='line_1_22' title="bbox 293 1367 1060 1413; baseline -0.008 -8"><span class='ocrx_word' id='word_1_75' title='bbox 293 1371 339 1405; x_wconf 67' lang='lat' dir='ltr'><strong>[t</strong></span> <span class='ocrx_word' id='word_1_76' title='bbox 372 1372 469 1405; x_wconf 67' lang='lat' dir='ltr'><strong>intel·</strong></span> <span class='ocrx_word' id='word_1_77' title='bbox 503 1372 596 1404; x_wconf 64' lang='lat' dir='ltr'><strong>{csta</strong></span> <span class='ocrx_word' id='word_1_78' title='bbox 633 1380 701 1413; x_wconf 73' lang='lat' dir='ltr'><strong>pro</strong></span> <span class='ocrx_word' id='word_1_79' title='bbox 735 1368 931 1411; x_wconf 72' lang='lat' dir='ltr'><strong>aliquibus</strong></span> <span class='ocrx_word' id='word_1_80' title='bbox 964 1367 1060 1400; x_wconf 77' lang='lat' dir='ltr'><strong>loeis</strong></span> 
     </span>
     <span class='ocr_line' id='line_1_23' title="bbox 240 1415 1061 1453; baseline -0.007 0"><span class='ocrx_word' id='word_1_81' title='bbox 240 1420 371 1453; x_wconf 70' lang='lat' dir='ltr'><strong>cadem</strong></span> <span class='ocrx_word' id='word_1_82' title='bbox 403 1419 479 1452; x_wconf 76' lang='lat' dir='ltr'><strong>(lic.</strong></span> <span class='ocrx_word' id='word_1_83' title='bbox 511 1419 654 1451; x_wconf 58' lang='lat' dir='ltr'><strong>omissa</strong></span> <span class='ocrx_word' id='word_1_84' title='bbox 688 1426 883 1450; x_wconf 67' lang='lat' dir='ltr'><strong>commem.</strong></span> <span class='ocrx_word' id='word_1_85' title='bbox 913 1416 947 1449; x_wconf 72' lang='lat' dir='ltr'><strong>S.</strong></span> <span class='ocrx_word' id='word_1_86' title='bbox 972 1415 1061 1448; x_wconf 62' lang='lat' dir='ltr'><strong>Mel-</strong></span> 
     </span>
     <span class='ocr_line' id='line_1_24' title="bbox 241 1468 399 1500; baseline -0.006 0"><span class='ocrx_word' id='word_1_87' title='bbox 241 1468 399 1500; x_wconf 65' lang='lat' dir='ltr'><strong>cliindis.</strong></span> 
     </span>
    </p>
   </div>
   <div class='ocr_carea' id='block_1_6' title="bbox 294 1551 1031 1764">
    <p class='ocr_par' dir='ltr' id='par_1_8' title="bbox 294 1551 1031 1764">
     <span class='ocr_line' id='line_1_25' title="bbox 431 1551 872 1594; baseline -0.002 -1"><span class='ocrx_word' id='word_1_88' title='bbox 431 1552 514 1594; x_wconf 90' lang='lat' dir='ltr'><strong>Die</strong></span> <span class='ocrx_word' id='word_1_89' title='bbox 532 1553 585 1592; x_wconf 92' lang='lat'><strong>11.</strong></span> <span class='ocrx_word' id='word_1_90' title='bbox 603 1551 872 1594; x_wconf 84' lang='lat' dir='ltr'><strong>Decembris.</strong></span> 
     </span>
     <span class='ocr_line' id='line_1_26' title="bbox 314 1612 989 1663; baseline -0.009 -7"><span class='ocrx_word' id='word_1_91' title='bbox 314 1616 356 1656; x_wconf 90' lang='lat' dir='ltr'><strong>S.</strong></span> <span class='ocrx_word' id='word_1_92' title='bbox 375 1616 579 1657; x_wconf 83' lang='lat' dir='ltr'><strong>Damasi</strong></span> <span class='ocrx_word' id='word_1_93' title='bbox 596 1616 632 1657; x_wconf 90' lang='lat' dir='ltr'><strong>I.</strong></span> <span class='ocrx_word' id='word_1_94' title='bbox 654 1614 783 1663; x_wconf 75' lang='lat' dir='ltr'><strong>Papa:</strong></span> <span class='ocrx_word' id='word_1_95' title='bbox 806 1618 847 1651; x_wconf 81' lang='lat' dir='ltr'><strong>ct</strong></span> <span class='ocrx_word' id='word_1_96' title='bbox 869 1612 989 1651; x_wconf 81' lang='lat' dir='ltr'><strong>Conf.</strong></span> 
     </span>
     <span class='ocr_line' id='line_1_27' title="bbox 543 1674 730 1716; baseline 0 -10"><span class='ocrx_word' id='word_1_97' title='bbox 543 1676 547 1679; x_wconf 83' lang='lat'>&#39;</span> <span class='ocrx_word' id='word_1_98' title='bbox 568 1674 730 1716; x_wconf 72' lang='lat' dir='ltr'><strong>Duplex.</strong></span> 
     </span>
     <span class='ocr_line' id='line_1_28' title="bbox 294 1729 1031 1764; baseline 0.005 -5"><span class='ocrx_word' id='word_1_99' title='bbox 294 1730 428 1762; x_wconf 71' lang='lat' dir='ltr'><strong>Omnia</strong></span> <span class='ocrx_word' id='word_1_100' title='bbox 454 1736 493 1763; x_wconf 83' lang='lat' dir='ltr'><strong>ut</strong></span> <span class='ocrx_word' id='word_1_101' title='bbox 517 1730 552 1762; x_wconf 88' lang='lat' dir='ltr'><strong>in</strong></span> <span class='ocrx_word' id='word_1_102' title='bbox 578 1730 776 1763; x_wconf 75' lang='lat' dir='ltr'><strong>Hrcviario</strong></span> <span class='ocrx_word' id='word_1_103' title='bbox 802 1729 934 1762; x_wconf 74' lang='lat' dir='ltr'><strong>cadem</strong></span> <span class='ocrx_word' id='word_1_104' title='bbox 958 1729 1031 1764; x_wconf 84' lang='lat' dir='ltr'><strong>die.</strong></span> 
     </span>
    </p>
   </div>
   <div class='ocr_carea' id='block_1_7' title="bbox 245 1808 1068 2801">
    <p class='ocr_par' dir='ltr' id='par_1_9' title="bbox 293 1808 1013 2019">
     <span class='ocr_line' id='line_1_29' title="bbox 430 1808 874 1850; baseline 0 -1"><span class='ocrx_word' id='word_1_105' title='bbox 430 1808 512 1850; x_wconf 91' lang='lat' dir='ltr'><strong>Die</strong></span> <span class='ocrx_word' id='word_1_106' title='bbox 531 1809 588 1849; x_wconf 88' lang='grc'><strong>12.</strong></span> <span class='ocrx_word' id='word_1_107' title='bbox 607 1808 874 1850; x_wconf 89' lang='lat' dir='ltr'><strong>Decembris.</strong></span> 
     </span>
     <span class='ocr_line' id='line_1_30' title="bbox 293 1872 1013 1925; baseline -0.004 -12"><span class='ocrx_word' id='word_1_108' title='bbox 293 1873 335 1913; x_wconf 87' lang='lat' dir='ltr'><strong>S.</strong></span> <span class='ocrx_word' id='word_1_109' title='bbox 354 1872 649 1914; x_wconf 81' lang='lat' dir='ltr'><strong>Melchiadis</strong></span> <span class='ocrx_word' id='word_1_110' title='bbox 671 1874 803 1925; x_wconf 76' lang='lat' dir='ltr'><strong>Papae</strong></span> <span class='ocrx_word' id='word_1_111' title='bbox 827 1878 868 1914; x_wconf 88' lang='lat' dir='ltr'><strong>ct</strong></span> <span class='ocrx_word' id='word_1_112' title='bbox 889 1872 1013 1911; x_wconf 75' lang='lat' dir='ltr'><strong>Mart.</strong></span> 
     </span>
     <span class='ocr_line' id='line_1_31' title="bbox 575 1933 734 1976; baseline 0 -10"><span class='ocrx_word' id='word_1_113' title='bbox 575 1933 734 1976; x_wconf 71' lang='lat' dir='ltr'><strong>Duplex.</strong></span> 
     </span>
     <span class='ocr_line' id='line_1_32' title="bbox 295 1986 749 2019; baseline 0.002 -2"><span class='ocrx_word' id='word_1_114' title='bbox 295 1986 428 2019; x_wconf 74' lang='lat' dir='ltr'><strong>Omnia</strong></span> <span class='ocrx_word' id='word_1_115' title='bbox 467 1986 512 2019; x_wconf 74' lang='lat' dir='ltr'><strong>dc</strong></span> <span class='ocrx_word' id='word_1_116' title='bbox 549 1986 749 2019; x_wconf 71' lang='lat' dir='ltr'><strong>Communi</strong></span> 
     </span>
    </p>

    <p class='ocr_par' dir='ltr' id='par_1_10' title="bbox 245 2034 612 2078">
     <span class='ocr_line' id='line_1_33' title="bbox 245 2034 612 2078; baseline 0.005 -13"><span class='ocrx_word' id='word_1_117' title='bbox 245 2041 382 2078; x_wconf 63' lang='lat' dir='ltr'><strong>practer</strong></span> <span class='ocrx_word' id='word_1_118' title='bbox 404 2034 612 2077; x_wconf 66' lang='lat' dir='ltr'><strong>sequentia.</strong></span> 
     </span>
    </p>

    <p class='ocr_par' dir='ltr' id='par_1_11' title="bbox 296 2082 1065 2164">
     <span class='ocr_line' id='line_1_34' title="bbox 296 2082 923 2117; baseline 0.005 -3"><span class='ocrx_word' id='word_1_119' title='bbox 296 2084 308 2114; x_wconf 88' lang='lat'><strong>(</strong></span> <span class='ocrx_word' id='word_1_120' title='bbox 318 2083 439 2115; x_wconf 61' lang='lat' dir='ltr'><strong>mutio</strong></span> <span class='ocrx_word' id='word_1_121' title='bbox 464 2082 725 2117; x_wconf 81' lang='lat' dir='ltr'><strong>Infirmitatem</strong></span> <span class='ocrx_word' id='word_1_122' title='bbox 741 2086 923 2117; x_wconf 89' lang='lat' dir='ltr'><strong>nostram.</strong></span> 
     </span>
     <span class='ocr_line' id='line_1_35' title="bbox 298 2129 1065 2164; baseline -0.003 -1"><span class='ocrx_word' id='word_1_123' title='bbox 298 2131 336 2163; x_wconf 82' lang='lat' dir='ltr'><strong>In</strong></span> <span class='ocrx_word' id='word_1_124' title='bbox 371 2130 394 2163; x_wconf 94' lang='lat'><strong>1.</strong></span> <span class='ocrx_word' id='word_1_125' title='bbox 428 2130 620 2163; x_wconf 56' lang='lat' dir='ltr'><strong>Noc-turno</strong></span> <span class='ocrx_word' id='word_1_126' title='bbox 656 2131 855 2164; x_wconf 64' lang='lat' dir='ltr'><strong>Lectismcs</strong></span> <span class='ocrx_word' id='word_1_127' title='bbox 890 2130 936 2163; x_wconf 82' lang='lat' dir='ltr'><strong>dc</strong></span> <span class='ocrx_word' id='word_1_128' title='bbox 968 2129 1065 2163; x_wconf 78' lang='lat' dir='ltr'><strong>Scri-</strong></span> 
     </span>
    </p>

    <p class='ocr_par' dir='ltr' id='par_1_12' title="bbox 245 2184 836 2338">
     <span class='ocr_line' id='line_1_36' title="bbox 245 2184 611 2221; baseline -0.003 -9"><span class='ocrx_word' id='word_1_129' title='bbox 245 2184 354 2221; x_wconf 69' lang='lat' dir='ltr'><strong>ptura</strong></span> <span class='ocrx_word' id='word_1_130' title='bbox 380 2184 611 2211; x_wconf 71' lang='lat' dir='ltr'><strong>occurrente.</strong></span> 
     </span>
     <span class='ocr_line' id='line_1_37' title="bbox 471 2238 836 2278; baseline 0.008 -3"><span class='ocrx_word' id='word_1_131' title='bbox 471 2238 518 2275; x_wconf 91' lang='lat' dir='ltr'><strong>In</strong></span> <span class='ocrx_word' id='word_1_132' title='bbox 541 2239 591 2276; x_wconf 92' lang='lat' dir='ltr'><strong>II.</strong></span> <span class='ocrx_word' id='word_1_133' title='bbox 614 2239 836 2278; x_wconf 77' lang='lat' dir='ltr'><strong>Nocturno.</strong></span> 
     </span>
     <span class='ocr_line' id='line_1_38' title="bbox 537 2297 759 2338; baseline 0.014 -3"><span class='ocrx_word' id='word_1_134' title='bbox 537 2297 686 2338; x_wconf 78' lang='lat' dir='ltr'><strong>Lectio</strong></span> <span class='ocrx_word' id='word_1_135' title='bbox 708 2300 759 2338; x_wconf 61' lang='lat' dir='ltr'><strong>iv.</strong></span> 
     </span>
    </p>

    <p class='ocr_par' dir='ltr' id='par_1_13' title="bbox 248 2354 1068 2801">
     <span class='ocr_line' id='line_1_39' title="bbox 252 2354 1065 2412; baseline 0.004 -17"><span class='ocrx_word' id='word_1_136' title='bbox 252 2368 259 2412; x_wconf 49' lang='lat' dir='ltr'>g</span> <span class='ocrx_word' id='word_1_137' title='bbox 309 2370 360 2412; x_wconf 50' lang='lat'><strong>5³.</strong></span> <span class='ocrx_word' id='word_1_138' title='bbox 405 2354 624 2396; x_wconf 90' lang='lat' dir='ltr'><strong>elchiades</strong></span> <span class='ocrx_word' id='word_1_139' title='bbox 657 2355 763 2396; x_wconf 87' lang='lat' dir='ltr'><strong>Afer</strong></span> <span class='ocrx_word' id='word_1_140' title='bbox 798 2360 899 2408; x_wconf 90' lang='lat' dir='ltr'><strong>post</strong></span> <span class='ocrx_word' id='word_1_141' title='bbox 933 2356 1065 2398; x_wconf 86' lang='lat' dir='ltr'><strong>Euse-</strong></span> 
     </span>
     <span class='ocr_line' id='line_1_40' title="bbox 256 2408 1066 2469; baseline 0.002 -17"><span class='ocrx_word' id='word_1_142' title='bbox 256 2419 258 2422; x_wconf 85' lang='lat'>&#39;</span> <span class='ocrx_word' id='word_1_143' title='bbox 276 2408 296 2469; x_wconf 58' lang='lat'><strong>⁷³2</strong></span> <span class='ocrx_word' id='word_1_144' title='bbox 318 2414 364 2469; x_wconf 77' lang='grc'><strong>’1,1</strong></span> <span class='ocrx_word' id='word_1_145' title='bbox 422 2411 540 2453; x_wconf 93' lang='lat' dir='ltr'><strong>bium</strong></span> <span class='ocrx_word' id='word_1_146' title='bbox 560 2411 805 2452; x_wconf 77' lang='lat' dir='ltr'><strong>Romanam</strong></span> <span class='ocrx_word' id='word_1_147' title='bbox 829 2413 967 2454; x_wconf 83' lang='lat' dir='ltr'><strong>tenuit</strong></span> <span class='ocrx_word' id='word_1_148' title='bbox 985 2413 1066 2454; x_wconf 92' lang='lat' dir='ltr'><strong>Ec-</strong></span> 
     </span>
     <span class='ocr_line' id='line_1_41' title="bbox 335 2465 1067 2518; baseline 0.004 -10"><span class='ocrx_word' id='word_1_149' title='bbox 335 2465 339 2474; x_wconf 82' lang='grc'><em>“</em></span> <span class='ocrx_word' id='word_1_150' title='bbox 359 2479 367 2481; x_wconf 86' lang='lat'><em>·</em></span> <span class='ocrx_word' id='word_1_151' title='bbox 393 2467 400 2488; x_wconf 42' lang='lat'><strong>&#39;¹</strong></span> <span class='ocrx_word' id='word_1_152' title='bbox 423 2467 609 2509; x_wconf 88' lang='lat' dir='ltr'><strong>clesiam.</strong></span> <span class='ocrx_word' id='word_1_153' title='bbox 661 2468 745 2518; x_wconf 92' lang='lat' dir='ltr'><strong>Qui</strong></span> <span class='ocrx_word' id='word_1_154' title='bbox 786 2481 883 2510; x_wconf 92' lang='lat' dir='ltr'><strong>cum</strong></span> <span class='ocrx_word' id='word_1_155' title='bbox 924 2468 1067 2511; x_wconf 92' lang='lat' dir='ltr'><strong>adhuc</strong></span> 
     </span>
     <span class='ocr_line' id='line_1_42' title="bbox 248 2524 1067 2578; baseline 0.004 -13"><span class='ocrx_word' id='word_1_156' title='bbox 248 2524 477 2578; x_wconf 77' lang='lat' dir='ltr'><strong>presbyter</strong></span> <span class='ocrx_word' id='word_1_157' title='bbox 516 2529 650 2573; x_wconf 87' lang='lat' dir='ltr'><strong>esset,</strong></span> <span class='ocrx_word' id='word_1_158' title='bbox 700 2525 817 2566; x_wconf 88' lang='lat' dir='ltr'><strong>misit</strong></span> <span class='ocrx_word' id='word_1_159' title='bbox 857 2525 1067 2568; x_wconf 78' lang='lat' dir='ltr'><strong>diaconos</strong></span> 
     </span>
     <span class='ocr_line' id='line_1_43' title="bbox 249 2581 1067 2634; baseline 0.002 -12"><span class='ocrx_word' id='word_1_160' title='bbox 249 2594 347 2622; x_wconf 91' lang='lat' dir='ltr'><strong>cum</strong></span> <span class='ocrx_word' id='word_1_161' title='bbox 371 2581 524 2623; x_wconf 89' lang='lat' dir='ltr'><strong>litteris</strong></span> <span class='ocrx_word' id='word_1_162' title='bbox 547 2581 756 2623; x_wconf 84' lang='lat' dir='ltr'><strong>Maxentii</strong></span> <span class='ocrx_word' id='word_1_163' title='bbox 781 2582 1067 2634; x_wconf 68' lang='lat' dir='ltr'><strong>imperatoris,</strong></span> 
     </span>
     <span class='ocr_line' id='line_1_44' title="bbox 250 2637 1067 2691; baseline 0.002 -13"><span class='ocrx_word' id='word_1_164' title='bbox 250 2643 292 2679; x_wconf 89' lang='lat' dir='ltr'><strong>et</strong></span> <span class='ocrx_word' id='word_1_165' title='bbox 310 2637 466 2679; x_wconf 89' lang='lat' dir='ltr'><strong>litteris</strong></span> <span class='ocrx_word' id='word_1_166' title='bbox 484 2637 680 2690; x_wconf 88' lang='lat' dir='ltr'><strong>praefecti</strong></span> <span class='ocrx_word' id='word_1_167' title='bbox 698 2639 893 2691; x_wconf 79' lang='lat' dir='ltr'><strong>praetorii</strong></span> <span class='ocrx_word' id='word_1_168' title='bbox 915 2639 971 2680; x_wconf 89' lang='lat' dir='ltr'><strong>ad</strong></span> <span class='ocrx_word' id='word_1_169' title='bbox 989 2639 1067 2682; x_wconf 89' lang='lat' dir='ltr'><strong>Ur-</strong></span> 
     </span>
     <span class='ocr_line' id='line_1_45' title="bbox 248 2693 1068 2748; baseline 0.005 -14"><span class='ocrx_word' id='word_1_170' title='bbox 248 2693 316 2735; x_wconf 87' lang='lat' dir='ltr'><strong>bis</strong></span> <span class='ocrx_word' id='word_1_171' title='bbox 340 2693 609 2746; x_wconf 69' lang='lat' dir='ltr'><strong>praeffictum,</strong></span> <span class='ocrx_word' id='word_1_172' title='bbox 636 2699 684 2736; x_wconf 91' lang='lat' dir='ltr'><strong>ut</strong></span> <span class='ocrx_word' id='word_1_173' title='bbox 710 2708 760 2736; x_wconf 90' lang='lat' dir='ltr'><strong>ea</strong></span> <span class='ocrx_word' id='word_1_174' title='bbox 783 2695 882 2737; x_wconf 93' lang='lat' dir='ltr'><strong>loca</strong></span> <span class='ocrx_word' id='word_1_175' title='bbox 907 2698 1068 2748; x_wconf 91' lang='lat' dir='ltr'><strong>recipe-</strong></span> 
     </span>
     <span class='ocr_line' id='line_1_46' title="bbox 250 2750 1068 2801; baseline 0.004 -11"><span class='ocrx_word' id='word_1_176' title='bbox 250 2755 332 2799; x_wconf 90' lang='lat' dir='ltr'><strong>ret,</strong></span> <span class='ocrx_word' id='word_1_177' title='bbox 360 2762 458 2801; x_wconf 86' lang='lat' dir='ltr'><strong>quae</strong></span> <span class='ocrx_word' id='word_1_178' title='bbox 485 2750 655 2792; x_wconf 82' lang='lat' dir='ltr'><strong>fuerant</strong></span> <span class='ocrx_word' id='word_1_179' title='bbox 683 2751 938 2793; x_wconf 81' lang='lat' dir='ltr'><strong>Christianis</strong></span> <span class='ocrx_word' id='word_1_180' title='bbox 963 2754 1068 2794; x_wconf 87' lang='lat' dir='ltr'><strong>tem·</strong></span> 
     </span>
    </p>
   </div>
   <div class='ocr_carea' id='block_1_8' title="bbox 793 1984 1065 2025">
    <p class='ocr_par' dir='ltr' id='par_1_14' title="bbox 793 1984 1065 2025">
     <span class='ocr_line' id='line_1_47' title="bbox 793 1984 1065 2025; baseline -0.007 -6"><span class='ocrx_word' id='word_1_181' title='bbox 793 1996 838 2019; x_wconf 82' lang='lat' dir='ltr'><strong>un</strong></span> <span class='ocrx_word' id='word_1_182' title='bbox 847 1985 904 2019; x_wconf 73' lang='lat' dir='ltr'><strong>ius</strong></span> <span class='ocrx_word' id='word_1_183' title='bbox 943 1984 1048 2017; x_wconf 76' lang='lat' dir='ltr'><strong>Mart.</strong></span> <span class='ocrx_word' id='word_1_184' title='bbox 1058 2011 1065 2025; x_wconf 72' lang='lat'><strong>,</strong></span> 
     </span>
    </p>
   </div>
   <div class='ocr_carea' id='block_1_9' title="bbox 249 2357 404 2494">
    <p class='ocr_par' dir='ltr' id='par_1_15' title="bbox 249 2357 404 2494">
     <span class='ocr_line' id='line_1_48' title="bbox 249 2357 404 2494; baseline 0 496"><span class='ocrx_word' id='word_1_185' title='bbox 249 2357 404 2494; x_wconf 95' lang='lat' dir='ltr'><strong> </strong></span> 
     </span>
    </p>
   </div>
   <div class='ocr_carea' id='block_1_10' title="bbox 536 227 1632 271">
    <p class='ocr_par' dir='ltr' id='par_1_16' title="bbox 536 227 1632 271">
     <span class='ocr_line' id='line_1_49' title="bbox 536 227 1632 271; baseline -0.009 -1"><span class='ocrx_word' id='word_1_186' title='bbox 536 238 610 270; x_wconf 41' lang='lat' dir='ltr'><strong>*lm*</strong></span> <span class='ocrx_word' id='word_1_187' title='bbox 642 237 705 268; x_wconf 66' lang='lat'><strong>1⁴³..</strong></span> <span class='ocrx_word' id='word_1_188' title='bbox 734 235 778 267; x_wconf 88' lang='lat' dir='ltr'><strong>ll.</strong></span> <span class='ocrx_word' id='word_1_189' title='bbox 807 234 891 266; x_wconf 68' lang='lat' dir='ltr'><strong>Dec.</strong></span> <span class='ocrx_word' id='word_1_190' title='bbox 910 251 921 255; x_wconf 92' lang='lat'>-</span> <span class='ocrx_word' id='word_1_191' title='bbox 944 233 989 265; x_wconf 68' lang='lat'><strong>12.</strong></span> <span class='ocrx_word' id='word_1_192' title='bbox 1015 233 1049 264; x_wconf 64' lang='lat' dir='ltr'><strong>S.</strong></span> <span class='ocrx_word' id='word_1_193' title='bbox 1078 230 1301 264; x_wconf 55' lang='lat' dir='ltr'><strong>Melchiadis</strong></span> <span class='ocrx_word' id='word_1_194' title='bbox 1329 229 1444 271; x_wconf 72' lang='lat' dir='ltr'><strong>Papa:</strong></span> <span class='ocrx_word' id='word_1_195' title='bbox 1470 234 1503 261; x_wconf 76' lang='lat' dir='ltr'><strong>ct</strong></span> <span class='ocrx_word' id='word_1_196' title='bbox 1528 227 1632 261; x_wconf 70' lang='lat' dir='ltr'><strong>Mart.</strong></span> 
     </span>
    </p>
   </div>
   <div class='ocr_carea' id='block_1_11' title="bbox 1108 317 1945 2803">
    <p class='ocr_par' dir='ltr' id='par_1_17' title="bbox 1108 317 1938 1108">
     <span class='ocr_line' id='line_1_50' title="bbox 1109 317 1931 376; baseline -0.006 -11"><span class='ocrx_word' id='word_1_197' title='bbox 1109 336 1217 376; x_wconf 89' lang='lat' dir='ltr'><strong>pore</strong></span> <span class='ocrx_word' id='word_1_198' title='bbox 1251 320 1571 375; x_wconf 76' lang='lat' dir='ltr'><strong>persecutienis</strong></span> <span class='ocrx_word' id='word_1_199' title='bbox 1609 318 1787 361; x_wconf 76' lang='lat' dir='ltr'><strong>ablata.-</strong></span> <span class='ocrx_word' id='word_1_200' title='bbox 1817 317 1931 360; x_wconf 90' lang='lat' dir='ltr'><strong>Red-</strong></span> 
     </span>
     <span class='ocr_line' id='line_1_51' title="bbox 1109 376 1931 428; baseline -0.006 -7"><span class='ocrx_word' id='word_1_201' title='bbox 1109 380 1200 421; x_wconf 83' lang='lat' dir='ltr'><strong>dita</strong></span> <span class='ocrx_word' id='word_1_202' title='bbox 1214 383 1360 420; x_wconf 89' lang='lat' dir='ltr'><strong>autem</strong></span> <span class='ocrx_word' id='word_1_203' title='bbox 1375 377 1570 419; x_wconf 88' lang='lat' dir='ltr'><strong>ecclesiis</strong></span> <span class='ocrx_word' id='word_1_204' title='bbox 1585 388 1706 428; x_wconf 89' lang='lat' dir='ltr'><strong>pace,</strong></span> <span class='ocrx_word' id='word_1_205' title='bbox 1723 376 1931 418; x_wconf 88' lang='lat' dir='ltr'><strong>Constan-</strong></span> 
     </span>
     <span class='ocr_line' id='line_1_52' title="bbox 1108 432 1931 485; baseline -0.006 -8"><span class='ocrx_word' id='word_1_206' title='bbox 1108 439 1246 478; x_wconf 92' lang='lat' dir='ltr'><strong>tinum</strong></span> <span class='ocrx_word' id='word_1_207' title='bbox 1274 436 1522 485; x_wconf 79' lang='lat' dir='ltr'><strong>Augustum</strong></span> <span class='ocrx_word' id='word_1_208' title='bbox 1549 432 1726 475; x_wconf 89' lang='lat' dir='ltr'><strong>adivere</strong></span> <span class='ocrx_word' id='word_1_209' title='bbox 1753 432 1931 473; x_wconf 89' lang='lat' dir='ltr'><strong>Donati-</strong></span> 
     </span>
     <span class='ocr_line' id='line_1_53' title="bbox 1109 488 1932 542; baseline -0.006 -8"><span class='ocrx_word' id='word_1_210' title='bbox 1109 498 1205 542; x_wconf 85' lang='lat' dir='ltr'><strong>stae,</strong></span> <span class='ocrx_word' id='word_1_211' title='bbox 1236 497 1285 533; x_wconf 93' lang='lat' dir='ltr'><strong>ut</strong></span> <span class='ocrx_word' id='word_1_212' title='bbox 1315 492 1358 532; x_wconf 91' lang='lat' dir='ltr'><strong>in</strong></span> <span class='ocrx_word' id='word_1_213' title='bbox 1386 492 1539 532; x_wconf 76' lang='lat' dir='ltr'><strong>cerum</strong></span> <span class='ocrx_word' id='word_1_214' title='bbox 1563 494 1716 531; x_wconf 92' lang='lat' dir='ltr'><strong>contra</strong></span> <span class='ocrx_word' id='word_1_215' title='bbox 1741 488 1932 530; x_wconf 72' lang='lat' dir='ltr'><strong>Caecilia-</strong></span> 
     </span>
     <span class='ocr_line' id='line_1_54' title="bbox 1108 547 1935 598; baseline -0.006 -8"><span class='ocrx_word' id='word_1_216' title='bbox 1108 562 1212 590; x_wconf 91' lang='lat' dir='ltr'><strong>num</strong></span> <span class='ocrx_word' id='word_1_217' title='bbox 1245 547 1646 598; x_wconf 78' lang='lat' dir='ltr'><strong>Carthaginiensem</strong></span> <span class='ocrx_word' id='word_1_218' title='bbox 1678 547 1935 598; x_wconf 90' lang='lat' dir='ltr'><strong>episcopum</strong></span> 
     </span>
     <span class='ocr_line' id='line_1_55' title="bbox 1110 600 1933 657; baseline -0.006 -11"><span class='ocrx_word' id='word_1_219' title='bbox 1110 618 1241 646; x_wconf 87' lang='lat' dir='ltr'><strong>causa</strong></span> <span class='ocrx_word' id='word_1_220' title='bbox 1264 603 1430 657; x_wconf 79' lang='lat' dir='ltr'><strong>judices</strong></span> <span class='ocrx_word' id='word_1_221' title='bbox 1454 602 1589 644; x_wconf 90' lang='lat' dir='ltr'><strong>daret.</strong></span> <span class='ocrx_word' id='word_1_222' title='bbox 1630 600 1797 652; x_wconf 90' lang='lat' dir='ltr'><strong>Quibus</strong></span> <span class='ocrx_word' id='word_1_223' title='bbox 1824 601 1933 642; x_wconf 92' lang='lat' dir='ltr'><strong>Con-</strong></span> 
     </span>
     <span class='ocr_line' id='line_1_56' title="bbox 1111 657 1934 712; baseline -0.005 -10"><span class='ocrx_word' id='word_1_224' title='bbox 1111 663 1324 702; x_wconf 90' lang='lat' dir='ltr'><strong>stantinus</strong></span> <span class='ocrx_word' id='word_1_225' title='bbox 1344 658 1587 712; x_wconf 71' lang='lat' dir='ltr'><strong>respendit:</strong></span> <span class='ocrx_word' id='word_1_226' title='bbox 1613 657 1791 700; x_wconf 88' lang='lat' dir='ltr'><strong>Petistis</strong></span> <span class='ocrx_word' id='word_1_227' title='bbox 1815 670 1841 698; x_wconf 94' lang='lat' dir='ltr'><strong>a</strong></span> <span class='ocrx_word' id='word_1_228' title='bbox 1864 669 1934 699; x_wconf 93' lang='lat' dir='ltr'><strong>me</strong></span> 
     </span>
     <span class='ocr_line' id='line_1_57' title="bbox 1110 714 1935 769; baseline -0.005 -10"><span class='ocrx_word' id='word_1_229' title='bbox 1110 718 1153 759; x_wconf 91' lang='lat' dir='ltr'><strong>in</strong></span> <span class='ocrx_word' id='word_1_230' title='bbox 1180 717 1342 759; x_wconf 80' lang='lat' dir='ltr'><strong>saeculo</strong></span> <span class='ocrx_word' id='word_1_231' title='bbox 1367 716 1588 769; x_wconf 84' lang='lat' dir='ltr'><strong>judicium,</strong></span> <span class='ocrx_word' id='word_1_232' title='bbox 1617 727 1716 756; x_wconf 90' lang='lat' dir='ltr'><strong>cum</strong></span> <span class='ocrx_word' id='word_1_233' title='bbox 1738 726 1821 765; x_wconf 89' lang='lat' dir='ltr'><strong>ego</strong></span> <span class='ocrx_word' id='word_1_234' title='bbox 1839 714 1935 767; x_wconf 88' lang='lat' dir='ltr'><strong>ipse</strong></span> 
     </span>
     <span class='ocr_line' id='line_1_58' title="bbox 1110 772 1935 825; baseline -0.005 -10"><span class='ocrx_word' id='word_1_235' title='bbox 1110 774 1270 815; x_wconf 88' lang='lat' dir='ltr'><strong>Christi</strong></span> <span class='ocrx_word' id='word_1_236' title='bbox 1288 772 1494 825; x_wconf 92' lang='lat' dir='ltr'><strong>judicium</strong></span> <span class='ocrx_word' id='word_1_237' title='bbox 1513 773 1776 824; x_wconf 84' lang='lat' dir='ltr'><strong>exspectem.</strong></span> <span class='ocrx_word' id='word_1_238' title='bbox 1813 772 1935 812; x_wconf 88' lang='lat' dir='ltr'><strong>Atta-</strong></span> 
     </span>
     <span class='ocr_line' id='line_1_59' title="bbox 1110 827 1936 880; baseline -0.005 -8"><span class='ocrx_word' id='word_1_239' title='bbox 1110 843 1209 872; x_wconf 91' lang='lat' dir='ltr'><strong>men</strong></span> <span class='ocrx_word' id='word_1_240' title='bbox 1251 830 1343 872; x_wconf 87' lang='lat' dir='ltr'><strong>dati</strong></span> <span class='ocrx_word' id='word_1_241' title='bbox 1386 833 1487 870; x_wconf 86' lang='lat' dir='ltr'><strong>sunt</strong></span> <span class='ocrx_word' id='word_1_242' title='bbox 1529 827 1694 880; x_wconf 82' lang='lat' dir='ltr'><strong>judices</strong></span> <span class='ocrx_word' id='word_1_243' title='bbox 1737 827 1936 880; x_wconf 87' lang='lat' dir='ltr'><strong>episcopi</strong></span> 
     </span>
     <span class='ocr_line' id='line_1_60' title="bbox 1110 882 1936 938; baseline -0.005 -10"><span class='ocrx_word' id='word_1_244' title='bbox 1110 892 1211 936; x_wconf 89' lang='lat' dir='ltr'><strong>tres,</strong></span> <span class='ocrx_word' id='word_1_245' title='bbox 1230 887 1439 938; x_wconf 84' lang='lat' dir='ltr'><strong>missique</strong></span> <span class='ocrx_word' id='word_1_246' title='bbox 1455 885 1645 926; x_wconf 85' lang='lat' dir='ltr'><strong>Romam</strong></span> <span class='ocrx_word' id='word_1_247' title='bbox 1663 883 1720 926; x_wconf 91' lang='lat' dir='ltr'><strong>ad</strong></span> <span class='ocrx_word' id='word_1_248' title='bbox 1732 882 1936 925; x_wconf 88' lang='lat' dir='ltr'><strong>Melchia-</strong></span> 
     </span>
     <span class='ocr_line' id='line_1_61' title="bbox 1112 940 1938 993; baseline -0.006 -8"><span class='ocrx_word' id='word_1_249' title='bbox 1112 944 1212 985; x_wconf 91' lang='lat' dir='ltr'><strong>dem</strong></span> <span class='ocrx_word' id='word_1_250' title='bbox 1226 942 1495 991; x_wconf 90' lang='lat' dir='ltr'><strong>Pontificem,</strong></span> <span class='ocrx_word' id='word_1_251' title='bbox 1515 946 1563 982; x_wconf 90' lang='lat' dir='ltr'><strong>ut</strong></span> <span class='ocrx_word' id='word_1_252' title='bbox 1581 940 1642 982; x_wconf 94' lang='lat' dir='ltr'><strong>ibi</strong></span> <span class='ocrx_word' id='word_1_253' title='bbox 1658 953 1740 993; x_wconf 92' lang='lat' dir='ltr'><strong>pro</strong></span> <span class='ocrx_word' id='word_1_254' title='bbox 1755 940 1938 981; x_wconf 85' lang='lat' dir='ltr'><strong>fratrum</strong></span> 
     </span>
     <span class='ocr_line' id='line_1_62' title="bbox 1112 996 1936 1050; baseline -0.005 -9"><span class='ocrx_word' id='word_1_255' title='bbox 1112 999 1347 1042; x_wconf 82' lang='lat' dir='ltr'><strong>concordia</strong></span> <span class='ocrx_word' id='word_1_256' title='bbox 1380 1004 1423 1041; x_wconf 90' lang='lat' dir='ltr'><strong>et</strong></span> <span class='ocrx_word' id='word_1_257' title='bbox 1449 998 1615 1040; x_wconf 83' lang='lat' dir='ltr'><strong>unitate</strong></span> <span class='ocrx_word' id='word_1_258' title='bbox 1643 996 1837 1050; x_wconf 69' lang='lat' dir='ltr'><strong>synodus</strong></span> <span class='ocrx_word' id='word_1_259' title='bbox 1866 1009 1936 1038; x_wconf 94' lang='lat' dir='ltr'><strong>co-</strong></span> 
     </span>
     <span class='ocr_line' id='line_1_63' title="bbox 1111 1059 1296 1108; baseline -0.016 -9"><span class='ocrx_word' id='word_1_260' title='bbox 1111 1059 1296 1108; x_wconf 84' lang='lat' dir='ltr'><strong>geretur.</strong></span> 
     </span>
    </p>

    <p class='ocr_par' dir='ltr' id='par_1_18' title="bbox 1111 1110 1941 1494">
     <span class='ocr_line' id='line_1_64' title="bbox 1173 1110 1935 1166; baseline -0.007 -11"><span class='ocrx_word' id='word_1_261' title='bbox 1173 1116 1217 1166; x_wconf 59' lang='lat' dir='ltr'><strong>lx‘y.</strong></span> <span class='ocrx_word' id='word_1_262' title='bbox 1239 1114 1486 1154; x_wconf 90' lang='lat' dir='ltr'><strong>Honestum</strong></span> <span class='ocrx_word' id='word_1_263' title='bbox 1512 1111 1614 1152; x_wconf 86' lang='lat' dir='ltr'><strong>fecit</strong></span> <span class='ocrx_word' id='word_1_264' title='bbox 1641 1110 1762 1151; x_wconf 93' lang='lat' dir='ltr'><strong>illum</strong></span> <span class='ocrx_word' id='word_1_265' title='bbox 1787 1110 1935 1151; x_wconf 68' lang='lat' dir='ltr'><strong>Demi-</strong></span> 
     </span>
     <span class='ocr_line' id='line_1_65' title="bbox 1111 1166 1935 1219; baseline -0.005 -8"><span class='ocrx_word' id='word_1_266' title='bbox 1111 1183 1208 1219; x_wconf 82' lang='lat' dir='ltr'><strong>nuS‚</strong></span> <span class='ocrx_word' id='word_1_267' title='bbox 1230 1175 1273 1211; x_wconf 92' lang='lat' dir='ltr'><strong>et</strong></span> <span class='ocrx_word' id='word_1_268' title='bbox 1292 1167 1530 1211; x_wconf 75' lang='lat' dir='ltr'><strong>custodivit</strong></span> <span class='ocrx_word' id='word_1_269' title='bbox 1548 1180 1647 1208; x_wconf 92' lang='lat' dir='ltr'><strong>eum</strong></span> <span class='ocrx_word' id='word_1_270' title='bbox 1667 1166 1721 1208; x_wconf 87' lang='lat' dir='ltr'><strong>ab</strong></span> <span class='ocrx_word' id='word_1_271' title='bbox 1740 1166 1935 1216; x_wconf 89' lang='lat' dir='ltr'><strong>inimicis,</strong></span> 
     </span>
     <span class='ocr_line' id='line_1_66' title="bbox 1112 1222 1941 1268; baseline -0.005 0"><span class='ocrx_word' id='word_1_272' title='bbox 1112 1232 1155 1268; x_wconf 92' lang='lat' dir='ltr'><strong>et</strong></span> <span class='ocrx_word' id='word_1_273' title='bbox 1183 1240 1207 1267; x_wconf 89' lang='lat' dir='ltr'><strong>a</strong></span> <span class='ocrx_word' id='word_1_274' title='bbox 1236 1224 1540 1268; x_wconf 81' lang='lat' dir='ltr'><strong>seductoribus</strong></span> <span class='ocrx_word' id='word_1_275' title='bbox 1567 1223 1726 1265; x_wconf 83' lang='lat' dir='ltr'><strong>tutavit</strong></span> <span class='ocrx_word' id='word_1_276' title='bbox 1750 1222 1888 1264; x_wconf 90' lang='lat' dir='ltr'><strong>illum:</strong></span> <span class='ocrx_word' id='word_1_277' title='bbox 1918 1229 1941 1254; x_wconf 88' lang='lat'>*</span> 
     </span>
     <span class='ocr_line' id='line_1_67' title="bbox 1111 1280 1938 1325; baseline -0.006 0"><span class='ocrx_word' id='word_1_278' title='bbox 1111 1284 1168 1325; x_wconf 89' lang='lat' dir='ltr'><strong>Et</strong></span> <span class='ocrx_word' id='word_1_279' title='bbox 1202 1281 1323 1324; x_wconf 88' lang='lat' dir='ltr'><strong>dedit</strong></span> <span class='ocrx_word' id='word_1_280' title='bbox 1354 1281 1416 1323; x_wconf 88' lang='lat' dir='ltr'><strong>illi</strong></span> <span class='ocrx_word' id='word_1_281' title='bbox 1451 1280 1692 1322; x_wconf 76' lang='lat' dir='ltr'><strong>claritatem</strong></span> <span class='ocrx_word' id='word_1_282' title='bbox 1720 1281 1938 1321; x_wconf 81' lang='lat' dir='ltr'><strong>aeternam.</strong></span> 
     </span>
     <span class='ocr_line' id='line_1_68' title="bbox 1118 1335 1935 1390; baseline -0.004 -9"><span class='ocrx_word' id='word_1_283' title='bbox 1118 1337 1168 1389; x_wconf 58' lang='lat' dir='ltr'><strong>V.</strong></span> <span class='ocrx_word' id='word_1_284' title='bbox 1196 1337 1524 1390; x_wconf 92' lang='lat' dir='ltr'><strong>Descenditque</strong></span> <span class='ocrx_word' id='word_1_285' title='bbox 1560 1349 1659 1378; x_wconf 90' lang='lat' dir='ltr'><strong>cum</strong></span> <span class='ocrx_word' id='word_1_286' title='bbox 1690 1335 1766 1378; x_wconf 91' lang='lat' dir='ltr'><strong>illo</strong></span> <span class='ocrx_word' id='word_1_287' title='bbox 1799 1336 1844 1377; x_wconf 91' lang='lat' dir='ltr'><strong>in</strong></span> <span class='ocrx_word' id='word_1_288' title='bbox 1874 1336 1935 1378; x_wconf 81' lang='lat' dir='ltr'><strong>fo-</strong></span> 
     </span>
     <span class='ocr_line' id='line_1_69' title="bbox 1113 1391 1939 1445; baseline -0.004 -8"><span class='ocrx_word' id='word_1_289' title='bbox 1113 1409 1253 1445; x_wconf 88' lang='lat' dir='ltr'><strong>veam,</strong></span> <span class='ocrx_word' id='word_1_290' title='bbox 1274 1401 1317 1437; x_wconf 89' lang='lat' dir='ltr'><strong>et</strong></span> <span class='ocrx_word' id='word_1_291' title='bbox 1336 1395 1380 1435; x_wconf 92' lang='lat' dir='ltr'><strong>in</strong></span> <span class='ocrx_word' id='word_1_292' title='bbox 1398 1393 1581 1436; x_wconf 89' lang='lat' dir='ltr'><strong>vinculis</strong></span> <span class='ocrx_word' id='word_1_293' title='bbox 1599 1404 1688 1433; x_wconf 92' lang='lat' dir='ltr'><strong>non</strong></span> <span class='ocrx_word' id='word_1_294' title='bbox 1707 1391 1939 1445; x_wconf 88' lang='lat' dir='ltr'><strong>dereliquit</strong></span> 
     </span>
     <span class='ocr_line' id='line_1_70' title="bbox 1114 1449 1552 1494; baseline -0.009 0"><span class='ocrx_word' id='word_1_295' title='bbox 1114 1466 1223 1494; x_wconf 90' lang='lat' dir='ltr'><strong>eum.</strong></span> <span class='ocrx_word' id='word_1_296' title='bbox 1263 1452 1319 1493; x_wconf 91' lang='lat' dir='ltr'><strong>Et</strong></span> <span class='ocrx_word' id='word_1_297' title='bbox 1340 1449 1463 1493; x_wconf 91' lang='lat' dir='ltr'><strong>dedit</strong></span> <span class='ocrx_word' id='word_1_298' title='bbox 1479 1449 1552 1491; x_wconf 89' lang='lat' dir='ltr'><strong>illi.</strong></span> 
     </span>
    </p>

    <p class='ocr_par' dir='ltr' id='par_1_19' title="bbox 1427 1510 1635 1551">
     <span class='ocr_line' id='line_1_71' title="bbox 1427 1510 1635 1551; baseline -0.005 -1"><span class='ocrx_word' id='word_1_299' title='bbox 1427 1510 1579 1551; x_wconf 84' lang='lat' dir='ltr'><strong>Lectio</strong></span> <span class='ocrx_word' id='word_1_300' title='bbox 1599 1524 1635 1550; x_wconf 75' lang='lat' dir='ltr'><strong>v.</strong></span> 
     </span>
    </p>

    <p class='ocr_par' dir='ltr' id='par_1_20' title="bbox 1120 1561 1941 1669">
     <span class='ocr_line' id='line_1_72' title="bbox 1120 1561 1941 1669; baseline -0.004 -64"><span class='ocrx_word' id='word_1_301' title='bbox 1120 1564 1189 1669; x_wconf 87' lang='lat' dir='ltr'><strong>In</strong></span> <span class='ocrx_word' id='word_1_302' title='bbox 1208 1564 1374 1607; x_wconf 90' lang='lat' dir='ltr'><strong>Urbem</strong></span> <span class='ocrx_word' id='word_1_303' title='bbox 1398 1566 1548 1616; x_wconf 85' lang='lat' dir='ltr'><strong>itaque</strong></span> <span class='ocrx_word' id='word_1_304' title='bbox 1572 1562 1618 1604; x_wconf 93' lang='lat' dir='ltr'><strong>hi</strong></span> <span class='ocrx_word' id='word_1_305' title='bbox 1640 1567 1730 1604; x_wconf 88' lang='lat' dir='ltr'><strong>tres</strong></span> <span class='ocrx_word' id='word_1_306' title='bbox 1752 1561 1941 1615; x_wconf 90' lang='lat' dir='ltr'><strong>profecti</strong></span> 
     </span>
    </p>

    <p class='ocr_par' dir='ltr' id='par_1_21' title="bbox 1115 1617 1945 2693">
     <span class='ocr_line' id='line_1_73' title="bbox 1179 1617 1939 1671; baseline -0.004 -8"><span class='ocrx_word' id='word_1_307' title='bbox 1179 1623 1476 1663; x_wconf 88' lang='lat' dir='ltr'><strong>convenerunt</strong></span> <span class='ocrx_word' id='word_1_308' title='bbox 1508 1633 1607 1662; x_wconf 90' lang='lat' dir='ltr'><strong>cum</strong></span> <span class='ocrx_word' id='word_1_309' title='bbox 1639 1618 1735 1660; x_wconf 79' lang='lat' dir='ltr'><strong>aliis</strong></span> <span class='ocrx_word' id='word_1_310' title='bbox 1764 1617 1939 1671; x_wconf 91' lang='lat' dir='ltr'><strong>quinde-</strong></span> 
     </span>
     <span class='ocr_line' id='line_1_74' title="bbox 1115 1674 1940 1731; baseline -0.005 -11"><span class='ocrx_word' id='word_1_311' title='bbox 1115 1679 1200 1720; x_wconf 88' lang='lat' dir='ltr'><strong>cim</strong></span> <span class='ocrx_word' id='word_1_312' title='bbox 1219 1678 1456 1731; x_wconf 87' lang='lat' dir='ltr'><strong>episcopis‚</strong></span> <span class='ocrx_word' id='word_1_313' title='bbox 1478 1677 1665 1730; x_wconf 76' lang='lat' dir='ltr'><strong>ipseque</strong></span> <span class='ocrx_word' id='word_1_314' title='bbox 1684 1674 1940 1725; x_wconf 89' lang='lat' dir='ltr'><strong>Melchiade‚</strong></span> 
     </span>
     <span class='ocr_line' id='line_1_75' title="bbox 1115 1731 1941 1782; baseline -0.004 -6"><span class='ocrx_word' id='word_1_315' title='bbox 1115 1736 1158 1776; x_wconf 92' lang='lat' dir='ltr'><strong>in</strong></span> <span class='ocrx_word' id='word_1_316' title='bbox 1195 1735 1374 1777; x_wconf 90' lang='lat' dir='ltr'><strong>domum</strong></span> <span class='ocrx_word' id='word_1_317' title='bbox 1410 1735 1586 1776; x_wconf 88' lang='lat' dir='ltr'><strong>Faustae</strong></span> <span class='ocrx_word' id='word_1_318' title='bbox 1621 1733 1666 1774; x_wconf 90' lang='lat' dir='ltr'><strong>in</strong></span> <span class='ocrx_word' id='word_1_319' title='bbox 1701 1731 1941 1782; x_wconf 80' lang='lat' dir='ltr'><strong>Lateranis,</strong></span> 
     </span>
     <span class='ocr_line' id='line_1_76' title="bbox 1115 1788 1940 1834; baseline -0.005 -1"><span class='ocrx_word' id='word_1_320' title='bbox 1115 1792 1191 1834; x_wconf 93' lang='lat' dir='ltr'><strong>ubi</strong></span> <span class='ocrx_word' id='word_1_321' title='bbox 1246 1803 1376 1832; x_wconf 92' lang='lat' dir='ltr'><strong>causa</strong></span> <span class='ocrx_word' id='word_1_322' title='bbox 1430 1789 1629 1832; x_wconf 82' lang='lat' dir='ltr'><strong>discussa</strong></span> <span class='ocrx_word' id='word_1_323' title='bbox 1681 1788 1940 1831; x_wconf 75' lang='lat' dir='ltr'><strong>Caecilianus</strong></span> 
     </span>
     <span class='ocr_line' id='line_1_77' title="bbox 1118 1845 1942 1900; baseline -0.004 -11"><span class='ocrx_word' id='word_1_324' title='bbox 1118 1848 1311 1890; x_wconf 84' lang='lat' dir='ltr'><strong>omnium</strong></span> <span class='ocrx_word' id='word_1_325' title='bbox 1356 1847 1668 1900; x_wconf 73' lang='lat' dir='ltr'><strong>episcoperum</strong></span> <span class='ocrx_word' id='word_1_326' title='bbox 1717 1845 1942 1888; x_wconf 85' lang='lat' dir='ltr'><strong>sententiis</strong></span> 
     </span>
     <span class='ocr_line' id='line_1_78' title="bbox 1116 1902 1942 1957; baseline -0.002 -11"><span class='ocrx_word' id='word_1_327' title='bbox 1116 1908 1325 1946; x_wconf 86' lang='lat' dir='ltr'><strong>innocens</strong></span> <span class='ocrx_word' id='word_1_328' title='bbox 1345 1909 1412 1946; x_wconf 90' lang='lat' dir='ltr'><strong>est</strong></span> <span class='ocrx_word' id='word_1_329' title='bbox 1429 1903 1752 1957; x_wconf 80' lang='lat' dir='ltr'><strong>pronuntiatus,</strong></span> <span class='ocrx_word' id='word_1_330' title='bbox 1771 1906 1815 1944; x_wconf 92' lang='lat' dir='ltr'><strong>et</strong></span> <span class='ocrx_word' id='word_1_331' title='bbox 1835 1902 1942 1954; x_wconf 76' lang='lat' dir='ltr'><strong>ejus-</strong></span> 
     </span>
     <span class='ocr_line' id='line_1_79' title="bbox 1118 1958 1942 2012; baseline -0.005 -9"><span class='ocrx_word' id='word_1_332' title='bbox 1118 1961 1219 2004; x_wconf 90' lang='lat' dir='ltr'><strong>dem</strong></span> <span class='ocrx_word' id='word_1_333' title='bbox 1244 1959 1500 2003; x_wconf 89' lang='lat' dir='ltr'><strong>Melchiadis</strong></span> <span class='ocrx_word' id='word_1_334' title='bbox 1529 1960 1709 2002; x_wconf 87' lang='lat' dir='ltr'><strong>decreto</strong></span> <span class='ocrx_word' id='word_1_335' title='bbox 1736 1958 1942 2012; x_wconf 86' lang='lat' dir='ltr'><strong>judicium</strong></span> 
     </span>
     <span class='ocr_line' id='line_1_80' title="bbox 1119 2016 1942 2060; baseline -0.005 0"><span class='ocrx_word' id='word_1_336' title='bbox 1119 2024 1185 2060; x_wconf 90' lang='lat' dir='ltr'><strong>est</strong></span> <span class='ocrx_word' id='word_1_337' title='bbox 1208 2018 1415 2060; x_wconf 91' lang='lat' dir='ltr'><strong>clausum.</strong></span> <span class='ocrx_word' id='word_1_338' title='bbox 1450 2017 1509 2059; x_wconf 85' lang='lat' dir='ltr'><strong>Ut</strong></span> <span class='ocrx_word' id='word_1_339' title='bbox 1532 2021 1679 2059; x_wconf 88' lang='lat' dir='ltr'><strong>autem</strong></span> <span class='ocrx_word' id='word_1_340' title='bbox 1695 2016 1942 2058; x_wconf 78' lang='lat' dir='ltr'><strong>Donatistae</strong></span> 
     </span>
     <span class='ocr_line' id='line_1_81' title="bbox 1119 2071 1942 2122; baseline -0.004 -6"><span class='ocrx_word' id='word_1_341' title='bbox 1119 2075 1348 2117; x_wconf 80' lang='lat' dir='ltr'><strong>catholicae</strong></span> <span class='ocrx_word' id='word_1_342' title='bbox 1362 2074 1587 2116; x_wconf 90' lang='lat' dir='ltr'><strong>unirentur</strong></span> <span class='ocrx_word' id='word_1_343' title='bbox 1602 2072 1823 2122; x_wconf 89' lang='lat' dir='ltr'><strong>Ecclesiae,</strong></span> <span class='ocrx_word' id='word_1_344' title='bbox 1838 2071 1942 2114; x_wconf 89' lang='lat' dir='ltr'><strong>Mel-</strong></span> 
     </span>
     <span class='ocr_line' id='line_1_82' title="bbox 1119 2129 1942 2184; baseline -0.005 -10"><span class='ocrx_word' id='word_1_345' title='bbox 1119 2131 1295 2174; x_wconf 90' lang='lat' dir='ltr'><strong>chiades</strong></span> <span class='ocrx_word' id='word_1_346' title='bbox 1321 2133 1466 2184; x_wconf 90' lang='lat' dir='ltr'><strong>(prout</strong></span> <span class='ocrx_word' id='word_1_347' title='bbox 1489 2130 1642 2172; x_wconf 89' lang='lat' dir='ltr'><strong>scribit</strong></span> <span class='ocrx_word' id='word_1_348' title='bbox 1660 2134 1837 2172; x_wconf 90' lang='lat' dir='ltr'><strong>sanctus</strong></span> <span class='ocrx_word' id='word_1_349' title='bbox 1855 2129 1942 2170; x_wconf 90' lang='lat' dir='ltr'><strong>Au-</strong></span> 
     </span>
     <span class='ocr_line' id='line_1_83' title="bbox 1118 2186 1943 2240; baseline -0.004 -10"><span class='ocrx_word' id='word_1_350' title='bbox 1118 2191 1330 2239; x_wconf 87' lang='lat' dir='ltr'><strong>gustinus)</strong></span> <span class='ocrx_word' id='word_1_351' title='bbox 1372 2193 1597 2240; x_wconf 91' lang='lat' dir='ltr'><strong>tamquam</strong></span> <span class='ocrx_word' id='word_1_352' title='bbox 1632 2187 1698 2228; x_wconf 86' lang='lat' dir='ltr'><strong>vir</strong></span> <span class='ocrx_word' id='word_1_353' title='bbox 1736 2186 1943 2239; x_wconf 70' lang='lat' dir='ltr'><strong>Optimus,</strong></span> 
     </span>
     <span class='ocr_line' id='line_1_84' title="bbox 1118 2244 1943 2297; baseline -0.004 -10"><span class='ocrx_word' id='word_1_354' title='bbox 1118 2245 1234 2287; x_wconf 84' lang='lat' dir='ltr'><strong>filius</strong></span> <span class='ocrx_word' id='word_1_355' title='bbox 1270 2245 1520 2287; x_wconf 80' lang='lat' dir='ltr'><strong>christianae</strong></span> <span class='ocrx_word' id='word_1_356' title='bbox 1556 2244 1694 2297; x_wconf 82' lang='lat' dir='ltr'><strong>pacis,</strong></span> <span class='ocrx_word' id='word_1_357' title='bbox 1740 2247 1783 2285; x_wconf 91' lang='lat' dir='ltr'><strong>et</strong></span> <span class='ocrx_word' id='word_1_358' title='bbox 1817 2247 1943 2295; x_wconf 88' lang='lat' dir='ltr'><strong>pater</strong></span> 
     </span>
     <span class='ocr_line' id='line_1_85' title="bbox 1119 2298 1943 2354; baseline -0.005 -10"><span class='ocrx_word' id='word_1_359' title='bbox 1119 2302 1370 2344; x_wconf 81' lang='lat' dir='ltr'><strong>christianae</strong></span> <span class='ocrx_word' id='word_1_360' title='bbox 1393 2301 1537 2354; x_wconf 90' lang='lat' dir='ltr'><strong>plebis</strong></span> <span class='ocrx_word' id='word_1_361' title='bbox 1563 2299 1801 2342; x_wconf 77' lang='lat' dir='ltr'><strong>admodum</strong></span> <span class='ocrx_word' id='word_1_362' title='bbox 1823 2298 1943 2341; x_wconf 89' lang='lat' dir='ltr'><strong>labo-</strong></span> 
     </span>
     <span class='ocr_line' id='line_1_86' title="bbox 1119 2356 1944 2408; baseline -0.002 -8"><span class='ocrx_word' id='word_1_363' title='bbox 1119 2359 1249 2408; x_wconf 76' lang='lat' dir='ltr'><strong>ravit,</strong></span> <span class='ocrx_word' id='word_1_364' title='bbox 1278 2357 1427 2400; x_wconf 78' lang='lat' dir='ltr'><strong>oblata</strong></span> <span class='ocrx_word' id='word_1_365' title='bbox 1447 2357 1577 2400; x_wconf 91' lang='lat' dir='ltr'><strong>etiam</strong></span> <span class='ocrx_word' id='word_1_366' title='bbox 1601 2356 1868 2406; x_wconf 75' lang='lat' dir='ltr'><strong>conditiene,</strong></span> <span class='ocrx_word' id='word_1_367' title='bbox 1895 2360 1944 2398; x_wconf 92' lang='lat' dir='ltr'><strong>ut</strong></span> 
     </span>
     <span class='ocr_line' id='line_1_87' title="bbox 1121 2412 1945 2467; baseline -0.002 -11"><span class='ocrx_word' id='word_1_368' title='bbox 1121 2414 1468 2467; x_wconf 63' lang='lat' dir='ltr'><strong>quibuscamque</strong></span> <span class='ocrx_word' id='word_1_369' title='bbox 1490 2414 1535 2455; x_wconf 93' lang='lat' dir='ltr'><strong>in</strong></span> <span class='ocrx_word' id='word_1_370' title='bbox 1557 2412 1665 2455; x_wconf 91' lang='lat' dir='ltr'><strong>locis</strong></span> <span class='ocrx_word' id='word_1_371' title='bbox 1690 2412 1777 2455; x_wconf 94' lang='lat' dir='ltr'><strong>duo</strong></span> <span class='ocrx_word' id='word_1_372' title='bbox 1798 2416 1945 2454; x_wconf 89' lang='lat' dir='ltr'><strong>essent</strong></span> 
     </span>
     <span class='ocr_line' id='line_1_88' title="bbox 1120 2469 1943 2522; baseline -0.004 -9"><span class='ocrx_word' id='word_1_373' title='bbox 1120 2471 1436 2513; x_wconf 80' lang='lat' dir='ltr'><strong>contrariarum</strong></span> <span class='ocrx_word' id='word_1_374' title='bbox 1465 2470 1704 2511; x_wconf 74' lang='lat' dir='ltr'><strong>factienum</strong></span> <span class='ocrx_word' id='word_1_375' title='bbox 1736 2469 1943 2522; x_wconf 86' lang='lat' dir='ltr'><strong>episcopi,</strong></span> 
     </span>
     <span class='ocr_line' id='line_1_89' title="bbox 1120 2525 1944 2579; baseline -0.002 -11"><span class='ocrx_word' id='word_1_376' title='bbox 1120 2527 1157 2568; x_wconf 93' lang='lat' dir='ltr'><strong>is</strong></span> <span class='ocrx_word' id='word_1_377' title='bbox 1179 2527 1526 2575; x_wconf 89' lang='lat' dir='ltr'><strong>confirmaretur,</strong></span> <span class='ocrx_word' id='word_1_378' title='bbox 1556 2526 1630 2578; x_wconf 88' lang='lat' dir='ltr'><strong>qui</strong></span> <span class='ocrx_word' id='word_1_379' title='bbox 1651 2526 1773 2579; x_wconf 91' lang='lat' dir='ltr'><strong>prior</strong></span> <span class='ocrx_word' id='word_1_380' title='bbox 1790 2525 1944 2567; x_wconf 90' lang='lat' dir='ltr'><strong>fuisset</strong></span> 
     </span>
     <span class='ocr_line' id='line_1_90' title="bbox 1121 2581 1943 2635; baseline -0.001 -10"><span class='ocrx_word' id='word_1_381' title='bbox 1121 2583 1363 2633; x_wconf 78' lang='lat' dir='ltr'><strong>ordinatus,</strong></span> <span class='ocrx_word' id='word_1_382' title='bbox 1403 2588 1447 2625; x_wconf 95' lang='lat' dir='ltr'><strong>et</strong></span> <span class='ocrx_word' id='word_1_383' title='bbox 1474 2582 1599 2624; x_wconf 77' lang='lat' dir='ltr'><strong>alteri</strong></span> <span class='ocrx_word' id='word_1_384' title='bbox 1621 2582 1748 2635; x_wconf 89' lang='lat' dir='ltr'><strong>plebs</strong></span> <span class='ocrx_word' id='word_1_385' title='bbox 1773 2581 1856 2623; x_wconf 81' lang='lat' dir='ltr'><strong>alia</strong></span> <span class='ocrx_word' id='word_1_386' title='bbox 1879 2594 1943 2624; x_wconf 91' lang='lat' dir='ltr'><strong>re-</strong></span> 
     </span>
     <span class='ocr_line' id='line_1_91' title="bbox 1120 2639 1598 2693; baseline -0.002 -12"><span class='ocrx_word' id='word_1_387' title='bbox 1120 2640 1262 2692; x_wconf 90' lang='lat' dir='ltr'><strong>genda</strong></span> <span class='ocrx_word' id='word_1_388' title='bbox 1281 2639 1598 2693; x_wconf 88' lang='lat' dir='ltr'><strong>provideretur.</strong></span> 
     </span>
    </p>

    <p class='ocr_par' dir='ltr' id='par_1_22' title="bbox 1119 2695 1943 2803">
     <span class='ocr_line' id='line_1_92' title="bbox 1175 2695 1943 2748; baseline -0.001 -12"><span class='ocrx_word' id='word_1_389' title='bbox 1175 2698 1225 2748; x_wconf 68' lang='lat' dir='ltr'><strong>R.</strong></span> <span class='ocrx_word' id='word_1_390' title='bbox 1253 2695 1529 2739; x_wconf 90' lang='lat' dir='ltr'><strong>Desiderium</strong></span> <span class='ocrx_word' id='word_1_391' title='bbox 1563 2698 1717 2738; x_wconf 82' lang='lat' dir='ltr'><strong>animae</strong></span> <span class='ocrx_word' id='word_1_392' title='bbox 1750 2695 1840 2747; x_wconf 89' lang='lat' dir='ltr'><strong>ejus</strong></span> <span class='ocrx_word' id='word_1_393' title='bbox 1871 2695 1943 2736; x_wconf 93' lang='lat' dir='ltr'><strong>tri-</strong></span> 
     </span>
     <span class='ocr_line' id='line_1_93' title="bbox 1119 2749 1943 2803; baseline -0.002 -8"><span class='ocrx_word' id='word_1_394' title='bbox 1119 2753 1254 2796; x_wconf 87' lang='lat' dir='ltr'><strong>buisti</strong></span> <span class='ocrx_word' id='word_1_395' title='bbox 1281 2754 1321 2795; x_wconf 89' lang='lat' dir='ltr'><strong>ei</strong></span> <span class='ocrx_word' id='word_1_396' title='bbox 1347 2753 1549 2803; x_wconf 72' lang='lat' dir='ltr'><strong>Demine‚</strong></span> <span class='ocrx_word' id='word_1_397' title='bbox 1586 2749 1609 2774; x_wconf 87' lang='lat'>*</span> <span class='ocrx_word' id='word_1_398' title='bbox 1636 2753 1693 2795; x_wconf 87' lang='lat' dir='ltr'><strong>Et</strong></span> <span class='ocrx_word' id='word_1_399' title='bbox 1720 2751 1943 2794; x_wconf 74' lang='lat' dir='ltr'><strong>voluntate</strong></span> 
     </span>
    </p>
   </div>
  </div>
 </body>
</html>
