2080 2990
786 234 994 266 Commune
1022 232 1133 265 unius
1162 231 1350 274 Mart-vri&

485 330 578 369 Alia
602 331 763 370 Oratio.

299 402 389 438 euS‚
421 389 594 441 quinos
614 388 731 430 beati
757 391 806 430 N.
834 388 1040 440 Martyris

315 446 377 487 tui
402 450 534 498 atque
551 445 777 487 Pontificis
806 447 947 486 annua
973 457 1039 485 so-

209 502 433 544 lemnitate
466 502 678 543 laetificas:
719 500 913 543 concede
940 513 1039 553 pro-

210 559 357 611 pitius3
395 563 442 600 ut
470 559 591 610 cujus
622 558 817 599 natalitia
846 557 1039 605 celimus‚

210 614 265 656 de
286 613 480 667 ejusdem
496 615 626 656 etiam
646 614 923 668 protectiene
938 625 1039 664 gau-

199 671 402 713 deamus.
438 672 523 713 Per
541 671 778 712 Deminum
797 675 1007 712 nostrum.

374 747 456 787 Pro
481 747 669 798 Martyre
692 754 868 788 tantum.

542 814 703 853 Oratio.

292 877 439 922 raesta‚
477 874 727 924 quaesumus
761 871 1038 922 omnipotens

313 929 448 970 Deus:
468 933 516 969 ut
532 928 605 980 qui
619 926 739 968 beati
764 926 800 966 N
808 960 813 965 .
832 926 1038 978 Martyris

208 985 271 1026 tui
290 984 485 1027 natalitia
505 983 699 1032 celimus‚
725 982 1039 1024 intercessione

208 1041 299 1093 ejus
323 1042 367 1082 in
391 1041 454 1083 tui
478 1041 665 1082 neminis
691 1042 840 1081 amere
860 1038 1038 1080 robore-

206 1111 313 1138 mur.
347 1098 432 1139 Per
451 1098 688 1138 Deminum
707 1101 917 1137 nostrum.

485 1164 576 1203 Alia
602 1164 763 1203 ‹fin-atio.

290 1230 436 1273 nesta,
475 1226 725 1276 quaesumus
759 1225 1038 1276 omnipotens

307 1282 442 1322 Deus:
479 1286 542 1331 ut,
579 1279 877 1322 intercedente
905 1279 1038 1322 beato

212 1338 256 1376 N.
294 1338 488 1390 Martyre
520 1342 614 1386 tuo⁷
649 1342 691 1379 et
719 1350 744 1378 a
771 1337 938 1378 cunctis
966 1337 1038 1378 ad-

207 1394 487 1436 versitatibus
512 1393 747 1435 liberemur
773 1394 816 1434 in
840 1396 1038 1446 cerpore‚

208 1457 251 1492 et
276 1464 300 1491 a
324 1451 473 1504 pravis
496 1449 835 1502 cogitatienibus
860 1450 1038 1492 munde-

207 1521 303 1548 mur
322 1508 365 1548 in
383 1513 539 1549 mente.
574 1507 660 1548 Per
679 1507 928 1548 Deminum.

369 1580 457 1620 Ad
484 1579 874 1622 matutinum.

266 1644 381 1682 {nx-it.
421 1643 584 1693 Regem
602 1642 861 1694 Martyrum,
889 1642 1038 1683 Demi-

207 1712 321 1748 num,
342 1702 361 1721 ¹·
392 1699 563 1748 Venite,
592 1698 838 1740 adoremus.

267 1756 329 1794 l’s.
362 1757 529 1805 Venite,
558 1755 836 1797 exsultemus.
864 1757 900 1796 2.

264 1814 469 1863 Hymnus.
503 1813 620 1854 Deus
642 1813 819 1854 tuerum
842 1811 1037 1854 militum.

210 1878 253 1909 ut
277 1883 417 1920 supra.
436 1868 510 1921 [21]

442 1949 489 1986 In
518 1949 545 1986 I.
576 1949 797 1988 Nooturno.

264 2014 358 2051 Aut.
384 2014 431 2053 ln
450 2013 546 2065 lege
561 2013 739 2055 Demini
754 2014 776 2039 *
794 2012 873 2054 fuit
888 2013 1038 2055 volun-

208 2073 277 2109 tas
298 2069 388 2120 ejus
409 2069 480 2111 die
500 2083 552 2111 ac
571 2075 712 2112 nocte.

499 2139 694 2178 psalmus
730 2141 752 2177 1.

321 2200 444 2240 eatus
459 2199 535 2249 vir,
553 2200 627 2251 qui
647 2213 734 2241 non
750 2200 858 2242 abiit
873 2202 917 2242 in
937 2214 1038 2243 con-

337 2254 436 2296 silio
456 2256 702 2308 impierum,
723 2262 766 2299 et
785 2258 829 2298 in
849 2259 919 2299 via
938 2271 1038 2311 pec-

337 2313 535 2353 caterum
570 2325 656 2354 non
690 2314 826 2363 stetit,
858 2314 882 2339 *
916 2320 960 2356 et
993 2315 1037 2355 in

209 2366 420 2409 cathedra
432 2369 701 2421 ,pestilentiae
721 2383 808 2411 non
828 2370 956 2412 sedit:

261 2423 348 2465 Sed
362 2424 406 2465 in
422 2424 517 2477 lege
528 2426 707 2466 Demini
718 2426 921 2468 voluntas
936 2428 1038 2479 ejus,

209 2480 232 2505 *
253 2485 297 2521 et
315 2480 359 2521 in
377 2480 472 2533 lege
488 2483 579 2533 ejus
598 2481 882 2524 meditabitur
899 2483 970 2525 die
986 2497 1038 2525 ac

210 2542 351 2579 nocte.

260 2594 318 2635 Et
345 2595 427 2635 erit
454 2599 679 2646 tamquam
708 2595 890 2647 lignum,
919 2596 1038 2648 quod

209 2649 455 2702 plantatum
466 2656 532 2692 est
547 2664 674 2692 secus
686 2651 897 2693 decursus
908 2655 1038 2704 aqua-

209 2719 316 2756 rum,
344 2708 367 2732 *
396 2707 516 2759 quod
543 2708 733 2749 fructum
763 2721 889 2749 suum
915 2708 1038 2750 dabit

209 2763 254 2804 in
273 2765 473 2817 tempore
494 2777 589 2805 suo:

1145 326 1202 367 Et
1229 325 1383 367 felium
1411 327 1502 378 ejus
1530 339 1619 367 non
1639 325 1818 368 defluet:
1835 327 1859 352 *
1880 331 1924 368 et

1094 382 1242 424 emnia
1261 385 1551 435 quaecl'lmque
1571 382 1718 433 faciet,
1741 395 1922 436 prospe-

1093 439 1316 481 rabuntur.

1144 496 1246 537 Non
1281 496 1344 537 sic
1376 495 1520 548 impii,
1553 508 1642 537 non
1674 495 1756 537 sie:
1786 496 1810 521 *
1844 494 1922 537 sed

1093 558 1318 605 tamquam
1364 552 1529 605 pulvis,
1572 565 1703 605 quem
1747 551 1923 605 prejicit

1093 614 1249 651 ventus
1268 622 1294 650 a
1312 609 1423 651 facie
1442 614 1584 650 terrae.

1144 665 1253 708 Ideo
1278 679 1367 707 non
1393 669 1623 717 resurgent
1648 665 1772 718 impii
1796 665 1840 707 in
1863 665 1922 718 ju-

1093 722 1224 764 dicio:
1249 723 1273 748 *
1299 735 1442 775 neque
1470 723 1730 775 peccateres
1753 721 1798 763 in
1822 734 1923 764 con-

1093 779 1194 821 cilio
1215 780 1440 831 justerum.

1145 836 1363 887 Queniam
1400 835 1524 877 novit
1554 835 1772 877 Deminus
1805 834 1922 876 viam

1091 894 1319 946 justerum:
1342 893 1366 918 *
1392 898 1436 934 et
1459 893 1541 934 iter
1566 892 1804 945 impierum
1826 904 1923 944 per-

1092 950 1182 992 ibit.

1146 1007 1244 1047 Ant.
1274 1007 1322 1048 In
1347 1006 1445 1058 lege
1468 1005 1647 1047 Demini
1669 1004 1750 1047 fuit
1773 1004 1922 1047 volen-

1091 1068 1159 1105 tas
1178 1064 1269 1115 ejus
1289 1062 1360 1104 die
1379 1076 1431 1104 ac
1450 1067 1592 1104 nocte.

1149 1122 1243 1160 Ant.
1294 1119 1540 1161 l’rzedicans
1583 1120 1606 1144 *
1648 1120 1922 1172 praeceptum

1091 1177 1269 1218 Demini
1302 1176 1567 1218 constitutus
1599 1180 1666 1217 est
1697 1175 1742 1216 in
1771 1180 1922 1217 monte

1091 1238 1245 1275 sancto
1275 1233 1376 1285 ejus.

1383 1290 1578 1329 Psalmus
1607 1290 1641 1328 2.

1096 1333 1282 1456 Quare
1311 1347 1582 1389 fremuerunt
1610 1345 1792 1394 Gentes,
1825 1344 1848 1370 *
1877 1348 1922 1386 et

1195 1404 1350 1457 pepuli
1375 1402 1576 1445 meditati
1604 1406 1706 1443 sunt
1734 1400 1903 1442 inania?

1143 1461 1391 1503 Astiterunt
1414 1472 1542 1512 reges
1569 1463 1716 1509 terrae,
1740 1462 1784 1500 et
1806 1460 1921 1511 prin-

1091 1518 1213 1571 cipes
1238 1518 1540 1559 convenerunt
1564 1516 1609 1557 in
1633 1529 1769 1557 unum
1795 1515 1819 1541 *
1848 1513 1921 1556 ad-

1091 1576 1244 1616 versus
1294 1574 1559 1623 Deminum,
1612 1577 1656 1614 et
1709 1571 1922 1614 adversus

1091 1631 1313 1673 Christum
1341 1632 1442 1683 eJus.

1143 1688 1458 1740 Dirumpamus
1491 1685 1665 1727 vincula
1698 1687 1870 1727 eerum:
1897 1685 1921 1710 ¹⁸¹

1091 1749 1135 1786 et
1161 1745 1444 1798 projiciamus
1473 1756 1499 1784 a
1526 1742 1655 1785 nobis
1683 1742 1831 1795 jugum
1858 1741 1922 1794 ip—

1091 1803 1251 1843 serum.

1143 1858 1228 1909 Qui
1259 1857 1430 1899 habitat
1462 1857 1507 1898 in
1539 1855 1684 1906 coelis,
1721 1853 1922 1900 irridebit

1091 1928 1182 1957 eos:
1197 1915 1220 1941 *
1238 1919 1282 1956 et
1295 1914 1513 1956 Deminus
1529 1910 1818 1954 subsannabit
1833 1923 1921 1953 eos.

1141 1971 1268 2013 Tunc
1308 1971 1514 2023 loquetur
1555 1968 1613 2011 ad
1654 1980 1731 2010 eos
1771 1968 1816 2009 in
1856 1967 1922 2008 ira

1091 2042 1180 2078 sua,
1208 2029 1231 2054 *
1260 2033 1304 2070 et
1332 2028 1376 2068 in
1403 2027 1551 2068 furere
1580 2038 1660 2067 suo
1688 2023 1920 2067 conturba-

1090 2084 1155 2127 bit
1178 2098 1266 2138 eos.

1141 2142 1237 2193 Ego
1258 2145 1405 2183 autem
1425 2139 1690 2181 constitutus
1710 2150 1807 2179 sum
1821 2137 1920 2178 Rex

1091 2198 1146 2240 ab
1167 2211 1220 2240 eo
1241 2210 1372 2251 super
1387 2197 1494 2238 Sion
1507 2199 1704 2237 montem
1719 2197 1921 2235 sanctum

1091 2256 1193 2307 eius,
1212 2254 1235 2280 *
1255 2253 1504 2307 praedicans
1523 2252 1799 2305 praeceptum
1818 2251 1920 2302 ejus.

1141 2311 1359 2353 Deminus
1387 2309 1499 2351 dixit
1526 2307 1583 2350 ad
1610 2320 1700 2349 me:
1727 2307 1751 2333 *
1784 2306 1920 2348 Filius

1090 2380 1213 2410 meus
1233 2380 1280 2409 es
1299 2372 1358 2416 tu,
1377 2378 1459 2417 ego
1479 2364 1612 2406 hedie
1630 2363 1761 2415 genui
1780 2369 1835 2405 te.

1142 2423 1323 2466 Pestula
1348 2435 1373 2464 a
1397 2435 1479 2471 me,
1504 2426 1548 2463 et
1568 2420 1684 2462 dabo
1704 2419 1785 2462 tibi
1806 2420 1919 2462 Gen-

1090 2487 1157 2524 tes
1174 2480 1480 2522 haereditatem
1499 2483 1631 2527 tuam,
1646 2478 1669 2503 *
1689 2482 1732 2518 et
1748 2489 1920 2530 posses-

1090 2539 1260 2580 sienem
1278 2542 1399 2579 tuam
1417 2535 1630 2577 terminos
1648 2539 1790 2575 terrae.

1142 2596 1288 2646 Reges
1316 2605 1393 2635 eos
1421 2593 1465 2633 in
1490 2592 1612 2642 virga
1636 2591 1797 2640 ferrea,
1824 2590 1848 2616 *
1876 2594 1920 2632 et

1089 2657 1315 2703 tamquam
1330 2662 1407 2690 vas
1426 2648 1548 2700 figuli
1568 2648 1818 2699 confringes
1832 2659 1919 2688 eos.

1140 2708 1198 2749 Et
1221 2719 1336 2748 nunc
1355 2718 1482 2756 reges
1502 2704 1746 2755 intelligite:
1773 2704 1797 2729 *
1825 2715 1919 2744 eru-

1090 2764 1243 2806 dimini
1264 2763 1339 2815 qui
1358 2761 1560 2815 judicatis
1580 2766 1754 2803 terram.
