2040 2990
165 186 210 221 66

218 280 337 322 Deus
358 276 559 319 ostendet
576 275 682 316 mihi
704 287 836 327 super
855 274 988 315 inimi-

169 350 244 379 cos
276 347 414 383 meos,
450 346 504 374 ne
539 331 715 374 occidas
749 344 840 373 eos:
867 333 891 358 *
918 343 989 372 ne-

169 392 343 446 quando
372 390 684 432 obliviscantur
715 387 866 441 populi
894 388 989 429 mei.

217 449 431 501 Disperge
466 446 564 487 illos
591 446 634 486 in
662 445 821 486 virtute
849 450 938 486 tua:
967 446 989 470 *

168 511 210 547 et
230 505 402 557 depone
424 516 501 545 eos
521 503 745 555 protector
761 514 884 543 meus
903 501 989 541 Do-

167 562 296 603 mine:

218 617 437 660 Delictum
457 616 544 658 oris
563 617 722 663 eorum,
745 615 989 655 sermenem

167 675 380 717 labiorum
414 674 623 726 ipsorum:
659 674 682 699 *
719 676 761 712 et
796 683 990 723 compre-

168 730 414 773 hendantur
440 730 483 771 in
511 728 714 781 superbia
742 740 831 768 sua.

221 788 276 829 Et
298 787 353 828 de
380 785 678 828 exsecratione
695 789 737 826 et
761 783 991 825 mendacio

169 843 506 886 afiuntiabuntur
532 842 576 882 in
604 841 991 883 consummatione:

170 903 193 928 ²⁸¹
228 901 269 941 in
304 901 365 941 ira
395 897 793 947 consummationis,
829 902 872 939 et
905 910 990 937 non

170 962 306 999 erunt.

222 1014 277 1055 Et
305 1013 442 1055 scient
478 1012 578 1065 quia
604 1012 725 1053 Deus
754 1010 991 1052 dominabi-

170 1076 240 1112 tur
267 1069 423 1111 Jacob:
450 1071 473 1096 *
503 1074 545 1110 et
573 1069 723 1109 finium
749 1073 890 1109 terrae.

224 1127 541 1168 Convertentur
583 1124 639 1166 ad
682 1126 911 1177 vesperam
951 1129 994 1165 et

172 1184 329 1225 famem
362 1183 580 1235 patientur
618 1186 665 1222 ut
701 1194 846 1223 canes:
889 1183 912 1208 *
952 1187 994 1222 et

173 1239 412 1281 circuibunt
441 1239 671 1280 civitatem.

222 1296 313 1348 Ipsi
332 1295 636 1348 dispergentur
660 1294 716 1336 ad
734 1294 994 1336 manducan-

173 1352 291 1394 dum:
309 1355 332 1379 *
351 1353 388 1393 si
403 1365 508 1393 vero
528 1365 615 1393 non
636 1352 794 1393 fuerint
815 1351 995 1392 saturati

174 1414 216 1451 et
243 1408 584 1450 murmurabunt.

226 1467 319 1515 Ego
337 1471 482 1506 autem
501 1465 687 1507 cantabo
699 1464 997 1506 fortitudinem

173 1527 307 1563 tuam:
335 1524 358 1548 *
387 1527 429 1563 et
457 1522 686 1564 exsultabo
714 1534 840 1563 mane
872 1522 996 1563 mise-

176 1578 405 1619 ricordiam
432 1583 562 1619 tuam.

228 1635 338 1685 Quia
367 1635 506 1676 factus
527 1647 574 1676 es
611 1636 840 1687 susceptor
865 1647 998 1683 meus,

176 1694 199 1718 *
216 1697 259 1733 et
287 1691 499 1742 refugium
516 1704 671 1741 meum,
699 1691 741 1732 in
770 1690 840 1733 die
868 1691 998 1733 tribu-

179 1748 350 1790 lationis
377 1761 498 1790 meae.

230 1804 416 1856 Adiutor
436 1817 560 1846 meus
581 1804 659 1846 tibi
679 1804 872 1857 psallam,
902 1805 1000 1857 quia

180 1861 299 1903 Deus
328 1863 555 1914 susceptor
587 1874 710 1903 meus
739 1874 802 1902 es:
830 1863 854 1888 *
881 1861 1001 1903 Deus

181 1931 302 1959 meus
329 1918 625 1959 misericordia
651 1930 759 1959 mea.

237 1988 270 2026 A
279 1994 333 2026 nt.
354 1988 473 2028 Justa
483 1986 671 2038 judicate
684 1986 759 2027 filii
770 1986 1002 2028 hominum.

238 2053 333 2092 Ant.
363 2052 426 2092 Da
453 2051 590 2092 nobis.

454 2131 645 2171 l'salmus
674 2132 739 2170 59.

187 2201 347 2306 Deus
366 2198 561 2251 repulisti
582 2211 673 2248 nos,
694 2204 736 2240 et
755 2199 1004 2243 destruxisti

287 2267 382 2296 nos:
402 2257 425 2282 *
444 2255 579 2296 iratus
600 2268 657 2304 es,
676 2261 719 2297 et
738 2257 938 2298 misertus
958 2271 1005 2300 es

185 2310 322 2352 nobis.

239 2367 521 2408 Commovisti
554 2373 730 2417 terram,
766 2373 809 2410 et
837 2375 1005 2411 contur-

186 2423 299 2465 basti
320 2436 429 2464 eam:
446 2427 468 2449 *
489 2437 593 2465 sana
609 2425 890 2467 contritiones
907 2428 1006 2477 ejus,

189 2480 288 2532 quia
316 2482 533 2521 commeta
562 2486 637 2522 est.

240 2536 479 2578 Ostendisti
516 2537 681 2589 pupulo
714 2542 791 2579 tuo
828 2538 951 2580 dura:
985 2542 1007 2566 *

187 2593 349 2646 potasti
378 2605 457 2633 nos
485 2593 585 2634 vino
614 2595 968 2646 compunctiunis.

241 2648 409 2691 Dedisti
428 2649 718 2691 metuentibus
734 2656 778 2691 te
799 2651 1007 2700 signifiea-

188 2707 459 2748 tionem:*ut
488 2706 650 2755 fugiant
679 2719 702 2746 a
732 2706 840 2748 facie
869 2721 1009 2749 arcus:

714 188 819 221 Fcriu
847 194 978 230 quartu
1007 186 1053 219 and
1080 184 1315 218 Matutinum.

1094 273 1152 314 Ut
1178 271 1417 313 liberentur
1451 269 1598 312 dilecti
1630 269 1709 311 tui:
1736 270 1761 297 *
1788 269 1868 310 sal-

1044 343 1145 371 vum
1162 328 1231 370 fac
1250 328 1431 370 dextera
1449 331 1534 376 tua,
1551 331 1595 368 et
1614 325 1772 368 exaudi
1787 339 1869 368 me.

1094 386 1215 427 Deus
1238 384 1411 426 locutus
1440 388 1506 425 est
1533 383 1577 424 in
1596 388 1748 425 sancto
1774 396 1869 425 suo:

1043 445 1066 470 *
1092 441 1309 491 Laetabor‚
1335 446 1379 482 et
1403 440 1610 493 partibor.
1622 439 1870 481 Sichimam:

1044 505 1087 541 et
1115 497 1360 541 convallem
1379 496 1761 539 tabernaculorum
1783 509 1870 539 me-

1043 556 1171 598 fibon

1095 613 1220 654 Meus
1254 616 1320 653 est
1353 610 1539 660 Ge‘ssaad,
1572 615 1616 652 et
1647 623 1771 652 meus
1805 615 1871 652 est

1044 670 1286 711 Manasses:
1310 670 1333 695 *
1361 673 1404 710 et
1427 667 1635 721 Ephraim
1660 667 1871 709 fortitudo

1044 726 1199 779 capitis
1226 725 1323 767 mei.

1095 784 1119 824 J
1123 782 1209 824 uda
1229 795 1306 824 rex
1324 794 1463 823 meus:
1480 783 1504 808 *
1521 781 1653 823 Moab
1675 780 1762 824 olla
1777 781 1872 834 spei

1044 853 1166 882 meae.

1096 898 1147 938 In
1174 896 1415 938 Idumaeam
1447 894 1681 937 extendam
1709 895 1872 937 calcea·

1043 955 1238 995 mentum
1265 966 1426 994 meum:
1444 954 1467 980 *
1486 951 1591 994 mihi
1618 952 1872 1004 alienigenae

1045 1009 1208 1052 subditi
1236 1015 1347 1051 sunt.

1098 1067 1205 1117 Quis
1242 1066 1432 1108 deducet
1467 1078 1539 1107 me
1574 1065 1617 1107 in
1653 1065 1874 1108 civitatem

1045 1126 1269 1165 munitam:
1299 1126 1323 1151 *
1353 1123 1449 1176 quis
1482 1122 1672 1165 deducet
1703 1136 1774 1165 me
1807 1135 1875 1164 us-

1048 1194 1132 1233 que
1160 1181 1202 1221 in
1231 1178 1493 1222 Idumaeam?

1097 1238 1254 1279 Nonne
1269 1243 1318 1279 tu
1326 1237 1459 1286 Deus,
1472 1238 1546 1290 qui
1565 1236 1762 1290 repulisti
1779 1249 1876 1278 nos:

1047 1296 1071 1322 *
1099 1299 1142 1336 et
1175 1308 1263 1336 non
1298 1293 1534 1345 egredieris
1561 1293 1683 1336 Deus
1717 1293 1762 1335 in
1794 1293 1875 1334 vir-

1047 1351 1214 1393 tutibus
1241 1349 1426 1393 nostris?

1099 1409 1168 1450 Da
1195 1408 1323 1450 nobis
1351 1407 1559 1449 auxilium
1587 1406 1642 1450 de
1667 1406 1877 1449 tribulati-

1050 1468 1150 1507 6ne:
1178 1467 1201 1492 *
1231 1465 1332 1518 quia
1359 1477 1471 1506 vana
1499 1464 1616 1506 salus
1643 1463 1841 1506 hominis.

1102 1524 1151 1563 In
1178 1523 1276 1564 Deo
1304 1521 1512 1563 faciemus
1540 1522 1761 1563 virtutem:
1789 1522 1812 1548 *
1835 1524 1879 1562 et

1050 1580 1144 1632 ipse
1172 1578 1230 1621 ad
1256 1578 1436 1620 nihilum
1457 1577 1648 1620 deducet
1672 1577 1879 1619 tribulan-

1051 1642 1117 1678 tes
1146 1649 1237 1678 nos.

1318 1696 1517 1737 Psalmus
1546 1698 1617 1737 60.

1056 1747 1271 1855 Exaudi
1289 1747 1411 1789 Deus
1426 1747 1784 1801 deprecationem
1801 1759 1883 1789 me-

1158 1818 1243 1847 am:
1272 1807 1295 1831 *
1322 1804 1499 1847 intende
1528 1804 1715 1846 orationi
1741 1816 1864 1845 meae.

1105 1863 1145 1903 A
1173 1861 1332 1904 finibus
1364 1866 1494 1903 terrae
1523 1861 1580 1903 ad
1605 1867 1650 1903 te
1683 1860 1883 1902 clamavi:

1054 1922 1077 1946 *
1112 1919 1215 1961 dum
1248 1919 1498 1960 anxiaretur
1531 1931 1608 1960 cor
1642 1930 1804 1968 meum,
1839 1917 1882 1959 in

1054 1980 1179 2029 petra
1207 1975 1408 2017 exaltasti
1436 1988 1518 2017 me.

1106 2032 1339 2074 Deduxisti
1353 2045 1433 2083 me,
1452 2032 1553 2085 quia
1566 2031 1707 2074 factus
1719 2043 1766 2073 es
1781 2043 1884 2084 spes

1055 2102 1168 2131 mea:
1196 2090 1220 2116 *
1251 2089 1382 2130 turris
1415 2088 1681 2131 fortitudinis
1715 2101 1740 2130 a
1772 2087 1883 2130 facie

1055 2145 1226 2187 inimici.

1108 2201 1369 2243 Inhabitabo
1404 2202 1449 2243 in
1484 2201 1769 2244 tabernaculo
1804 2206 1882 2243 tuo

1057 2259 1099 2300 in
1115 2258 1292 2300 saecula:
1311 2260 1335 2285 *
1352 2260 1559 2311 protegar
1576 2259 1619 2299 in
1636 2258 1882 2301 velamento

1058 2315 1225 2357 alarum
1251 2317 1436 2356 tuarum.

1111 2371 1326 2422 Queniam
1359 2376 1407 2413 tu
1440 2372 1560 2414 Deus
1597 2384 1721 2413 meus
1757 2383 1883 2413 exau-

1059 2428 1161 2470 disti
1171 2427 1412 2469 orationem
1423 2442 1581 2471 meam:
1594 2430 1618 2457 *
1630 2428 1789 2470 dedisti
1798 2427 1884 2469 hae-

1060 2484 1290 2526 reditatem
1306 2485 1557 2527 timentibus
1577 2498 1736 2527 nomen
1752 2489 1885 2526 tuum.

1111 2541 1216 2582 Dies
1251 2553 1383 2593 super
1417 2541 1510 2583 dies
1547 2543 1662 2593 regis
1695 2541 1886 2594 adjicies:

1060 2599 1083 2624 *
1111 2610 1247 2639 annos
1276 2598 1366 2648 ejus
1386 2611 1525 2650 usque
1553 2599 1596 2640 in
1624 2598 1740 2641 diem
1759 2611 1885 2650 gene-

1061 2654 1238 2695 rati6nis
1266 2658 1309 2694 et
1336 2655 1639 2702 generationis.

1114 2711 1344 2752 Permanet
1384 2711 1424 2751 in
1462 2713 1672 2752 aeternum
1708 2711 1751 2752 in
1788 2724 1886 2753 con-
