2040 2990
704 184 815 218 Feria
840 184 972 227 quinta
996 184 1046 218 ad
1068 184 1304 221 Matutinum.

210 277 507 320 Obscurentur
533 279 647 321 eculi
667 282 818 322 eerum
841 293 895 321 ne
919 282 977 321 vi-

157 335 303 378 deant:
321 336 345 363 *
369 341 412 378 et
435 336 614 378 dorsum
637 339 787 379 eerum
806 350 978 391 semper

157 395 346 434 incurva.

207 447 395 491 Effl’mde
426 462 559 502 super
592 463 669 492 eos
700 451 809 492 iram
840 456 977 493 tuam:

157 506 180 533 *
206 511 250 547 et
274 507 394 548 furor
420 507 496 549 irae
523 512 610 549 tuae
637 507 978 561 comprehendat

157 575 244 604 eos.

207 620 304 662 Fiat
328 620 539 663 habitatio
564 623 715 663 eerum
739 621 929 663 deserta:
953 622 976 647 *

156 680 200 717 et
230 676 273 717 in
299 676 591 719 tabernaculis
625 679 775 719 eerum
807 691 894 720 non
921 678 977 719 sit

157 732 231 783 qui
256 732 477 777 inhabitet.

208 789 421 838 Queniam
458 803 587 843 quem
623 795 671 832 tu
710 791 975 843 percussisti,

154 846 375 898 persecuti
394 853 507 889 sunt:
526 848 550 872 *
570 851 613 888 et
629 860 761 900 super
777 847 976 889 dolerem

154 901 381 944 vulnerum
408 906 606 945 meerum
633 903 905 946 addiderunt.

205 959 395 1011 Appene
426 960 699 1012 iniquitatem
733 973 864 1014 super
899 961 973 1001 ini-

156 1015 367 1067 quitatem
393 1019 559 1058 eerum:
586 1018 610 1044 *
638 1023 681 1060 et
703 1030 791 1059 non
814 1018 976 1059 intrent

154 1071 198 1112 in
224 1073 430 1124 justitiam
457 1079 587 1116 tuam.

204 1128 444 1172 Deleantur
469 1130 523 1173 de
546 1130 658 1173 libro
678 1131 928 1173 viventium:
951 1130 975 1156 *

156 1189 200 1227 et
228 1199 326 1228 cum
351 1187 474 1239 justis
500 1201 589 1229 non
616 1188 872 1230 scribantur.

206 1243 301 1294 Ego
335 1256 430 1285 sum
463 1257 632 1298 pauper
667 1249 711 1286 et
746 1244 918 1287 dolens:
951 1244 975 1270 *

155 1298 272 1340 salus
298 1304 372 1341 tua
399 1301 519 1342 Deus
548 1301 741 1354 suscepit
766 1314 847 1342 me.

206 1355 418 1399 Laudabo
443 1370 601 1399 nomen
619 1358 702 1399 Dei
721 1371 820 1399 cum
843 1356 973 1398 canti-

155 1424 223 1453 co:
241 1412 265 1438 *
285 1418 327 1455 et
345 1413 634 1464 magnificabo
654 1427 752 1456 eum
769 1414 813 1454 in
831 1413 974 1455 laude:

205 1469 263 1510 Et
288 1469 479 1522 placebit
504 1470 601 1512 Deo
634 1483 765 1523 super
792 1469 975 1511 vitulum

155 1525 389 1567 novellum:
415 1527 440 1554 *
467 1528 630 1568 cernua
660 1525 975 1580 producentem

155 1586 199 1623 et
225 1581 418 1633 ungulas.

205 1637 395 1680 Videant
428 1641 644 1692 pauperes
679 1643 723 1681 et
754 1638 973 1680 laetentur:

153 1693 178 1719 *
206 1694 387 1746 quaerite
413 1695 571 1746 Deum,
606 1700 649 1738 et
680 1695 798 1737 vivet
830 1695 974 1736 anima

154 1755 310 1791 vestra.

206 1807 421 1857 Queniam
479 1807 700 1850 exaudivit
755 1810 973 1860 pauperes

153 1862 383 1905 Deminus:
417 1863 441 1889 *
475 1868 519 1905 et
550 1864 719 1906 vinctos
750 1875 854 1905 suos
886 1875 973 1904 non

156 1918 366 1972 despexit.

204 1976 406 2019 Laudent
436 1977 556 2018 illum
584 1976 684 2018 coeli
716 1980 759 2018 et
790 1981 921 2026 terra,
949 1976 972 2002 *

153 2045 283 2083 mare,
311 2038 354 2075 et
381 2033 524 2074 emnia
552 2033 721 2086 reptilia
746 2033 789 2073 in
817 2032 890 2074 eis.

204 2089 419 2139 Queniam
462 2090 582 2131 Deus
635 2088 800 2131 salvam
844 2088 973 2131 faciet

153 2145 270 2187 Sion:
296 2147 320 2174 *
349 2151 392 2188 et
419 2145 750 2187 aedificabuntur
776 2145 971 2187 civitates

153 2202 179 2242 J
180 2201 276 2244 uda.

205 2258 262 2299 Et
287 2257 590 2300 inhabitabunt
615 2258 685 2308 ibi,
713 2258 736 2284 *
765 2262 808 2299 et
836 2257 968 2298 haere-

154 2314 290 2356 ditate
317 2317 541 2367 acquirent
568 2327 675 2356 eam.

203 2370 261 2412 Et
288 2384 435 2413 semen
463 2374 688 2413 serverum
717 2371 806 2423 ejus
833 2369 969 2422 possi-

154 2426 274 2469 debit
293 2440 398 2478 eam,
417 2428 440 2454 *
460 2432 503 2469 et
524 2428 598 2479 qui
617 2426 799 2478 dssigunt
813 2438 971 2468 nomen

154 2484 255 2534 ejus,
280 2483 540 2526 habitabunt
566 2484 609 2524 in
637 2496 698 2525 ea.

419 2535 614 2575 Psalmus
644 2536 709 2574 69.

244 2607 320 2636 eus
341 2596 383 2636 in
403 2596 663 2648 adjuterium
681 2607 824 2637 meum
837 2595 970 2636 inten-

269 2651 338 2693 de:
355 2652 379 2679 *
398 2653 585 2694 Demine
606 2651 663 2693 ad
682 2650 971 2703 adjuvandum

153 2720 223 2749 me
250 2707 415 2750 festina.

306 2845 370 2871 Pars
387 2845 520 2870 Hiemalis.

1083 280 1412 323 Confundantur
1440 287 1483 324 et
1511 286 1807 335 revereantur,
1827 286 1850 313 *

1033 338 1106 389 qui
1134 342 1333 390 quaerunt
1361 339 1547 381 animam
1574 353 1725 382 meam.

1082 394 1348 437 Avertantur
1370 398 1619 447 retrersum,
1639 403 1682 439 et
1701 397 1849 439 erube-

1030 456 1163 501 scant,
1190 451 1214 477 *
1243 452 1318 504 qui
1344 451 1496 494 volunt
1521 452 1625 493 mihi
1651 453 1775 494 mala.

1079 508 1347 550 Avertantur
1369 508 1514 550 statim
1534 509 1849 559 erubescentes,

1029 564 1053 591 *
1081 564 1155 615 qui
1183 564 1331 607 dicunt
1357 565 1479 606 mihi:
1506 565 1638 616 Euge,
1667 578 1784 617 euge.

1079 621 1312 663 Exsultent
1323 626 1366 663 et
1379 621 1580 663 laetentur
1590 622 1633 662 in
1642 627 1686 664 te
1699 636 1848 664 omnes

1029 677 1103 728 qui
1132 683 1331 729 quaerunt
1356 683 1416 727 te,
1443 678 1467 703 *
1496 683 1539 720 et
1567 678 1713 721 dicant
1740 692 1847 721 sem-

1027 746 1124 786 per:
1164 734 1466 785 Magnificetur
1503 735 1734 776 Deminus:
1776 736 1847 788 qui

1028 789 1212 840 diligunt
1239 790 1428 832 salutare
1456 796 1588 832 tuum.

1077 846 1174 897 Ego
1190 859 1294 888 vero
1310 849 1482 898 egenus,
1499 853 1541 889 et
1555 860 1722 900 pauper
1738 861 1847 889 sum:

1026 903 1050 928 *
1076 903 1198 945 Deus
1226 903 1382 955 adjuva
1409 917 1490 946 me.

1077 959 1263 1011 Adjutor
1282 973 1415 1011 meus,
1435 965 1478 1002 et
1495 960 1704 1002 liberator
1723 973 1846 1003 meus

1027 1028 1074 1057 es
1100 1021 1167 1058 tu:
1194 1018 1218 1043 *
1246 1016 1433 1059 Demine
1458 1030 1513 1059 ne
1539 1018 1732 1059 moreris.

1082 1076 1180 1117 Ant.
1214 1077 1398 1120 Demine
1426 1079 1546 1120 Deus
1573 1078 1617 1119 in
1645 1077 1846 1131 adjuteri-

1026 1147 1099 1176 um
1126 1146 1271 1176 meum
1297 1134 1484 1177 intende.

1082 1196 1180 1236 Ant.
1207 1196 1318 1238 Esto
1346 1196 1461 1238 mihi.

1294 1278 1488 1318 Psalmus
1518 1279 1586 1318 70.

1072 1369 1101 1396 n
1126 1361 1171 1398 te
1199 1355 1387 1397 Demine
1416 1354 1603 1407 speravi,
1630 1367 1717 1396 non
1746 1367 1843 1396 con-

1085 1411 1241 1454 fundar
1263 1413 1307 1453 in
1330 1413 1554 1453 aeternum:
1573 1412 1596 1438 *
1619 1411 1662 1451 in
1685 1411 1845 1463 justitia

1025 1474 1101 1510 tua
1127 1469 1264 1510 libera
1291 1481 1372 1518 me,
1400 1474 1443 1510 et
1472 1468 1590 1520 eripe
1616 1480 1696 1508 me.

1076 1526 1241 1567 Inclina
1274 1524 1331 1567 ad
1363 1537 1432 1567 me
1470 1536 1618 1566 aurem
1652 1529 1788 1574 tuam,
1822 1524 1846 1550 *

1026 1587 1070 1624 et
1097 1583 1217 1623 salva
1244 1594 1324 1623 me.

1076 1639 1184 1681 Esto
1203 1638 1307 1679 mihi
1325 1638 1367 1679 in
1381 1638 1523 1679 Deum
1537 1638 1844 1689 protecterem,

1026 1700 1070 1737 et
1093 1695 1137 1735 in
1160 1695 1306 1737 locum
1322 1696 1548 1736 munitum:
1567 1694 1590 1720 *
1610 1698 1657 1735 ut
1677 1693 1843 1736 salvum

1024 1764 1094 1793 me
1122 1751 1265 1802 facias,

1077 1807 1291 1858 Queniam
1309 1806 1626 1847 firmamentum
1646 1818 1800 1856 meum,
1819 1807 1843 1832 *

1025 1869 1069 1906 et
1094 1863 1307 1914 refugium
1335 1874 1478 1904 meum
1505 1874 1552 1903 es
1580 1866 1639 1903 tu.

1075 1921 1196 1962 Deus
1227 1931 1349 1960 meus
1382 1918 1501 1971 eripe
1531 1930 1601 1959 me
1629 1916 1684 1960 de
1714 1931 1844 1960 manu

1023 1975 1285 2029 peccateris,
1312 1975 1336 2001 *
1371 1979 1414 2016 et
1445 1974 1500 2016 de
1530 1987 1661 2016 manu
1692 1979 1843 2016 contra

1023 2033 1164 2084 legem
1191 2031 1357 2083 agentis
1386 2036 1429 2073 et
1455 2030 1607 2083 iniqui:

1075 2088 1288 2138 Queniam
1327 2091 1375 2129 tu
1416 2099 1462 2128 es
1498 2086 1706 2140 patientia
1746 2098 1842 2128 mea

1023 2145 1228 2186 Domine:
1263 2144 1287 2170 *
1323 2143 1510 2185 Demine
1546 2155 1648 2195 spes
1684 2155 1781 2184 mea
1816 2155 1841 2183 a

1021 2201 1243 2253 juventute
1269 2212 1376 2241 mea.

1073 2257 1124 2297 In
1137 2262 1181 2298 te
1196 2256 1475 2298 confirmatus
1490 2267 1585 2296 sum
1600 2268 1654 2296 ex
1666 2254 1840 2297 uteroz*

1022 2312 1077 2354 de
1103 2317 1254 2355 ventre
1281 2312 1429 2354 matris
1455 2323 1565 2353 meae
1592 2316 1640 2354 tu
1667 2324 1714 2352 es
1741 2323 1838 2363 pro-

1020 2371 1162 2411 tector
1188 2381 1322 2410 meus.

1071 2427 1123 2466 In
1157 2431 1200 2467 te
1237 2424 1426 2466 cantatio
1462 2436 1559 2465 mea
1592 2435 1783 2476 semper:
1814 2423 1838 2449 *

1020 2485 1242 2534 tamquam
1277 2480 1524 2533 prodigium
1564 2479 1703 2520 factus
1744 2491 1838 2520 sum

1020 2537 1183 2580 multis:
1210 2542 1254 2579 et
1279 2542 1327 2578 tu
1355 2536 1525 2588 adjutor
1552 2535 1687 2577 fortis.

1072 2594 1312 2646 Repleatur
1347 2605 1397 2634 os
1431 2605 1575 2634 meum
1608 2590 1754 2639 laude,
1789 2592 1837 2629 ut

1022 2655 1192 2692 cantem
1223 2649 1407 2700 gloriam
1433 2654 1567 2691 tuam:
1593 2647 1617 2674 *
1644 2651 1737 2688 tota
1767 2644 1837 2686 die

991 2707 994 2711 ’
1022 2705 1363 2758 magnitudinem
1389 2710 1518 2746 tuam.
