2080 2990
574 206 645 239 Dic
669 206 720 238 24.
745 207 804 238 vel
831 207 882 238 ΞΓ).
912 206 1016 238 Febr.

185 316 298 352 rum,
334 302 622 351 Haceldama,
668 301 754 342 hoc
791 306 874 350 est,
912 313 1016 351 ager

185 358 419 408 sanguinis.
446 358 667 410 Scriptum
687 362 755 398 est
775 357 951 397 enimin
969 356 1015 396 li-

184 414 265 455 bro
290 414 581 455 Psalmorum:
607 414 705 454 Fiat
727 412 1016 454 commoratio

185 471 338 510 eorum
354 469 540 518 deserta,
561 474 605 511 et
623 482 712 510 non
731 469 787 509 sit
807 468 881 519 qui
896 468 1015 508 inha-

185 525 297 567 bitet
329 526 372 566 in
405 538 470 566 ea:
509 530 552 566 et
585 525 892 577 episcopatum
924 524 1015 574 ejus

185 582 374 633 accipiat
393 581 514 622 alter.
543 580 732 633 Oportet
751 594 857 631 ergo
877 593 932 621 ex
948 578 1016 619 his

186 637 307 686 viris,
342 637 416 688 qui
447 636 679 677 nobiscum
708 642 808 677 sunt
837 646 1014 685 congre-

186 693 278 742 gati
295 693 342 733 in
362 693 481 733 omni
501 695 713 744 tempore,
735 705 822 744 quo
839 691 1017 733 intravit

186 753 230 789 et
255 749 389 789 exivit
411 748 524 789 inter
541 761 623 789 nos
642 748 857 789 Dominus
876 747 900 788 J
904 760 1015 797 esus,

185 803 398 856 incipiens
444 817 470 844 a
514 803 778 855 baptismate
822 803 847 843 J
850 803 1015 852 oannis,

185 872 325 911 usque
345 860 388 900 in
409 859 543 909 diem,
573 873 659 911 qua
677 862 928 910 assumptus
950 863 1016 900 est

185 928 211 955 a
229 915 374 964 nobis,
392 920 553 956 testem
571 915 906 956 resurrectionis
926 915 1016 966 ejus

184 971 416 1012 nobiscum
435 971 531 1012 fieri
549 985 683 1011 unum
703 984 757 1012 ex
775 971 888 1020 istis!

242 1030 290 1078 Ra
328 1027 491 1068 Tollite
523 1028 671 1078 jugum
705 1040 852 1068 meum
884 1039 1016 1079 super

185 1095 276 1131 vos,
297 1082 402 1123 dicit
417 1083 644 1132 Dominus,
665 1087 708 1124 et
725 1083 881 1124 discite
896 1095 921 1123 a
935 1095 1016 1131 me,

187 1138 288 1189 quia
312 1139 429 1179 mitis
450 1151 547 1179 sum
567 1143 610 1179 et
628 1138 804 1179 hnmilis
823 1138 973 1179 corde:
994 1139 1015 1159 *

184 1194 344 1244 Jugum
374 1195 488 1235 enim
515 1207 661 1235 meum
690 1197 823 1235 suave
853 1199 936 1243 est,
973 1198 1017 1235 et

186 1262 296 1290 onus
315 1262 462 1290 meum
485 1250 593 1291 leve.
630 1245 679 1294 δ”.
708 1251 764 1291 Et
787 1250 1016 1291 invenietis

185 1305 382 1356 requiem
405 1305 632 1347 animabus
652 1306 822 1347 vestris.
859 1306 1018 1356 Jugum

187 1361 301 1401 enim
320 1374 477 1402 meum.

492 1426 644 1466 Lectio
668 1427 718 1465 iii.

276 1490 294 1526 t
313 1487 558 1527 statuerunt
578 1485 705 1534 duos,
733 1486 757 1525 J
761 1486 916 1537 oseph,
944 1486 1018 1537 qui

281 1541 522 1582 vocabatur
533 1540 763 1590 Barsabas‚
776 1541 850 1592 qui
866 1554 1019 1592 cogno-

187 1597 378 1637 minatus
399 1602 465 1637 est
480 1597 505 1636 J
507 1601 642 1645 ustus,
663 1602 705 1637 et
722 1596 943 1637 Mathiam.
962 1597 1018 1638 Et

188 1654 364 1693 orantes
385 1652 603 1693 dixerunt:
626 1652 696 1692 Tu
714 1653 918 1702 Domine,
944 1653 1019 1703 qui

187 1707 324 1748 corda
334 1707 452 1748 nosti
464 1708 666 1757 omnium,
679 1708 875 1757 ostende,
887 1720 1017 1759 quem

188 1763 373 1813 elegeris
400 1776 454 1804 ex
472 1763 539 1803 his
560 1763 735 1804 duobus
755 1777 889 1804 unum
908 1766 1017 1804 acci-

186 1831 293 1870 pere
330 1818 477 1859 locum
517 1819 749 1860 ministerii
785 1819 928 1870 hujus,
975 1824 1018 1860 et

187 1874 482 1926 apostolatus,
511 1873 566 1915 de
592 1887 678 1926 quo
702 1875 1018 1926 praevaricatus

188 1934 254 1971 est
273 1931 297 1970 J
299 1929 419 1979 udas,
438 1935 487 1971 ut
506 1930 647 1971 abiret
660 1930 704 1970 in
719 1930 866 1971 locum
881 1943 1018 1971 suum.

187 1986 244 2025 Et
271 1985 486 2026 dederunt
515 1991 658 2026 sortes
688 1986 765 2035 eis,
795 1990 838 2027 et
859 1985 1019 2027 cecidit

190 2053 288 2081 sors
308 2054 438 2092 super
458 2041 680 2090 Mathiam,
702 2046 745 2082 et
764 2043 1017 2082 annumera-

186 2101 258 2137 tus
279 2101 345 2136 est
364 2109 463 2137 cum
482 2096 685 2137 sindecim
706 2096 946 2148 Apostolis.

244 2151 293 2201 Rg.
315 2152 433 2192 Dum
452 2152 671 2194 steteritis.
691 2152 745 2204 [7]

417 2229 465 2267 In
493 2230 544 2267 II.
573 2231 795 2270 Nocturno.

193 2289 260 2330 De
291 2288 582 2341 Expositione
615 2290 753 2331 sancti
784 2290 1020 2340 Augustini

189 2344 403 2397 Episcopi
433 2357 566 2396 super
593 2345 816 2385 Psalmum
844 2347 1019 2395 octoge-

423 2400 581 2440 simum
601 2405 784 2441 sextum.

296 2459 447 2498 Lectio
470 2460 520 2498 iv.

200 2540 204 2550 ³
243 2524 573 2583 fundamenta
605 2525 695 2575 ejus
728 2524 771 2563 in
798 2525 1020 2566 montibus

200 2580 205 2600 ’-
244 2579 296 2633 :⁵33
326 2580 502 2620 sanetis:
528 2580 669 2631 diligit
687 2580 902 2620 Dominus
921 2593 1019 2632 por-

325 2640 393 2675 tas
418 2636 533 2676 Sion.
575 2636 719 2685 Quare
747 2640 847 2676 sunt
872 2635 1020 2676 funda-

191 2691 340 2731 menta
389 2690 614 2742 Apostoli,
668 2696 712 2732 et
761 2689 1020 2743 Prophetae?

634 2467 733 2499 Ante
753 2467 931 2500 medium.

1065 207 1099 237 S.
1126 204 1283 238 Mathiae
1309 205 1499 247 Apostoli.

1070 298 1183 347 Quia
1210 301 1363 340 eorum
1389 299 1628 340 auctoritas
1655 303 1804 351 portat
1837 298 1897 338 in-

1068 354 1322 395 firmitatem
1357 359 1565 395 nostram.
1619 354 1764 404 Quare
1797 358 1899 395 sunt

1068 409 1234 461 portae?
1278 410 1391 460 Quia
1423 422 1503 462 per
1535 410 1656 462 ipsos
1687 410 1898 451 intramus

1069 464 1126 506 ad
1154 478 1336 517 regnum
1362 466 1458 507 Dei.
1507 465 1756 507 Praedicant
1784 466 1899 506 enim

1069 520 1214 562 nobis:
1239 526 1283 563 et
1307 535 1407 562 cum
1432 534 1512 574 per
1535 522 1658 573 ipsos
1676 521 1899 570 intramus,

1071 590 1151 629 per
1181 577 1402 619 Christum
1433 578 1656 619 intramus.
1695 578 1800 629 Ipse
1833 582 1900 618 est

1073 633 1189 674 enim
1206 634 1344 684 janua.
1376 634 1433 675 Et
1453 646 1552 674 cum
1571 632 1774 674 dicantur
1794 632 1899 673 duo-

1073 689 1215 731 decim
1249 694 1393 742 portae
1429 689 1691 738 Jerusalem,
1736 693 1780 729 et
1814 700 1901 729 una

1071 751 1201 797 porta
1225 745 1441 795 Christus,
1470 750 1513 786 et
1539 744 1775 786 duodecim
1799 756 1900 795 por-

1069 806 1128 842 tae
1144 801 1352 851 Christus,
1373 802 1474 853 quia
1489 796 1533 841 ih
1550 799 1786 842 duodecim
1801 812 1900 852 por-

1071 858 1128 898 tis
1158 857 1373 898 Christus:
1402 862 1446 898 et
1472 857 1574 898 ideo
1604 855 1901 897 duodenarius

1070 916 1278 954 numerus
1291 913 1623 965 Apostolorum.
1650 912 1901 953 Sacramen-

1074 974 1168 1010 tum
1188 972 1396 1020 magnum
1418 969 1545 1020 hujus
1569 967 1828 1009 duodenarii
1849 967 1901 1008 si-

1074 1025 1296 1075 gnificatio
1333 1030 1400 1066 est
1434 1024 1616 1065 numeri.
1668 1022 1902 1072 Sedebitis‚

1074 1080 1231 1131 inquit,
1259 1093 1392 1132 super
1418 1079 1654 1121 duodecim
1672 1078 1816 1128 sedes,
1843 1079 1901 1130 ju-

1073 1136 1268 1177 dicantes
1289 1136 1524 1177 duodecim
1541 1134 1684 1176 tribus
1702 1133 1851 1175 IsraeL

1127 1210 1177 1260 R·
1197 1208 1303 1249 Vidi
1321 1209 1579 1259 conjunctos
1597 1207 1729 1256 viros,
1743 1206 1902 1248 haben-

1070 1268 1137 1305 tes
1166 1263 1421 1315 splendidas
1449 1268 1610 1311 vestes,
1639 1268 1683 1304 et
1706 1262 1903 1313 Angelus

1071 1319 1251 1360 Domini
1269 1319 1444 1360 locatus
1465 1323 1533 1360 est
1553 1318 1610 1359 ad
1628 1331 1715 1368 me,
1736 1317 1903 1359 dicens:

1076 1375 1097 1396 *
1124 1375 1222 1435 Isti.
1238 1379 1338 1415 sunt
1366 1375 1448 1415 viri
1476 1374 1616 1415 sancti
1643 1374 1747 1415 facti
1774 1373 1903 1415 amici

1073 1430 1168 1471 Dei.
1198 1428 1247 1473 ,Υ-
1264 1430 1370 1476 Vidi
1389 1430 1608 1480 Angelum
1626 1429 1710 1470 Dei
1733 1430 1903 1478 fortem,

1072 1486 1296 1527 volantem
1315 1498 1395 1538 per
1413 1485 1607 1526 medium
1630 1485 1806 1534 coelum,
1828 1497 1901 1525 vo-

1072 1554 1122 1582 ce
1141 1554 1300 1592 magna
1319 1541 1591 1591 clamantem,
1613 1546 1657 1582 et
1672 1540 1902 1582 dicentem.

1071 1598 1149 1638 Isti
1171 1602 1272 1638 sunt
1290 1598 1382 1638 viri.

1387 1671 1540 1711 Lectio
1562 1684 1599 1710 v.

1076 1735 1162 1840 Si
1187 1746 1423 1787 duodecim
1442 1746 1562 1787 sellae
1585 1745 1647 1787 ibi
1673 1742 1789 1794 sunt,
1804 1738 1901 1786 ”rffin

1158 1807 1226 1843 est
1257 1802 1333 1843 ubi
1365 1801 1516 1843 sedeat
1547 1800 1901 1843 tertiusdecimus

1071 1858 1232 1899 Paulus
1247 1857 1503 1910 Apostolus,
1524 1862 1568 1898 et
1585 1870 1674 1898 non
1694 1856 1776 1898 erit
1796 1858 1900 1908 quo-

1071 1913 1206 1954 modo
1227 1913 1404 1964 judicet:
1430 1918 1475 1954 et
1499 1913 1595 1965 ipse
1619 1925 1667 1953 se
1690 1911 1900 1963 judicata-

1073 1982 1170 2010 rum
1201 1969 1326 2018 dixit,
1368 1982 1458 2009 non
1489 1968 1690 2009 homines
1720 1972 1902 2016 tantum,

1073 2024 1152 2066 sed
1170 2029 1214 2066 et
1233 2025 1424 2076 angelos.
1458 2025 1580 2074 Quos
1600 2023 1796 2075 angelos,
1818 2022 1900 2063 nisi

1073 2082 1299 2132 apostatas
1315 2080 1517 2131 angelos?
1531 2079 1734 2127 Nescitis,
1749 2078 1902 2130 inquit,

1074 2137 1176 2187 quia
1190 2136 1371 2187 angelos
1385 2133 1695 2188 judicabimus?
1711 2135 1904 2186 Respon-

1073 2191 1197 2232 deret
1232 2205 1336 2242 ergo
1369 2191 1512 2233 turba:
1546 2190 1663 2240 Quid
1693 2194 1737 2231 te
1766 2191 1902 2242 jactas

1071 2246 1387 2297 judicaturum?
1429 2246 1517 2287 Ubi
1545 2245 1743 2287 sedebis?
1783 2245 1901 2285 Duo-

1073 2301 1216 2343 decim
1249 2302 1378 2343 sedes
1411 2301 1520 2343 dixit
1546 2300 1763 2341 Dominus
1796 2300 1902 2341 duo-

1074 2356 1216 2398 decim
1239 2356 1484 2409 Apostolis:
1508 2369 1620 2397 unus
1649 2354 1808 2397 cecidit
1831 2356 1856 2396 J
1858 2369 1902 2396 u-

1074 2412 1170 2462 das,
1197 2412 1243 2453 in
1269 2412 1416 2453 locum
1444 2413 1582 2464 ipsius
1609 2417 1787 2452 sanctus
1813 2411 1902 2452 Ma-

1073 2468 1188 2509 thias
1221 2467 1447 2509 ordinatus
1481 2472 1562 2517 est3
1597 2467 1804 2519 impletus
1836 2471 1904 2507 est

1075 2523 1372 2564 duodenarius
1391 2526 1598 2563 numerus
1619 2522 1803 2563 sedium:
1821 2522 1905 2562 Pri·

1074 2592 1146 2620 mo
1165 2579 1311 2620 locum
1329 2578 1484 2627 inveni,
1504 2578 1579 2619 ubi
1594 2578 1760 2627 sedeas,
1780 2582 1823 2618 et
1841 2578 1904 2618 sic

1074 2640 1118 2675 te
1135 2635 1300 2675 minare
1324 2634 1625 2685 judicaturum.
1657 2632 1904 2674 Duodecim

1075 2703 1179 2741 ergo
1199 2689 1327 2731 sedes
1353 2689 1458 2741 quid
1482 2688 1565 2729 sibi
1584 2689 1733 2738 velint,
1757 2688 1902 2729 videa-
