2040 2990
748 208 781 239 ln
812 207 1111 240 ‹lirnium-isiom-
1142 205 1303 237 Mummi.

226 310 291 349 ,id
313 309 479 356 magnif.
503 310 599 349 Ant.
630 309 811 359 l'ropter
825 305 1002 346 nimiam

174 365 401 406 caritotem
432 376 573 416 suam,
608 376 695 416 qua
731 362 884 405 dilexit
919 374 1000 402 nos

172 422 304 470 Deus,
325 420 483 461 Filium
503 434 630 462 suum
647 420 766 461 misit
790 420 834 459 in
854 418 1000 459 simili-

172 477 370 519 tudinem
395 477 536 519 carnis
560 477 743 530 peccati,
768 475 948 528 alleluia.

500 542 663 583 Oratio.

262 617 350 654 eus,
377 604 451 656 qui
471 603 622 645 salutis
643 604 831 651 aeternae,
855 601 999 643 beetae

291 660 443 702 Mariae
488 660 738 711 virginitate
783 657 1000 707 foecunda,

170 719 362 759 humano
380 717 528 769 generi
542 716 724 770 praemia
739 715 1000 768 praestitisti:

169 774 313 817 tribue
349 776 618 827 quaesumusg
656 777 703 814 ut
740 773 881 825 ipsam
915 783 998 824 pro

170 831 299 873 nobis
327 830 596 872 intercedere
631 830 887 879 sentiemus,
919 841 999 881 per

171 901 303 940 quam
342 887 580 929 meruimus
627 890 854 928 auctorem
895 886 998 927 vitae

170 947 405 998 suscipere,
432 943 670 985 Dominum
702 948 900 985 nostrum
932 943 998 983 Je-

170 1014 267 1042 sum
294 1001 516 1042 Christum
544 1000 701 1042 Filium
728 1006 869 1042 tuum:
915 999 998 1049 Qui

169 1063 314 1099 tecum
343 1058 459 1099 vivit.

224 1122 263 1154 131
293 1132 364 1154 mm
395 1123 428 1155 rit
458 1122 584 1164 aliqua
614 1132 808 1154 commem.

331 1200 419 1242 Ad
450 1198 842 1241 matutinum.
904 1227 906 1229 -

223 1269 341 1308 Iuvit.
378 1266 575 1307 Christus
603 1269 731 1306 natus
761 1268 828 1305 est
854 1263 998 1305 nobis:

168 1328 189 1348 *
210 1324 371 1366 Venite
390 1323 635 1365 adoremus.

223 1388 284 1425 l's.
327 1387 488 1434 Venite,
509 1383 787 1426 exsultemus.
806 1383 843 1423 2.

225 1446 375 1495 llymn.
408 1447 510 1486 Jesu
531 1442 815 1495 Redemptor.
838 1443 932 1484 223.

401 1527 448 1564 In
478 1527 505 1564 Ι.
535 1527 756 1565 Nocturno.

227 1596 322 1634 Ant.
352 1593 560 1633 Dominus
581 1591 690 1632 dixit
705 1592 729 1618 *
749 1591 806 1633 ad
823 1604 911 1633 me:
930 1593 997 1633 Fi-

169 1650 251 1691 lius
270 1662 393 1691 meus
414 1661 461 1690 es
479 1653 538 1698 tu,
554 1660 635 1699 ego
650 1647 782 1689 hodie
797 1649 926 1699 genui
942 1653 997 1691 te.

459 1718 652 1757 psalmus
681 1719 714 1757 2.

173 1780 398 1838 fNuare
419 1774 689 1816 fremuerunt
704 1773 885 1824 Gentes,
908 1774 932 1800 *
954 1779 998 1816 et

172 1833 174 1866 ³
194 1823 253 1846 '³
266 1845 289 1893 s
310 1831 465 1884 populi
482 1830 683 1872 meditati
702 1835 804 1872 sunt
827 1831 997 1872 inania?

208 1887 226 1897 χ*
358 1888 606 1929 Astiterunt
629 1900 756 1939 reges
784 1892 930 1938 terrae,
954 1893 998 1930 et

169 1945 393 1997 principes
417 1945 718 1986 convenerunt
743 1944 786 1984 in
811 1957 946 1985 unum
973 1946 997 1971 *

170 2000 381 2042 adversus
414 2001 673 2051 Dominum,
709 2006 753 2043 et
786 2000 997 2043 adversus

171 2056 391 2099 Christum
419 2059 520 2109 ejus.

222 2113 536 2166 Dirumpamus
568 2113 742 2155 vincula
775 2116 946 2156 eorum:
974 2115 996 2140 *

171 2174 214 2212 et
241 2169 522 2222 projiciamus
550 2182 576 2211 a
603 2169 732 2212 nobis
760 2171 907 2223 jugum
934 2171 996 2224 ip-

171 2228 331 2268 sorum.

223 2283 308 2334 Qui
339 2282 509 2324 habitat
540 2282 584 2323 in
617 2282 761 2332 coelis,
797 2283 998 2326 irridebit

171 2351 263 2381 eos:
277 2340 301 2365 *
318 2343 361 2380 et
375 2339 591 2380 Dominus
607 2338 895 2381 subsannabit
909 2352 997 2381 eos.

222 2395 347 2436 Tunc
365 2394 570 2447 loquetur
589 2394 646 2436 ad
666 2407 742 2436 eos
760 2395 805 2436 in
825 2395 890 2437 ira
908 2409 997 2446 sua,

171 2452 194 2478 *
214 2456 258 2493 et
276 2451 321 2492 in
339 2451 486 2493 furore
506 2463 586 2492 suo
605 2451 887 2493 conturbabit
910 2465 997 2493 eos.

222 2508 318 2558 Ego
338 2512 484 2549 autem
504 2507 768 2549 constitutus
788 2520 884 2548 sum
899 2508 997 2550 Rex

172 2564 227 2606 ab
247 2577 300 2606 eo
320 2577 452 2616 super
466 2564 571 2605 Sion
585 2569 781 2605 montem
797 2569 997 2605 sanctum

172 2622 274 2673 eius,
292 2621 315 2646 *
335 2619 583 2673 praedicans
602 2621 875 2672 praeceptum
895 2622 996 2672 ejus.

222 2677 439 2718 Dominus
467 2676 579 2718 dixit
605 2675 662 2717 ad
688 2689 777 2717 me:
804 2677 828 2702 *
861 2676 996 2718 Filius

171 2746 295 2775 meus
314 2746 361 2775 es
380 2738 438 2783 tu,
457 2745 538 2784 ego
558 2732 690 2774 hodie
708 2733 839 2784 genui
857 2738 912 2775 te.

1105 302 1287 345 Postula
1311 316 1337 345 a
1360 316 1443 354 me,
1467 309 1512 346 et
1531 303 1647 346 dabo
1666 303 1748 346 tibi
1768 303 1881 345 Gen-

1053 366 1120 402 tes
1138 359 1443 402 haereditatem
1461 365 1594 411 tuam,
1608 361 1631 386 *
1651 365 1695 403 et
1708 373 1881 414 posses-

1053 418 1223 459 sionem
1241 422 1362 458 tuam
1380 417 1592 459 terminos
1610 421 1752 459 terrae.

1104 474 1251 525 Reges
1280 486 1356 515 eos
1383 474 1430 515 in
1451 474 1575 525 virga
1598 473 1759 524 ferrea,
1786 474 1809 500 *
1838 479 1882 515 et

1052 535 1278 582 tamquam
1293 543 1370 571 vas
1389 530 1511 581 figuli
1531 530 1780 581 confringes
1794 543 1881 572 eos.

1103 587 1161 629 Et
1184 600 1300 628 nunc
1319 600 1446 638 reges
1465 587 1709 638 intelligite:
1736 587 1760 613 *
1788 599 1881 628 eru-

1053 643 1207 685 dimini
1227 644 1301 696 qui
1321 643 1523 695 judicatis
1543 648 1717 685 terram.

1103 700 1272 743 Servite
1298 700 1491 742 Domino
1516 701 1560 741 in
1585 700 1759 742 timore:
1785 700 1810 727 *
1838 705 1882 742 et

1053 756 1268 799 exsultate
1289 757 1329 799 ei
1349 770 1449 798 eum
1467 759 1670 799 tremore.

1105 813 1440 866 Apprehendite
1486 813 1775 866 disciplinam,
1810 826 1881 855 ne-

1053 870 1231 922 quando
1268 871 1482 912 irascatur
1514 870 1749 921 Dominus,
1780 870 1804 896 *
1838 875 1882 912 et

1051 927 1243 980 pereatis
1263 926 1318 968 de
1337 927 1408 968 via
1427 928 1549 979 justa.

1104 983 1214 1025 Cum
1240 984 1454 1025 exarserit
1478 983 1523 1024 in
1546 983 1671 1025 brevi
1695 983 1760 1024 ira
1779 984 1881 1035 ejus,

1051 1041 1074 1066 *
1098 1039 1218 1082 beati
1237 1053 1391 1082 omnes
1411 1040 1485 1092 qui
1505 1039 1735 1082 confidunt
1752 1040 1797 1080 in
1816 1052 1881 1082 eo.

1105 1110 1202 1148 Ant.
1269 1106 1480 1148 Dominus
1526 1104 1637 1147 dixit
1687 1104 1744 1147 ad
1791 1117 1881 1146 me:

1051 1162 1186 1204 Filius
1231 1176 1355 1205 meus
1396 1175 1444 1204 es
1495 1166 1562 1212 tu,
1615 1174 1696 1213 ego
1746 1161 1879 1204 hodie

1050 1220 1181 1271 genui
1213 1225 1268 1261 te.

1109 1287 1203 1326 Ani.
1238 1288 1282 1326 In
1302 1284 1395 1327 sole
1414 1285 1564 1338 posuit
1582 1285 1606 1311 *
1623 1284 1879 1326 tabernacu-

1051 1341 1139 1382 lum
1159 1355 1301 1383 suum:
1324 1346 1367 1383 et
1386 1342 1482 1394 ipse
1502 1346 1728 1393 tamquam
1748 1353 1878 1393 spon-

1050 1411 1126 1439 sus
1146 1397 1393 1451 procedens
1414 1398 1470 1440 de
1492 1398 1684 1440 thalamo
1705 1410 1797 1439 suo.

1335 1480 1530 1520 Psalmus
1551 1482 1607 1519 18.

1127 1550 1203 1591 oeli
1231 1552 1436 1592 enarrant
1462 1551 1648 1602 gloriam
1671 1551 1767 1601 Dei,
1787 1552 1811 1578 ¹⁸¹
1837 1555 1881 1593 et

1138 1609 1274 1659 opera
1300 1609 1509 1648 manuum
1537 1608 1627 1660 ejus
1651 1607 1880 1650 annuntiat

1050 1663 1383 1705 firmamentum.

1101 1719 1208 1761 Dies
1241 1718 1327 1761 diei
1355 1722 1526 1762 eructat
1557 1719 1758 1770 verbum,
1785 1721 1809 1747 *
1836 1725 1880 1762 et

1050 1788 1140 1817 nox
1158 1776 1278 1817 nocti
1297 1775 1462 1818 indicat
1481 1776 1718 1818 scientiam.

1101 1831 1204 1873 Non
1238 1836 1338 1873 sunt
1373 1832 1579 1885 loquelae,
1615 1845 1758 1886 neque
1793 1845 1879 1875 ser-

1049 1890 1219 1938 mones,
1247 1890 1271 1916 *
1306 1901 1494 1941 quorum
1526 1902 1615 1931 non
1647 1889 1880 1932 audiantur

1050 1958 1183 1987 voces
1204 1947 1367 1987 eorum.

1104 2003 1155 2043 In
1184 2014 1360 2044 omnem
1391 2007 1554 2044 terram
1582 2003 1718 2044 exivit
1745 2014 1879 2044 sonus

1051 2060 1218 2101 eorum:
1244 2060 1268 2086 *
1297 2063 1340 2100 et
1374 2059 1418 2099 in
1451 2059 1560 2101 fines
1595 2058 1716 2101 orbis
1749 2063 1879 2101 terrae

1050 2114 1185 2157 verba
1205 2117 1368 2156 eorum.

1102 2171 1154 2212 In
1173 2171 1268 2213 sole
1288 2171 1438 2224 posuit
1460 2171 1791 2214 tabernaculum
1811 2185 1879 2213 su-

1050 2241 1139 2269 um:
1171 2228 1196 2255 *
1228 2232 1271 2269 et
1303 2228 1400 2280 ipse
1431 2232 1657 2280 tamquam
1690 2241 1879 2281 sponsus

1050 2283 1298 2337 procedens
1318 2283 1374 2325 de
1393 2283 1587 2325 thalamo
1609 2296 1705 2326 suo:

1104 2340 1353 2382 Exsultavit
1385 2345 1434 2381 ut
1466 2340 1589 2392 gigas
1620 2340 1679 2382 ad
1706 2342 1878 2382 curren-

1051 2396 1153 2439 dam
1171 2397 1298 2446 vim,
1318 2396 1342 2422 *
1361 2409 1387 2437 a
1406 2409 1578 2437 summo
1601 2396 1715 2438 coelo
1736 2399 1877 2449 egres-

1051 2454 1116 2495 sio
1137 2454 1242 2505 ejus:

1101 2510 1159 2551 Et
1187 2512 1397 2550 occursus
1419 2510 1510 2561 eius
1529 2521 1669 2562 usque
1689 2509 1746 2551 ad
1765 2523 1877 2551 sum-

1050 2579 1169 2607 mum
1197 2565 1303 2618 ejus:
1330 2566 1354 2592 *
1380 2577 1463 2607 nec
1495 2570 1563 2607 est
1595 2566 1669 2617 qui
1702 2578 1750 2607 se
1781 2566 1877 2608 abs-

1051 2621 1213 2664 condat
1232 2634 1257 2662 a
1276 2621 1424 2663 calore
1444 2622 1545 2673 ejus.

1101 2678 1193 2720 Lex
1207 2678 1385 2719 Domini
1403 2678 1684 2720 immaculata
1699 2681 1876 2721 conver·

1050 2740 1147 2777 tens
1183 2734 1367 2776 animas:
1398 2735 1422 2762 *
1454 2735 1754 2777 testimonium
1787 2736 1875 2776 Do-
