2040 2990
592 203 733 244 Quarta
760 204 820 238 dic
846 204 944 238 infra
970 203 1154 239 Octavam
1177 204 1417 247 Epiphaniae,

151 294 339 345 ductum,
355 299 399 336 et
408 295 561 347 praevii
573 295 754 346 fulgoris
768 295 974 337 indicium

149 351 314 393 intenta
356 351 724 404 contemplatione
765 353 973 394 comitan-

150 412 228 457 teS‚
248 407 304 450 ad
318 408 582 459 agnitionem
595 409 802 459 veritatis,
821 409 973 460 gratiae

150 464 384 516 splendore
416 464 650 507 ducuntur:
682 466 757 517 qui
782 465 973 508 humano

150 533 281 562 sensu
313 521 604 572 significatum
636 521 719 564 sibi
746 522 879 573 Regis
908 535 974 564 or-

149 581 243 618 tum
262 578 588 620 aestimaverunt
603 578 647 619 in
664 578 839 620 civitate
856 579 975 629 regia

150 646 247 675 esse
284 634 578 686 quaerendum.
629 634 718 677 Sed
753 635 826 687 qui
858 635 974 677 servi

150 692 406 743 susceperat
436 691 641 741 formam,
676 696 719 733 et
749 704 838 733 non
869 691 973 743 judi-

150 748 250 788 care
269 749 463 797 venerat,
488 747 567 790 sed
585 747 779 799 judicari,
800 748 972 790 Bethle-

149 802 251 844 hem
268 803 495 856 praeelegit
510 804 737 854 nativitati,
756 805 780 846 J
783 805 972 857 eros61y-

147 872 263 900 mam
281 860 485 912 passioni.

201 920 253 971 Rz.
276 916 394 967 Magi
412 917 598 958 veniunt.
625 917 719 958 255.

363 994 413 1034 In
439 994 509 1034 III.
537 994 758 1035 Nocturno.

149 1056 298 1099 Lectio
324 1057 462 1098 sancti
482 1056 708 1108 Evangelii
732 1057 972 1099 secundum

425 1113 692 1155 Matthaeum.

251 1178 402 1219 Lectio
423 1178 489 1218 vii.
718 1179 819 1231 Cap.
834 1182 870 1220 2.

220 1248 293 1276 um
312 1240 440 1277 natus
460 1241 577 1281 esset
595 1236 620 1276 J
623 1248 722 1278 esus
740 1236 784 1277 in
799 1236 970 1278 Bethle-

231 1291 333 1334 hem
346 1293 370 1333 J
372 1292 459 1334 uda
474 1293 518 1333 in
532 1292 686 1334 diebus
700 1292 892 1334 Herodis
907 1306 970 1334 re-

144 1347 222 1398 gis,
243 1361 345 1391 ecce
359 1349 477 1400 Magi
496 1348 551 1390 ab
568 1349 746 1391 Oriente
762 1351 971 1391 venerunt

145 1404 171 1445 J
173 1405 474 1458 eroselymam,
491 1405 700 1448 dicentes:
716 1405 802 1447 Ubi
816 1411 882 1447 est
898 1406 972 1458 qui

145 1465 273 1502 natus
299 1466 366 1503 est
388 1462 486 1504 Rex
512 1460 789 1504 Judaeorum?
825 1462 883 1503 Et
907 1464 970 1503 re-

144 1516 273 1569 liqua-

147 1588 212 1629 De
230 1586 424 1628 Homilia
447 1587 586 1629 sancti
606 1587 808 1638 Gregorii
825 1588 970 1641 Papae.

236 1653 294 1688 Ex
317 1653 489 1689 Homilia
514 1655 570 1690 10.
595 1655 635 1689 in
658 1655 878 1698 Evangelia.

153 1732 175 1763 3-
290 1721 462 1759 agnum
496 1722 602 1751 vero
641 1709 770 1752 nobis
806 1709 971 1763 aliquid

153 1761 193 1821 ”4
216 1761 261 1822 ’ἵξῃ
319 1765 436 1816 Magi
463 1767 662 1818 innuunt,
691 1766 810 1819 quod
836 1767 879 1807 in
906 1779 969 1808 re-

289 1821 297 1842 '⁵
318 1821 492 1873 gionem
515 1835 638 1864 suam
661 1836 741 1876 per
764 1823 893 1865 aliam
911 1823 969 1864 vi-

144 1889 215 1919 am
253 1881 544 1919 revertuntur.
603 1879 655 1920 In
691 1892 744 1921 eo
781 1892 969 1931 namque

145 1933 265 1986 quod
288 1933 500 1976 admoniti
520 1934 701 1985 faciunt,
724 1934 850 1977 nobis
869 1948 968 1988 pro-

144 1990 259 2032 fecto
274 1990 505 2040 insinuant,
526 1990 631 2043 quid
644 1991 864 2033 faciamus.
886 1991 968 2032 Re-

143 2047 216 2097 gio
250 2047 412 2100 quippe
444 2051 594 2088 nostra
624 2047 854 2100 paradisus
887 2052 968 2089 est:

144 2102 201 2145 ad
221 2115 367 2155 quam,
387 2104 412 2144 J
415 2116 492 2145 esu
512 2104 703 2155 cognito,
727 2103 871 2146 redire
889 2116 968 2156 per

145 2159 270 2210 viam,
289 2172 375 2212 qua
388 2160 594 2210 venimus,
612 2160 905 2213 prohibemur.
928 2161 969 2200 A

144 2216 322 2267 regione
350 2216 510 2258 etenim
540 2222 691 2259 nostra
718 2216 968 2270 superbien-

145 2272 215 2323 do,
225 2272 531 2323 inobediendo,
540 2273 726 2315 visibilia
733 2272 968 2326 sequendo,

146 2329 291 2371 cibum
317 2330 502 2370 vetitum
526 2329 744 2380 gustando
771 2329 967 2371 discessi-

145 2398 260 2426 mus:
291 2385 370 2427 sed
398 2385 454 2427 ad
479 2398 575 2427 eam
602 2387 782 2427 necesse
809 2390 893 2435 est,
921 2389 969 2426 ut

146 2441 308 2491 flendo,
332 2441 594 2492 obediendo,
618 2441 805 2483 visibilia
825 2446 968 2483 conte-

144 2497 353 2548 mnendo,
388 2503 521 2551 atque
553 2501 795 2551 appetitum
828 2497 967 2539 carnis

145 2553 405 2596 refrenando
424 2554 666 2597 redeamus.

244 2644 252 2652 .
277 2609 431 2660 Stella,
466 2623 596 2663 quam
628 2611 827 2653 viderant
852 2609 969 2660 Magi

144 2666 189 2707 in
248 2665 396 2716 riente,
414 2667 703 2709 antecedebat
722 2679 808 2716 eOS,
828 2666 968 2707 donec

146 2724 344 2765 venirent
361 2722 419 2765 ad
434 2722 589 2774 locum,
606 2723 682 2765 ubi
695 2735 804 2776 puer
820 2727 926 2764 erat:
944 2727 967 2750 *

1026 295 1240 338 Videntes
1269 300 1414 337 autem
1441 309 1556 346 eam,
1587 297 1724 346 gavisi
1750 302 1849 338 sunt

1025 352 1185 403 gaudio
1204 364 1372 403 magno.
1394 350 1442 402 Y.
1470 353 1525 394 Et
1543 353 1754 395 intrantes
1774 353 1848 395 do-

1025 422 1154 459 mum,
1172 409 1430 450 invenerunt
1447 412 1631 461 puerum
1649 423 1747 451 eum
1760 410 1847 451 Ma-

1025 467 1090 506 ria
1112 470 1251 507 matre
1276 466 1383 517 erS,
1409 470 1451 507 et
1474 465 1753 518 procidentes
1775 466 1847 508 ad-

1027 524 1260 563 oraverunt
1280 534 1389 563 eum.
1417 521 1638 564 Videntes.

1312 586 1463 626 Lectio
1486 586 1567 626 viii.

1029 638 1158 744 Per
1191 635 1320 676 aliam
1349 648 1453 686 ergo
1486 635 1601 676 viam
1629 636 1684 677 ad
1711 637 1846 687 regio-

1118 704 1219 732 nem
1234 697 1428 733 nostram
1443 691 1724 742 regredimur:
1746 696 1847 745 que-

1025 748 1141 789 niam
1156 748 1230 799 qui
1247 761 1272 789 a
1287 747 1479 800 paradisi
1497 748 1667 799 gaudiis
1683 762 1762 801 per
1777 750 1847 791 de-

1025 803 1286 845 lectamenta
1322 804 1622 854 discessimus,
1661 805 1717 846 ad
1753 806 1847 847 haec

1024 873 1105 912 per
1123 860 1313 902 lamenta
1332 862 1599 902 revocamur.
1633 861 1759 903 Unde
1777 876 1847 904 ne-

1026 918 1148 958 cesse
1164 922 1240 966 est,
1261 917 1417 959 fratres
1435 917 1658 967 carissimi,
1678 923 1726 960 ut
1741 931 1846 960 sem-

1025 986 1104 1026 per
1138 973 1306 1026 pavidi‚
1348 975 1607 1026 semperque
1646 976 1847 1027 suspecti,

1024 1032 1238 1082 ponamus
1263 1035 1363 1072 ante
1388 1030 1540 1072 oculos
1564 1030 1724 1081 cordis,
1749 1031 1847 1073 hinc

1026 1086 1177 1139 culpas
1193 1086 1349 1139 aperis,
1365 1086 1483 1127 illinc
1498 1086 1702 1139 judicium
1718 1090 1848 1129 extre-

1024 1156 1107 1184 mae
1127 1142 1420 1184 districtionis.
1450 1143 1698 1193 Pensemus,
1718 1157 1847 1196 quam

1025 1199 1249 1241 districtus
1281 1199 1410 1251 judex
1441 1199 1604 1250 veniat,
1639 1200 1713 1252 qui
1742 1200 1845 1252 judi-

1025 1256 1140 1296 cium
1175 1257 1379 1306 minatur,
1416 1260 1459 1297 et
1495 1255 1619 1297 latet:
1656 1259 1846 1298 terreres

1024 1311 1330 1365 peccateribus
1345 1312 1539 1362 intentat,
1558 1317 1601 1354 et
1614 1317 1759 1354 tamen
1775 1313 1845 1354 ad-

1023 1368 1108 1410 huc
1132 1369 1333 1410 sustinet:
1362 1373 1405 1410 et
1429 1368 1593 1410 idcirco
1618 1371 1765 1410 venire
1791 1372 1845 1410 ci-

1023 1425 1110 1466 tius
1125 1424 1281 1475 differt,
1300 1429 1348 1466 ut
1364 1425 1505 1466 minus
1523 1425 1712 1467 inveniat
1727 1426 1846 1478 quod

1025 1480 1296 1523 condemnet.

1078 1544 1127 1596 R.
1141 1537 1356 1580 Videntes
1376 1537 1547 1579 stellam
1563 1538 1690 1589 Magi,
1709 1539 1847 1590 gavisi

1023 1599 1125 1636 sunt
1143 1593 1303 1646 gaudio
1322 1607 1495 1645 magno:
1521 1599 1543 1624 *
1559 1594 1616 1636 Et
1634 1594 1846 1637 intrantes

1025 1650 1203 1692 domum
1238 1651 1495 1692 invenerunt
1528 1654 1712 1703 puerum
1748 1664 1846 1692 cum

1022 1707 1161 1748 Maria
1186 1711 1326 1749 matre
1354 1707 1463 1758 ejus,
1497 1712 1540 1748 et
1567 1707 1845 1760 procidentes

1023 1763 1314 1805 adoraverunt
1333 1776 1447 1805 eum:
1468 1767 1491 1792 *
1504 1764 1560 1805 Et
1579 1764 1740 1815 apertis
1755 1763 1844 1805 the-

1023 1820 1162 1861 sauris
1185 1820 1290 1869 suis,
1316 1819 1566 1861 obtulerunt
1590 1820 1629 1861 ei
1652 1823 1844 1861 munera:

1023 1889 1185 1926 aurum,
1199 1875 1312 1926 thus,
1327 1880 1370 1917 et
1383 1874 1614 1928 myrrham.
1640 1871 1685 1922 Nl.
1700 1876 1844 1926 Stella,

1024 1945 1154 1984 quam
1167 1932 1366 1974 viderant
1379 1931 1495 1983 Magi
1508 1931 1552 1972 in
1568 1932 1755 1983 Oriente,
1773 1945 1843 1974 an-

1023 1988 1255 2031 tecedebat
1274 2001 1365 2038 eos,
1385 2001 1525 2040 usque
1545 1988 1649 2030 dum
1668 1989 1844 2030 veniens

1024 2050 1160 2087 staret
1181 2058 1313 2098 supra
1334 2044 1410 2086 ubi
1433 2049 1526 2086 erat
1549 2058 1668 2097 puer.
1704 2046 1762 2087 Et
1784 2046 1843 2086 in-

1021 2103 1198 2143 trantes.
1228 2101 1380 2143 Gloria
1396 2101 1526 2143 Patri.
1553 2102 1609 2142 Et
1629 2102 1801 2154 apertis.

1319 2159 1469 2201 Lectio
1488 2160 1541 2200 ix.

1104 2213 1301 2255 uniamus
1317 2213 1489 2255 fletibus
1506 2213 1668 2266 culpas,
1688 2218 1732 2255 et
1746 2226 1843 2255 cum

1124 2270 1367 2312 Psalmistae
1385 2283 1506 2319 voce,
1526 2270 1843 2323 praeveniamus

1022 2327 1178 2368 faciem
1203 2327 1293 2378 ejus
1317 2327 1361 2368 in
1387 2326 1669 2368 confessis'me.
1709 2326 1842 2367 Volu-

1021 2385 1192 2436 ptatum
1211 2396 1292 2425 nos
1317 2395 1420 2434 ergo
1443 2382 1613 2424 fallacia
1636 2382 1753 2423 nulla
1772 2382 1842 2424 de-

1023 2440 1171 2492 cipiat,
1198 2439 1317 2481 nulla
1340 2452 1452 2481 vana
1476 2439 1626 2481 laetitia
1651 2439 1842 2481 seducat.

1020 2497 1072 2537 In
1090 2497 1292 2549 preximo
1312 2509 1500 2548 namque
1519 2500 1585 2537 est
1604 2495 1746 2547 judex,
1769 2494 1842 2546 qui

1023 2552 1146 2594 dixit:
1169 2553 1251 2594 Vae
1276 2552 1418 2602 vobis,
1443 2553 1516 2604 qui
1539 2551 1689 2593 ridetis
1714 2563 1840 2600 nunc;

1023 2609 1125 2660 quia
1137 2609 1341 2660 lugebitis
1356 2614 1399 2650 et
1414 2608 1581 2650 flebitis.
1599 2608 1712 2648 Hinc
1728 2606 1841 2648 enim

1021 2665 1228 2707 Salomon
1245 2665 1318 2706 ait:
1337 2665 1468 2706 Risus
1486 2664 1628 2706 dolori
1645 2661 1839 2704 miscebi-

1020 2725 1106 2762 tur:
1131 2726 1190 2771 et,
1213 2722 1420 2763 Extrema
1441 2720 1590 2771 gaudii
1611 2719 1751 2760 luctus
1771 2719 1839 2758 oc—
