2080 2990
516 246 557 279 In
582 245 952 280 Commemoratione
978 245 1177 279 Passionis
1205 246 1243 279 l).
1272 247 1313 279 N.
1340 246 1371 279 J.
1399 247 1436 279 (ἶ.

134 340 292 385 Attulit
309 343 496 381 mortem
512 344 638 381 vetus
655 339 819 389 hortus,
837 338 953 380 unde

186 396 325 449 Culpa
341 394 548 449 prodivit:
566 407 706 436 novus
721 395 805 437 iste
819 395 953 437 vitam

183 454 350 495 Hortus
370 465 424 494 en
442 450 577 500 affert,
596 450 671 493 ubi
684 456 812 493 nocte
827 452 852 492 J
854 464 953 493 esus

387 508 617 549 Permanet
636 519 775 548 orans.

137 587 362 632 Vindicem
380 585 526 639 placat
545 585 764 626 Genitoris
783 585 905 625 iram:

184 643 399 697 Reprimit
417 641 518 683 forti
537 640 732 693 iacienda
752 640 920 687 dextra,

185 700 395 742 Fulmina:
446 697 635 739 occurrit
683 697 835 739 sceleri
885 710 953 738 ex-

439 753 602 807 piando

389 812 554 864 Sponte
573 810 855 864 Redemptor.

134 886 207 930 Sic
224 888 337 926 teret
357 882 490 924 duros
508 881 692 934 laqueos
712 881 870 931 averni,

184 942 242 983 Et
265 940 339 983 diu
360 939 551 981 clausam
569 937 782 979 reserabit
802 938 954 988 aulam,
977 975 981 992 ,

184 998 278 1040 Nos
295 995 353 1038 ad
371 995 522 1038 aeterni
540 996 751 1036 revocans
769 994 900 1036 beata
977 996 981 1040 !

392 1051 564 1094 Gaudia
582 1051 714 1102 regni.

137 1130 263 1177 Laus,
282 1126 423 1167 honor
431 1124 562 1173 Patri,
576 1124 820 1176 genitaeque
829 1123 956 1172 Proli,

188 1183 267 1225 Cui
299 1181 449 1224 datum
479 1193 639 1222 nomen
667 1193 798 1233 super
830 1192 956 1221 omne

442 1250 612 1287 nomen,

187 1297 244 1338 Et
257 1294 485 1337 Paracleto
506 1293 640 1336 decus
662 1298 792 1345 atque
810 1293 957 1341 virtus,

393 1351 531 1393 Omne
551 1363 630 1403 per
650 1363 801 1391 aevum.

446 1407 598 1448 Amen.
744 1406 746 1408 ’

189 1475 238 1527 V.
266 1477 390 1518 Doce
412 1489 493 1518 nos
518 1477 655 1517 orare.
680 1479 728 1529 Εἰ.
760 1475 830 1516 Sic
853 1487 957 1525 ergo

137 1546 218 1575 vos
238 1533 430 1575 orabitis.

192 1605 263 1647 Ad
286 1602 445 1646 Bened.
476 1605 573 1646 Ant.
611 1603 766 1643 Factus
790 1600 835 1640 in
858 1613 957 1652 ago-

137 1661 208 1700 nia
225 1658 436 1712 prolixius
463 1657 633 1707 orabat3
661 1662 704 1698 et
727 1656 867 1698 factus
893 1661 959 1698 est

138 1714 272 1757 sudor
303 1716 394 1767 eius
425 1714 538 1756 sicut
571 1719 706 1766 guttae
739 1713 958 1764 sanguinis

138 1770 406 1814 decurrentis
422 1771 467 1812 in
485 1776 657 1813 terram.

469 1842 631 1882 Oratio.

225 1906 368 1948 omine
386 1906 411 1947 J
413 1918 490 1948 esu
510 1904 690 1954 Christe,
710 1905 784 1957 qui
801 1904 844 1944 in
862 1903 959 1945 hor-

241 1968 289 2006 to
303 1962 439 2005 verbo
460 1966 504 2004 et
519 1961 720 2014 exemplo
737 1973 817 2002 nos
833 1962 960 2001 orare
982 1973 987 2027 Ι

140 2019 342 2070 docuisti,
373 2018 430 2061 ad
455 2020 744 2060 tentationum
766 2016 960 2069 pericula
982 2030 987 2047 ι

140 2075 401 2132 superanda:
428 2074 626 2123 ,concede
651 2074 884 2127 propitius;
912 2078 960 2114 ut

138 2147 220 2177 nos
249 2132 436 2176 orationi
470 2144 644 2185 semper
671 2130 838 2179 intenti,
871 2130 960 2181 ejus

140 2191 368 2244 copiosum
403 2188 591 2230 fructum
632 2186 840 2238 consequi
874 2197 959 2226 me-

139 2250 325 2290 reamur:
349 2245 432 2296 Qui
449 2244 560 2286 vivis
580 2248 623 2286 et
640 2255 807 2294 regnas.

408 2331 475 2368 Ad
498 2330 698 2368 Tertiam.

194 2393 292 2433 Ant.
320 2393 375 2435 Et
393 2396 618 2446 assumpto
637 2392 781 2433 Petro.

197 2457 331 2508 Capit.
361 2457 490 2500 Venit
507 2457 532 2499 J
534 2469 644 2499 esus.
663 2455 764 2508 [312]

196 2522 245 2574 R.
264 2521 326 2562 br.
351 2522 509 2564 Tristis
534 2525 601 2563 est
626 2525 646 2546 *
674 2520 831 2561 Anima
854 2531 960 2560 mea.

141 2579 299 2621 Tristis
317 2583 394 2620 est.
436 2571 485 2622 V.
505 2579 656 2630 Usque
685 2576 740 2618 ad
765 2580 960 2617 mortem.

143 2635 300 2676 Anima
321 2647 429 2676 mea.
464 2634 616 2676 Gloria
632 2633 763 2674 Patri.
794 2631 960 2672 Tristis.

198 2693 247 2744 V.
287 2700 418 2743 Pater
451 2699 526 2749 mi,
567 2699 605 2740 si
638 2696 847 2751 possibile
884 2700 960 2737 est.

147 2755 197 2806 Ru
218 2756 432 2798 Transeat
452 2769 478 2798 a
496 2769 566 2797 me
586 2754 698 2797 calix
716 2754 808 2795 iste.

1729 239 1820 282 [313]

1280 337 1346 373 Ad
1369 337 1552 374 Sextam.

1056 394 1154 435 Ant.
1182 395 1305 433 Tunc
1324 390 1384 431 ait
1401 389 1495 430 illis.
1682 423 1690 432 ,

1109 453 1364 504 Capitulum.
1546 454 1642 494 Luc.
1663 455 1716 492 21.

1004 503 1241 611 Vigilate
1281 509 1427 558 itaque
1468 505 1584 547 omni
1622 505 1821 557 tempore

1114 567 1304 614 orantes,
1341 567 1389 604 ut
1425 561 1542 613 digni
1577 560 1821 602 habeamini

1005 620 1154 671 fugere
1172 621 1255 662 ista
1274 619 1417 662 omnia
1437 631 1534 670 quae
1551 617 1694 658 futura
1714 621 1822 662 sunt,

1007 682 1050 718 et
1068 682 1183 719 stare
1203 682 1302 718 ante
1321 675 1478 716 Filium
1495 673 1694 714 hominis.

1059 737 1106 786 R.
1134 735 1192 775 br.
1233 733 1364 774 Pater
1390 730 1466 780 mi,
1495 737 1515 758 *
1545 729 1590 770 Si
1616 728 1823 781 possibile

1008 794 1084 831 est.
1124 789 1253 830 Pater
1279 788 1348 829 mi.
1393 785 1438 835 ,Χ
1466 786 1678 826 Transeat
1705 798 1730 825 a
1754 796 1823 824 me

1007 845 1118 886 calix
1141 845 1233 886 iste.
1267 845 1324 886 Si.
1356 842 1507 885 Gloria
1524 841 1653 882 Patri.
1684 841 1824 881 Pater.

1059 900 1106 950 V.
1132 901 1338 952 Vigilate,
1363 904 1405 941 et
1425 899 1557 940 orate.
1595 902 1639 951 lg„
1660 897 1720 938 Ut
1738 908 1824 936 non

1007 957 1175 999 intretis
1193 957 1237 998 in
1255 955 1547 999 tentationem.

1282 1026 1348 1062 Ad
1371 1026 1553 1061 Nonam.

1067 1083 1161 1122 Ant.
1194 1082 1317 1120 Pater
1334 1078 1404 1119 mi.

1112 1142 1367 1193 Capitulum.
1518 1141 1665 1181 Matth.
1686 1142 1722 1179 5.

1092 1197 1187 1237 rate
1209 1207 1291 1248 pro
1315 1193 1677 1247 persequentibus
1697 1197 1740 1233 et
1759 1205 1825 1233 ca-

1111 1250 1418 1292 lumniantibus
1442 1263 1536 1292 vos:
1563 1255 1611 1291 ut
1636 1249 1727 1290 sitis
1751 1248 1827 1288 filii

1008 1309 1151 1350 Patris
1170 1307 1314 1357 vestri,
1335 1307 1407 1359 qui
1426 1307 1469 1353 in
1490 1306 1612 1347 coelis
1632 1309 1708 1346 est.

1063 1370 1110 1420 R
1132 1369 1190 1409 br.
1220 1363 1421 1415 Vigilate,
1438 1367 1458 1389 *
1481 1363 1537 1405 Et
1557 1364 1688 1404 orate.
1709 1360 1826 1411 Vigi-

1009 1423 1107 1464 late.
1152 1419 1201 1470 V.
1228 1421 1287 1463 Ut
1313 1433 1398 1461 non
1425 1419 1593 1461 intretis
1620 1419 1663 1458 in
1690 1422 1825 1459 tenta-

1009 1480 1183 1521 tionem.
1211 1478 1277 1519 Et.
1304 1477 1454 1519 Gloria
1471 1476 1600 1518 Patri.
1627 1474 1828 1526 Vigilate.

1062 1534 1110 1584 V.
1128 1535 1288 1576 Factus
1308 1539 1374 1576 est
1392 1532 1526 1574 sudor
1544 1532 1644 1584 ejus.
1676 1534 1724 1583 Rg.
1740 1530 1825 1571 Sic-

1010 1597 1058 1633 ut
1075 1596 1211 1642 guttae
1231 1589 1461 1642 sanguinis.

1214 1668 1274 1708 In
1292 1667 1353 1707 ΙΙ.
1373 1663 1620 1714 vesperis.

1065 1731 1199 1765 Omnia
1231 1735 1271 1764 ut
1301 1730 1336 1763 in
1364 1729 1387 1762 1.
1412 1729 1525 1770 Yesp.
1552 1725 1668 1769 [304]‚
1691 1732 1828 1769 practer

1012 1781 1077 1814 ult.
1095 1780 1166 1818 ΡΞ..
1184 1779 1290 1820 eujus
1308 1778 1393 1812 loco
1412 1776 1481 1810 dic.
1500 1776 1558 1809 l’s.
1575 1772 1740 1810 Credidi.
1759 1771 1829 1805 111.

1064 1827 1113 1878 V.
1131 1829 1292 1870 Factus
1311 1833 1377 1869 est
1396 1827 1530 1869 sudor
1549 1827 1650 1878 ejus.
1679 1827 1727 1877 R'-
1744 1822 1829 1864 Sic-

1012 1891 1060 1927 ut
1077 1890 1212 1937 guttae
1231 1884 1459 1935 sanguinis.

1064 1944 1134 1985 Ad
1150 1941 1319 1993 Magnis.
1344 1942 1441 1981 Ant.
1466 1940 1579 1980 Ecce
1594 1937 1828 1990 appropin-

1014 1998 1163 2050 quavit
1179 1998 1302 2046 hora,
1328 2001 1371 2038 et
1389 1995 1523 2036 Filius
1545 1993 1730 2035 hominis
1748 1997 1829 2034 tra-

1014 2055 1140 2096 detur
1159 2055 1200 2095 in
1219 2066 1371 2094 manus
1387 2053 1677 2105 peccatorum.

1222 2144 1255 2180 F
1271 2155 1293 2180 e
1307 2143 1350 2179 ri
1367 2153 1392 2178 a
1419 2141 1456 2177 T
1471 2152 1494 2177 e
1509 2152 1528 2177 r
1539 2145 1556 2176 t
1568 2140 1581 2176 i
1595 2151 1620 2176 a

1068 2201 1171 2249 post
1188 2195 1459 2237 Dominicam
1478 2192 1779 2243 Sexagesimae.

1203 2263 1248 2301 In
1270 2260 1646 2301 Comemorationc

1115 2319 1365 2361 Passionis
1391 2318 1445 2359 D.
1471 2318 1524 2358 N.
1552 2318 1593 2358 J.
1622 2315 1731 2356 Chr.

1268 2376 1419 2419 Duplex
1444 2376 1573 2417 majus.

985 2457 989 2463 ι
1069 2434 1202 2469 Omnia
1227 2438 1267 2466 ut
1292 2432 1330 2466 in
1355 2430 1489 2466 Officio
1512 2430 1645 2463 votivo
1671 2430 1716 2462 dc
1742 2430 1829 2462 Pas-

1017 2484 1123 2517 sione
1151 2482 1191 2515 l‘).
1217 2481 1260 2514 N.
1286 2481 1317 2513 Ἰ.
1344 2479 1382 2513 C.
1405 2477 1498 2522 [234]
1523 2482 1659 2519 praeter
1684 2489 1786 2521 sequ.

1069 2530 1304 2573 Antiplionae
1329 2527 1578 2570 duplicantur.

1348 2579 1507 2619 Oratio.

1101 2639 1347 2689 mnipotens
1394 2631 1654 2684 sempiterne
1697 2630 1832 2678 Deus,

1119 2693 1192 2745 qui
1209 2691 1397 2732 humano
1416 2687 1573 2739 generi,
1592 2685 1647 2728 ad
1666 2685 1829 2726 imitan-

1014 2749 1119 2792 dum
1134 2745 1386 2790 humilitatis
1406 2743 1668 2796 exemplum,
1686 2740 1828 2783 Salva-
