2040 2990
722 191 830 224 Furia
857 191 989 233 quintu
1016 190 1063 223 ad
1091 189 1327 223 Matutinum,

233 292 288 332 Et
325 287 487 331 occidit
523 287 567 327 in
603 285 813 337 grandine
854 286 1002 325 vineas

182 350 341 394 eurum,
359 347 381 371 *
394 349 437 386 et
448 356 597 385 moros
615 344 766 383 eorum
781 342 824 381 in
838 342 1002 393 pruina.

231 404 287 444 Et
306 400 489 443 tradidit
507 398 706 452 grandini
725 399 915 450 jumenta
933 397 1002 437 eo-

180 473 289 501 rum:
300 461 323 486 *
335 464 378 499 et
392 456 720 510 possessionem
737 457 888 495 eurum
904 452 1003 504 igni.

231 516 350 557 Misit
379 515 422 555 in
452 526 529 555 eos
559 513 668 553 iram
691 509 1002 562 indignati6nis

182 586 290 614 suae:
309 574 333 599 *
354 570 711 622 indignationem,
741 572 783 608 et
811 567 930 615 iram,
960 570 1003 607 et

180 629 524 671 tribulationem:
539 625 829 667 immissic‘mes
840 635 919 675 per
931 624 1002 662 an-

181 686 304 738 gelos
332 684 484 725 malos.

232 742 362 783 Viam
382 741 484 782 fecit
504 739 670 781 semitae
691 738 767 778 irae
789 749 892 785 suae,
916 747 1004 776 non

181 798 380 851 pepercit
401 810 424 837 a
440 801 582 837 morte
598 793 825 835 animabus
842 794 1004 841 cotum,

183 858 206 881 *
227 860 269 896 et
290 855 479 906 jumenta
505 854 654 894 eorum
679 852 723 891 in
742 854 885 891 morte
905 861 1004 889 con-

184 911 324 952 clusit.

236 968 292 1009 Et
326 966 544 1019 permissit
580 977 707 1006 omne
743 962 1005 1016 primogeni-

183 1029 276 1066 tum
304 1024 347 1064 in
375 1028 491 1064 terra
519 1021 716 1073 AEgypti:
741 1022 764 1047 *
791 1019 1005 1072 primitias

185 1081 325 1123 omnis
340 1079 502 1121 laboris
522 1081 671 1120 eurum
691 1078 733 1118 in
752 1076 1006 1119 tabernucu-

184 1137 237 1178 lis
266 1136 413 1178 Cham.

237 1194 292 1235 Et
321 1192 502 1234 abstulit
527 1191 639 1232 sicut
667 1203 773 1231 oves
793 1190 1007 1243 pupulum

185 1263 327 1291 suum:
343 1252 365 1277 *
382 1254 425 1290 et
452 1247 659 1301 perduxit
688 1259 764 1289 eos
782 1252 1007 1298 tamquam

184 1319 359 1358 gregem
387 1306 431 1346 in
460 1305 649 1346 deserto.

237 1363 292 1404 Et
321 1362 504 1403 deduxit
537 1373 612 1402 eos
641 1361 684 1401 in
717 1373 811 1412 spe,
845 1366 887 1401 et
920 1372 1007 1400 non

185 1420 439 1460 timuerunt:
474 1420 497 1445 ²⁸¹
532 1423 574 1458 et
615 1417 813 1458 inimicos
856 1418 1007 1458 eurum

187 1476 358 1528 operuit
385 1487 514 1515 mare.

240 1533 295 1573 Et
310 1531 480 1572 induxit
493 1543 568 1571 eos
585 1531 628 1571 in
643 1535 836 1571 montem
852 1530 1006 1571 sancti-

188 1588 404 1630 ficationis
442 1600 548 1638 suae.
577 1589 599 1614 *
632 1592 841 1636 montem,
877 1599 1007 1638 quem

188 1644 420 1697 acquisivit
448 1643 628 1685 dextera
657 1644 757 1694 ejus.

239 1702 294 1742 Et
310 1701 435 1753 ejecit
450 1713 474 1741 a
490 1700 599 1741 facie
621 1702 772 1741 eorum
792 1700 1007 1741 Gentesz*

188 1763 231 1799 et
259 1764 379 1799 sorte
408 1756 557 1798 divisit
586 1756 648 1797 eis
676 1762 838 1798 terram
870 1756 913 1796 in
947 1756 1007 1797 fu-

187 1814 331 1855 niculo
361 1813 693 1855 distributiOnis.

240 1871 295 1911 Et
315 1870 512 1911 habitare
530 1870 634 1911 fecit
653 1870 696 1910 in
715 1869 1008 1911 tabernaculis

190 1929 340 1968 eorum
368 1929 390 1953 *
417 1926 558 1967 tribus
585 1926 732 1967 Israel.

240 1984 295 2024 Et
323 1984 617 2032 tentaverunt,
649 1988 692 2024 et
721 1982 1007 2024 exacerbave-

189 2044 290 2080 runt
321 2039 463 2080 Deum
493 2039 728 2080 excelsum:
761 2041 784 2067 *
813 2045 856 2081 et
888 2040 1008 2082 testi-

189 2096 334 2137 munia
363 2096 452 2147 ejus
480 2108 566 2136 non
595 2095 906 2138 custodierunt.

242 2152 297 2193 Et
325 2154 574 2194 averterunt
601 2165 658 2202 se,
688 2158 730 2193 et
749 2166 836 2193 non
866 2166 1008 2195 serva-

190 2210 345 2250 verunt
372 2214 549 2261 pactum
592 2209 615 2234 ¹⁸¹
641 2209 1008 2260 quemadmodum

190 2270 339 2318 patres
360 2267 521 2314 eurum,
543 2266 743 2307 conversi
764 2271 863 2307 sunt
882 2267 926 2307 in
945 2280 1008 2308 ar-

192 2334 289 2362 cum
317 2334 510 2374 pravum.

243 2378 293 2418 In
327 2378 435 2418 iram
472 2378 800 2419 concitaverunt
832 2391 929 2419 eum
967 2380 1008 2420 in

192 2433 377 2474 collibus
406 2434 511 2474 suis:
538 2437 561 2460 *
591 2439 634 2475 et
664 2434 705 2474 in
735 2435 1010 2487 sculptilibus

193 2490 284 2531 suis
307 2489 363 2531 ad
388 2490 708 2531 aemulationem
731 2504 828 2532 eum
853 2505 1009 2544 provo-

193 2547 411 2587 caverunt.

244 2601 426 2643 Audivit
457 2602 595 2651 Deus,
631 2609 673 2644 et
709 2604 888 2654 sprevit:
917 2606 939 2630 *
969 2610 1011 2646 et

193 2658 250 2699 ad
278 2658 459 2699 nihilum
487 2658 655 2709 redegit
682 2659 809 2700 valde
837 2661 982 2701 Israel.

246 2715 301 2756 Et
330 2715 488 2767 repulit
516 2715 843 2756 tabernaculum
871 2716 971 2761 Silo,
989 2719 1011 2743 *

1054 281 1387 323 tabernaculum
1407 292 1544 328 suum,
1567 277 1644 320 ubi
1667 272 1883 319 habitavit

1055 339 1098 379 in
1128 337 1390 379 hominibus

1108 396 1163 436 Et
1192 393 1376 435 tradidit
1404 393 1447 433 in
1473 392 1774 445 captivitatem
1800 391 1882 433 vir-

1055 455 1195 493 tutem
1224 451 1483 492 eorum:*et
1510 448 1884 502 pulchritudinem

1057 510 1208 550 eorum
1235 507 1278 547 in
1306 519 1460 547 manus
1488 505 1663 547 inimici.

1108 565 1164 605 Et
1184 563 1402 605 conclusit
1430 563 1473 603 in
1497 562 1644 613 gladio
1668 562 1884 615 populum

1057 628 1152 662 suu:
1163 621 1185 646 *
1198 625 1241 662 et
1252 619 1557 661 haereditatem
1569 632 1693 660 suam
1707 618 1884 671 sprevit.

1108 678 1296 719 Juvenes
1325 679 1478 718 eorum
1502 675 1695 717 comedit
1722 675 1885 726 ignis:*

1057 739 1101 776 et
1137 734 1326 785 virgines
1369 735 1521 774 eorum
1557 746 1646 775 non
1685 737 1788 774 sunt
1826 731 1884 773 la·

1056 793 1276 832 mentatae.

1110 847 1372 889 SacerdOtes
1397 849 1549 888 eurum
1576 846 1621 887 in
1648 845 1796 897 gladio
1818 857 1884 887 ce-

1058 904 1272 946 ciderunt:
1300 906 1323 931 *
1353 909 1395 945 et
1428 902 1574 945 viduae
1610 904 1764 944 eorum
1798 915 1885 943 non

1057 960 1357 1015 plorabantur.

1110 1019 1166 1059 Et
1195 1019 1412 1059 excitatus
1441 1022 1508 1059 est
1534 1021 1760 1068 tamquam
1787 1015 1885 1058 dor-

1058 1076 1196 1116 miens
1233 1075 1463 1124 Dominus,
1497 1074 1521 1100 *
1555 1079 1780 1126 tamquam
1811 1085 1886 1127 po-

1059 1138 1156 1174 tens
1185 1132 1439 1184 crapulatus
1467 1143 1492 1172 a
1522 1131 1636 1172 vino.

1112 1190 1167 1231 Et
1203 1188 1422 1241 percussit
1459 1188 1661 1229 inimicos
1700 1200 1806 1229 suos
1847 1187 1891 1229 in

1060 1246 1324 1299 posteriora:
1353 1247 1376 1272 *
1409 1244 1699 1298 oppr6brium
1733 1244 1889 1298 sempi-

1060 1305 1233 1345 ternum
1263 1301 1386 1343 dedit
1415 1302 1512 1342 illis.

1112 1359 1168 1400 Et
1183 1358 1345 1411 repulit
1360 1358 1695 1400 tabernaculum
1709 1358 1733 1399 J
1735 1358 1891 1411 oseph:

1061 1418 1083 1443 *
1105 1421 1147 1457 et
1167 1415 1331 1457 tribum
1351 1415 1564 1468 Ephraim
1582 1427 1671 1456 non
1691 1414 1842 1467 elegit:

1111 1473 1199 1515 Sed
1227 1472 1360 1524 elegit
1386 1472 1551 1514 tribum
1584 1470 1708 1523 Juda,
1727 1474 1751 1500 *
1771 1484 1891 1513 mon-

1060 1535 1150 1571 tem
1179 1530 1285 1571 Sion
1315 1542 1445 1581 quem
1475 1528 1640 1571 dilexit.

1112 1587 1168 1628 Et
1196 1586 1434 1628 aedificavit
1468 1586 1583 1627 sicut
1611 1586 1889 1628 unicurnium

1061 1643 1353 1685 sanctificium
1372 1656 1500 1684 suum
1520 1643 1564 1683 in
1582 1644 1746 1693 terra,*
1759 1655 1890 1695 quam

1061 1700 1260 1742 fundavit
1288 1700 1332 1740 in
1363 1699 1536 1741 sa'ecula.

1114 1758 1169 1798 Et
1185 1757 1317 1809 elegit
1333 1755 1479 1798 David
1498 1768 1674 1797 servum
1694 1769 1832 1806 suum,
1848 1761 1892 1798 et

1062 1813 1239 1855 sustulit
1259 1826 1358 1855 eum
1379 1812 1434 1855 de
1453 1812 1660 1865 gregibus
1680 1812 1844 1854 ovium:
1865 1814 1889 1840 *

1062 1870 1117 1912 de
1137 1876 1240 1923 post
1260 1870 1466 1912 foetantes
1486 1870 1658 1922 accepit
1678 1882 1788 1919 eum,

1113 1927 1301 1968 Pascere
1327 1926 1466 1968 Jacob
1496 1939 1672 1968 servum
1700 1939 1837 1977 suum,
1866 1928 1890 1955 *

1063 1989 1106 2025 et
1134 1984 1271 2025 Israel
1300 1982 1608 2025 haereditatem
1636 1996 1776 2025 suam:

1114 2041 1170 2082 Et
1197 2040 1321 2093 pavit
1345 2053 1420 2082 eos
1448 2040 1492 2081 in
1520 2040 1772 2081 innocentia
1797 2052 1889 2081 cor-

1063 2097 1131 2139 dis
1160 2097 1244 2138 sui:
1271 2098 1295 2124 *
1328 2102 1371 2138 et
1398 2098 1442 2139 in
1476 2096 1771 2139 intellectibus
1803 2098 1891 2137 ma-

1062 2167 1195 2195 nuum
1225 2156 1401 2194 suarum
1431 2154 1615 2195 deduxit
1647 2166 1736 2195 eos

1111 2212 1212 2252 Ant.
1247 2210 1314 2250 Tu
1342 2223 1387 2251 es
1416 2211 1547 2262 Deus,
1577 2211 1651 2263 qui
1679 2210 1787 2251 facis
1814 2209 1891 2250 mi-

1063 2266 1228 2307 rabilia.

1111 2326 1212 2365 Ant.
1246 2324 1470 2376 Propitius
1500 2329 1607 2365 esto.

1332 2382 1527 2422 Psalmus
1558 2383 1621 2423 78.

1154 2450 1230 2478 eus
1253 2438 1465 2478 venerunt
1489 2437 1657 2478 Gentes
1686 2436 1731 2477 in
1753 2435 1890 2477 haere-

1177 2492 1361 2534 ditatem
1378 2498 1510 2543 tuam,
1521 2493 1774 2546 polluerunt
1785 2497 1890 2534 tem-

1064 2550 1187 2602 plum
1215 2554 1414 2590 sanctum
1443 2554 1582 2590 tuum:
1606 2552 1629 2577 *
1649 2550 1892 2603 posuerunt

1064 2605 1307 2647 Jerusalem
1324 2605 1367 2645 in
1382 2608 1617 2657 pom6rum
1633 2604 1891 2647 custodiam.

1117 2663 1365 2703 Posuerunt
1399 2662 1634 2703 morticina
1662 2664 1891 2704 servorum

1064 2720 1255 2767 tuurum,
1285 2730 1408 2759 escas
1436 2717 1690 2760 volatilibus
1717 2718 1837 2760 coeli:
1868 2720 1891 2744 *
