2080 2990
628 231 802 264 osticium
831 229 1001 262 vom-um
1029 228 1074 260 dc
1100 225 1251 259 Sanctis
1278 223 1490 266 Apostoli&

204 330 286 372 bus
297 329 379 371 Dei
395 328 539 369 facere
553 326 836 373 voluntatem,
852 328 895 365 et
907 323 1033 364 Crea-

204 389 345 429 torem
370 389 569 425 nostrum
596 383 792 423 amemus
815 380 859 421 in
879 383 1033 420 semet·

205 445 318 495 ipso,
343 443 589 482 creaturam
607 450 713 479 vero
738 437 781 477 in
806 435 1034 477 conditore

205 511 303 547 suo,
330 502 373 538 et
398 497 461 538 sic
483 494 743 536 habebimus
767 489 1034 534 ordinatissi-

204 567 320 595 mam
342 553 585 594 caritatem:
611 550 714 603 quia
730 550 852 590 Deus
876 546 1034 588 caritas

205 615 281 659 est,
302 614 346 651 et
365 609 439 660 qui
459 608 598 659 diligit
616 607 729 647 hanc
745 603 1036 649 dilectionem,

206 665 347 717 diligit
361 666 515 706 Deum.
537 664 593 705 Et
612 663 649 704 si
667 662 727 703 ita
743 659 1034 708 dilexerimus,

206 722 348 774 diligit
367 734 448 762 nos
472 721 568 773 ipse
587 720 723 767 Deus,
751 716 935 767 diligunt
954 726 1036 755 nos

207 784 250 820 et
285 777 424 819 sancti
452 775 658 829 Apostoli
689 773 854 826 judices
886 770 1036 820 nostri,

207 839 251 876 et
270 835 454 875 exorant
472 845 554 885 pro
574 830 718 879 nobis,
738 834 786 870 ut
805 829 849 869 in
867 828 1036 869 univer-

206 890 287 931 sali
323 888 482 942 judicio
521 887 681 929 Christi
716 898 815 927 cum
849 884 957 936 ipsis
993 883 1037 923 in

205 948 467 999 perpetuum
487 945 756 986 coronemur.

262 1008 311 1059 R.
337 1006 418 1047 Isti
437 1009 547 1046 sunt.
567 1003 649 1056 [10]

434 1095 481 1132 In
500 1093 570 1131 III.
590 1092 623 1131 N
627 1093 812 1131 coturno.

212 1166 361 1208 Lectio
388 1164 526 1206 sancti
544 1161 771 1212 Evangelii
797 1160 1039 1202 secundum

483 1219 751 1261 Matthaeum.

315 1293 464 1333 Lectio
487 1292 553 1330 vii.
703 1289 805 1339 Cap.
823 1288 879 1327 19.
896 1286 934 1326 d.

257 1370 284 1397 n
309 1356 384 1397 illo
410 1357 624 1407 tempore:
654 1353 777 1394 Dixit
799 1353 958 1393 Petrus
984 1351 1041 1392 ad

289 1413 458 1454 Jesum:
503 1412 619 1452 Ecce
663 1422 744 1450 nos
785 1408 1041 1460 reliquimus

212 1469 377 1517 omnia,
412 1473 455 1509 et
487 1467 627 1509 secuti
656 1479 805 1507 sumus
837 1470 901 1506 te:
935 1463 1041 1516 quid

212 1537 316 1575 ergo
335 1524 418 1565 erit
438 1521 589 1565 nobis?
618 1522 675 1564 Et
694 1522 872 1573 reliqua.

240 1601 429 1643 Ilomilia
454 1600 593 1642 sancti
612 1599 771 1640 Hilarii
791 1597 1015 1650 Episcopi.

337 1667 480 1701 Comm.
508 1666 544 1699 in
570 1665 699 1699 Matth.
749 1664 839 1698 Can.
864 1663 922 1696 20.

370 1720 533 1773 postoli
570 1718 698 1760 dictis
734 1718 913 1771 Domini
948 1717 1044 1758 haec

387 1775 591 1825 reddunt,
636 1774 866 1826 reliquisse
911 1786 958 1815 se
1000 1775 1043 1815 o-

386 1832 519 1882 mnia,
566 1836 610 1872 et
655 1843 754 1871 cum
797 1830 895 1882 ipso
935 1842 1044 1871 esse.

216 1888 383 1938 Quibus
412 1888 645 1936 DominuS,
682 1899 782 1927 cum
809 1885 974 1927 sederit
1002 1886 1045 1926 in

214 1944 454 1995 majestatis
482 1956 573 1984 suae
602 1942 719 1992 sede,
747 1945 949 1983 sessuros
977 1954 1045 1983 su-

215 2012 294 2052 per
328 1999 456 2041 sedes
490 1998 741 2048 duodecim,
778 2011 829 2039 ac
859 1997 1046 2039 totidem

216 2055 356 2096 tribus
383 2055 521 2096 Israel
552 2054 821 2107 judicaturos
854 2056 1045 2106 spopon-

218 2109 296 2161 dit;
321 2111 611 2163 omnibusque
636 2111 710 2162 qui
728 2110 933 2151 universa
950 2110 1046 2152 reli-

220 2167 392 2218 querint
420 2172 603 2219 propter
629 2179 791 2207 nomen
819 2166 926 2218 ejus,
963 2166 1046 2207 fru-

220 2227 338 2263 ctum
357 2222 550 2274 centupli
570 2222 741 2274 praemii
760 2223 1048 2263 reservatum:

220 2277 383 2319 multos
415 2283 561 2319 autem
597 2291 651 2319 ex
683 2277 931 2319 novissimis
963 2279 1047 2331 pri-

219 2345 334 2382 mos,
359 2338 403 2374 et
427 2346 481 2374 ex
505 2334 656 2385 primis
676 2334 847 2375 futuros
867 2335 1048 2375 novissi·

220 2401 327 2429 mos.
368 2389 506 2430 Multa
534 2394 635 2431 sunt
663 2402 763 2440 quae
789 2402 877 2430 non
905 2390 1050 2433 sinunt

220 2457 302 2486 nos
322 2445 506 2497 simplici
525 2445 749 2502 intellectu
773 2445 891 2487 dicta
909 2447 1049 2488 Evan-

221 2499 359 2550 gelica
378 2504 611 2553 suscipere.

278 2562 326 2612 R.
342 2560 420 2601 Isti
435 2567 534 2602 sunt
549 2562 623 2612 qui
636 2562 834 2603 viventes
849 2562 892 2602 in
908 2575 1049 2612 carne,

222 2615 526 2667 plantaverunt
561 2617 803 2658 Ecclesiam
841 2618 1051 2668 sanguine

224 2684 320 2711 suo:
354 2675 377 2697 *
409 2671 599 2712 Calicem
629 2673 805 2714 Domini
837 2673 1052 2723 biberunt,

224 2731 267 2767 et
311 2727 438 2767 amici
474 2727 557 2768 Dei
598 2728 699 2770 facti
743 2733 853 2769 sunt.
909 2721 959 2772 Y.
1002 2730 1053 2770 In

226 1734 289 1771 §1ss
304 1733 352 1769 ²51?

228 1774 232 1797 r
329 1769 341 1780 “

226 1798 238 1808 1¹¹
270 1790 294 1796 ν’
332 1789 355 1805 *r*

229 1773 348 1849 spsfg‘

1087 331 1262 361 omnem
1275 322 1439 359 terram
1456 314 1591 357 exivit
1605 326 1740 356 sonus
1754 315 1919 362 eorum,

1087 380 1130 417 et
1157 375 1201 415 in
1230 374 1339 415 fines
1372 372 1492 415 orbis
1523 377 1657 414 terrae
1682 369 1820 412 verba
1848 370 1919 410 eo-

1087 444 1194 472 rum.
1224 430 1427 471 Calicem.

1381 488 1527 527 Lectio
1553 487 1632 525 viii.

1091 544 1391 647 Interpositis
1408 544 1629 587 nonnullis
1648 543 1796 594 rebus,
1820 555 1921 596 quae

1158 616 1213 645 ex
1251 606 1410 644 natura
1440 601 1619 642 humani
1651 612 1807 642 sensus
1838 598 1921 641 sibi

1090 660 1321 702 contrariae
1341 663 1456 708 sunt,
1482 657 1698 699 rationem
1723 657 1922 708 quaerere

1091 715 1283 758 coelestis
1302 713 1602 765 intelligentiae
1626 713 1923 754 admonemur.

1091 772 1298 825 Apostoli
1318 770 1486 820 dicunt,
1514 775 1558 811 et
1584 769 1711 821 sequi
1735 781 1783 810 se
1804 767 1923 809 Chri-

1091 834 1223 878 stum,
1243 833 1287 869 et
1306 840 1354 868 se
1373 826 1519 868 omnia
1537 825 1780 877 reliquisse.
1807 824 1923 875 Quo-

1090 883 1225 926 modo
1252 883 1384 935 igitur
1411 882 1522 924 fiunt
1548 882 1717 931 tristes,
1746 884 1790 922 et
1819 881 1923 932 quo-

1091 940 1226 982 modo
1263 942 1463 981 metuunt
1499 938 1716 988 dicenteS,
1754 936 1924 978 salvum

1092 1009 1189 1039 esse
1214 996 1431 1038 neminem
1455 993 1612 1048 posse?
1647 994 1853 1045 Namque
1881 997 1926 1034 et

1092 1053 1147 1095 ab
1169 1053 1264 1094 aliis
1284 1052 1381 1094 fieri
1398 1054 1591 1105 poterat,
1618 1050 1656 1092 si
1676 1049 1783 1102 quid
1801 1049 1924 1091 fecis-

1092 1114 1190 1151 sent
1224 1109 1321 1162 ipsi.
1374 1108 1546 1150 Deinde
1584 1120 1684 1149 cum
1719 1106 1927 1148 fecissent

1092 1166 1191 1218 ipsi3
1219 1178 1355 1218 quare
1374 1170 1535 1214 metuS‚
1555 1163 1627 1205 vel
1645 1162 1762 1204 unde
1782 1163 1926 1204 susce-

1093 1226 1196 1275 ptus
1216 1220 1305 1263 est?
1326 1221 1520 1262 Additur
1539 1220 1673 1261 etiam
1689 1219 1734 1259 in
1747 1229 1927 1271 respon-

1094 1278 1216 1319 sione
1235 1277 1430 1327 Domini,
1458 1277 1556 1318 haec
1584 1273 1704 1328 apud
1729 1274 1928 1316 homines

1094 1333 1402 1387 impossibilia,
1434 1331 1665 1386 possibilia
1699 1330 1818 1384 apud
1844 1330 1929 1371 De-

1094 1404 1178 1431 um.
1214 1390 1443 1442 Numquid
1467 1388 1587 1442 apud
1611 1388 1836 1431 hominem
1853 1386 1928 1427 im-

1093 1446 1324 1499 possibilia
1349 1450 1490 1495 erant,
1526 1457 1626 1497 quae
1651 1448 1697 1486 et
1721 1441 1931 1496 Apostoli

1094 1503 1252 1544 fecisse
1271 1515 1319 1544 se
1339 1502 1592 1554 gloriantur,
1613 1505 1657 1542 et
1675 1500 1833 1542 fecisse
1852 1511 1930 1541 eos

1095 1559 1312 1600 Dominus
1331 1556 1552 1610 agnoscit?

1154 1615 1202 1666 R.
1223 1615 1306 1656 Isti
1325 1619 1426 1656 sunt
1445 1614 1528 1655 viri
1545 1612 1695 1663 sancti,
1716 1624 1829 1665 quos
1847 1611 1933 1654 ele-

1097 1671 1159 1722 git
1182 1671 1398 1712 Dominus
1421 1671 1466 1711 in
1492 1670 1677 1712 caritate
1701 1681 1791 1710 non
1817 1667 1932 1718 ficta,

1097 1731 1142 1768 et
1161 1726 1284 1768 dedit
1302 1727 1387 1767 illis
1402 1727 1588 1778 gloriam
1603 1725 1933 1777 sempiternam:

1100 1785 1122 1806 *
1150 1783 1349 1832 Quorum
1383 1782 1585 1824 doctrina
1615 1781 1754 1832 fulget
1781 1779 1931 1822 Eccle-

1100 1839 1182 1888 sia,
1218 1844 1267 1880 ut
1298 1839 1392 1880 sole
1423 1839 1536 1880 luna.
1582 1831 1632 1882 V.
1668 1837 1818 1879 Sancti
1852 1847 1934 1888 per

1100 1895 1234 1936 fidem
1252 1895 1450 1936 vicerunt
1468 1908 1619 1947 regna,
1642 1893 1815 1946 operati
1833 1896 1935 1934 sunt

1100 1951 1320 2003 justitiam.
1362 1952 1570 2002 Quorum.
1617 1949 1771 1991 Gloria
1801 1947 1934 1990 Patri.

1101 2008 1310 2058 Quorum.

1401 2054 1553 2095 Lectio
1575 2053 1628 2093 ix.

1182 2115 1296 2156 mnis
1321 2116 1471 2166 itaque
1496 2113 1567 2155 hic
1591 2125 1738 2155 sermo
1763 2117 1830 2154 est
1849 2112 1934 2165 spi-

1198 2171 1347 2212 ritalis.
1376 2169 1494 2220 Quid
1514 2174 1663 2211 autem
1680 2169 1766 2210 Dei
1783 2168 1936 2210 virtuti
2009 2212 2013 2216 ,

1100 2232 1192 2269 tam
1210 2225 1422 2279 possibile
1442 2230 1524 2275 est,
1555 2238 1687 2278 quam
1710 2229 1759 2266 ut
1783 2237 1864 2277 per
1887 2224 1936 2265 fi-

1103 2283 1205 2325 dem
1223 2281 1384 2324 salvet?
1409 2286 1458 2324 ut
1481 2294 1561 2334 per
1580 2293 1740 2333 aquam
1759 2282 1936 2332 regene-

1102 2338 1191 2380 ret?
1220 2342 1268 2380 ut
1290 2351 1371 2391 per
1395 2350 1572 2379 crucem
1592 2335 1760 2378 vincat?
1788 2341 1837 2378 ut
1855 2349 1936 2389 per

1102 2394 1341 2446 Evangelia
1356 2391 1562 2446 adoptet?
1581 2398 1630 2434 ut
1647 2405 1729 2446 per
1747 2405 1936 2434 resurre-

1103 2451 1295 2493 ctionem
1328 2463 1382 2492 ex
1411 2454 1555 2490 morte
1587 2447 1803 2490 vivificet?
1836 2449 1936 2499 Qui-

1103 2507 1187 2549 bus
1212 2506 1373 2548 auditis
1392 2505 1601 2558 Apostoli
1627 2506 1715 2546 cito
1740 2505 1938 2554 credunt,

1105 2565 1290 2615 seseque
1313 2562 1458 2604 omnia
1478 2562 1709 2614 reliquisse
1728 2561 1937 2614 profiten-

1103 2624 1184 2661 tur.
1218 2618 1307 2660 Sed
1330 2618 1443 2658 hanc
1466 2620 1619 2659 eorum
1640 2617 1938 2659 obedientiam

1105 2675 1194 2716 cito
1205 2674 1421 2715 Dominus
1435 2676 1749 2723 remuneratur,
1764 2686 1939 2715 omnem

1105 2729 1408 2772 difficultatem
1424 2730 1665 2782 superioris
1681 2729 1939 2782 quaestionis
