2040 2990
776 184 815 217 ln
843 184 1053 218 Nativitatc
1079 184 1244 217 Domini.

179 280 230 319 Et
247 290 338 326 nos,
357 277 488 318 beata
508 289 620 329 quos
640 277 752 317 sacri

222 333 400 384 Rigavit
418 332 536 374 unda
555 332 793 383 sanguinis3

222 389 393 430 Natalis
414 388 471 430 ob
493 388 610 430 diem
630 388 694 430 tui

221 445 385 497 Hymni
403 444 618 486 tributum
637 444 858 486 solvimus.

175 513 285 559 Jesu,
304 510 385 551 tibi
405 510 462 550 sit
481 509 632 560 gloria,

225 567 310 616 Qui
327 571 456 607 natus
478 579 525 607 es
544 565 599 607 de
619 567 812 617 Virgine,

223 623 332 664 Cum
349 623 491 672 Patre,
512 627 556 664 et
574 622 690 664 almo
707 623 882 675 Spiritu,

222 680 271 719 In
292 679 558 731 sempiterna
578 679 750 720 saecula.
779 680 931 720 Amen.

203 743 265 777 Sic
289 743 541 776 terminantur
566 752 698 774 omncs
717 741 860 784 Hymni
883 741 979 781 cius-

150 792 235 824 dem
262 791 369 824 metri
397 801 517 832 usquc
544 789 591 823 ad
619 789 887 831 Epiphaniam.

203 838 251 889 Y.
277 839 477 881 Crastina
497 838 567 880 die
589 838 806 880 delebitur
825 839 976 891 iniqui-

144 902 213 938 tas
247 902 388 938 terrae.
444 898 494 949 lx'g.
523 895 579 936 Et
611 895 812 946 regnabit
844 908 977 947 super

144 966 226 994 nos
244 952 446 994 Salvator
464 951 626 992 mundi.

202 1010 273 1058 Ad
297 1009 469 1059 Magnis.
505 1009 603 1049 Ant.
635 1011 742 1051 Cum
768 1013 890 1048 ortus
914 1007 976 1047 fu-

146 1066 227 1107 erit
251 1065 318 1106 sol
343 1064 397 1106 de
423 1064 554 1113 coelo,
579 1063 783 1105 videbitis
809 1065 978 1114 Regem

146 1134 296 1172 regum
314 1119 629 1173 procedentem
654 1133 679 1160 a
698 1120 843 1169 Patre,
871 1124 977 1161 tam-

147 1190 277 1229 quam
297 1190 508 1229 sponsum
528 1176 583 1217 de
602 1176 796 1218 thalamo
817 1189 908 1217 suo.

478 1235 642 1276 Oratio.

223 1289 407 1338 oncede,
428 1291 678 1341 quaesumus
699 1292 979 1342 omnipotens

236 1346 373 1387 Deus:
398 1351 446 1387 ut
470 1358 551 1386 nos
570 1345 793 1396 Unigeniti
817 1347 880 1388 tui
903 1359 978 1393 110-

146 1415 201 1444 va
234 1415 314 1454 per
349 1415 526 1443 carnem
552 1402 772 1443 Nativitas
804 1402 978 1453 liberet3

149 1471 260 1511 quos
284 1458 365 1499 sub
386 1459 558 1511 peccati
578 1459 678 1510 jugo
699 1461 872 1500 vetusta
893 1461 978 1499 ser-

147 1515 261 1556 vitus
271 1519 403 1556 tenet.
417 1515 503 1555 Per
516 1514 719 1556 eumdem
730 1515 979 1556 Dominum.

311 1594 400 1635 Ad
426 1594 816 1637 matutinum.

202 1658 323 1696 Iuvit.
354 1655 556 1698 Christus
584 1662 711 1699 natus
741 1663 808 1699 est
836 1658 978 1700 nobis:

150 1716 170 1737 *
191 1712 350 1753 Venite
370 1711 616 1754 adoremus.

202 1771 267 1808 i’s.
291 1770 459 1818 Venite,
479 1769 758 1811 exsultemus.
777 1773 814 1812 2.

203 1827 410 1876 Hymnus.
465 1828 569 1867 Jesu
616 1826 890 1881 Redemptor
936 1831 978 1870 ό-

148 1881 321 1922 11111111111.
342 1881 427 1921 177.

391 1962 439 1999 In
462 1962 491 2000 Ι.
517 1961 740 2000 Nocturno.

203 2023 301 2062 Ant.
328 2021 539 2063 Dominus
560 2022 670 2064 dixit
688 2024 712 2050 *
731 2022 788 2064 ad
808 2035 893 2064 me:
911 2023 978 2063 Fi-

148 2074 232 2115 lius
247 2087 370 2117 meus
386 2089 433 2117 es
447 2082 505 2126 tu,
525 2090 608 2128 ego
628 2078 761 2120 hodie
779 2079 909 2130 genui
924 2084 979 2120 te.

443 2134 638 2174 Psalmus
658 2135 694 2172 2.

153 2194 382 2229 x
403 2188 672 2230 fremuerunt
689 2189 871 2240 Gentes,
891 2192 915 2218 *
935 2196 979 2232 et

153 2250 154 2253 ’
185 2238 246 2293 ’,ψη
268 2270 272 2281 .
294 2244 448 2296 populi
471 2244 670 2286 meditati
691 2251 791 2287 sunt
814 2247 978 2288 inania?

157 2302 166 2314 '
342 2301 590 2342 Astiterunt
612 2313 738 2352 reges
761 2307 906 2353 terrae,
936 2308 980 2345 et

150 2356 372 2408 principes
401 2358 699 2398 convenerunt
723 2358 767 2398 in
794 2372 927 2400 unum
955 2361 979 2387 *

150 2411 361 2453 adversus
394 2413 645 2462 Dominum,
693 2418 737 2455 et
769 2413 980 2456 adversus

152 2468 371 2510 Christum
392 2470 493 2520 ejus.

202 2524 514 2576 Dirumpamus
529 2525 703 2565 vincula
718 2527 884 2566 eorum:
898 2528 922 2553 *
938 2532 981 2568 et

150 2580 432 2632 projiciamus
443 2593 468 2621 a
478 2580 606 2621 nobis
617 2582 763 2632 jugum
773 2581 980 2633 ipsorum.

203 2637 288 2686 Qui
324 2635 495 2677 habitat
530 2636 573 2676 in
615 2636 740 2677 coelis
780 2637 982 2679 irridebit

151 2706 243 2735 eos:
257 2694 281 2720 *
297 2698 341 2734 et
357 2692 573 2733 Dominus
590 2692 877 2735 subsannabit
894 2707 981 2735 eos.

1082 277 1209 318 Tunc
1227 277 1434 329 loquetur
1454 277 1512 319 ad
1532 290 1611 320 eos
1629 279 1674 319 in
1693 279 1758 320 ira
1773 293 1863 329 sua,

1031 333 1054 358 *
1075 338 1119 374 et
1138 333 1182 373 in
1201 333 1350 374 furore
1370 346 1450 374 suo
1472 334 1755 377 conturbabit
1776 348 1863 376 eos.

1083 389 1179 440 Ego
1205 393 1352 430 autem
1375 390 1644 432 constitutus
1669 404 1766 433 sum
1784 404 1863 433 rex

1031 445 1086 486 ab
1106 457 1159 486 eo
1181 458 1314 497 super
1327 445 1434 486 Sion
1452 451 1648 488 montem
1663 453 1863 490 sanctum

1032 502 1135 553 ejus,
1153 502 1177 527 *
1195 501 1444 554 praedicans
1466 505 1740 556 praeceptum
1761 505 1863 555 ejus.

1082 558 1299 598 Dominus
1333 557 1445 599 dixit
1473 557 1531 600 ad
1558 571 1648 600 me:
1674 560 1699 585 *
1726 559 1863 601 Filius

1030 626 1155 655 meus
1175 626 1222 655 es
1239 619 1302 663 tu,
1327 626 1410 666 ego
1428 613 1562 656 hodie
1581 615 1712 666 genui
1730 620 1786 657 te.

1081 669 1265 711 Postula
1285 683 1311 711 a
1329 683 1416 720 me,
1443 675 1487 712 et
1507 670 1625 713 dabo
1647 671 1730 713 tibi
1751 672 1864 713 Gen·

1030 730 1098 767 tes
1131 725 1439 768 haereditatem
1474 731 1614 777 tuam,
1641 728 1665 753 *
1693 732 1737 769 et
1764 740 1863 781 pos-

1031 782 1275 824 sessionem
1294 787 1416 824 tuam
1435 783 1648 833 terminos
1667 788 1811 826 terrae.

1084 839 1232 890 Reges
1261 851 1338 880 eos
1367 839 1411 880 in
1439 839 1564 891 virga
1589 840 1747 890 ferrea,
1770 841 1795 866 *
1821 846 1865 882 et

1031 899 1258 946 tamquam
1272 908 1351 936 vas
1367 895 1489 946 figuli
1507 896 1757 948 confringes
1776 909 1864 938 eos.

1084 951 1140 992 Et
1164 964 1279 992 nunc
1304 964 1432 1002 reges
1458 952 1706 1004 intelligite:
1725 953 1749 979 *
1769 965 1863 994 eru-

1033 1007 1185 1048 dimini
1206 1008 1280 1059 qui
1299 1007 1503 1059 judicatis
1522 1013 1697 1049 terram.

1083 1063 1254 1105 Servite
1279 1063 1472 1105 Domino
1499 1064 1544 1104 in
1570 1064 1744 1107 timore:
1770 1066 1795 1091 *
1819 1070 1863 1106 et

1034 1120 1252 1175 exsultate
1273 1120 1313 1161 ei
1331 1133 1430 1161 eum
1448 1122 1653 1162 tremore.

1084 1176 1420 1229 Apprehendite
1457 1176 1751 1229 disciplinam,
1792 1189 1864 1218 ne-

1033 1232 1210 1284 quando
1247 1233 1463 1273 irascatur
1497 1233 1733 1283 Dominus,
1762 1234 1786 1259 *
1819 1237 1863 1274 et

1031 1289 1225 1341 pereatis
1245 1288 1300 1330 de
1319 1289 1391 1330 via
1410 1290 1533 1340 justa.

1084 1344 1194 1386 Cum
1218 1345 1432 1387 exarserit
1456 1345 1501 1386 in
1526 1345 1651 1388 brevi
1674 1345 1739 1386 ira
1759 1345 1865 1397 ejus,

1031 1402 1055 1427 *
1072 1401 1192 1442 beati
1212 1414 1377 1451 omnes,
1398 1402 1473 1453 qui
1492 1401 1722 1443 confidunt
1738 1401 1783 1441 in
1799 1413 1866 1442 eo.

1086 1459 1185 1498 Ant.
1218 1457 1431 1498 Dominus
1460 1457 1570 1500 dixit
1598 1457 1655 1499 ad
1680 1470 1767 1498 me:
1797 1457 1865 1497 Fi-

1031 1514 1115 1555 lius
1135 1527 1259 1555 meus
1280 1526 1327 1555 es
1341 1517 1400 1563 tu,
1420 1526 1503 1564 ego
1518 1513 1650 1555 hodie
1665 1513 1797 1564 genui
1810 1517 1866 1558 te,

1087 1572 1186 1611 Ant.
1211 1571 1454 1622 Tamquam
1473 1583 1662 1623 sponsus
1677 1571 1701 1596 *
1716 1569 1865 1611 Domi·

1032 1641 1113 1668 nus
1132 1626 1378 1679 procedens
1398 1626 1453 1668 de
1472 1626 1667 1668 thalamo
1687 1638 1780 1668 suo.

1309 1684 1509 1724 Psalmus
1539 1685 1595 1724 18.

1109 1739 1184 1780 oeli
1212 1741 1417 1781 enarrant
1440 1739 1625 1790 gloriam
1648 1738 1744 1788 Dei,
1770 1738 1795 1765 *
1823 1743 1866 1780 et

1121 1798 1256 1849 opera
1283 1798 1491 1837 manuum
1520 1795 1611 1847 ejus
1638 1794 1866 1836 annuntiat

1032 1853 1365 1895 firmamentum.

1084 1910 1191 1951 Dies
1224 1909 1311 1950 diei
1345 1912 1516 1951 eructat
1543 1907 1742 1957 verbum,
1769 1908 1793 1934 *
1821 1911 1865 1948 et

1032 1979 1121 2007 nox
1146 1966 1268 2007 nocti
1295 1965 1460 2007 indicat
1487 1963 1726 2006 scientiam.

1083 2022 1186 2064 Non
1220 2026 1321 2063 sunt
1353 2020 1564 2073 loquelae,
1600 2032 1744 2072 neque
1778 2032 1864 2061 ser-

1031 2080 1201 2127 mones,
1234 2079 1257 2104 *
1292 2090 1479 2130 quorum
1510 2090 1599 2118 non
1632 2075 1867 2118 audiantur

1032 2147 1166 2176 voces
1195 2136 1357 2175 eorum.

1084 2191 1135 2231 In
1169 2203 1344 2231 omnem
1376 2194 1541 2231 terram
1569 2189 1703 2230 exivit
1730 2201 1865 2230 sonus

1033 2249 1199 2288 eorum:
1226 2247 1249 2272 *
1281 2251 1325 2287 et
1356 2247 1399 2286 in
1433 2246 1543 2286 fines
1579 2244 1699 2286 orbis
1734 2250 1864 2286 terrae

1032 2302 1167 2344 verba
1195 2304 1358 2343 eorum.

1084 2359 1135 2399 In
1163 2358 1257 2400 sole
1277 2358 1427 2410 posuit
1445 2356 1778 2398 tabernaculum
1797 2368 1863 2397 su-

1032 2429 1120 2457 um:
1154 2415 1177 2440 *
1211 2419 1255 2456 et
1287 2414 1382 2466 ipse
1415 2419 1640 2465 tamquam
1674 2424 1864 2464 sponsus

1032 2470 1280 2524 procedens
1302 2470 1357 2511 de
1376 2469 1571 2511 thalamo
1591 2480 1686 2509 suo:

1085 2526 1334 2567 Exsultavit
1369 2531 1418 2567 ut
1451 2525 1575 2575 gigas
1607 2523 1663 2565 ad
1692 2525 1864 2565 curren-

1034 2582 1135 2624 dam
1155 2582 1286 2631 viam,
1306 2583 1329 2607 *
1349 2594 1373 2622 a
1393 2593 1563 2622 summo
1585 2580 1699 2622 coelo
1721 2582 1864 2631 egres-

1035 2639 1101 2680 sio
1119 2639 1224 2690 ejus:

1086 2696 1143 2736 Et
1171 2697 1380 2736 occursus
1408 2694 1500 2745 ejus
1519 2705 1659 2745 usque
1676 2692 1734 2734 ad
1751 2705 1863 2734 sum-
