<?xml version="1.0" encoding="UTF-8"?>
<!DOCTYPE html PUBLIC "-//W3C//DTD XHTML 1.0 Transitional//EN"
    "http://www.w3.org/TR/xhtml1/DTD/xhtml1-transitional.dtd">
<html xmlns="http://www.w3.org/1999/xhtml" xml:lang="en" lang="en">
 <head>
  <title>
</title>
<meta http-equiv="Content-Type" content="text/html;charset=utf-8" />
  <meta name='ocr-system' content='tesseract 3.04.00' />
  <meta name='ocr-capabilities' content='ocr_page ocr_carea ocr_par ocr_line ocrx_word'/>
</head>
<body>
  <div class='ocr_page' id='page_1' title='image "./p1breviariumroma00cathuoft_0077.png"; bbox 0 0 2040 2990; ppageno 0'>
   <div class='ocr_carea' id='block_1_1' title="bbox 771 192 1864 240">
    <p class='ocr_par' dir='ltr' id='par_1_1' title="bbox 771 192 1864 240">
     <span class='ocr_line' id='line_1_1' title="bbox 771 192 1864 240; baseline 0.009 -16"><span class='ocrx_word' id='word_1_1' title='bbox 771 192 971 226; x_wconf 81' lang='lat' dir='ltr'>Dominica</span> <span class='ocrx_word' id='word_1_2' title='bbox 997 193 1045 226; x_wconf 80' lang='lat' dir='ltr'>ad</span> <span class='ocrx_word' id='word_1_3' title='bbox 1071 194 1245 226; x_wconf 78' lang='lat' dir='ltr'>Primam.</span> <span class='ocrx_word' id='word_1_4' title='bbox 1731 235 1739 240; x_wconf 59' lang='grc'>,</span> <span class='ocrx_word' id='word_1_5' title='bbox 1819 201 1864 234; x_wconf 85' lang='grc'>23</span> 
     </span>
    </p>
   </div>
   <div class='ocr_carea' id='block_1_2' title="bbox 148 249 1866 316">
    <p class='ocr_par' dir='ltr' id='par_1_2' title="bbox 148 249 1866 316">
     <span class='ocr_line' id='line_1_2' title="bbox 148 249 1866 316; baseline 0 -55"><span class='ocrx_word' id='word_1_6' title='bbox 148 249 1866 316; x_wconf 95' lang='lat' dir='ltr'>  </span> 
     </span>
    </p>
   </div>
   <div class='ocr_carea' id='block_1_3' title="bbox 145 287 980 2671">
    <p class='ocr_par' dir='ltr' id='par_1_3' title="bbox 152 287 980 451">
     <span class='ocr_line' id='line_1_3' title="bbox 153 287 980 339; baseline 0.004 -12"><span class='ocrx_word' id='word_1_7' title='bbox 153 291 227 327; x_wconf 89' lang='lat' dir='ltr'>aut</span> <span class='ocrx_word' id='word_1_8' title='bbox 254 287 490 339; x_wconf 79' lang='lat' dir='ltr'>posterius,</span> <span class='ocrx_word' id='word_1_9' title='bbox 518 287 621 328; x_wconf 91' lang='lat' dir='ltr'>nihil</span> <span class='ocrx_word' id='word_1_10' title='bbox 646 289 783 339; x_wconf 88' lang='lat' dir='ltr'>majus</span> <span class='ocrx_word' id='word_1_11' title='bbox 809 294 883 330; x_wconf 91' lang='lat' dir='ltr'>aut</span> <span class='ocrx_word' id='word_1_12' title='bbox 906 289 980 329; x_wconf 89' lang='lat' dir='ltr'>mi-</span> 
     </span>
     <span class='ocr_line' id='line_1_4' title="bbox 152 342 979 395; baseline 0.006 -14"><span class='ocrx_word' id='word_1_13' title='bbox 152 355 248 382; x_wconf 85' lang='lat' dir='ltr'>nus:</span> <span class='ocrx_word' id='word_1_14' title='bbox 271 343 295 367; x_wconf 82' lang='grc'>*</span> <span class='ocrx_word' id='word_1_15' title='bbox 321 342 399 384; x_wconf 91' lang='lat' dir='ltr'>sed</span> <span class='ocrx_word' id='word_1_16' title='bbox 427 348 532 384; x_wconf 88' lang='lat' dir='ltr'>totae</span> <span class='ocrx_word' id='word_1_17' title='bbox 561 349 651 385; x_wconf 91' lang='lat' dir='ltr'>tres</span> <span class='ocrx_word' id='word_1_18' title='bbox 679 346 881 395; x_wconf 77' lang='lat' dir='ltr'>personae</span> <span class='ocrx_word' id='word_1_19' title='bbox 910 358 979 386; x_wconf 95' lang='lat' dir='ltr'>co-</span> 
     </span>
     <span class='ocr_line' id='line_1_5' title="bbox 152 398 893 451; baseline 0.003 -13"><span class='ocrx_word' id='word_1_20' title='bbox 152 400 328 439; x_wconf 81' lang='lat' dir='ltr'>aeternae</span> <span class='ocrx_word' id='word_1_21' title='bbox 349 398 431 439; x_wconf 88' lang='lat' dir='ltr'>sibi</span> <span class='ocrx_word' id='word_1_22' title='bbox 451 405 551 440; x_wconf 87' lang='lat' dir='ltr'>sunt</span> <span class='ocrx_word' id='word_1_23' title='bbox 571 405 614 440; x_wconf 91' lang='lat' dir='ltr'>et</span> <span class='ocrx_word' id='word_1_24' title='bbox 633 400 893 451; x_wconf 75' lang='lat' dir='ltr'>coaequales.</span> 
     </span>
    </p>

    <p class='ocr_par' dir='ltr' id='par_1_4' title="bbox 151 454 979 609">
     <span class='ocr_line' id='line_1_6' title="bbox 203 454 979 508; baseline 0.003 -14"><span class='ocrx_word' id='word_1_25' title='bbox 203 454 271 495; x_wconf 92' lang='lat' dir='ltr'>Ita</span> <span class='ocrx_word' id='word_1_26' title='bbox 289 459 337 495; x_wconf 91' lang='lat' dir='ltr'>ut</span> <span class='ocrx_word' id='word_1_27' title='bbox 351 468 430 506; x_wconf 90' lang='lat' dir='ltr'>per</span> <span class='ocrx_word' id='word_1_28' title='bbox 447 455 602 503; x_wconf 71' lang='lat' dir='ltr'>Omnia,</span> <span class='ocrx_word' id='word_1_29' title='bbox 623 456 734 496; x_wconf 92' lang='lat' dir='ltr'>sicut</span> <span class='ocrx_word' id='word_1_30' title='bbox 748 456 833 506; x_wconf 88' lang='lat' dir='ltr'>jam</span> <span class='ocrx_word' id='word_1_31' title='bbox 848 469 979 508; x_wconf 86' lang='lat' dir='ltr'>supra</span> 
     </span>
     <span class='ocr_line' id='line_1_7' title="bbox 152 508 979 561; baseline 0.004 -11"><span class='ocrx_word' id='word_1_32' title='bbox 152 508 316 551; x_wconf 90' lang='lat' dir='ltr'>dictum</span> <span class='ocrx_word' id='word_1_33' title='bbox 336 515 413 559; x_wconf 84' lang='lat' dir='ltr'>est,</span> <span class='ocrx_word' id='word_1_34' title='bbox 428 512 451 535; x_wconf 85' lang='lat'>*</span> <span class='ocrx_word' id='word_1_35' title='bbox 467 516 511 551; x_wconf 94' lang='lat' dir='ltr'>et</span> <span class='ocrx_word' id='word_1_36' title='bbox 529 511 672 551; x_wconf 83' lang='lat' dir='ltr'>unitas</span> <span class='ocrx_word' id='word_1_37' title='bbox 691 511 734 551; x_wconf 91' lang='lat' dir='ltr'>in</span> <span class='ocrx_word' id='word_1_38' title='bbox 754 511 979 561; x_wconf 78' lang='lat' dir='ltr'>Trinitate‚</span> 
     </span>
     <span class='ocr_line' id='line_1_8' title="bbox 151 565 979 609; baseline 0.002 -3"><span class='ocrx_word' id='word_1_39' title='bbox 151 569 195 606; x_wconf 90' lang='lat' dir='ltr'>et</span> <span class='ocrx_word' id='word_1_40' title='bbox 214 565 406 607; x_wconf 80' lang='lat' dir='ltr'><strong>Trinitas</strong></span> <span class='ocrx_word' id='word_1_41' title='bbox 421 567 465 606; x_wconf 93' lang='lat' dir='ltr'>in</span> <span class='ocrx_word' id='word_1_42' title='bbox 475 567 640 607; x_wconf 76' lang='lat' dir='ltr'>unitate</span> <span class='ocrx_word' id='word_1_43' title='bbox 652 567 900 608; x_wconf 79' lang='lat' dir='ltr'>veneranda</span> <span class='ocrx_word' id='word_1_44' title='bbox 913 569 979 609; x_wconf 86' lang='lat' dir='ltr'>sit.</span> 
     </span>
    </p>

    <p class='ocr_par' dir='ltr' id='par_1_5' title="bbox 151 621 979 719">
     <span class='ocr_line' id='line_1_9' title="bbox 203 621 979 672; baseline 0.003 -10"><span class='ocrx_word' id='word_1_45' title='bbox 203 622 287 671; x_wconf 86' lang='lat' dir='ltr'>Qui</span> <span class='ocrx_word' id='word_1_46' title='bbox 310 621 403 663; x_wconf 89' lang='lat' dir='ltr'>vult</span> <span class='ocrx_word' id='word_1_47' title='bbox 427 635 532 672; x_wconf 89' lang='lat' dir='ltr'>ergo</span> <span class='ocrx_word' id='word_1_48' title='bbox 558 622 704 663; x_wconf 88' lang='lat' dir='ltr'>salvus</span> <span class='ocrx_word' id='word_1_49' title='bbox 735 635 847 671; x_wconf 87' lang='lat' dir='ltr'>esse,</span> <span class='ocrx_word' id='word_1_50' title='bbox 872 624 895 648; x_wconf 88' lang='lat'>*</span> <span class='ocrx_word' id='word_1_51' title='bbox 919 624 979 664; x_wconf 89' lang='lat' dir='ltr'>ita</span> 
     </span>
     <span class='ocr_line' id='line_1_10' title="bbox 151 675 628 719; baseline 0.002 -2"><span class='ocrx_word' id='word_1_52' title='bbox 151 675 206 717; x_wconf 93' lang='lat' dir='ltr'>de</span> <span class='ocrx_word' id='word_1_53' title='bbox 225 677 439 719; x_wconf 75' lang='lat' dir='ltr'>Trinitate</span> <span class='ocrx_word' id='word_1_54' title='bbox 460 678 628 719; x_wconf 80' lang='lat' dir='ltr'>sentiat.</span> 
     </span>
    </p>

    <p class='ocr_par' dir='ltr' id='par_1_6' title="bbox 149 732 978 942">
     <span class='ocr_line' id='line_1_11' title="bbox 201 732 978 775; baseline 0.001 -1"><span class='ocrx_word' id='word_1_55' title='bbox 201 732 288 774; x_wconf 85' lang='lat' dir='ltr'>Sed</span> <span class='ocrx_word' id='word_1_56' title='bbox 303 734 599 774; x_wconf 78' lang='lat' dir='ltr'>necessarium</span> <span class='ocrx_word' id='word_1_57' title='bbox 616 739 683 775; x_wconf 92' lang='lat' dir='ltr'>est</span> <span class='ocrx_word' id='word_1_58' title='bbox 698 734 754 775; x_wconf 91' lang='lat' dir='ltr'>ad</span> <span class='ocrx_word' id='word_1_59' title='bbox 770 737 978 775; x_wconf 79' lang='lat' dir='ltr'>aeternam</span> 
     </span>
     <span class='ocr_line' id='line_1_12' title="bbox 151 788 977 842; baseline 0.002 -13"><span class='ocrx_word' id='word_1_60' title='bbox 151 788 351 838; x_wconf 76' lang='lat' dir='ltr'>salutem,</span> <span class='ocrx_word' id='word_1_61' title='bbox 375 790 399 815; x_wconf 88' lang='lat'>*</span> <span class='ocrx_word' id='word_1_62' title='bbox 426 795 474 830; x_wconf 94' lang='lat' dir='ltr'>ut</span> <span class='ocrx_word' id='word_1_63' title='bbox 498 790 848 831; x_wconf 80' lang='lat' dir='ltr'>Incarnationem</span> <span class='ocrx_word' id='word_1_64' title='bbox 874 804 977 842; x_wconf 92' lang='lat' dir='ltr'>quo-</span> 
     </span>
     <span class='ocr_line' id='line_1_13' title="bbox 151 845 978 896; baseline 0.002 -11"><span class='ocrx_word' id='word_1_65' title='bbox 151 857 235 896; x_wconf 92' lang='lat' dir='ltr'>que</span> <span class='ocrx_word' id='word_1_66' title='bbox 255 845 432 885; x_wconf 83' lang='lat' dir='ltr'>Domini</span> <span class='ocrx_word' id='word_1_67' title='bbox 454 846 594 886; x_wconf 86' lang='lat' dir='ltr'>nostri</span> <span class='ocrx_word' id='word_1_68' title='bbox 618 846 642 886; x_wconf 89' lang='lat' dir='ltr'><strong>J</strong></span> <span class='ocrx_word' id='word_1_69' title='bbox 645 858 723 887; x_wconf 91' lang='lat' dir='ltr'>esu</span> <span class='ocrx_word' id='word_1_70' title='bbox 748 846 907 887; x_wconf 84' lang='lat' dir='ltr'>Christi</span> <span class='ocrx_word' id='word_1_71' title='bbox 932 847 978 887; x_wconf 95' lang='lat' dir='ltr'>fi-</span> 
     </span>
     <span class='ocr_line' id='line_1_14' title="bbox 149 899 486 942; baseline 0.003 -1"><span class='ocrx_word' id='word_1_72' title='bbox 149 899 304 941; x_wconf 76' lang='lat' dir='ltr'>deliter</span> <span class='ocrx_word' id='word_1_73' title='bbox 324 900 486 942; x_wconf 89' lang='lat' dir='ltr'>credat.</span> 
     </span>
    </p>

    <p class='ocr_par' dir='ltr' id='par_1_7' title="bbox 147 956 978 1173">
     <span class='ocr_line' id='line_1_15' title="bbox 200 956 978 1007; baseline 0.004 -11"><span class='ocrx_word' id='word_1_74' title='bbox 200 956 281 997; x_wconf 91' lang='lat' dir='ltr'>Est</span> <span class='ocrx_word' id='word_1_75' title='bbox 309 969 414 1007; x_wconf 91' lang='lat' dir='ltr'>ergo</span> <span class='ocrx_word' id='word_1_76' title='bbox 443 956 554 998; x_wconf 88' lang='lat' dir='ltr'>fides</span> <span class='ocrx_word' id='word_1_77' title='bbox 582 962 717 1006; x_wconf 80' lang='lat' dir='ltr'>recta,</span> <span class='ocrx_word' id='word_1_78' title='bbox 755 963 802 998; x_wconf 95' lang='lat' dir='ltr'>ut</span> <span class='ocrx_word' id='word_1_79' title='bbox 830 958 978 999; x_wconf 82' lang='lat' dir='ltr'>creda-</span> 
     </span>
     <span class='ocr_line' id='line_1_16' title="bbox 148 1013 977 1065; baseline 0.004 -13"><span class='ocrx_word' id='word_1_80' title='bbox 148 1025 245 1052; x_wconf 92' lang='lat' dir='ltr'>mus</span> <span class='ocrx_word' id='word_1_81' title='bbox 271 1017 314 1053; x_wconf 92' lang='lat' dir='ltr'>et</span> <span class='ocrx_word' id='word_1_82' title='bbox 339 1013 642 1062; x_wconf 74' lang='lat' dir='ltr'>confiteamur,</span> <span class='ocrx_word' id='word_1_83' title='bbox 662 1014 684 1038; x_wconf 91' lang='lat'>*</span> <span class='ocrx_word' id='word_1_84' title='bbox 706 1014 806 1065; x_wconf 90' lang='lat' dir='ltr'>quia</span> <span class='ocrx_word' id='word_1_85' title='bbox 830 1015 977 1055; x_wconf 88' lang='lat' dir='ltr'>Domi-</span> 
     </span>
     <span class='ocr_line' id='line_1_17' title="bbox 147 1069 977 1111; baseline 0.004 -4"><span class='ocrx_word' id='word_1_86' title='bbox 147 1081 229 1108; x_wconf 85' lang='lat' dir='ltr'>nus</span> <span class='ocrx_word' id='word_1_87' title='bbox 253 1074 403 1110; x_wconf 89' lang='lat' dir='ltr'>noster</span> <span class='ocrx_word' id='word_1_88' title='bbox 426 1069 451 1109; x_wconf 92' lang='lat' dir='ltr'><strong>J</strong></span> <span class='ocrx_word' id='word_1_89' title='bbox 454 1081 554 1110; x_wconf 89' lang='lat' dir='ltr'>esus</span> <span class='ocrx_word' id='word_1_90' title='bbox 581 1069 779 1110; x_wconf 89' lang='lat' dir='ltr'>Christus</span> <span class='ocrx_word' id='word_1_91' title='bbox 803 1070 886 1111; x_wconf 90' lang='lat' dir='ltr'>Dei</span> <span class='ocrx_word' id='word_1_92' title='bbox 911 1071 977 1110; x_wconf 85' lang='lat' dir='ltr'>Fi-</span> 
     </span>
     <span class='ocr_line' id='line_1_18' title="bbox 148 1122 696 1173; baseline 0.004 -9"><span class='ocrx_word' id='word_1_93' title='bbox 148 1122 242 1173; x_wconf 88' lang='lat' dir='ltr'>lius,</span> <span class='ocrx_word' id='word_1_94' title='bbox 261 1124 382 1165; x_wconf 92' lang='lat' dir='ltr'>Deus</span> <span class='ocrx_word' id='word_1_95' title='bbox 403 1130 447 1165; x_wconf 92' lang='lat' dir='ltr'>et</span> <span class='ocrx_word' id='word_1_96' title='bbox 466 1124 598 1166; x_wconf 89' lang='lat' dir='ltr'>homo</span> <span class='ocrx_word' id='word_1_97' title='bbox 620 1130 696 1166; x_wconf 91' lang='lat' dir='ltr'>est.</span> 
     </span>
    </p>

    <p class='ocr_par' dir='ltr' id='par_1_8' title="bbox 146 1179 977 1388">
     <span class='ocr_line' id='line_1_19' title="bbox 200 1179 977 1222; baseline 0.004 -3"><span class='ocrx_word' id='word_1_98' title='bbox 200 1179 322 1220; x_wconf 88' lang='lat' dir='ltr'>Deus</span> <span class='ocrx_word' id='word_1_99' title='bbox 359 1185 426 1222; x_wconf 89' lang='lat' dir='ltr'>est</span> <span class='ocrx_word' id='word_1_100' title='bbox 462 1193 517 1221; x_wconf 84' lang='lat' dir='ltr'>ex</span> <span class='ocrx_word' id='word_1_101' title='bbox 554 1180 798 1222; x_wconf 80' lang='lat' dir='ltr'>substantia</span> <span class='ocrx_word' id='word_1_102' title='bbox 835 1182 977 1222; x_wconf 90' lang='lat' dir='ltr'>Patris</span> 
     </span>
     <span class='ocr_line' id='line_1_20' title="bbox 148 1236 976 1287; baseline 0.002 -11"><span class='ocrx_word' id='word_1_103' title='bbox 148 1239 248 1276; x_wconf 90' lang='lat' dir='ltr'>ante</span> <span class='ocrx_word' id='word_1_104' title='bbox 286 1236 447 1277; x_wconf 79' lang='lat' dir='ltr'>saecula</span> <span class='ocrx_word' id='word_1_105' title='bbox 482 1237 669 1287; x_wconf 79' lang='lat' dir='ltr'>genitus:</span> <span class='ocrx_word' id='word_1_106' title='bbox 705 1237 728 1262; x_wconf 93' lang='lat'>*</span> <span class='ocrx_word' id='word_1_107' title='bbox 766 1242 810 1278; x_wconf 88' lang='lat' dir='ltr'>et</span> <span class='ocrx_word' id='word_1_108' title='bbox 844 1237 976 1278; x_wconf 91' lang='lat' dir='ltr'>homo</span> 
     </span>
     <span class='ocr_line' id='line_1_21' title="bbox 148 1291 976 1334; baseline 0.004 -3"><span class='ocrx_word' id='word_1_109' title='bbox 148 1295 216 1332; x_wconf 90' lang='lat' dir='ltr'>est</span> <span class='ocrx_word' id='word_1_110' title='bbox 239 1304 294 1332; x_wconf 84' lang='lat' dir='ltr'>ex</span> <span class='ocrx_word' id='word_1_111' title='bbox 318 1291 562 1333; x_wconf 81' lang='lat' dir='ltr'>substantia</span> <span class='ocrx_word' id='word_1_112' title='bbox 580 1293 732 1333; x_wconf 91' lang='lat' dir='ltr'>matris</span> <span class='ocrx_word' id='word_1_113' title='bbox 751 1293 794 1333; x_wconf 93' lang='lat' dir='ltr'>in</span> <span class='ocrx_word' id='word_1_114' title='bbox 814 1293 976 1334; x_wconf 83' lang='lat' dir='ltr'>sa&#39;eculo</span> 
     </span>
     <span class='ocr_line' id='line_1_22' title="bbox 146 1351 285 1388; baseline 0.014 -2"><span class='ocrx_word' id='word_1_115' title='bbox 146 1351 285 1388; x_wconf 88' lang='lat' dir='ltr'>natus.</span> 
     </span>
    </p>

    <p class='ocr_par' dir='ltr' id='par_1_9' title="bbox 147 1403 975 1557">
     <span class='ocr_line' id='line_1_23' title="bbox 198 1403 975 1456; baseline 0 -12"><span class='ocrx_word' id='word_1_116' title='bbox 198 1403 423 1445; x_wconf 78' lang='lat' dir='ltr'>Perfectus</span> <span class='ocrx_word' id='word_1_117' title='bbox 438 1404 570 1453; x_wconf 85' lang='lat' dir='ltr'>Deus,</span> <span class='ocrx_word' id='word_1_118' title='bbox 589 1404 809 1456; x_wconf 81' lang='lat' dir='ltr'>perfectus</span> <span class='ocrx_word' id='word_1_119' title='bbox 829 1405 975 1446; x_wconf 91' lang='lat' dir='ltr'>homo:</span> 
     </span>
     <span class='ocr_line' id='line_1_24' title="bbox 147 1459 975 1509; baseline 0.002 -10"><span class='ocrx_word' id='word_1_120' title='bbox 147 1459 170 1483; x_wconf 86' lang='grc'>*</span> <span class='ocrx_word' id='word_1_121' title='bbox 203 1471 258 1499; x_wconf 86' lang='lat' dir='ltr'>ex</span> <span class='ocrx_word' id='word_1_122' title='bbox 291 1460 433 1500; x_wconf 80' lang='lat' dir='ltr'>anima</span> <span class='ocrx_word' id='word_1_123' title='bbox 466 1460 680 1509; x_wconf 82' lang='lat' dir='ltr'>rationali,</span> <span class='ocrx_word' id='word_1_124' title='bbox 713 1466 756 1502; x_wconf 91' lang='lat' dir='ltr'>et</span> <span class='ocrx_word' id='word_1_125' title='bbox 787 1460 975 1501; x_wconf 81' lang='lat' dir='ltr'>humana</span> 
     </span>
     <span class='ocr_line' id='line_1_25' title="bbox 148 1515 552 1557; baseline 0 -2"><span class='ocrx_word' id='word_1_126' title='bbox 148 1527 277 1556; x_wconf 90' lang='lat' dir='ltr'>carne</span> <span class='ocrx_word' id='word_1_127' title='bbox 299 1515 552 1557; x_wconf 84' lang='lat' dir='ltr'>subsistens.</span> 
     </span>
    </p>

    <p class='ocr_par' dir='ltr' id='par_1_10' title="bbox 146 1571 975 1724">
     <span class='ocr_line' id='line_1_26' title="bbox 199 1571 975 1623; baseline 0.001 -12"><span class='ocrx_word' id='word_1_128' title='bbox 199 1571 400 1623; x_wconf 82' lang='lat' dir='ltr'>AEqualis</span> <span class='ocrx_word' id='word_1_129' title='bbox 419 1572 539 1612; x_wconf 88' lang='lat' dir='ltr'>Patri</span> <span class='ocrx_word' id='word_1_130' title='bbox 563 1571 802 1612; x_wconf 80' lang='lat' dir='ltr'>secundum</span> <span class='ocrx_word' id='word_1_131' title='bbox 826 1571 975 1613; x_wconf 88' lang='lat' dir='ltr'>divini·</span> 
     </span>
     <span class='ocr_line' id='line_1_27' title="bbox 147 1627 975 1669; baseline 0.002 -2"><span class='ocrx_word' id='word_1_132' title='bbox 147 1628 296 1667; x_wconf 72' lang='lat' dir='ltr'>tatem:</span> <span class='ocrx_word' id='word_1_133' title='bbox 333 1627 356 1652; x_wconf 88' lang='lat'>*</span> <span class='ocrx_word' id='word_1_134' title='bbox 391 1628 534 1668; x_wconf 89' lang='lat' dir='ltr'>minor</span> <span class='ocrx_word' id='word_1_135' title='bbox 567 1628 697 1668; x_wconf 90' lang='lat' dir='ltr'>Patre</span> <span class='ocrx_word' id='word_1_136' title='bbox 735 1627 975 1669; x_wconf 84' lang='lat' dir='ltr'>secundum</span> 
     </span>
     <span class='ocr_line' id='line_1_28' title="bbox 146 1680 470 1724; baseline 0.003 -2"><span class='ocrx_word' id='word_1_137' title='bbox 146 1680 470 1724; x_wconf 66' lang='lat' dir='ltr'>humanitatem.</span> 
     </span>
    </p>

    <p class='ocr_par' dir='ltr' id='par_1_11' title="bbox 147 1738 975 1843">
     <span class='ocr_line' id='line_1_29' title="bbox 199 1738 975 1788; baseline 0.001 -9"><span class='ocrx_word' id='word_1_138' title='bbox 199 1738 293 1788; x_wconf 89' lang='lat' dir='ltr'>Qui,</span> <span class='ocrx_word' id='word_1_139' title='bbox 308 1738 410 1780; x_wconf 92' lang='lat' dir='ltr'>licet</span> <span class='ocrx_word' id='word_1_140' title='bbox 422 1739 544 1780; x_wconf 90' lang='lat' dir='ltr'>Deus</span> <span class='ocrx_word' id='word_1_141' title='bbox 561 1740 616 1780; x_wconf 88' lang='lat' dir='ltr'>sit</span> <span class='ocrx_word' id='word_1_142' title='bbox 631 1743 675 1780; x_wconf 89' lang='lat' dir='ltr'>et</span> <span class='ocrx_word' id='word_1_143' title='bbox 689 1738 833 1788; x_wconf 79' lang='lat' dir='ltr'>homo,</span> <span class='ocrx_word' id='word_1_144' title='bbox 849 1741 871 1765; x_wconf 88' lang='lat'>*</span> <span class='ocrx_word' id='word_1_145' title='bbox 886 1752 975 1780; x_wconf 93' lang='lat' dir='ltr'>non</span> 
     </span>
     <span class='ocr_line' id='line_1_30' title="bbox 147 1792 974 1843; baseline 0.002 -9"><span class='ocrx_word' id='word_1_146' title='bbox 147 1792 235 1834; x_wconf 91' lang='lat' dir='ltr'>duo</span> <span class='ocrx_word' id='word_1_147' title='bbox 253 1799 414 1843; x_wconf 85' lang='lat' dir='ltr'>tamen,</span> <span class='ocrx_word' id='word_1_148' title='bbox 440 1794 519 1836; x_wconf 89' lang='lat' dir='ltr'>sed</span> <span class='ocrx_word' id='word_1_149' title='bbox 542 1808 654 1836; x_wconf 90' lang='lat' dir='ltr'>unus</span> <span class='ocrx_word' id='word_1_150' title='bbox 679 1800 746 1836; x_wconf 88' lang='lat' dir='ltr'>est</span> <span class='ocrx_word' id='word_1_151' title='bbox 766 1795 974 1836; x_wconf 90' lang='lat' dir='ltr'>Christus.</span> 
     </span>
    </p>

    <p class='ocr_par' dir='ltr' id='par_1_12' title="bbox 147 1849 974 2013">
     <span class='ocr_line' id='line_1_31' title="bbox 198 1849 974 1892; baseline 0.003 -2"><span class='ocrx_word' id='word_1_152' title='bbox 198 1849 320 1891; x_wconf 91' lang='lat' dir='ltr'>Unus</span> <span class='ocrx_word' id='word_1_153' title='bbox 340 1856 485 1892; x_wconf 90' lang='lat' dir='ltr'>autem</span> <span class='ocrx_word' id='word_1_154' title='bbox 504 1864 591 1892; x_wconf 93' lang='lat' dir='ltr'>non</span> <span class='ocrx_word' id='word_1_155' title='bbox 612 1852 898 1892; x_wconf 78' lang='lat' dir='ltr'>conversione</span> <span class='ocrx_word' id='word_1_156' title='bbox 914 1851 974 1892; x_wconf 92' lang='lat' dir='ltr'>di-</span> 
     </span>
     <span class='ocr_line' id='line_1_32' title="bbox 147 1905 974 1956; baseline 0.002 -11"><span class='ocrx_word' id='word_1_157' title='bbox 147 1905 338 1947; x_wconf 79' lang='lat' dir='ltr'>vinitatis</span> <span class='ocrx_word' id='word_1_158' title='bbox 365 1907 409 1946; x_wconf 92' lang='lat' dir='ltr'>in</span> <span class='ocrx_word' id='word_1_159' title='bbox 437 1919 627 1956; x_wconf 80' lang='lat' dir='ltr'>carnem;</span> <span class='ocrx_word' id='word_1_160' title='bbox 652 1908 675 1932; x_wconf 92' lang='lat'>*</span> <span class='ocrx_word' id='word_1_161' title='bbox 704 1906 782 1948; x_wconf 90' lang='lat' dir='ltr'>sed</span> <span class='ocrx_word' id='word_1_162' title='bbox 811 1920 974 1947; x_wconf 89' lang='lat' dir='ltr'>assum-</span> 
     </span>
     <span class='ocr_line' id='line_1_33' title="bbox 147 1961 831 2013; baseline 0.001 -11"><span class='ocrx_word' id='word_1_163' title='bbox 147 1961 296 2013; x_wconf 80' lang='lat' dir='ltr'>ptione</span> <span class='ocrx_word' id='word_1_164' title='bbox 315 1961 596 2003; x_wconf 76' lang='lat' dir='ltr'>humanitatis</span> <span class='ocrx_word' id='word_1_165' title='bbox 615 1963 658 2002; x_wconf 93' lang='lat' dir='ltr'>in</span> <span class='ocrx_word' id='word_1_166' title='bbox 678 1963 831 2003; x_wconf 90' lang='lat' dir='ltr'>Deum.</span> 
     </span>
    </p>

    <p class='ocr_par' dir='ltr' id='par_1_13' title="bbox 148 2016 973 2126">
     <span class='ocr_line' id='line_1_34' title="bbox 198 2016 973 2066; baseline 0.001 -9"><span class='ocrx_word' id='word_1_167' title='bbox 198 2016 320 2058; x_wconf 90' lang='lat' dir='ltr'>Unus</span> <span class='ocrx_word' id='word_1_168' title='bbox 357 2020 553 2066; x_wconf 84' lang='lat' dir='ltr'>omnino,</span> <span class='ocrx_word' id='word_1_169' title='bbox 595 2031 683 2059; x_wconf 93' lang='lat' dir='ltr'>non</span> <span class='ocrx_word' id='word_1_170' title='bbox 721 2018 973 2059; x_wconf 69' lang='lat' dir='ltr'>confusidne</span> 
     </span>
     <span class='ocr_line' id='line_1_35' title="bbox 148 2071 973 2126; baseline 0.002 -14"><span class='ocrx_word' id='word_1_171' title='bbox 148 2071 414 2122; x_wconf 77' lang='lat' dir='ltr'>substantiae,</span> <span class='ocrx_word' id='word_1_172' title='bbox 434 2074 457 2099; x_wconf 89' lang='lat'>*</span> <span class='ocrx_word' id='word_1_173' title='bbox 477 2073 557 2115; x_wconf 90' lang='lat' dir='ltr'>sed</span> <span class='ocrx_word' id='word_1_174' title='bbox 574 2074 740 2115; x_wconf 76' lang='lat' dir='ltr'>unitate</span> <span class='ocrx_word' id='word_1_175' title='bbox 760 2075 973 2126; x_wconf 79' lang='lat' dir='ltr'>personae.</span> 
     </span>
    </p>

    <p class='ocr_par' dir='ltr' id='par_1_14' title="bbox 146 2128 974 2282">
     <span class='ocr_line' id='line_1_36' title="bbox 198 2128 974 2170; baseline 0.001 -1"><span class='ocrx_word' id='word_1_176' title='bbox 198 2128 311 2169; x_wconf 92' lang='lat' dir='ltr'>Nam</span> <span class='ocrx_word' id='word_1_177' title='bbox 350 2130 461 2170; x_wconf 92' lang='lat' dir='ltr'>sicut</span> <span class='ocrx_word' id='word_1_178' title='bbox 499 2130 641 2170; x_wconf 78' lang='lat' dir='ltr'>anima</span> <span class='ocrx_word' id='word_1_179' title='bbox 673 2129 897 2170; x_wconf 77' lang='lat' dir='ltr'>rationalis</span> <span class='ocrx_word' id='word_1_180' title='bbox 931 2135 974 2170; x_wconf 92' lang='lat' dir='ltr'>et</span> 
     </span>
     <span class='ocr_line' id='line_1_37' title="bbox 147 2185 974 2227; baseline 0.001 -3"><span class='ocrx_word' id='word_1_181' title='bbox 147 2196 250 2225; x_wconf 91' lang='lat' dir='ltr'>caro</span> <span class='ocrx_word' id='word_1_182' title='bbox 275 2198 386 2226; x_wconf 92' lang='lat' dir='ltr'>unus</span> <span class='ocrx_word' id='word_1_183' title='bbox 412 2190 479 2227; x_wconf 89' lang='lat' dir='ltr'>est</span> <span class='ocrx_word' id='word_1_184' title='bbox 502 2185 649 2226; x_wconf 90' lang='lat' dir='ltr'>homo:</span> <span class='ocrx_word' id='word_1_185' title='bbox 668 2186 691 2210; x_wconf 91' lang='lat'>*</span> <span class='ocrx_word' id='word_1_186' title='bbox 710 2186 770 2226; x_wconf 92' lang='lat' dir='ltr'>ita</span> <span class='ocrx_word' id='word_1_187' title='bbox 790 2185 910 2225; x_wconf 91' lang='lat' dir='ltr'>Deus</span> <span class='ocrx_word' id='word_1_188' title='bbox 930 2190 974 2225; x_wconf 87' lang='lat' dir='ltr'>et</span> 
     </span>
     <span class='ocr_line' id='line_1_38' title="bbox 146 2239 724 2282; baseline 0 -2"><span class='ocrx_word' id='word_1_189' title='bbox 146 2239 278 2281; x_wconf 91' lang='lat' dir='ltr'>homo</span> <span class='ocrx_word' id='word_1_190' title='bbox 297 2253 408 2282; x_wconf 92' lang='lat' dir='ltr'>unus</span> <span class='ocrx_word' id='word_1_191' title='bbox 428 2246 495 2282; x_wconf 90' lang='lat' dir='ltr'>est</span> <span class='ocrx_word' id='word_1_192' title='bbox 516 2241 724 2282; x_wconf 90' lang='lat' dir='ltr'>Christus.</span> 
     </span>
    </p>

    <p class='ocr_par' dir='ltr' id='par_1_15' title="bbox 147 2296 972 2449">
     <span class='ocr_line' id='line_1_39' title="bbox 198 2296 972 2349; baseline -0.003 -12"><span class='ocrx_word' id='word_1_193' title='bbox 198 2296 281 2345; x_wconf 89' lang='lat' dir='ltr'>Qui</span> <span class='ocrx_word' id='word_1_194' title='bbox 299 2309 456 2348; x_wconf 88' lang='lat' dir='ltr'>passus</span> <span class='ocrx_word' id='word_1_195' title='bbox 476 2302 543 2337; x_wconf 90' lang='lat' dir='ltr'>est</span> <span class='ocrx_word' id='word_1_196' title='bbox 557 2309 638 2349; x_wconf 92' lang='lat' dir='ltr'>pro</span> <span class='ocrx_word' id='word_1_197' title='bbox 655 2296 794 2337; x_wconf 76' lang='lat' dir='ltr'>saltite</span> <span class='ocrx_word' id='word_1_198' title='bbox 810 2301 972 2337; x_wconf 91' lang='lat' dir='ltr'>nostra:</span> 
     </span>
     <span class='ocr_line' id='line_1_40' title="bbox 147 2349 972 2393; baseline 0.001 -2"><span class='ocrx_word' id='word_1_199' title='bbox 147 2349 375 2393; x_wconf 78' lang='lat' dir='ltr'>descendit</span> <span class='ocrx_word' id='word_1_200' title='bbox 407 2352 462 2393; x_wconf 90' lang='lat' dir='ltr'>ad</span> <span class='ocrx_word' id='word_1_201' title='bbox 494 2353 672 2393; x_wconf 86' lang='lat' dir='ltr'>inferos:</span> <span class='ocrx_word' id='word_1_202' title='bbox 695 2353 718 2376; x_wconf 84' lang='lat'>*</span> <span class='ocrx_word' id='word_1_203' title='bbox 742 2352 870 2393; x_wconf 79' lang='lat' dir='ltr'>tertia</span> <span class='ocrx_word' id='word_1_204' title='bbox 903 2351 972 2392; x_wconf 87' lang='lat' dir='ltr'>die</span> 
     </span>
     <span class='ocr_line' id='line_1_41' title="bbox 147 2408 640 2449; baseline 0.004 -4"><span class='ocrx_word' id='word_1_205' title='bbox 147 2408 383 2449; x_wconf 83' lang='lat' dir='ltr'>resurre‘xit</span> <span class='ocrx_word' id='word_1_206' title='bbox 402 2421 427 2448; x_wconf 90' lang='lat' dir='ltr'>a</span> <span class='ocrx_word' id='word_1_207' title='bbox 445 2408 640 2449; x_wconf 73' lang='grc'><strong>1110111118.</strong></span> 
     </span>
    </p>

    <p class='ocr_par' dir='ltr' id='par_1_16' title="bbox 145 2463 971 2671">
     <span class='ocr_line' id='line_1_42' title="bbox 198 2463 971 2511; baseline 0.003 -9"><span class='ocrx_word' id='word_1_208' title='bbox 198 2463 410 2505; x_wconf 81' lang='lat' dir='ltr'>Ascendit</span> <span class='ocrx_word' id='word_1_209' title='bbox 446 2463 502 2504; x_wconf 88' lang='lat' dir='ltr'>ad</span> <span class='ocrx_word' id='word_1_210' title='bbox 543 2463 700 2511; x_wconf 81' lang='lat' dir='ltr'>coelos,</span> <span class='ocrx_word' id='word_1_211' title='bbox 751 2463 874 2504; x_wconf 89' lang='lat' dir='ltr'>sedet</span> <span class='ocrx_word' id='word_1_212' title='bbox 916 2463 971 2504; x_wconf 88' lang='lat' dir='ltr'>ad</span> 
     </span>
     <span class='ocr_line' id='line_1_43' title="bbox 147 2515 971 2571; baseline 0.001 -13"><span class='ocrx_word' id='word_1_213' title='bbox 147 2515 369 2559; x_wconf 77' lang='lat' dir='ltr'>dexteram</span> <span class='ocrx_word' id='word_1_214' title='bbox 390 2519 473 2560; x_wconf 90' lang='lat' dir='ltr'>Dei</span> <span class='ocrx_word' id='word_1_215' title='bbox 488 2520 630 2560; x_wconf 86' lang='lat' dir='ltr'>Patris</span> <span class='ocrx_word' id='word_1_216' title='bbox 647 2519 971 2571; x_wconf 79' lang='lat' dir='ltr'>omnipotentis·</span> 
     </span>
     <span class='ocr_line' id='line_1_44' title="bbox 145 2571 970 2625; baseline 0.002 -13"><span class='ocrx_word' id='word_1_217' title='bbox 145 2571 287 2615; x_wconf 83' lang='lat' dir='ltr'>*inde</span> <span class='ocrx_word' id='word_1_218' title='bbox 307 2577 516 2615; x_wconf 80' lang='lat' dir='ltr'>venturus</span> <span class='ocrx_word' id='word_1_219' title='bbox 542 2580 609 2616; x_wconf 90' lang='lat' dir='ltr'>est</span> <span class='ocrx_word' id='word_1_220' title='bbox 632 2574 822 2625; x_wconf 78' lang='lat' dir='ltr'>judicare</span> <span class='ocrx_word' id='word_1_221' title='bbox 848 2575 970 2614; x_wconf 84' lang='lat' dir='ltr'>vivos</span> 
     </span>
     <span class='ocr_line' id='line_1_45' title="bbox 147 2630 417 2671; baseline 0.011 -4"><span class='ocrx_word' id='word_1_222' title='bbox 147 2632 190 2668; x_wconf 89' lang='lat' dir='ltr'>et</span> <span class='ocrx_word' id='word_1_223' title='bbox 208 2630 417 2671; x_wconf 85' lang='lat' dir='ltr'>m6rtuos.</span> 
     </span>
    </p>
   </div>
   <div class='ocr_carea' id='block_1_4' title="bbox 198 2683 988 2735">
    <p class='ocr_par' dir='ltr' id='par_1_17' title="bbox 198 2683 988 2735">
     <span class='ocr_line' id='line_1_46' title="bbox 198 2683 988 2735; baseline -0.004 -8"><span class='ocrx_word' id='word_1_224' title='bbox 198 2683 269 2724; x_wconf 90' lang='lat' dir='ltr'>Ad</span> <span class='ocrx_word' id='word_1_225' title='bbox 297 2685 416 2735; x_wconf 88' lang='lat' dir='ltr'>cujus</span> <span class='ocrx_word' id='word_1_226' title='bbox 449 2684 683 2727; x_wconf 85' lang='lat' dir='ltr'>adventum</span> <span class='ocrx_word' id='word_1_227' title='bbox 717 2698 868 2726; x_wconf 90' lang='lat' dir='ltr'>omnes</span> <span class='ocrx_word' id='word_1_228' title='bbox 896 2684 988 2725; x_wconf 76' lang='lat' dir='ltr'>ho·-</span> 
     </span>
    </p>
   </div>
   <div class='ocr_carea' id='block_1_5' title="bbox 964 261 1866 316">
    <p class='ocr_par' dir='ltr' id='par_1_18' title="bbox 964 261 1866 316">
     <span class='ocr_line' id='line_1_47' title="bbox 964 261 1866 316; baseline 0 0"><span class='ocrx_word' id='word_1_229' title='bbox 964 261 1866 316; x_wconf 95' lang='lat' dir='ltr'>  </span> <span class='ocrx_word' id='word_1_230' title='bbox 1846 267 1866 316; x_wconf 95' lang='lat' dir='ltr'> </span> 
     </span>
    </p>
   </div>
   <div class='ocr_carea' id='block_1_6' title="bbox 1032 290 1862 832">
    <p class='ocr_par' dir='ltr' id='par_1_19' title="bbox 1033 290 1862 453">
     <span class='ocr_line' id='line_1_48' title="bbox 1034 290 1862 339; baseline 0.006 -10"><span class='ocrx_word' id='word_1_231' title='bbox 1034 290 1172 330; x_wconf 89' lang='lat' dir='ltr'>mines</span> <span class='ocrx_word' id='word_1_232' title='bbox 1198 293 1426 339; x_wconf 82' lang='lat' dir='ltr'>resurgere</span> <span class='ocrx_word' id='word_1_233' title='bbox 1453 291 1614 333; x_wconf 88' lang='lat' dir='ltr'>habent</span> <span class='ocrx_word' id='word_1_234' title='bbox 1643 306 1741 333; x_wconf 90' lang='lat' dir='ltr'>cum</span> <span class='ocrx_word' id='word_1_235' title='bbox 1770 307 1862 334; x_wconf 92' lang='lat' dir='ltr'>cor-</span> 
     </span>
     <span class='ocr_line' id='line_1_49' title="bbox 1033 345 1862 396; baseline 0.007 -11"><span class='ocrx_word' id='word_1_236' title='bbox 1033 345 1215 396; x_wconf 82' lang='lat' dir='ltr'>poribus</span> <span class='ocrx_word' id='word_1_237' title='bbox 1236 346 1339 386; x_wconf 90' lang='lat' dir='ltr'>suis:</span> <span class='ocrx_word' id='word_1_238' title='bbox 1355 346 1378 370; x_wconf 84' lang='lat'>*</span> <span class='ocrx_word' id='word_1_239' title='bbox 1394 351 1437 386; x_wconf 94' lang='lat' dir='ltr'>et</span> <span class='ocrx_word' id='word_1_240' title='bbox 1456 346 1667 389; x_wconf 84' lang='lat' dir='ltr'>reddituri</span> <span class='ocrx_word' id='word_1_241' title='bbox 1688 354 1788 390; x_wconf 91' lang='lat' dir='ltr'>sunt</span> <span class='ocrx_word' id='word_1_242' title='bbox 1807 349 1862 391; x_wconf 89' lang='lat' dir='ltr'>de</span> 
     </span>
     <span class='ocr_line' id='line_1_50' title="bbox 1034 401 1612 453; baseline 0.005 -13"><span class='ocrx_word' id='word_1_243' title='bbox 1034 401 1159 442; x_wconf 90' lang='lat' dir='ltr'>factis</span> <span class='ocrx_word' id='word_1_244' title='bbox 1180 402 1369 453; x_wconf 66' lang='lat' dir='ltr'>prepriis</span> <span class='ocrx_word' id='word_1_245' title='bbox 1388 403 1612 443; x_wconf 83' lang='lat' dir='ltr'>rationem.</span> 
     </span>
    </p>

    <p class='ocr_par' dir='ltr' id='par_1_20' title="bbox 1032 457 1860 618">
     <span class='ocr_line' id='line_1_51' title="bbox 1085 457 1860 509; baseline 0.009 -13"><span class='ocrx_word' id='word_1_246' title='bbox 1085 457 1142 498; x_wconf 90' lang='lat' dir='ltr'>Et</span> <span class='ocrx_word' id='word_1_247' title='bbox 1175 457 1247 509; x_wconf 92' lang='lat' dir='ltr'>qui</span> <span class='ocrx_word' id='word_1_248' title='bbox 1280 457 1395 498; x_wconf 88' lang='lat' dir='ltr'>bona</span> <span class='ocrx_word' id='word_1_249' title='bbox 1429 460 1625 508; x_wconf 79' lang='lat' dir='ltr'>egerunt,</span> <span class='ocrx_word' id='word_1_250' title='bbox 1662 460 1786 502; x_wconf 91' lang='lat' dir='ltr'>ibunt</span> <span class='ocrx_word' id='word_1_251' title='bbox 1818 463 1860 502; x_wconf 93' lang='lat' dir='ltr'>in</span> 
     </span>
     <span class='ocr_line' id='line_1_52' title="bbox 1034 513 1860 565; baseline 0.007 -13"><span class='ocrx_word' id='word_1_252' title='bbox 1034 513 1167 553; x_wconf 90' lang='lat' dir='ltr'>vitam</span> <span class='ocrx_word' id='word_1_253' title='bbox 1195 515 1422 553; x_wconf 81' lang='lat' dir='ltr'>aeternam:</span> <span class='ocrx_word' id='word_1_254' title='bbox 1450 515 1473 538; x_wconf 88' lang='lat'>*</span> <span class='ocrx_word' id='word_1_255' title='bbox 1503 515 1575 565; x_wconf 92' lang='lat' dir='ltr'>qui</span> <span class='ocrx_word' id='word_1_256' title='bbox 1604 529 1708 556; x_wconf 85' lang='lat' dir='ltr'>vero</span> <span class='ocrx_word' id='word_1_257' title='bbox 1736 518 1860 562; x_wconf 83' lang='lat' dir='ltr'>mala,</span> 
     </span>
     <span class='ocr_line' id='line_1_53' title="bbox 1032 568 1482 618; baseline 0.004 -11"><span class='ocrx_word' id='word_1_258' title='bbox 1032 568 1076 607; x_wconf 95' lang='lat' dir='ltr'>in</span> <span class='ocrx_word' id='word_1_259' title='bbox 1095 569 1239 618; x_wconf 84' lang='lat' dir='ltr'>ignem</span> <span class='ocrx_word' id='word_1_260' title='bbox 1259 571 1482 609; x_wconf 81' lang='lat' dir='ltr'>aeternum.</span> 
     </span>
    </p>

    <p class='ocr_par' dir='ltr' id='par_1_21' title="bbox 1032 624 1859 832">
     <span class='ocr_line' id='line_1_54' title="bbox 1084 624 1859 680; baseline 0.006 -16"><span class='ocrx_word' id='word_1_261' title='bbox 1084 625 1195 665; x_wconf 87' lang='lat' dir='ltr'>Haec</span> <span class='ocrx_word' id='word_1_262' title='bbox 1215 630 1282 665; x_wconf 87' lang='lat' dir='ltr'>est</span> <span class='ocrx_word' id='word_1_263' title='bbox 1307 624 1417 665; x_wconf 90' lang='lat' dir='ltr'>fides</span> <span class='ocrx_word' id='word_1_264' title='bbox 1438 625 1667 675; x_wconf 79' lang='lat' dir='ltr'>catholica,</span> <span class='ocrx_word' id='word_1_265' title='bbox 1687 628 1709 652; x_wconf 90' lang='lat'>*</span> <span class='ocrx_word' id='word_1_266' title='bbox 1731 642 1859 680; x_wconf 90' lang='lat' dir='ltr'>quam</span> 
     </span>
     <span class='ocr_line' id='line_1_55' title="bbox 1032 680 1859 736; baseline 0.008 -17"><span class='ocrx_word' id='word_1_267' title='bbox 1032 680 1114 720; x_wconf 93' lang='lat' dir='ltr'>nisi</span> <span class='ocrx_word' id='word_1_268' title='bbox 1148 681 1332 732; x_wconf 91' lang='lat' dir='ltr'>quisque</span> <span class='ocrx_word' id='word_1_269' title='bbox 1368 680 1556 722; x_wconf 85' lang='lat' dir='ltr'>fideliter</span> <span class='ocrx_word' id='word_1_270' title='bbox 1591 683 1859 736; x_wconf 79' lang='lat' dir='ltr'>firmiterque</span> 
     </span>
     <span class='ocr_line' id='line_1_56' title="bbox 1032 735 1859 791; baseline 0.006 -15"><span class='ocrx_word' id='word_1_271' title='bbox 1032 735 1279 784; x_wconf 84' lang='lat' dir='ltr'>crediderit</span> <span class='ocrx_word' id='word_1_272' title='bbox 1299 736 1445 776; x_wconf 87' lang='lat' dir='ltr'>salvus</span> <span class='ocrx_word' id='word_1_273' title='bbox 1466 750 1562 778; x_wconf 90' lang='lat' dir='ltr'>esse</span> <span class='ocrx_word' id='word_1_274' title='bbox 1581 751 1667 778; x_wconf 93' lang='lat' dir='ltr'>non</span> <span class='ocrx_word' id='word_1_275' title='bbox 1687 741 1859 791; x_wconf 72' lang='lat' dir='ltr'>pOterit.</span> 
     </span>
     <span class='ocr_line' id='line_1_57' title="bbox 1085 791 1384 832; baseline 0 0"><span class='ocrx_word' id='word_1_276' title='bbox 1085 791 1237 832; x_wconf 81' lang='lat' dir='ltr'>Gloria</span> <span class='ocrx_word' id='word_1_277' title='bbox 1255 793 1384 832; x_wconf 88' lang='lat' dir='ltr'>Patri.</span> 
     </span>
    </p>
   </div>
   <div class='ocr_carea' id='block_1_7' title="bbox 1085 852 1809 906">
    <p class='ocr_par' dir='ltr' id='par_1_22' title="bbox 1085 852 1809 906">
     <span class='ocr_line' id='line_1_58' title="bbox 1085 852 1809 906; baseline 0.007 -15"><span class='ocrx_word' id='word_1_278' title='bbox 1085 853 1185 892; x_wconf 89' lang='lat' dir='ltr'>Ant.</span> <span class='ocrx_word' id='word_1_279' title='bbox 1214 852 1409 903; x_wconf 79' lang='lat' dir='ltr'>Alleluia⁷</span> <span class='ocrx_word' id='word_1_280' title='bbox 1429 852 1609 904; x_wconf 80' lang='lat' dir='ltr'>alleluja,</span> <span class='ocrx_word' id='word_1_281' title='bbox 1630 854 1809 906; x_wconf 86' lang='lat' dir='ltr'>alleluja.</span> 
     </span>
    </p>
   </div>
   <div class='ocr_carea' id='block_1_8' title="bbox 1027 916 1858 1747">
    <p class='ocr_par' dir='ltr' id='par_1_23' title="bbox 1030 916 1858 1090">
     <span class='ocr_line' id='line_1_59' title="bbox 1113 916 1782 967; baseline 0.003 -12"><span class='ocrx_word' id='word_1_282' title='bbox 1113 916 1371 967; x_wconf 80' lang='lat' dir='ltr'>Capitulum.</span> <span class='ocrx_word' id='word_1_283' title='bbox 1517 919 1544 956; x_wconf 88' lang='lat'>1.</span> <span class='ocrx_word' id='word_1_284' title='bbox 1566 917 1674 957; x_wconf 87' lang='lat' dir='ltr'>Tim.</span> <span class='ocrx_word' id='word_1_285' title='bbox 1697 920 1723 957; x_wconf 91' lang='lat'>1.</span> <span class='ocrx_word' id='word_1_286' title='bbox 1745 918 1782 958; x_wconf 92' lang='lat' dir='ltr'>d.</span> 
     </span>
     <span class='ocr_line' id='line_1_60' title="bbox 1030 975 1858 1100; baseline 0.005 -79"><span class='ocrx_word' id='word_1_287' title='bbox 1030 975 1189 1100; x_wconf 85' lang='lat' dir='ltr'>Regi</span> <span class='ocrx_word' id='word_1_288' title='bbox 1206 981 1467 1022; x_wconf 73' lang='lat' dir='ltr'>saeeulorum</span> <span class='ocrx_word' id='word_1_289' title='bbox 1482 983 1715 1024; x_wconf 81' lang='lat' dir='ltr'>immortali</span> <span class='ocrx_word' id='word_1_290' title='bbox 1738 990 1780 1025; x_wconf 92' lang='lat' dir='ltr'>et</span> <span class='ocrx_word' id='word_1_291' title='bbox 1799 985 1858 1025; x_wconf 89' lang='lat' dir='ltr'>in-</span> 
     </span>
     <span class='ocr_line' id='line_1_61' title="bbox 1138 1037 1858 1090; baseline 0.004 -13"><span class='ocrx_word' id='word_1_292' title='bbox 1138 1037 1307 1087; x_wconf 84' lang='lat' dir='ltr'>visibili,</span> <span class='ocrx_word' id='word_1_293' title='bbox 1328 1038 1410 1078; x_wconf 91' lang='grc'><strong>8011</strong></span> <span class='ocrx_word' id='word_1_294' title='bbox 1429 1039 1527 1079; x_wconf 92' lang='lat' dir='ltr'>Deo</span> <span class='ocrx_word' id='word_1_295' title='bbox 1547 1039 1688 1080; x_wconf 94' lang='lat' dir='ltr'>honor</span> <span class='ocrx_word' id='word_1_296' title='bbox 1708 1045 1751 1080; x_wconf 87' lang='lat' dir='ltr'>et</span> <span class='ocrx_word' id='word_1_297' title='bbox 1769 1040 1858 1090; x_wconf 82' lang='lat' dir='ltr'>glo-</span> 
     </span>
    </p>

    <p class='ocr_par' dir='ltr' id='par_1_24' title="bbox 1031 1092 1810 1136">
     <span class='ocr_line' id='line_1_62' title="bbox 1031 1092 1810 1136; baseline 0.005 -4"><span class='ocrx_word' id='word_1_298' title='bbox 1031 1092 1095 1132; x_wconf 87' lang='lat' dir='ltr'>ria</span> <span class='ocrx_word' id='word_1_299' title='bbox 1113 1093 1154 1132; x_wconf 93' lang='lat' dir='ltr'>in</span> <span class='ocrx_word' id='word_1_300' title='bbox 1176 1093 1337 1134; x_wconf 82' lang='lat' dir='ltr'>saeeula</span> <span class='ocrx_word' id='word_1_301' title='bbox 1358 1094 1629 1135; x_wconf 81' lang='lat' dir='ltr'>saeculorum.</span> <span class='ocrx_word' id='word_1_302' title='bbox 1658 1095 1810 1136; x_wconf 89' lang='lat' dir='ltr'>Amen.</span> 
     </span>
    </p>

    <p class='ocr_par' dir='ltr' id='par_1_25' title="bbox 1085 1148 1451 1199">
     <span class='ocr_line' id='line_1_63' title="bbox 1085 1148 1451 1199; baseline 0.006 -11"><span class='ocrx_word' id='word_1_303' title='bbox 1085 1148 1134 1199; x_wconf 93' lang='lat' dir='ltr'>R.</span> <span class='ocrx_word' id='word_1_304' title='bbox 1159 1149 1257 1189; x_wconf 93' lang='lat' dir='ltr'>Deo</span> <span class='ocrx_word' id='word_1_305' title='bbox 1277 1150 1451 1199; x_wconf 76' lang='lat' dir='ltr'>gratias.</span> 
     </span>
    </p>

    <p class='ocr_par' dir='ltr' id='par_1_26' title="bbox 1029 1176 1856 1587">
     <span class='ocr_line' id='line_1_64' title="bbox 1085 1176 1856 1255; baseline 0.007 -13"><span class='ocrx_word' id='word_1_306' title='bbox 1085 1204 1134 1254; x_wconf 95' lang='lat' dir='ltr'>R.</span> <span class='ocrx_word' id='word_1_307' title='bbox 1156 1203 1216 1243; x_wconf 88' lang='lat' dir='ltr'>br.</span> <span class='ocrx_word' id='word_1_308' title='bbox 1238 1205 1410 1246; x_wconf 90' lang='lat' dir='ltr'>Christe</span> <span class='ocrx_word' id='word_1_309' title='bbox 1430 1205 1511 1246; x_wconf 90' lang='lat' dir='ltr'>Fili</span> <span class='ocrx_word' id='word_1_310' title='bbox 1529 1206 1612 1247; x_wconf 92' lang='lat' dir='ltr'>Dei</span> <span class='ocrx_word' id='word_1_311' title='bbox 1632 1176 1728 1255; x_wconf 84' lang='lat' dir='ltr'>vivi,</span> <span class='ocrx_word' id='word_1_312' title='bbox 1743 1207 1763 1227; x_wconf 86' lang='lat'>*</span> <span class='ocrx_word' id='word_1_313' title='bbox 1782 1208 1856 1247; x_wconf 93' lang='lat' dir='ltr'>Mi—</span> 
     </span>
     <span class='ocr_line' id='line_1_65' title="bbox 1031 1239 1856 1329; baseline 0.006 -30"><span class='ocrx_word' id='word_1_314' title='bbox 1031 1261 1176 1300; x_wconf 83' lang='lat' dir='ltr'>serere</span> <span class='ocrx_word' id='word_1_315' title='bbox 1196 1260 1334 1301; x_wconf 88' lang='lat' dir='ltr'>nobis.</span> <span class='ocrx_word' id='word_1_316' title='bbox 1366 1261 1421 1300; x_wconf 89' lang='lat' dir='ltr'>Et</span> <span class='ocrx_word' id='word_1_317' title='bbox 1440 1261 1665 1329; x_wconf 81' lang='lat' dir='ltr'>repetitur:</span> <span class='ocrx_word' id='word_1_318' title='bbox 1686 1239 1856 1304; x_wconf 85' lang='lat' dir='ltr'>Christe</span> 
     </span>
     <span class='ocr_line' id='line_1_66' title="bbox 1030 1312 1856 1368; baseline 0.004 -13"><span class='ocrx_word' id='word_1_319' title='bbox 1030 1315 1111 1355; x_wconf 91' lang='lat' dir='ltr'>Fili</span> <span class='ocrx_word' id='word_1_320' title='bbox 1122 1316 1206 1356; x_wconf 91' lang='lat' dir='ltr'>Dei</span> <span class='ocrx_word' id='word_1_321' title='bbox 1217 1317 1312 1365; x_wconf 87' lang='lat' dir='ltr'>vivi,</span> <span class='ocrx_word' id='word_1_322' title='bbox 1328 1317 1534 1358; x_wconf 83' lang='lat' dir='ltr'>miserere</span> <span class='ocrx_word' id='word_1_323' title='bbox 1550 1317 1688 1359; x_wconf 91' lang='lat' dir='ltr'>nobis.</span> <span class='ocrx_word' id='word_1_324' title='bbox 1711 1312 1758 1363; x_wconf 71' lang='grc' dir='ltr'>Ψ.</span> <span class='ocrx_word' id='word_1_325' title='bbox 1773 1319 1856 1368; x_wconf 90' lang='lat' dir='ltr'>Qui</span> 
     </span>
     <span class='ocr_line' id='line_1_67' title="bbox 1030 1371 1855 1423; baseline 0.002 -11"><span class='ocrx_word' id='word_1_326' title='bbox 1030 1371 1158 1412; x_wconf 89' lang='lat' dir='ltr'>sedes</span> <span class='ocrx_word' id='word_1_327' title='bbox 1184 1371 1239 1413; x_wconf 92' lang='lat' dir='ltr'>ad</span> <span class='ocrx_word' id='word_1_328' title='bbox 1265 1371 1490 1413; x_wconf 80' lang='lat' dir='ltr'>dexteram</span> <span class='ocrx_word' id='word_1_329' title='bbox 1514 1374 1667 1414; x_wconf 91' lang='lat' dir='ltr'>Patris.</span> <span class='ocrx_word' id='word_1_330' title='bbox 1710 1373 1757 1423; x_wconf 83' lang='lat' dir='ltr'>R.</span> <span class='ocrx_word' id='word_1_331' title='bbox 1780 1374 1855 1414; x_wconf 92' lang='lat' dir='ltr'>Mi-</span> 
     </span>
     <span class='ocr_line' id='line_1_68' title="bbox 1030 1423 1855 1474; baseline 0.004 -7"><span class='ocrx_word' id='word_1_332' title='bbox 1030 1429 1175 1468; x_wconf 78' lang='lat' dir='ltr'>serere</span> <span class='ocrx_word' id='word_1_333' title='bbox 1208 1427 1346 1469; x_wconf 92' lang='lat' dir='ltr'>nobis.</span> <span class='ocrx_word' id='word_1_334' title='bbox 1392 1423 1440 1474; x_wconf 70' lang='grc' dir='ltr'>Ψ.</span> <span class='ocrx_word' id='word_1_335' title='bbox 1466 1429 1616 1469; x_wconf 72' lang='lat' dir='ltr'>GlOria</span> <span class='ocrx_word' id='word_1_336' title='bbox 1644 1430 1779 1474; x_wconf 77' lang='lat' dir='ltr'>Patri,</span> <span class='ocrx_word' id='word_1_337' title='bbox 1813 1435 1855 1470; x_wconf 91' lang='lat' dir='ltr'>et</span> 
     </span>
     <span class='ocr_line' id='line_1_69' title="bbox 1029 1483 1855 1536; baseline 0.005 -14"><span class='ocrx_word' id='word_1_338' title='bbox 1029 1483 1151 1531; x_wconf 79' lang='lat' dir='ltr'>Filio,</span> <span class='ocrx_word' id='word_1_339' title='bbox 1172 1488 1215 1524; x_wconf 90' lang='lat' dir='ltr'>et</span> <span class='ocrx_word' id='word_1_340' title='bbox 1229 1484 1406 1535; x_wconf 89' lang='lat' dir='ltr'>Spiritui</span> <span class='ocrx_word' id='word_1_341' title='bbox 1426 1490 1588 1525; x_wconf 89' lang='lat' dir='ltr'>sancto.</span> <span class='ocrx_word' id='word_1_342' title='bbox 1620 1485 1667 1536; x_wconf 89' lang='lat' dir='ltr'>R.</span> <span class='ocrx_word' id='word_1_343' title='bbox 1685 1485 1855 1526; x_wconf 89' lang='lat' dir='ltr'>Christe</span> 
     </span>
     <span class='ocr_line' id='line_1_70' title="bbox 1029 1538 1713 1587; baseline 0.003 -9"><span class='ocrx_word' id='word_1_344' title='bbox 1029 1538 1110 1578; x_wconf 90' lang='lat' dir='ltr'>Fili</span> <span class='ocrx_word' id='word_1_345' title='bbox 1128 1539 1212 1579; x_wconf 89' lang='lat' dir='ltr'>Dei</span> <span class='ocrx_word' id='word_1_346' title='bbox 1232 1539 1329 1587; x_wconf 85' lang='lat' dir='ltr'>vivi,</span> <span class='ocrx_word' id='word_1_347' title='bbox 1348 1540 1555 1581; x_wconf 82' lang='lat' dir='ltr'>miserere</span> <span class='ocrx_word' id='word_1_348' title='bbox 1575 1540 1713 1581; x_wconf 86' lang='lat' dir='ltr'>nobis.</span> 
     </span>
    </p>

    <p class='ocr_par' dir='ltr' id='par_1_27' title="bbox 1027 1588 1854 1747">
     <span class='ocr_line' id='line_1_71' title="bbox 1083 1588 1854 1646; baseline 0.004 -13"><span class='ocrx_word' id='word_1_349' title='bbox 1083 1588 1132 1639; x_wconf 78' lang='grc' dir='ltr'>Ψ.</span> <span class='ocrx_word' id='word_1_350' title='bbox 1148 1595 1347 1645; x_wconf 85' lang='lat' dir='ltr'>Exsurge</span> <span class='ocrx_word' id='word_1_351' title='bbox 1372 1595 1557 1644; x_wconf 87' lang='lat' dir='ltr'>Christe,</span> <span class='ocrx_word' id='word_1_352' title='bbox 1584 1595 1739 1646; x_wconf 71' lang='lat' dir='ltr'>adjuva</span> <span class='ocrx_word' id='word_1_353' title='bbox 1763 1610 1854 1636; x_wconf 91' lang='lat' dir='ltr'>nos.</span> 
     </span>
     <span class='ocr_line' id='line_1_72' title="bbox 1031 1649 1854 1703; baseline 0.005 -15"><span class='ocrx_word' id='word_1_354' title='bbox 1031 1649 1081 1700; x_wconf 90' lang='lat' dir='ltr'>R.</span> <span class='ocrx_word' id='word_1_355' title='bbox 1110 1650 1166 1691; x_wconf 93' lang='lat' dir='ltr'>Et</span> <span class='ocrx_word' id='word_1_356' title='bbox 1198 1650 1335 1691; x_wconf 87' lang='lat' dir='ltr'>libera</span> <span class='ocrx_word' id='word_1_357' title='bbox 1369 1663 1449 1691; x_wconf 87' lang='lat' dir='ltr'>nos</span> <span class='ocrx_word' id='word_1_358' title='bbox 1482 1656 1664 1703; x_wconf 90' lang='lat' dir='ltr'>propter</span> <span class='ocrx_word' id='word_1_359' title='bbox 1696 1664 1854 1692; x_wconf 92' lang='lat' dir='ltr'>nomen</span> 
     </span>
     <span class='ocr_line' id='line_1_73' title="bbox 1027 1711 1161 1747; baseline -0.015 0"><span class='ocrx_word' id='word_1_360' title='bbox 1027 1711 1161 1747; x_wconf 85' lang='lat' dir='ltr'>tuum.</span> 
     </span>
    </p>
   </div>
   <div class='ocr_carea' id='block_1_9' title="bbox 1028 1769 1855 1993">
    <p class='ocr_par' dir='ltr' id='par_1_28' title="bbox 1028 1769 1855 1993">
     <span class='ocr_line' id='line_1_74' title="bbox 1083 1769 1853 1811; baseline 0 -9"><span class='ocrx_word' id='word_1_361' title='bbox 1083 1769 1295 1811; x_wconf 82' lang='lat' dir='ltr'>Sequentes</span> <span class='ocrx_word' id='word_1_362' title='bbox 1326 1769 1465 1803; x_wconf 85' lang='lat' dir='ltr'>Preces</span> <span class='ocrx_word' id='word_1_363' title='bbox 1498 1780 1573 1803; x_wconf 88' lang='lat' dir='ltr'>non</span> <span class='ocrx_word' id='word_1_364' title='bbox 1608 1770 1786 1802; x_wconf 86' lang='lat' dir='ltr'>dicuntur</span> <span class='ocrx_word' id='word_1_365' title='bbox 1818 1770 1853 1802; x_wconf 89' lang='lat' dir='ltr'>in</span> 
     </span>
     <span class='ocr_line' id='line_1_75' title="bbox 1030 1816 1855 1859; baseline 0 -10"><span class='ocrx_word' id='word_1_366' title='bbox 1030 1816 1142 1859; x_wconf 89' lang='lat' dir='ltr'>Dupl.</span> <span class='ocrx_word' id='word_1_367' title='bbox 1175 1827 1243 1850; x_wconf 89' lang='grc'><strong>1166</strong></span> <span class='ocrx_word' id='word_1_368' title='bbox 1276 1817 1375 1850; x_wconf 85' lang='lat' dir='ltr'>infra</span> <span class='ocrx_word' id='word_1_369' title='bbox 1405 1816 1499 1852; x_wconf 69' lang='lat' dir='ltr'>Oct:</span> <span class='ocrx_word' id='word_1_370' title='bbox 1531 1817 1599 1850; x_wconf 81' lang='lat' dir='ltr'>sed</span> <span class='ocrx_word' id='word_1_371' title='bbox 1631 1822 1718 1850; x_wconf 83' lang='lat' dir='ltr'>tunc</span> <span class='ocrx_word' id='word_1_372' title='bbox 1753 1817 1855 1850; x_wconf 86' lang='lat' dir='ltr'>dicto</span> 
     </span>
     <span class='ocr_line' id='line_1_76' title="bbox 1028 1863 1855 1907; baseline 0 -10"><span class='ocrx_word' id='word_1_373' title='bbox 1028 1864 1072 1907; x_wconf 89' lang='lat' dir='ltr'><strong>R.</strong></span> <span class='ocrx_word' id='word_1_374' title='bbox 1097 1865 1151 1897; x_wconf 89' lang='lat' dir='ltr'>br.</span> <span class='ocrx_word' id='word_1_375' title='bbox 1182 1864 1323 1897; x_wconf 87' lang='lat' dir='ltr'>dieitur</span> <span class='ocrx_word' id='word_1_376' title='bbox 1345 1863 1536 1899; x_wconf 80' lang='lat' dir='ltr'>Dominus</span> <span class='ocrx_word' id='word_1_377' title='bbox 1568 1866 1778 1900; x_wconf 86' lang='lat' dir='ltr'>vobiscum.</span> <span class='ocrx_word' id='word_1_378' title='bbox 1820 1870 1855 1897; x_wconf 81' lang='lat' dir='ltr'>et</span> 
     </span>
     <span class='ocr_line' id='line_1_77' title="bbox 1031 1911 1855 1956; baseline -0.001 -12"><span class='ocrx_word' id='word_1_379' title='bbox 1031 1911 1162 1945; x_wconf 83' lang='lat' dir='ltr'>Oratio</span> <span class='ocrx_word' id='word_1_380' title='bbox 1194 1911 1360 1946; x_wconf 81' lang='lat' dir='ltr'>Domine</span> <span class='ocrx_word' id='word_1_381' title='bbox 1388 1912 1494 1946; x_wconf 90' lang='lat' dir='ltr'>Deus</span> <span class='ocrx_word' id='word_1_382' title='bbox 1527 1913 1779 1956; x_wconf 87' lang='lat' dir='ltr'>omnipotens.</span> <span class='ocrx_word' id='word_1_383' title='bbox 1817 1918 1855 1944; x_wconf 87' lang='lat' dir='ltr'>ut</span> 
     </span>
     <span class='ocr_line' id='line_1_78' title="bbox 1028 1958 1210 1993; baseline 0.011 -2"><span class='ocrx_word' id='word_1_384' title='bbox 1028 1958 1137 1991; x_wconf 76' lang='lat' dir='ltr'>infra.</span> <span class='ocrx_word' id='word_1_385' title='bbox 1158 1959 1210 1993; x_wconf 78' lang='lat'>24.</span> 
     </span>
    </p>
   </div>
   <div class='ocr_carea' id='block_1_10' title="bbox 1023 2013 1853 2735">
    <p class='ocr_par' dir='ltr' id='par_1_29' title="bbox 1026 2013 1850 2125">
     <span class='ocr_line' id='line_1_79' title="bbox 1026 2013 1850 2119; baseline 0.004 -61"><span class='ocrx_word' id='word_1_386' title='bbox 1026 2013 1218 2119; x_wconf 74' lang='lat' dir='ltr'>Kyrie</span> <span class='ocrx_word' id='word_1_387' title='bbox 1250 2018 1423 2059; x_wconf 81' lang='lat' dir='ltr'>eleison.</span> <span class='ocrx_word' id='word_1_388' title='bbox 1469 2019 1642 2060; x_wconf 92' lang='lat' dir='ltr'>Christe</span> <span class='ocrx_word' id='word_1_389' title='bbox 1677 2020 1850 2061; x_wconf 79' lang='lat' dir='ltr'>eleison.</span> 
     </span>
     <span class='ocr_line' id='line_1_80' title="bbox 1158 2073 1481 2125; baseline 0.006 -13"><span class='ocrx_word' id='word_1_390' title='bbox 1158 2073 1287 2125; x_wconf 89' lang='lat' dir='ltr'>Kyrie</span> <span class='ocrx_word' id='word_1_391' title='bbox 1308 2074 1481 2115; x_wconf 79' lang='lat' dir='ltr'>eleison.</span> 
     </span>
    </p>

    <p class='ocr_par' dir='ltr' id='par_1_30' title="bbox 1025 2128 1852 2292">
     <span class='ocr_line' id='line_1_81' title="bbox 1081 2128 1852 2179; baseline -0.003 -9"><span class='ocrx_word' id='word_1_392' title='bbox 1081 2128 1207 2170; x_wconf 87' lang='lat' dir='ltr'>Pater</span> <span class='ocrx_word' id='word_1_393' title='bbox 1234 2135 1392 2171; x_wconf 90' lang='lat' dir='ltr'>noster.</span> <span class='ocrx_word' id='word_1_394' title='bbox 1427 2135 1597 2168; x_wconf 90' lang='lat' dir='ltr'>secreto</span> <span class='ocrx_word' id='word_1_395' title='bbox 1634 2142 1770 2179; x_wconf 86' lang='lat' dir='ltr'>usque</span> <span class='ocrx_word' id='word_1_396' title='bbox 1800 2128 1852 2168; x_wconf 87' lang='lat' dir='ltr'>ad</span> 
     </span>
     <span class='ocr_line' id='line_1_82' title="bbox 1029 2178 1847 2229; baseline 0.006 -7"><span class='ocrx_word' id='word_1_397' title='bbox 1029 2178 1079 2229; x_wconf 81' lang='grc' dir='ltr'><em>Ψ</em></span> <span class='ocrx_word' id='word_1_398' title='bbox 1104 2185 1160 2226; x_wconf 93' lang='lat' dir='ltr'>Et</span> <span class='ocrx_word' id='word_1_399' title='bbox 1187 2199 1242 2226; x_wconf 93' lang='lat' dir='ltr'>ne</span> <span class='ocrx_word' id='word_1_400' title='bbox 1269 2198 1348 2226; x_wconf 91' lang='lat' dir='ltr'>nos</span> <span class='ocrx_word' id='word_1_401' title='bbox 1377 2185 1593 2227; x_wconf 84' lang='lat' dir='ltr'>inducas</span> <span class='ocrx_word' id='word_1_402' title='bbox 1582 2199 1624 2225; x_wconf 89' lang='lat' dir='ltr'>m</span> <span class='ocrx_word' id='word_1_403' title='bbox 1649 2187 1847 2227; x_wconf 86' lang='lat' dir='ltr'>tentatio-</span> 
     </span>
     <span class='ocr_line' id='line_1_83' title="bbox 1025 2240 1763 2292; baseline 0.003 -12"><span class='ocrx_word' id='word_1_404' title='bbox 1025 2253 1135 2281; x_wconf 90' lang='lat' dir='ltr'>nem.</span> <span class='ocrx_word' id='word_1_405' title='bbox 1166 2241 1214 2292; x_wconf 81' lang='lat' dir='ltr'>R·</span> <span class='ocrx_word' id='word_1_406' title='bbox 1231 2240 1319 2282; x_wconf 92' lang='lat' dir='ltr'>Sed</span> <span class='ocrx_word' id='word_1_407' title='bbox 1337 2240 1474 2282; x_wconf 90' lang='lat' dir='ltr'>libera</span> <span class='ocrx_word' id='word_1_408' title='bbox 1493 2254 1574 2282; x_wconf 91' lang='lat' dir='ltr'>nos</span> <span class='ocrx_word' id='word_1_409' title='bbox 1594 2254 1619 2281; x_wconf 92' lang='lat' dir='ltr'>a</span> <span class='ocrx_word' id='word_1_410' title='bbox 1638 2241 1763 2282; x_wconf 86' lang='lat' dir='ltr'>malo.</span> 
     </span>
    </p>

    <p class='ocr_par' dir='ltr' id='par_1_31' title="bbox 1024 2296 1853 2449">
     <span class='ocr_line' id='line_1_84' title="bbox 1071 2296 1853 2344; baseline -0.004 -9"><span class='ocrx_word' id='word_1_411' title='bbox 1071 2296 1218 2338; x_wconf 86' lang='lat' dir='ltr'>Credo</span> <span class='ocrx_word' id='word_1_412' title='bbox 1248 2297 1291 2336; x_wconf 91' lang='lat' dir='ltr'>in</span> <span class='ocrx_word' id='word_1_413' title='bbox 1319 2296 1471 2337; x_wconf 90' lang='lat' dir='ltr'>Deum.</span> <span class='ocrx_word' id='word_1_414' title='bbox 1512 2301 1681 2334; x_wconf 86' lang='lat' dir='ltr'>secreto</span> <span class='ocrx_word' id='word_1_415' title='bbox 1717 2307 1853 2344; x_wconf 86' lang='lat' dir='ltr'>usque</span> 
     </span>
     <span class='ocr_line' id='line_1_85' title="bbox 1028 2347 1847 2401; baseline 0.001 -11"><span class='ocrx_word' id='word_1_416' title='bbox 1028 2350 1084 2391; x_wconf 85' lang='lat' dir='ltr'>ad</span> <span class='ocrx_word' id='word_1_417' title='bbox 1095 2347 1144 2397; x_wconf 81' lang='grc' dir='ltr'>Ψ.</span> <span class='ocrx_word' id='word_1_418' title='bbox 1155 2353 1306 2393; x_wconf 90' lang='lat' dir='ltr'>Carnis</span> <span class='ocrx_word' id='word_1_419' title='bbox 1322 2352 1696 2393; x_wconf 80' lang='lat' dir='ltr'>resurrectionem.</span> <span class='ocrx_word' id='word_1_420' title='bbox 1722 2350 1847 2401; x_wconf 90' lang='lat' dir='ltr'><strong>R·.Vi-</strong></span> 
     </span>
     <span class='ocr_line' id='line_1_86' title="bbox 1024 2409 1534 2449; baseline -0.002 -1"><span class='ocrx_word' id='word_1_421' title='bbox 1024 2412 1114 2448; x_wconf 88' lang='lat' dir='ltr'>tam</span> <span class='ocrx_word' id='word_1_422' title='bbox 1134 2410 1353 2449; x_wconf 80' lang='lat' dir='ltr'>aeternam.</span> <span class='ocrx_word' id='word_1_423' title='bbox 1383 2409 1534 2448; x_wconf 89' lang='lat' dir='ltr'>Amen.</span> 
     </span>
    </p>

    <p class='ocr_par' dir='ltr' id='par_1_32' title="bbox 1026 2458 1846 2570">
     <span class='ocr_line' id='line_1_87' title="bbox 1080 2458 1846 2513; baseline -0.007 -5"><span class='ocrx_word' id='word_1_424' title='bbox 1080 2458 1129 2508; x_wconf 67' lang='lat' dir='ltr'>V</span> <span class='ocrx_word' id='word_1_425' title='bbox 1142 2464 1199 2504; x_wconf 89' lang='lat' dir='ltr'>Et</span> <span class='ocrx_word' id='word_1_426' title='bbox 1219 2476 1301 2513; x_wconf 89' lang='lat' dir='ltr'>ego</span> <span class='ocrx_word' id='word_1_427' title='bbox 1323 2463 1378 2504; x_wconf 89' lang='lat' dir='ltr'>ad</span> <span class='ocrx_word' id='word_1_428' title='bbox 1393 2468 1436 2504; x_wconf 93' lang='lat' dir='ltr'>te</span> <span class='ocrx_word' id='word_1_429' title='bbox 1451 2463 1638 2504; x_wconf 80' lang='lat' dir='ltr'>D6mine</span> <span class='ocrx_word' id='word_1_430' title='bbox 1654 2463 1846 2504; x_wconf 81' lang='lat' dir='ltr'>clamavi.</span> 
     </span>
     <span class='ocr_line' id='line_1_88' title="bbox 1026 2517 1844 2570; baseline -0.001 -10"><span class='ocrx_word' id='word_1_431' title='bbox 1026 2517 1078 2568; x_wconf 90' lang='lat' dir='ltr'>R.</span> <span class='ocrx_word' id='word_1_432' title='bbox 1080 2519 1137 2560; x_wconf 90' lang='lat' dir='ltr'>Et</span> <span class='ocrx_word' id='word_1_433' title='bbox 1146 2532 1273 2560; x_wconf 89' lang='lat' dir='ltr'>mane</span> <span class='ocrx_word' id='word_1_434' title='bbox 1285 2519 1425 2559; x_wconf 77' lang='lat' dir='ltr'>oratio</span> <span class='ocrx_word' id='word_1_435' title='bbox 1437 2531 1534 2559; x_wconf 88' lang='lat' dir='ltr'>mea</span> <span class='ocrx_word' id='word_1_436' title='bbox 1544 2531 1665 2570; x_wconf 88' lang='lat' dir='ltr'>praev</span> <span class='ocrx_word' id='word_1_437' title='bbox 1668 2519 1782 2559; x_wconf 82' lang='lat' dir='ltr'>eniet</span> <span class='ocrx_word' id='word_1_438' title='bbox 1792 2524 1844 2559; x_wconf 92' lang='lat' dir='ltr'>te.</span> 
     </span>
    </p>

    <p class='ocr_par' dir='ltr' id='par_1_33' title="bbox 1023 2568 1844 2735">
     <span class='ocr_line' id='line_1_89' title="bbox 1080 2568 1844 2627; baseline 0.001 -15"><span class='ocrx_word' id='word_1_439' title='bbox 1080 2568 1128 2619; x_wconf 88' lang='grc' dir='ltr'><em>Ψ</em></span> <span class='ocrx_word' id='word_1_440' title='bbox 1165 2574 1404 2627; x_wconf 70' lang='grc' dir='ltr'><strong>Β6ρ16έ11111</strong></span> <span class='ocrx_word' id='word_1_441' title='bbox 1441 2586 1491 2614; x_wconf 89' lang='grc'><strong>08</strong></span> <span class='ocrx_word' id='word_1_442' title='bbox 1527 2587 1670 2614; x_wconf 92' lang='lat' dir='ltr'>meum</span> <span class='ocrx_word' id='word_1_443' title='bbox 1708 2571 1844 2613; x_wconf 89' lang='lat' dir='ltr'>laude.</span> 
     </span>
     <span class='ocr_line' id='line_1_90' title="bbox 1026 2629 1843 2682; baseline -0.004 -11"><span class='ocrx_word' id='word_1_444' title='bbox 1026 2630 1076 2682; x_wconf 90' lang='lat' dir='ltr'>R.</span> <span class='ocrx_word' id='word_1_445' title='bbox 1100 2630 1159 2671; x_wconf 84' lang='lat' dir='ltr'>Ut</span> <span class='ocrx_word' id='word_1_446' title='bbox 1186 2635 1357 2671; x_wconf 90' lang='lat' dir='ltr'>cantem</span> <span class='ocrx_word' id='word_1_447' title='bbox 1385 2629 1567 2679; x_wconf 82' lang='lat' dir='ltr'>gloriam</span> <span class='ocrx_word' id='word_1_448' title='bbox 1591 2634 1724 2675; x_wconf 91' lang='lat' dir='ltr'>tuam,</span> <span class='ocrx_word' id='word_1_449' title='bbox 1752 2633 1843 2668; x_wconf 88' lang='lat' dir='ltr'>tota</span> 
     </span>
     <span class='ocr_line' id='line_1_91' title="bbox 1023 2684 1600 2735; baseline -0.003 -10"><span class='ocrx_word' id='word_1_450' title='bbox 1023 2684 1092 2726; x_wconf 93' lang='lat' dir='ltr'>die</span> <span class='ocrx_word' id='word_1_451' title='bbox 1111 2684 1453 2735; x_wconf 81' lang='lat' dir='ltr'>magnitudinem</span> <span class='ocrx_word' id='word_1_452' title='bbox 1472 2690 1600 2724; x_wconf 89' lang='lat' dir='ltr'>tuam.</span> 
     </span>
    </p>
   </div>
  </div>
 </body>
</html>
