2040 2990
604 209 673 243 Die
697 210 755 243 30.
782 210 876 243 Nov.
924 209 959 243 S.
984 210 1149 243 Andreae
1176 211 1363 253 Apostoli.

191 311 229 351 5.
250 307 333 359 Qui
350 306 724 359 persequebantur
742 307 915 358 justum,
932 307 957 334 *

139 361 385 405 demersisti
409 375 484 404 eos
503 363 690 404 Domine
713 363 757 404 in
780 363 957 414 inferno,

140 422 184 461 et
200 418 244 459 in
262 418 380 471 ligno
400 419 540 461 crucis
560 419 649 461 dux
666 420 766 471 justi
784 419 912 461 fuisti.

217 498 474 551 Capitulum.
627 498 747 537 Rom.
762 498 824 537 10.
839 497 877 537 b.

138 555 369 662 Fratres:
396 560 539 603 Corde
559 560 672 602 enim
691 558 883 600 creditur
902 558 959 600 ad

225 616 443 668 justitiam,
472 630 548 658 ore
574 621 718 658 autem
742 615 958 656 confessio

138 673 189 714 fit
209 672 265 714 ad
284 673 478 715 salutem.
499 674 618 715 Dicit
637 672 750 714 enim
768 671 958 723 Scriptu-

139 742 204 770 ra:
228 729 390 779 Omnis,
411 730 484 782 qui
502 729 642 771 credit
659 729 703 769 in
719 728 851 777 illum,
872 740 959 768 non

140 784 438 827 confundetur.

442 857 650 907 Hymnus.

246 921 410 962 xsultet
428 920 546 962 orbis
563 920 748 972 gaudiis:

261 977 431 1018 Coelum
449 977 630 1019 resultet
648 976 865 1018 laudibus:

218 1033 534 1086 Apostolorum
553 1033 736 1084 gloriam

168 1143 169 1146 Ἴ
218 1089 368 1131 Tellus
388 1094 431 1131 et
450 1095 567 1131 astra
586 1090 828 1131 concinunt.

166 1155 260 1196 Vos
278 1154 538 1196 saeculorum
556 1154 731 1207 judices,

216 1211 274 1252 Et
290 1224 394 1253 vera
411 1211 562 1254 mundi
579 1211 756 1253 himina:

215 1267 345 1309 Votis
364 1270 595 1320 precamur
614 1267 823 1318 cordium,

217 1323 380 1366 Audite
399 1337 531 1366 voces
550 1324 807 1377 supplicum.

143 1388 253 1437 -Qui
273 1388 437 1441 templa
456 1389 557 1430 coeli
576 1388 788 1439 clauditis,

218 1445 434 1497 Serasque
452 1444 586 1487 verbo
606 1445 785 1496 solvitis,

217 1500 312 1542 Nos
331 1513 356 1542 a
374 1502 498 1542 reatu
515 1501 672 1543 noxios

217 1556 337 1598 Solvi
355 1556 508 1608 jubete,
529 1559 787 1609 quaesumus.

166 1621 395 1674 Praecepta
414 1634 597 1674 quorum
615 1622 813 1674 protinus

218 1678 422 1729 Languor
443 1678 648 1730 salusque
667 1678 872 1719 sentiunt:

217 1734 376 1776 Sanate
394 1739 563 1776 mentes
582 1734 824 1785 languidas3

219 1790 390 1842 Augete
410 1804 491 1833 nos
510 1791 757 1832 virtutibus.

167 1854 235 1906 Ut,
255 1868 355 1897 cum
373 1854 532 1897 redibit
550 1855 728 1897 Arbiter

218 1912 269 1952 In
287 1912 373 1953 fine
393 1911 591 1953 Christus
610 1910 767 1961 saeculi,

217 1968 312 2009 Nos
331 1967 583 2020 sempiterni
601 1967 749 2019 gaudii

220 2023 442 2066 Concedat
461 2037 558 2066 esse
577 2026 814 2076 compotes,

171 2087 297 2140 Patri,
316 2088 530 2141 simulque
548 2088 671 2138 Filio,

218 2144 406 2197 Tibique
426 2149 573 2186 sancte
592 2144 788 2197 Spiritus,

219 2201 338 2243 Sicut
356 2201 447 2251 fuit,
466 2201 522 2243 sit
539 2201 693 2254 jugiter

219 2258 405 2300 Saeclum
425 2271 504 2311 per
524 2271 652 2300 omne
669 2258 818 2310 gloria.

448 2314 600 2356 Amen.

196 2377 248 2426 V.
284 2378 659 2421 Annuntiaverunt
700 2381 833 2432 opera
867 2380 960 2421 Dei.

146 2435 197 2486 R.
217 2433 273 2475 Et
295 2434 409 2476 facta
431 2436 521 2486 ejus
544 2435 859 2477 intellexerunt.

197 2497 268 2538 Ad
286 2497 446 2539 Bened.
480 2499 576 2539 Ant.
609 2497 812 2541 Concede
834 2498 960 2540 nobis

145 2550 363 2594 hominem
384 2554 555 2606 justum,
579 2554 715 2596 redde
738 2555 863 2596 nobis
886 2555 959 2595 ho-

145 2608 305 2649 minem
323 2615 531 2652 sanctum:
555 2624 608 2652 ne
630 2611 864 2653 interficias
886 2611 959 2651 ho-

145 2664 304 2705 minem
330 2666 426 2707 Deo
454 2679 618 2717 carum,
646 2668 819 2719 justum,
846 2680 960 2708 man-

146 2722 327 2772 suetum,
347 2726 390 2763 et
407 2722 538 2775 pium.

1340 307 1500 346 Oratio.

1009 357 1341 463 Maiestatem
1368 369 1487 406 tuam
1513 364 1698 405 Domine
1727 375 1824 415 sup-

1137 422 1307 474 pliciter
1344 423 1586 463 exoramus:
1630 425 1679 461 ut
1715 419 1826 460 sicut

1008 478 1217 519 Ecclesiae
1231 483 1319 519 tuae
1334 477 1488 519 beatus
1499 477 1697 518 Andreas
1708 476 1778 528 Ap
1784 477 1825 517 o-

1010 534 1147 576 stolus
1185 534 1351 576 exstitit
1385 534 1648 586 praedicator
1686 537 1727 574 et
1763 545 1825 573 re-

1011 596 1120 641 ctor3
1139 591 1199 632 ita
1217 590 1334 643 apud
1353 595 1396 632 te
1416 591 1471 632 sit
1489 603 1569 643 pro
1588 589 1713 631 nobis
1732 601 1826 641 per-

1009 649 1166 699 petuus
1184 647 1457 689 intercessor.
1484 648 1567 688 Per
1583 646 1827 686 Dominum.

1063 709 1107 742 Et
1132 710 1170 742 fit
1195 719 1387 742 commem.
1414 709 1543 742 Fcriac.

1278 773 1345 809 Ad
1367 772 1568 809 Tertiam.

1064 830 1160 869 Ant.
1191 829 1352 871 Beatus
1379 829 1588 871 Andreas.

1064 885 1199 936 Capit.
1223 885 1412 927 Fratres:
1443 885 1595 928 Corde.
1618 893 1661 925 ut
1687 898 1826 935 supra.

1064 942 1113 992 Rg.
1138 941 1199 982 br.
1238 942 1288 982 In
1315 954 1487 983 omnem
1514 948 1674 984 terram
1698 944 1719 966 *
1748 944 1829 984 Ex-

1011 996 1090 1037 ivit
1105 1009 1236 1038 sonus
1252 999 1413 1039 eorum.
1440 999 1490 1039 In
1506 1011 1688 1040 omnem.
1711 992 1759 1042 Ψ
1775 1001 1831 1041 Et

1011 1052 1055 1092 in
1081 1052 1190 1094 fines
1218 1053 1335 1095 orbis
1363 1059 1492 1096 terrae
1518 1055 1652 1097 verba
1670 1058 1830 1097 eorum.

1012 1109 1168 1150 Exivit.
1196 1109 1344 1151 Gloria
1361 1111 1490 1152 Patri.
1518 1112 1568 1151 In
1588 1124 1770 1153 omnem.

1063 1160 1112 1211 V.
1142 1165 1390 1208 Constitues
1417 1180 1493 1208 eos
1518 1168 1736 1220 principes
1764 1182 1828 1209 su-

1012 1233 1091 1272 per
1120 1233 1293 1263 omnem
1322 1227 1492 1264 terram.
1536 1226 1580 1277 Ιζι.
1614 1224 1829 1266 Memores

1013 1282 1139 1319 erunt
1157 1278 1341 1319 nominis
1360 1280 1423 1321 tui
1441 1280 1637 1322 Domine.

1283 1358 1350 1393 Ad
1372 1358 1557 1395 Sextam.

1067 1409 1163 1449 Ant.
1192 1409 1389 1451 Andreas
1417 1410 1574 1452 Christi
1600 1411 1796 1452 famulus.

1090 1468 1345 1519 Capitulum.
1504 1468 1624 1506 Rom.
1640 1468 1702 1506 w.
1719 1480 1750 1506 c.

1011 1520 1164 1627 Non
1198 1527 1311 1568 enim
1345 1531 1412 1568 est
1443 1526 1663 1569 distinctio
1691 1528 1830 1569 Judaei

1124 1587 1167 1624 et
1186 1583 1343 1624 Graeci:
1366 1596 1466 1624 nam
1485 1583 1599 1625 idem
1618 1584 1831 1626 Dominus

1013 1639 1216 1689 omnium,
1236 1639 1358 1681 dives
1376 1640 1419 1680 in
1439 1653 1599 1690 omnes,
1622 1641 1694 1692 qui
1713 1643 1830 1682 invo-

1013 1700 1112 1736 cant
1136 1695 1267 1736 illum.
1305 1697 1454 1738 Omnis
1481 1697 1611 1746 enim,
1641 1698 1830 1749 quicum-

1014 1764 1098 1803 que
1137 1752 1405 1794 invocaverit
1444 1766 1600 1794 nomen
1639 1754 1830 1802 Domini,

1013 1807 1157 1848 salvus
1178 1808 1269 1849 erit.

1066 1865 1114 1915 Rg.
1131 1863 1191 1903 br.
1211 1863 1459 1905 Constitues
1478 1876 1554 1904 eos
1572 1865 1790 1917 principes
1805 1858 1825 1879 *

1011 1919 1149 1971 Super
1174 1931 1345 1960 omnem
1367 1924 1538 1961 terram.
1572 1920 1829 1963 Constitues.

1013 1971 1061 2022 Y.
1075 1975 1292 2016 Memores
1308 1980 1432 2017 erunt
1446 1976 1631 2017 nominis
1646 1978 1708 2018 tui
1722 1978 1828 2019 Dfie.

1011 2031 1160 2098 Super.
1216 2031 1367 2072 Gloria
1392 2032 1522 2074 Patri.
1570 2033 1829 2075 Constitues.

1064 2087 1113 2133 Y.
1157 2086 1297 2141 Nimis
1332 2087 1533 2130 honorati
1569 2094 1669 2131 sunt
1704 2090 1830 2131 amici

1010 2141 1074 2182 tui
1091 2142 1222 2183 Deus.
1256 2144 1301 2194 Ru
1316 2143 1455 2185 Nimis
1476 2145 1743 2187 confortatus
1764 2151 1829 2187 est

1010 2197 1276 2250 principatus
1296 2201 1456 2241 eorum.

1287 2273 1354 2309 Ad
1377 2274 1558 2310 Nonam.

1064 2327 1162 2367 Ant.
1177 2328 1263 2376 Qui
1275 2330 1646 2383 persequebantur
1659 2331 1826 2382 justum.

1091 2387 1348 2438 Capitulum.
1501 2386 1623 2424 Rom.
1641 2385 1700 2422 10.
1717 2396 1750 2422 c.

1014 2437 1172 2541 Isaias
1210 2447 1323 2488 enim
1357 2447 1474 2489 dicit:
1511 2447 1696 2488 Domine
1732 2447 1826 2499 quis

1079 2501 1262 2544 credidit
1298 2503 1462 2545 auditui
1496 2502 1668 2545 nostro?
1710 2504 1825 2553 Ergo

1010 2556 1120 2598 fides
1140 2570 1194 2599 ex
1212 2558 1377 2609 auditu,
1397 2559 1569 2601 auditus
1588 2564 1731 2600 autem
1748 2570 1827 2610 per

1010 2612 1190 2654 verbum
1219 2614 1388 2657 Christi.
1432 2614 1518 2656 Sed
1549 2614 1663 2656 dico:
1694 2614 1824 2655 Num-

1001 2669 1117 2720 quid
1146 2683 1235 2711 non
1266 2670 1516 2712 audierunt?
1563 2671 1619 2711 Et
1652 2669 1825 2722 quidem

1010 2724 1054 2765 in
1078 2737 1249 2767 omnem
1272 2731 1432 2768 terram
1455 2727 1587 2768 exivit
1606 2738 1735 2767 sonus
1755 2727 1824 2766 eo-
