2080 2990
583 203 719 240 Quintu
748 202 807 235 die
835 203 929 235 infra
956 206 1033 235 Uet.
1062 203 1207 236 Immac.
1234 204 1347 236 Cone.
1376 203 1411 236 Β.
1438 203 1481 236 M.
1506 203 1546 237 V.

216 297 331 338 omni
376 309 479 338 cura
521 297 829 350 Conceptionis
874 298 1035 340 cultum

214 352 548 404 amplificantes,
592 354 706 395 illius
749 355 878 396 etiam
923 354 1034 406 obje-

215 414 331 450 ctum
359 422 410 451 ac
442 409 686 451 doctrinam
718 410 958 459 declarare,
993 415 1035 452 et

213 465 431 507 inculcare
488 466 805 519 impensissime
862 467 1033 508 studue-

214 527 324 563 runt.
360 522 532 564 Etenim
558 522 672 564 clare
698 525 935 575 aperteque
961 523 1033 564 do-

217 580 354 628 cuere,
376 580 533 620 festum
553 580 622 631 agi
642 578 696 621 de
716 580 906 630 Virginis
927 580 1035 621 Con-

216 636 437 688 ceptione,
469 641 600 688 atque
630 637 692 677 uti
723 636 874 677 falsam
907 640 951 677 et
981 636 1034 677 ab

214 692 423 733 Ecclesiae
443 698 588 734 mente
612 692 916 734 alienissimam
936 704 1034 744 pro—

215 749 484 801 scripserunt
506 749 677 790 illorum
696 749 943 801 opinionem
963 749 1035 800 qui

214 817 301 846 non
319 806 659 858 Conceptionem
678 806 827 857 ipsam,
848 805 926 846 sed.
940 818 1033 846 san-

215 861 522 903 ctificationem
541 862 594 903 ab
610 862 806 903 Ecclesia
826 861 909 902 coli
927 861 1035 903 arbi-

213 919 430 959 trarentur
450 923 493 960 et
513 918 789 960 affirmarent.

273 976 320 1025 Ην.
334 975 428 1025 Ego
450 987 504 1016 ex
524 988 599 1016 ore
619 974 833 1016 Altissimi
852 975 1035 1028 prodivi,

214 1031 504 1083 primogenita
536 1038 636 1072 ante
668 1044 843 1073 omnem
870 1035 1034 1073 creatu-

214 1100 320 1128 ram:
348 1100 429 1138 ego
454 1088 536 1129 feci
560 1088 603 1128 in
630 1088 752 1129 coelis
778 1094 826 1130 ut
852 1089 1037 1130 oriretur

214 1143 360 1185 lumen
376 1144 640 1186 indeficiens.
658 1147 678 1169 *
692 1145 899 1187 Nondum
915 1150 1037 1187 erant

215 1200 376 1261 abyssi,
400 1206 443 1242 et
467 1214 547 1252 ego
567 1202 651 1253 jam
674 1204 888 1255 concepta
908 1215 1036 1244 eram.

220 1250 268 1301 Y.
292 1258 412 1299 Deus
438 1259 551 1299 enim
576 1259 738 1300 creavit
761 1271 830 1300 me
854 1259 898 1299 in
920 1260 1035 1310 justi-

215 1314 289 1364 tia,
314 1318 357 1355 et
380 1314 668 1367 apprehendit
689 1328 864 1356 manum
884 1328 1037 1366 meam,

216 1375 259 1412 et
278 1372 469 1412 servavit
488 1384 568 1413 me.
595 1371 815 1414 Nondum.

527 1428 675 1468 Lectio
698 1442 733 1467 v.

220 1477 423 1583 Neque
448 1485 595 1526 mitius
622 1497 720 1526 cum
745 1485 796 1526 iis
822 1485 1038 1537 agendum

326 1553 422 1582 esse
438 1542 747 1592 existimarunt,
764 1542 838 1593 qui
854 1542 910 1583 ad
922 1542 1036 1584 labe-

216 1596 465 1638 factandam
481 1596 535 1639 de
550 1598 834 1639 Immaculata
847 1599 1038 1649 Virginis

217 1653 514 1706 Conceptione
558 1654 822 1704 doctrinam,
868 1656 1038 1706 excogi-

217 1712 310 1751 tato
338 1710 450 1752 inter
477 1711 666 1763 primum
696 1717 826 1764 atque
854 1711 1039 1753 alterum

218 1765 527 1819 Conceptionis
567 1768 733 1809 instans
771 1772 815 1809 et
849 1770 1037 1810 momen-

217 1827 309 1864 tum
337 1822 602 1873 discrimine,
630 1824 901 1874 asserebant,
930 1825 1037 1867 cele-

217 1879 335 1921 brari
363 1880 537 1932 quidem
566 1881 928 1934 Conceptionem,
961 1881 1039 1925 sed

218 1949 305 1977 non
328 1949 409 1989 pro
433 1937 573 1989 primo
599 1938 775 1979 instanti
799 1943 930 1990 atque
949 1952 1038 1980 mo-

219 1994 376 2033 mento.
411 1993 504 2045 Ipsi
530 2006 718 2046 namque
745 1994 1039 2047 praedecesso-

220 2061 289 2089 res
331 2050 467 2090 nostri
509 2052 684 2091 suarum
720 2052 908 2104 partium
944 2065 1040 2094 esse

221 2105 455 2155 duxerunt,
489 2112 532 2147 et
558 2106 821 2149 beatissimae
848 2109 1041 2160 Virginis

222 2162 532 2215 Conceptionis
544 2163 712 2214 festum,
728 2170 771 2206 et
783 2165 1040 2218 Conceptio-

220 2232 320 2260 nem
344 2232 425 2271 pro
450 2220 590 2272 primo
616 2221 795 2262 instanti
819 2227 1042 2274 tamquam

221 2288 372 2317 verum
399 2275 539 2317 cultus
567 2276 783 2328 objectum
811 2279 929 2319 omni
956 2282 1042 2320 stu-

223 2330 295 2373 dio
314 2332 426 2373 tueri
447 2345 497 2373 ac
516 2336 805 2385 propugnare.
837 2336 951 2376 Hinc
971 2334 1041 2377 de-

223 2388 409 2429 cretoria
433 2388 561 2441 plane
587 2390 734 2439 verba,
763 2391 919 2442 quibus
943 2392 1042 2433 Ale-

223 2444 390 2486 xander
424 2446 633 2497 septimus
662 2445 868 2488 decessor
893 2453 1044 2490 noster

225 2501 436 2542 sinceram
457 2501 666 2543 Ecclesiae
690 2508 879 2544 mentem
904 2504 1043 2546 decla-

223 2557 344 2606 ravit,
359 2558 571 2609 inquiens:
586 2559 697 2599 Sane
712 2564 836 2601 vetus
852 2566 917 2602 est
928 2561 1044 2602 Chri-

225 2613 475 2655 stifidelium
503 2627 606 2665 erga
633 2616 723 2666 ejus
750 2615 1045 2658 beatissimam

224 2670 408 2712 Matrem
437 2671 663 2722 Virginem
694 2672 874 2713 Mariam
905 2676 1045 2726 pietas

225 2727 510 2777 sentientium,
531 2728 620 2779 ejus
641 2728 827 2770 animam
845 2730 887 2770 in
904 2730 1044 2782 primo

1085 298 1263 339 instanti
1282 299 1513 340 creationis
1531 304 1661 352 atque
1678 299 1904 341 infusionis

1085 354 1128 394 in
1147 366 1306 407 corpus
1322 355 1454 396 fuisse
1473 356 1651 408 speciali
1665 356 1749 397 Dei
1766 355 1905 407 gratia

1086 415 1130 451 et
1168 410 1412 463 privilegio,
1455 412 1614 453 intuitu
1652 412 1905 453 meritorum

1085 467 1109 507 J
1112 480 1188 508 esu
1214 466 1373 508 Christi
1401 469 1490 520 ejus
1515 467 1612 509 Filii
1636 468 1811 510 humani
1835 470 1904 519 ge-

1086 524 1200 565 neris
1219 522 1544 577 Redemptoris,
1569 537 1594 565 a
1615 524 1785 566 macula
1806 537 1904 577 pec-

1087 580 1172 621 cati
1191 580 1410 630 originalis
1429 582 1739 632 praeservatam
1757 580 1905 622 immu-

1086 648 1199 685 nem,
1223 642 1354 687 atque
1374 637 1418 677 in
1436 636 1519 679 hoc
1538 649 1668 678 sensu
1687 638 1776 689 ejus
1796 637 1905 679 Con-

1087 693 1301 745 ceptionis
1321 693 1599 735 festivitatem
1623 693 1804 735 solemni
1821 694 1907 735 ritu

1087 749 1321 791 colentium
1340 755 1383 791 et
1403 750 1725 791 celebrantium.

1147 807 1194 858 R3.
1213 806 1331 847 Nihil
1358 807 1629 859 inquinatum
1655 806 1699 847 in
1726 818 1822 848 eam
1848 806 1907 847 in-

1088 863 1237 904 currit:
1270 865 1291 888 *
1311 863 1484 904 Candor
1510 868 1576 904 est
1600 862 1708 904 lucis
1733 864 1908 904 aeternae

1088 923 1131 960 et
1159 919 1383 971 speculum
1411 920 1503 961 sine
1530 919 1711 961 macula.
1743 918 1793 967 V.
1828 919 1908 960 Est

1088 975 1202 1016 enim
1226 975 1322 1017 haec
1349 976 1591 1029 speciosior
1618 975 1727 1025 sole,
1755 980 1798 1017 et
1822 975 1908 1017 luci

1088 1034 1341 1085 comparata
1365 1033 1580 1074 invenitur
1604 1032 1765 1085 purior.
1801 1031 1907 1073 Can-

1089 1088 1169 1130 dor
1189 1094 1265 1130 est.

1394 1141 1542 1181 Lectio
1563 1142 1615 1181 vi.

1095 1198 1268 1303 Eque
1307 1201 1415 1243 illud
1451 1202 1495 1243 in
1529 1202 1681 1255 primis
1717 1202 1909 1244 solemne

1201 1271 1374 1312 quoque
1394 1258 1475 1299 fuit
1497 1258 1653 1299 iisdem
1673 1258 1909 1300 decessori-

1087 1317 1170 1358 bus
1197 1316 1375 1365 nostris,
1405 1314 1648 1356 doctrinam
1677 1314 1731 1356 de
1756 1315 1909 1357 Imma-

1089 1373 1234 1415 culata
1246 1372 1329 1413 Dei
1342 1372 1495 1413 Matris
1511 1371 1808 1424 Conceptione
1823 1384 1909 1413 sar-

1088 1432 1177 1471 tam
1200 1431 1449 1481 tectamque
1475 1428 1592 1469 omni
1616 1440 1735 1478 cura,
1763 1428 1910 1470 studio

1090 1491 1132 1528 et
1159 1486 1438 1527 contentione
1465 1484 1586 1526 tueri.
1626 1484 1798 1526 Etenim
1822 1497 1911 1526 non

1090 1539 1231 1584 solum
1249 1542 1494 1583 nullatenus
1507 1541 1626 1594 passi
1642 1546 1752 1591 sunt,
1770 1542 1912 1594 ipsam

1090 1599 1333 1640 doctrinam
1350 1598 1504 1651 quovis
1516 1597 1650 1639 modo
1666 1610 1692 1638 a
1706 1598 1912 1650 quopiam

1089 1656 1231 1697 notari
1251 1660 1381 1706 atque
1404 1654 1590 1703 traduci,
1613 1666 1763 1695 verum
1781 1654 1912 1695 etiam

1090 1712 1219 1763 longe
1231 1711 1412 1752 ulterius
1426 1710 1655 1763 progressi,
1669 1710 1912 1763 perspicuis

1091 1768 1457 1810 declarationibus
1474 1767 1728 1819 iteratisque
1743 1766 1912 1809 vicibus

1091 1825 1334 1867 edixerunt:
1364 1825 1620 1865 Doctrinam
1649 1835 1735 1875 qua
1759 1824 1912 1865 Imma-

1091 1882 1281 1923 culatam
1329 1881 1521 1932 Virginis
1571 1880 1912 1933 Conceptionem

1091 1938 1364 1991 profitemur,
1400 1949 1516 1986 esse,
1552 1938 1719 1989 suoque
1755 1936 1911 1977 merito

1091 1994 1240 2036 haberi
1257 2007 1355 2036 cum
1375 1993 1672 2035 ecclesiastico
1691 1992 1810 2034 cultu
1823 1992 1912 2045 pla-

1093 2064 1147 2093 ne
1167 2054 1414 2100 censonam,
1437 2053 1620 2103 eamque
1638 2051 1841 2099 veterem,
1862 2062 1913 2090 ac

1091 2121 1232 2161 prope
1274 2106 1562 2149 universalem
1602 2111 1645 2147 et
1688 2104 1912 2157 ejusmodi,

1093 2177 1223 2217 quarn
1238 2165 1437 2205 Romana
1455 2162 1650 2204 Ecclesia
1668 2161 1751 2203 sibi
1768 2162 1912 2203 foven-

1093 2220 1193 2263 dam
1207 2220 1500 2273 tuendamque
1517 2219 1766 2272 susceperit,
1782 2223 1912 2271 atque

1093 2279 1268 2319 omnino
1289 2276 1476 2328 dignam,
1498 2288 1595 2328 quae
1614 2276 1658 2316 in
1677 2287 1800 2316 sacra
1817 2274 1913 2342 ipsa

1093 2334 1284 2385 liturgia,
1322 2332 1742 2384 solemnioribusque
1776 2331 1912 2383 preci-

1093 2390 1175 2432 bus
1202 2391 1494 2442 usurparetur.
1539 2388 1693 2440 Neque
1720 2387 1786 2428 his
1815 2399 1913 2429 con-

1094 2447 1217 2497 tenti,
1241 2452 1289 2488 ut
1311 2447 1407 2499 ipsa
1431 2446 1486 2487 de
1510 2444 1793 2486 Immaculato
1818 2444 1913 2486 Vir-

1095 2504 1204 2556 ginis
1231 2503 1456 2555 Conceptu
1484 2501 1679 2543 doctrina
1706 2500 1915 2542 inviolata

1095 2562 1359 2614 persisteret,
1378 2559 1629 2611 opinionem
1642 2557 1741 2599 huic
1758 2556 1913 2599 doctri-

1096 2630 1163 2658 nae
1195 2616 1443 2664 adversam,
1475 2615 1566 2655 sive
1597 2614 1791 2667 publice,
1823 2613 1914 2654 sive

1095 2673 1318 2727 privatim,
1358 2671 1531 2713 defendi
1567 2683 1699 2724 posse
1735 2670 1913 2712 severis-

1097 2731 1203 2771 sime
1238 2728 1520 2782 prohibuere,
1558 2729 1740 2779 eamque
1775 2725 1913 2767 multi-
