2040 2990
183 212 249 248 312

390 309 424 344 F
442 320 465 346 e
482 320 503 345 r
518 310 530 346 i
548 321 574 346 a
607 310 635 346 S
653 322 676 347 e
695 322 720 347 x
737 315 754 347 t
770 322 807 350 a.

326 366 394 404 De
412 362 613 415 Epistola
632 363 689 405 ad
707 364 867 405 Titum.

260 426 409 466 Lectio
430 425 453 464 i.
610 427 712 480 Cap.
728 430 763 469 2.
780 429 818 470 d.
834 435 876 471 et
892 431 928 469 3.

218 491 257 518 s*
287 493 351 521 aec
382 480 579 533 loquere,
612 486 655 523 et
687 481 935 531 exhortare,
967 486 1011 523 et

218 540 251 572 Ξῖ
304 539 436 588 argue
457 550 555 579 cum
574 537 692 579 omni
711 538 906 591 imperio.
933 538 1011 580 Ne-

183 607 256 635 mo
288 599 333 635 te
365 596 626 636 contemnat.
674 594 878 636 Admone
910 594 1010 636 illos

184 650 470 704 principibus,
490 656 533 693 et
551 651 846 704 potestatibus
866 651 1010 693 subdi-

183 713 254 749 tos
284 720 396 757 esse,
426 707 545 749 dicto
573 708 770 757 obedire,
797 707 853 749 ad
882 721 1010 750 omne

184 777 296 817 opus
325 764 490 806 bonum
517 767 697 817 paratos
730 778 843 807 esse:
878 765 1009 806 nemi-

183 834 283 863 nem
315 821 638 874 blasphemare,
677 835 764 863 non
795 821 1010 873 litigiosos

185 891 292 928 esse,
313 877 391 920 sed
410 878 647 928 modestos,
674 891 847 920 omnem
868 883 1010 920 osten-

184 934 338 976 dentes
365 935 744 978 mansuetudinem
774 935 831 976 ad
859 948 1011 977 omnes

182 991 391 1033 homines.

232 1054 282 1105 R.
314 1048 568 1090 Confitebor
586 1048 676 1090 tibi.
696 1049 783 1090 291.

485 1111 637 1152 Lectio
660 1112 698 1151 ii.

179 1162 407 1268 Eramus
441 1162 554 1203 enim
586 1162 821 1215 aliquando
854 1167 898 1204 01
929 1176 1010 1205 nos

276 1219 541 1272 insipientes,
560 1218 782 1269 increduli,
805 1221 1010 1269 errantes,

184 1276 424 1318 servientes
445 1275 689 1326 desideriis,
718 1281 761 1318 et
779 1276 1010 1329 voluptati-

183 1332 265 1375 bus
302 1333 450 1382 variis,
489 1332 534 1373 in
567 1333 733 1375 malitia
769 1338 812 1375 et
848 1332 1012 1374 invidia

184 1392 373 1442 agentes,
389 1389 587 1440 odibiles,
603 1389 802 1432 odientes
814 1390 1010 1432 invicem.

185 1447 293 1488 Cum
311 1451 456 1488 autem
474 1445 732 1498 benignitas,
757 1452 801 1488 et
818 1446 1010 1488 humani-

184 1508 252 1545 tas
274 1503 479 1556 apparuit
497 1503 736 1545 Salvatoris
755 1503 896 1546 nostri
913 1504 1010 1545 Dei:

184 1573 272 1601 non
292 1574 346 1602 ex
365 1559 571 1612 operibus
590 1561 778 1612 justitiae,
799 1573 898 1613 quae
913 1561 1011 1602 feei-

184 1630 281 1658 mus
305 1630 402 1666 nos,
430 1616 509 1658 sed
535 1617 775 1659 secandum
794 1630 917 1659 suam
935 1618 1011 1659 mi-

185 1673 470 1715 sericordiam
502 1674 649 1715 salvos
686 1687 766 1715 nos
799 1674 902 1717 fecit
933 1687 1012 1728 per

183 1730 406 1772 lavacrum
432 1731 791 1782 regenerationis,
820 1736 863 1773 et
888 1744 1011 1773 reno-

184 1787 370 1829 vationis
387 1787 573 1840 Spiritus
593 1788 743 1838 sancti,
763 1800 894 1840 quem
909 1787 1011 1829 effu-

186 1844 249 1885 dit
268 1844 311 1885 in
330 1856 411 1886 nos
431 1843 604 1886 abunde
627 1857 707 1898 per
725 1844 749 1885 J
751 1857 873 1886 esum
893 1844 1011 1886 Chri-

184 1906 299 1942 stum
314 1901 587 1943 Salvatorem
602 1906 816 1943 nostrum:
835 1906 883 1943 ut
897 1902 1012 1953 justi-

185 1957 303 1999 ficati
320 1958 460 2009 gratia
480 1959 633 2012 ipsius,
657 1957 856 2000 haeredes
876 1958 1012 1999 simus

185 2013 426 2055 secundum
445 2028 568 2067 spem
587 2015 690 2056 vitae
710 2017 897 2056 aeternae.

236 2073 284 2123 R·.
314 2070 616 2113 Misericordia
635 2076 721 2113 tua.
740 2072 833 2112 292.

484 2132 634 2173 Lectio
656 2132 709 2171 iii.

182 2182 389 2287 Fidelis
409 2196 553 2225 sermo
580 2189 661 2226 est:
686 2189 728 2227 et
751 2185 806 2227 de
825 2185 892 2227 his
909 2185 1012 2227 volo

277 2245 320 2282 te
341 2240 612 2282 confirmare:
638 2246 686 2282 ut
710 2248 862 2283 curent
885 2241 1012 2284 bonis

187 2297 394 2350 operibus
410 2299 602 2350 praeesse
619 2298 693 2350 qui
707 2298 890 2340 credunt
905 2299 1013 2340 Deo.

186 2354 296 2395 Haec
322 2358 422 2395 sunt
451 2353 583 2402 bona,
614 2359 657 2395 et
682 2355 804 2396 utilia
832 2355 1012 2397 homini-

186 2410 279 2452 bus.
312 2410 475 2452 Stultas
495 2416 642 2452 autem
662 2411 943 2462 quaestiones,
970 2417 1013 2453 et

185 2466 480 2519 genealogias,
524 2471 568 2507 et
608 2468 928 2518 contentiones,
970 2473 1013 2509 et

186 2536 355 2576 pugnas
375 2523 482 2573 legis
501 2522 658 2564 devita.
690 2523 799 2564 Sunt
822 2524 935 2565 enim
954 2524 1012 2565 in-

186 2580 315 2621 utiles
343 2584 387 2621 et
412 2592 546 2620 vanae.
583 2580 852 2621 Haereticum
879 2580 1013 2621 homi-

186 2649 285 2678 nem
305 2641 407 2689 post
426 2649 572 2685 unam,
597 2641 640 2677 et
664 2636 901 2678 secundam
921 2650 1012 2678 cor-

187 2693 432 2746 reptionem
452 2692 612 2734 devita:
632 2693 774 2733 sciens
794 2693 895 2744 quia
915 2693 1012 2734 sub-

186 2751 338 2791 versus
358 2754 435 2798 est,
458 2749 531 2801 qui
551 2749 763 2800 ejfismodi
783 2754 859 2798 est,
879 2755 922 2791 et
942 2749 1012 2791 de-

587 218 685 251 Infrn
715 218 1006 252 Hebdomadnm
1033 229 1064 252 v.
1092 223 1179 261 post
1209 218 1473 261 Epiphaniam.

1061 310 1233 363 linquit,
1280 325 1379 354 cum
1415 313 1472 354 sit
1506 313 1689 367 proprio
1725 312 1885 365 judicio

1062 367 1390 411 condemnatus,
1433 375 1485 448 R.
1517 369 1677 412 Factus
1696 374 1775 412 est.
1793 370 1887 410 292.

1062 530 1220 583 Incipit
1249 477 1449 584 Epsgtsslg
1466 446 1623 573 1132ng
1623 530 1747 572 Pauli
1768 530 1886 584 Apo-

1222 587 1324 630 stoli
1343 588 1399 630 ad
1417 587 1727 629 Philemonem.

1163 650 1315 692 Lectio
1337 652 1359 692 i.
1631 652 1691 694 Ca
1726 654 1783 694 .1.

1072 717 1125 757 Γ,
1146 706 1269 748 aulus
1296 707 1469 749 vinctus
1498 705 1659 747 Christi
1714 718 1807 756 esu⁷
1845 710 1889 748 et

1068 731 1133 803 11νὶ
1170 763 1429 805 Timotheus
1465 763 1611 804 frater:
1645 761 1889 804 Philemoni

1063 820 1242 870 dilecto,
1270 825 1314 862 et
1332 820 1521 872 adjutori
1541 823 1711 869 nostro,
1739 823 1783 860 01
1801 818 1889 871 Ap-

1062 877 1148 930 piae
1167 877 1310 919 sorori
1328 877 1575 926 carissimae,
1597 880 1641 917 et
1659 875 1888 929 Archippo

1063 934 1348 975 commilitoni
1387 938 1557 982 nostro,
1601 937 1644 974 et
1677 932 1889 974 Ecclesiae

1064 1004 1162 1043 quae
1191 991 1234 1032 in
1263 990 1394 1032 domo
1421 995 1497 1032 tua
1522 994 1600 1031 est.
1642 989 1797 1031 Gratia
1815 1002 1888 1032 vo-

1061 1047 1144 1098 bis,
1169 1053 1213 1089 et
1231 1060 1320 1100 pax
1339 1060 1364 1088 a
1382 1048 1479 1089 Deo
1499 1047 1630 1088 Patre
1651 1051 1821 1096 nostro,
1845 1050 1890 1088 et

1061 1104 1252 1146 Domino
1272 1105 1296 1145 J
1299 1117 1376 1146 esu
1392 1103 1579 1146 Christo.
1609 1103 1786 1145 Gratias
1804 1115 1888 1154 ago

1061 1161 1160 1203 Deo
1187 1174 1305 1211 meo,
1343 1173 1516 1214 semper
1543 1160 1800 1203 memoriam
1826 1159 1890 1201 tui

1062 1218 1248 1259 faciens
1237 1232 1280 1259 1n
1292 1217 1562 1260 orationibus
1571 1218 1691 1267 meis,
1706 1215 1889 1258 audiens

1062 1275 1289 1317 caritatem
1303 1280 1433 1325 tuam,
1453 1279 1496 1316 01
1510 1274 1655 1323 fidem,
1673 1286 1803 1326 quam
1816 1272 1889 1314 ha-

1061 1332 1140 1375 bes
1165 1333 1209 1374 in
1235 1332 1426 1374 Domino
1452 1331 1572 1382 Jesu,
1599 1335 1643 1373 et
1666 1331 1710 1371 in
1736 1342 1888 1372 omnes

1063 1394 1253 1431 sanctos:
1269 1393 1318 1430 ut
1333 1387 1669 1430 communicatio
1683 1386 1788 1428 fidei
1800 1391 1889 1428 tuae

1063 1446 1242 1488 evidens
1283 1445 1360 1487 fiat
1399 1445 1443 1486 in
1485 1444 1706 1496 agnitione
1747 1442 1888 1485 omnis

1064 1503 1210 1556 operis
1234 1502 1354 1552 boni,
1384 1501 1504 1555 quod
1530 1505 1597 1543 est
1620 1501 1665 1541 in
1689 1499 1817 1542 vobis
1844 1499 1888 1540 in

1062 1560 1236 1601 Christo
1257 1559 1282 1600 J
1284 1571 1372 1600 esu.

1115 1620 1165 1671 R.
1190 1616 1258 1658 Ne
1276 1614 1534 1669 perdideris.
1551 1615 1652 1656 290.

1371 1676 1523 1717 Lectio
1543 1675 1581 1715 ii.

1066 1728 1316 1852 Gaudium
1354 1729 1469 1771 enim
1505 1740 1711 1780 magnum
1744 1725 1888 1777 habui,

1167 1792 1211 1829 et
1244 1785 1590 1828 consolationem
1624 1784 1669 1825 in
1706 1783 1889 1825 caritate

1062 1850 1152 1886 tua:
1192 1844 1294 1897 quia
1330 1845 1499 1884 viscera
1535 1842 1787 1883 sanctorum
1824 1852 1888 1881 re-

1064 1902 1322 1954 quieverunt
1339 1911 1419 1952 per
1436 1903 1498 1948 te,
1522 1897 1667 1939 frater.
1699 1897 1888 1961 Propter

1064 1957 1183 2011 quod
1208 1956 1390 1998 multam
1419 1954 1626 1996 fiduciam
1654 1953 1856 1995 habens
1844 1966 1888 1994 m

1063 2015 1237 2056 Christo
1262 2013 1367 2055 Jesu
1393 2010 1638 2064 imperandi
1662 2010 1742 2052 tibi
1769 2009 1888 2063 quod

1063 2071 1120 2114 ad
1133 2084 1227 2113 rem
1240 2070 1444 2123 pertinet:
1462 2072 1647 2121 propter
1661 2067 1889 2109 caritatem

1063 2128 1201 2179 magis
1237 2126 1440 2175 obsecro,
1473 2137 1572 2166 cum
1603 2124 1662 2165 sis
1693 2123 1810 2174 talis,
1841 2127 1889 2165 ut

1063 2184 1224 2226 Paulus
1249 2196 1398 2231 senex,
1426 2193 1541 2222 nunc
1566 2185 1712 2223 autem
1736 2184 1780 2222 et
1800 2180 1888 2221 vin-

1065 2246 1161 2283 ctus
1181 2241 1205 2281 J
1208 2253 1285 2282 esu
1310 2238 1486 2281 Christi:
1516 2237 1714 2280 Obsecro
1738 2242 1782 2278 te
1805 2248 1888 2289 pro

1064 2310 1163 2339 meo
1186 2296 1296 2344 filio,
1325 2308 1455 2348 quem
1476 2294 1606 2347 genui
1629 2294 1673 2335 in
1695 2292 1889 2342 vinculis,

1066 2354 1288 2402 Onesimo‚
1314 2352 1388 2404 qui
1411 2351 1491 2393 tibi
1510 2349 1745 2403 aliquando
1763 2349 1888 2390 inuti-

1064 2411 1118 2452 lis
1137 2410 1227 2458 fuit,
1246 2421 1361 2450 nunc
1381 2413 1526 2450 autem
1545 2412 1589 2449 et
1607 2406 1724 2455 mihi,
1748 2411 1791 2448 et
1810 2405 1889 2447 tibi

1064 2466 1194 2515 utilis,
1213 2478 1344 2518 quem
1365 2465 1510 2506 remisi
1529 2463 1619 2505 tibi.

1114 2524 1163 2576 R».
1192 2523 1398 2563 Paratum
1418 2533 1505 2562 cor.
1523 2521 1624 2561 290.

1360 2579 1512 2620 Lectio
1534 2578 1587 2618 iii

1062 2633 1197 2739 Tu
1193 2639 1339 2676 autem
1361 2633 1498 2682 illum,
1522 2638 1569 2674 ut
1593 2645 1691 2675 mea
1709 2634 1888 2681 viscera,

1155 2691 1343 2744 suscipe:
1383 2703 1513 2742 quem
1550 2702 1632 2742 ego
1664 2688 1888 2752 volueram

1063 2761 1235 2791 mecum
1267 2746 1479 2796 detinere,
1510 2751 1558 2787 ut
1589 2758 1671 2798 pro
1704 2750 1748 2787 te
