2040 2990
188 221 262 257 304
593 221 691 254 infin
720 221 1489 264 Hebdonnnhmiiv.p0stlqnphannmm

189 325 325 375 ipsos,
346 321 540 375 psalmis,
561 320 746 374 hymnis,
767 325 811 362 et
831 319 1012 361 canticis

189 378 498 431 spiritualibus,
515 378 559 419 in
573 378 711 429 gratia
727 379 954 419 cantantes
969 376 1013 417 in

189 434 396 476 cordibus
411 435 569 476 vestris
583 435 692 476 Deo.
721 434 861 475 Omne
877 432 1012 485 quod-

189 495 375 543 cumque
391 491 532 533 facitis
547 491 590 532 in
606 490 753 539 verbo,
770 495 844 532 aut
860 490 903 530 in
918 491 1014 542 ope·

189 561 251 597 re,
279 548 423 589 omnia
448 548 492 588 in
517 548 692 588 nomine
712 546 888 587 Domini
909 546 932 586 J
936 558 1013 587 esu

190 604 361 654 Christi,
380 605 540 655 gratias
560 603 852 654 agentes-Deo
873 608 916 644 et
934 602 1012 643 Pa-

187 661 242 702 tri
270 674 349 713 per
379 661 534 714 ipsum.
589 660 792 702 Mulieres
823 658 1012 700 sabditae

189 720 329 759 estote
354 718 473 768 viris,
502 719 613 759 sicut
641 720 830 770 oportet,
859 717 902 756 in
925 715 1012 756 Do-

187 775 316 815 mino.
350 774 445 815 Viri
465 774 632 826 diligite
651 776 811 815 uxores
833 777 1012 821 vestras,

189 836 232 872 et
255 831 390 873 nolite
415 831 550 872 amari
575 844 671 872 esse
696 829 751 871 ad
771 829 878 870 illas.
915 829 1012 869 Filii

188 887 365 930 obedite
384 887 637 941 parentibus
652 900 731 940 per
753 886 911 927 omnia:
929 885 1012 926 hoe

188 945 301 985 enim
319 945 530 997 placitum
551 949 616 986 est
635 944 679 984 in
694 943 901 984 Domino.
933 942 1011 982 Pa-

186 1006 294 1049 tres,
320 1001 454 1043 nolite
478 1001 534 1042 ad
553 1000 894 1051 indignationem
913 1011 1011 1051 pro—

187 1060 347 1099 vocare
363 1058 476 1099 filios
492 1062 672 1107 vestros,
688 1062 736 1098 ut
750 1069 836 1097 non
852 1055 1011 1108 pusillo

186 1114 330 1155 animo
350 1115 466 1156 fiant.

243 1173 289 1223 R.
314 1172 521 1212 Paratum
541 1183 626 1212 cor.
654 1172 753 1211 290.

491 1230 715 1269 I,ecthwiii

188 1280 347 1387 Servi
367 1284 544 1326 obedite
561 1297 642 1337 per
662 1284 806 1325 omnia
825 1284 1012 1326 dominis

274 1341 531 1390 carnalibus,
551 1354 638 1382 non
657 1340 714 1382 ad
732 1341 906 1382 oculum
925 1355 1012 1383 ser-

186 1398 364 1447 vientes,
378 1399 501 1450 quasi
516 1397 763 1439 hominibus
778 1397 1012 1451 placentes,

187 1454 265 1496 sed
279 1455 323 1495 in
338 1454 618 1507 simplicitate
633 1454 791 1504 cordis,
811 1455 1012 1496 timentes

186 1511 339 1552 Deum.
362 1511 680 1563 Quodcumque
695 1511 847 1561 facitis,
864 1524 917 1553 ex
933 1512 1013 1553 ani-

187 1580 259 1608 mo
273 1568 514 1620 operamini
529 1568 639 1609 sicut
650 1568 850 1617 Domino,
867 1573 910 1610 et
924 1582 1011 1610 non

187 1623 454 1665 hominibus:
490 1624 677 1665 scientes
713 1624 833 1676 quod
867 1638 893 1666 a
923 1625 1011 1666 Do-

186 1680 302 1721 mino
326 1681 549 1733 accipietis
573 1680 902 1723 retributionem
927 1681 1011 1723 hae-

186 1736 395 1778 reditatis.
432 1737 622 1778 Domino
644 1736 816 1779 Christo
841 1741 1011 1780 servite.

188 1793 272 1843 Qui
302 1793 415 1834 enim
448 1793 647 1845 injuriam
675 1794 797 1843 facit,
829 1795 1012 1847 recipiet

187 1849 248 1899 id,
274 1849 394 1902 quod
416 1850 563 1902 inique
586 1850 737 1900 gessit:
766 1856 810 1892 et
833 1864 920 1892 non
945 1856 1012 1893 est

187 1908 475 1958 personarum
499 1907 697 1959 acceptio
722 1907 840 1959 apud
858 1907 1011 1949 Deum.

188 1962 374 2011 Domini,
387 1962 505 2014 quod
517 1964 675 2014 justum
687 1968 754 2004 est
768 1968 811 2005 et
827 1977 1011 2016 aequum,

189 2018 326 2059 servis
354 2021 579 2071 praestate:
608 2020 796 2061 scientes
823 2021 943 2073 quod
969 2027 1012 2064 et

188 2086 268 2115 vos
304 2074 539 2116 Dominum
584 2075 752 2117 habetis
796 2077 840 2118 in
886 2078 1012 2119 coelo.

190 2130 389 2172 Orationi
407 2131 577 2181 instate,
596 2132 828 2183 vigilantes
843 2134 886 2175 in
902 2147 952 2176 ea
967 2135 1012 2176 in

189 2186 425 2237 gratiarum
444 2188 625 2230 actione.

240 2245 287 2296 Rg.
319 2243 503 2295 Adiutor
520 2258 653 2286 meus.
680 2247 780 2288 290.

388 2356 557 2392 Feria
591 2357 815 2404 Quinta.

195 2412 350 2464 [ncipit
367 2412 566 2465 Epistola
588 2414 729 2465 prima
752 2414 870 2456 beati
888 2416 1010 2457 Pauli

239 2468 441 2520 Apostoli
464 2469 519 2511 ad
538 2469 963 2514 Thessalonicenses.

290 2527 437 2567 Lectio
464 2529 485 2567 i.
755 2532 854 2581 (lap.
881 2534 904 2571 l.

200 2589 202 2594 ’
215 2586 262 2636 Π,
273 2580 406 2631 aulus,
418 2586 461 2622 et
470 2581 680 2630 Silvanus,
692 2587 735 2623 et
744 2583 1012 2635 Timotheus,

215 2631 261 2675 “1¹¹1
285 2637 494 2678 Ecclesiae
502 2637 956 2681 Thessalonicensium
969 2642 1012 2681 in

189 2694 286 2735 Deo
303 2694 441 2743 Patre,
457 2699 500 2735 et
514 2694 703 2735 Domino
713 2694 737 2735 J
740 2708 815 2736 esu
829 2695 1012 2738 Christo.

191 2750 342 2793 Gratia
368 2750 493 2792 vobis
519 2756 562 2793 et
587 2763 685 2803 an.
727 2752 903 2794 Gratias
927 2754 1012 2804 agi-

1066 332 1162 360 mus
1181 318 1278 360 Deo
1299 330 1475 371 semper
1492 330 1574 371 pro
1595 319 1797 361 omnibus
1816 332 1889 362 vo·

1065 375 1149 424 bis,
1176 374 1433 416 memoriam
1456 376 1592 417 vestri
1615 375 1822 418 facientes
1846 376 1889 418 in

1066 431 1338 473 orationibus
1366 431 1528 473 nostris
1555 432 1649 474 sine
1675 433 1889 475 intermis-

1065 489 1199 537 sione,
1212 490 1430 529 memores
1446 488 1593 540 operis
1603 488 1706 531 fidei
1718 494 1889 539 vestrae,

1066 550 1109 587 et
1128 544 1304 593 laboris
1327 550 1370 586 et
1390 544 1594 595 caritatis,
1616 550 1659 587 et
1678 546 1889 587 sustinen-

1065 602 1138 643 tiae
1153 602 1247 654 spei
1262 601 1438 642 Domini
1452 602 1591 643 nostri
1602 601 1627 642 J
1629 614 1706 644 esu
1720 602 1890 653 Christi,

1066 663 1167 700 ante
1203 658 1347 700 Deum
1385 662 1428 700 et
1463 658 1638 699 Patrem
1674 663 1890 700 nostrum:

1068 715 1256 756 seientes
1278 715 1435 756 fratres
1460 715 1606 757 dilecti
1629 728 1654 757 a
1671 715 1785 765 Deo,
1808 715 1890 758 ele-

1067 771 1257 813 ctionem
1271 776 1478 813 vestram:
1493 772 1595 824 quia
1606 771 1891 823 Evangelium

1064 833 1262 869 nostrum
1277 841 1365 869 non
1375 828 1454 870 fuit
1470 828 1526 870 ad
1536 841 1616 870 vos
1630 829 1674 869 in
1689 831 1891 870 sermone

1064 889 1244 935 tantum,
1264 884 1343 926 sed
1361 890 1404 926 et
1422 885 1465 925 in
1484 885 1655 935 virtute,
1675 890 1719 927 et
1737 885 1781 926 in
1798 885 1890 938 Spi-

1066 941 1151 983 ritu
1166 945 1329 990 sancto,
1345 946 1389 982 et
1403 941 1446 982 in
1460 941 1732 994 plenitudine
1744 941 1890 992 multa,

1065 998 1178 1040 sicut
1201 998 1321 1040 scitis
1345 997 1495 1050 quales
1519 998 1726 1040 fuerimus
1750 999 1793 1039 in
1816 1011 1890 1040 vo·

1064 1055 1132 1096 bis
1151 1059 1333 1108 propter
1352 1067 1444 1096 vos.

1120 1115 1168 1166 Rg.
1193 1111 1315 1153 Deus
1334 1111 1378 1152 in
1396 1115 1452 1152 te.
1478 1112 1565 1152 291.

1378 1171 1527 1213 Lectio
1548 1172 1586 1211 ii.

1149 1231 1167 1267 t
1174 1225 1501 1267 vosimitatores
1511 1225 1650 1266 nostri
1660 1225 1763 1266 facti
1774 1226 1890 1275 estis,

1159 1287 1203 1324 et
1215 1282 1402 1331 Domini,
1423 1282 1690 1334 excipientes
1706 1281 1890 1324 verbum

1064 1340 1106 1380 in
1130 1338 1412 1381 tribulatione
1434 1338 1584 1388 multa,
1608 1351 1706 1380 cum
1729 1337 1889 1390 gaudio

1064 1396 1249 1449 Spiritus
1269 1395 1423 1436 sancti:
1440 1396 1501 1437 ita
1515 1400 1563 1436 ut
1577 1395 1679 1437 facti
1697 1395 1791 1436 sitis
1805 1394 1889 1437 for-

1064 1466 1134 1494 ma
1158 1451 1359 1494 omnibus
1384 1451 1662 1494 credentibus
1684 1451 1730 1492 in
1748 1451 1890 1493 Mace-

1065 1510 1210 1559 donia,
1230 1509 1335 1551 etin
1353 1509 1531 1561 Achaja.
1567 1509 1607 1549 A
1627 1507 1755 1550 vobis
1775 1509 1890 1550 enim

1065 1565 1314 1607 diffamatus
1334 1571 1400 1607 est
1423 1578 1568 1607 sermo
1587 1565 1779 1615 Domini,
1802 1578 1891 1607 non

1065 1622 1207 1664 solum
1225 1622 1269 1663 in
1287 1621 1561 1671 Macedonia,
1584 1627 1628 1663 et
1649 1622 1693 1662 in
1712 1621 1890 1674 Achaia,

1064 1678 1143 1720 sed
1172 1684 1216 1720 et
1245 1679 1290 1719 in
1318 1678 1437 1720 omni
1465 1678 1565 1719 loco
1594 1677 1705 1720 fides
1731 1683 1890 1728 vestra,

1065 1748 1163 1787 quae
1183 1741 1250 1777 est
1268 1734 1325 1777 ad
1343 1735 1497 1784 Deum,
1517 1735 1715 1787 profecta
1734 1740 1811 1785 est,
1829 1735 1890 1777 ita

1064 1797 1111 1833 ut
1128 1805 1215 1834 non
1235 1793 1290 1834 sit
1307 1791 1434 1833 nobis
1453 1793 1633 1833 necesse
1652 1791 1890 1845 quidquam

1064 1849 1194 1901 loqui.
1238 1849 1330 1901 Ipsi
1356 1849 1470 1890 enim
1494 1847 1550 1890 de
1574 1847 1702 1890 nobis
1728 1852 1889 1891 annun-

1063 1906 1173 1947 tiant
1186 1905 1358 1958 qualem
1372 1905 1597 1946 introitum
1610 1904 1890 1947 habuerimus

1065 1962 1120 2004 ad
1139 1975 1235 2003 vos:
1260 1966 1303 2003 et
1322 1960 1545 2014 quomodo
1565 1962 1765 2003 conversi
1785 1962 1890 2004 estis

1064 2018 1120 2060 ad
1136 2019 1279 2060 Deum
1299 2031 1323 2059 a
1343 2018 1596 2067 simulacris,
1614 2021 1777 2060 servire
1792 2019 1890 2061 Deo

1064 2076 1164 2117 vivo
1185 2081 1228 2117 et
1246 2087 1365 2123 vero,
1391 2080 1435 2116 et
1454 2077 1712 2127 exspectare
1732 2075 1890 2117 Filium

1065 2134 1156 2185 ejus
1182 2131 1236 2173 de
1266 2131 1388 2173 coelis
1415 2133 1560 2184 (quem
1585 2132 1811 2174 suscitavit
1836 2145 1890 2174 ex

1064 2189 1262 2239 mortuis)
1281 2189 1305 2229 J
1307 2201 1443 2237 esum,
1464 2188 1537 2240 qui
1557 2188 1716 2241 eripuit
1734 2201 1814 2230 nos
1834 2189 1889 2231 ab

1064 2246 1128 2287 ira
1146 2249 1340 2287 ventura.

1116 2303 1166 2353 R.
1193 2302 1443 2354 Repleatur.
1471 2303 1557 2343 291.

1167 2357 1318 2397 Lectio
1339 2357 1392 2396 iii.
1631 2357 1733 2408 Cap.
1748 2357 1784 2396 2.

1063 2409 1229 2514 Nam
1242 2415 1326 2468 ipsi
1342 2415 1472 2465 scitis,
1483 2414 1650 2464 fratres,
1663 2415 1890 2457 introitum

1177 2476 1374 2514 nostrum
1393 2471 1449 2512 ad
1469 2484 1558 2521 vos,
1581 2471 1681 2523 quia
1699 2483 1785 2512 non
1802 2472 1888 2513 ina-

1064 2530 1131 2570 nis
1156 2529 1251 2570 fuit:
1279 2527 1358 2569 sed
1382 2532 1481 2569 ante
1506 2528 1642 2581 passi,
1670 2533 1715 2569 et
1739 2534 1887 2570 contu—

1065 2585 1203 2627 meliis
1218 2584 1361 2626 affecti
1380 2584 1508 2635 (sicut
1522 2584 1657 2634 scitis)
1671 2584 1714 2624 in
1728 2584 1888 2638 Philip-

1065 2643 1147 2695 pis,
1167 2641 1370 2682 fiduciam
1388 2640 1618 2682 habuimus
1636 2641 1679 2681 in
1697 2641 1794 2682 Deo
1814 2654 1888 2683 no-

1065 2703 1157 2739 stro
1181 2697 1301 2749 loqui
1324 2696 1381 2738 ad
1404 2709 1484 2738 vos
1502 2697 1786 2748 Evangelium
1804 2697 1887 2739 Dei

1065 2755 1107 2797 in
1129 2753 1263 2796 multa
1287 2752 1588 2796 sollicitudine.
1624 2753 1886 2796 Exhortatio
