2080 2990
652 217 869 251 Gratiarum
891 216 989 250 actio
1014 221 1102 259 post
1125 217 1290 250 Missam.

1721 212 1811 256 [331]

131 310 259 346 omnia
281 311 459 355 operetur
480 310 520 345 in
539 310 702 353 laudem,
727 313 764 344 et
787 308 947 353 gloriam

129 360 295 396 nominis
311 359 378 403 tui,
402 370 487 394 cum
510 359 724 394 humilitate
747 362 784 393 et
807 358 947 393 discre-

130 411 248 455 tione,
280 420 365 445 cum
393 409 596 444 dilectione
625 413 662 444 et
685 409 946 451 delectatione,

131 471 217 496 cum
239 460 420 495 facilitate
445 463 482 494 et
501 459 646 502 affectu,
671 469 757 493 cum
771 468 947 502 perseve-

130 511 254 546 rantia
276 520 397 555 usque
419 510 459 544 in
480 510 608 544 finem:
639 513 675 544 et
697 512 738 544 tu
762 509 815 543 sis
840 509 946 544 solus

131 572 282 606 semper
313 571 402 606 spes
436 570 536 603 mea,
574 563 655 594 tota
684 559 825 594 fiducia
852 570 947 603 mea,

132 612 278 647 divitiae
299 621 410 653 meae,
435 609 638 645 delectatio
654 619 754 653 mea,
777 609 948 653 iucundi-

131 666 191 696 tas
224 671 323 705 mea,
367 659 550 704 gaudium
583 669 723 702 meum,
768 658 876 703 quies
912 662 948 693 et

131 710 386 756 tranquillitas
414 720 515 753 mea,
547 719 626 753 pax
647 719 747 751 mea,
778 707 947 742 suevitas

130 771 230 805 mea,
254 760 351 796 odor
372 770 497 803 meus,
525 759 687 794 dulcedo
710 768 810 801 mea,
839 757 948 792 cibus

130 821 255 854 meus,
286 809 443 845 refectio
470 819 570 852 mea,
602 808 791 852 refugium
812 817 947 845 meum,

131 861 316 897 auxilium
336 870 472 902 meum,
495 858 684 903 sapientia
704 867 798 901 mea,
821 857 947 901 portio

130 922 230 956 mea,
257 907 456 955 possessio
477 919 576 952 mea,
604 908 807 943 thesaurus
830 917 948 950 meus,

131 961 172 996 in
199 971 275 1005 quo
298 960 392 1003 fixa,
425 963 462 994 et
487 959 610 1002 firma,
643 961 679 992 et
706 957 949 992 immobiliter

132 1021 283 1055 semper
305 1010 356 1046 sit
373 1009 544 1044 radicata
566 1018 673 1043 mens
696 1018 795 1051 mea,
824 1011 861 1042 et
883 1018 950 1042 cor

131 1074 266 1099 meum.
296 1062 430 1098 Amen.

289 1175 527 1228 Rhythmus
555 1174 597 1214 S.
627 1173 789 1214 Thomae

236 1235 288 1271 ad
318 1246 486 1271 sacram
508 1233 844 1269 Eucharistiam.

390 1309 494 1343 Indulg.
512 1310 559 1335 100
574 1310 688 1335 dierum.

321 1358 376 1384 Leo
392 1357 446 1383 PP.
462 1357 539 1383 xm.
554 1357 594 1383 20.
610 1356 674 1382 Dec.
691 1356 763 1382 1884.

177 1403 271 1440 dero
291 1408 329 1440 te
353 1405 500 1448 devote,
522 1404 646 1439 latens
669 1403 811 1446 Deitas,

211 1453 305 1496 Quae
329 1454 400 1490 sub
422 1453 485 1489 his
513 1453 645 1498 figuris
668 1463 757 1489 vere
781 1452 924 1487 latitas:

190 1504 281 1540 Tibi
303 1515 344 1539 se
369 1515 435 1540 cor
455 1500 582 1539 m‘eum
600 1508 722 1542 totum
743 1502 906 1546 subjicit,

191 1554 289 1596 Quia
311 1558 348 1590 te
372 1554 649 1599 contemplans,
672 1557 794 1589 totum
814 1552 948 1587 deficit.

135 1619 260 1663 Visus,
282 1623 417 1663 taetus,
439 1623 575 1664 gustus
598 1619 639 1654 in
662 1623 698 1654 te
722 1619 875 1662 fallitur,

191 1669 268 1705 Sed
291 1670 422 1705 auditu
446 1670 530 1706 solo
554 1673 635 1705 tuto
661 1669 834 1704 creditur.

191 1719 316 1755 Credo
345 1720 535 1765 quidquid
559 1720 657 1755 dixit
679 1719 752 1754 Dei
773 1719 904 1762 Filius,

190 1769 257 1804 Nil
278 1769 354 1805 hoc
375 1770 495 1805 verbo
518 1769 692 1805 veritatis
715 1769 854 1804 verius.

134 1837 177 1871 In
199 1845 309 1870 cruce
331 1835 475 1871 latebat
497 1835 582 1870 sola
604 1834 747 1877 Deitas,

190 1884 243 1920 At
257 1885 321 1920 hic
335 1885 428 1921 latet
443 1885 557 1920 simul
574 1888 610 1920 et
625 1883 858 1919 humanitas:

190 1935 316 1971 Ambo
343 1940 470 1971 tamen
498 1935 673 1978 credens,
703 1938 817 1978 atque
838 1933 949 1968 ednfi-

189 2034 284 2070 Peto
307 2035 412 2080 quod
433 1989 570 2080 1333}st
591 2035 689 2070 latro
712 2033 912 2078 poenitens.

135 2099 284 2142 plagas,
307 2099 405 2134 sicut
427 2099 608 2142 Thomas,
631 2108 708 2133 non
731 2098 895 2132 intueor:

190 2148 314 2184 Deum
336 2153 463 2184 tamen
482 2159 607 2184 meum
630 2154 666 2184 te
689 2149 882 2184 confiteor.

190 2199 269 2235 Fac
288 2210 348 2235 me
371 2200 444 2235 tibi
467 2210 618 2244 semper
639 2199 763 2242 magis
787 2197 950 2239 credere,

190 2249 236 2284 In
257 2253 293 2285 te
317 2260 426 2294 spem
447 2250 598 2293 habere,
621 2253 657 2284 te
682 2249 849 2292 diligere.

137 2317 169 2352 O
191 2316 411 2351 memoriale
434 2315 568 2351 mortis
592 2314 756 2357 Domini,

192 2365 309 2400 Panis
325 2366 439 2401 vivus
454 2366 574 2402 vitam
590 2369 779 2410 praestans
795 2363 950 2406 homini,

195 2414 343 2451 Praesta
365 2426 461 2451 meae
483 2416 599 2451 menti
624 2415 670 2449 de
695 2418 731 2449 te
754 2414 894 2456 vivere,

193 2465 240 2500 Et
263 2469 299 2500 te
322 2465 379 2500 illi
403 2476 554 2510 semper
577 2465 686 2500 dulce
710 2466 854 2507 sapere.

140 2530 206 2566 Pie
228 2531 415 2574 pellicene
439 2531 534 2566 Jesu
555 2529 727 2571 Domine,

194 2581 255 2616 Me
271 2581 506 2616 immundum
519 2580 661 2615 munda
672 2583 738 2614 tuo
752 2577 951 2621 sanguine:

196 2630 312 2675 Cujus
335 2641 412 2665 una
435 2629 539 2665 stilla
562 2630 712 2664 salvum
734 2627 858 2662 facere

189 2680 328 2716 Totum
353 2680 537 2716 mundum
563 2679 646 2724 quit
670 2679 718 2713 ab
746 2677 849 2712 omni
876 2678 952 2711 sce-

442 2730 531 2765 lere.

1000 309 1102 351 Jesu‚
1127 318 1239 352 quem
1260 309 1427 344 velatum
1449 318 1549 343 nunc
1573 308 1734 352 aspicio:

1055 357 1131 393 Oro
1155 359 1220 393 fiat
1243 358 1348 402 illud,
1372 358 1476 403 quod
1498 362 1575 393 tam
1598 358 1699 393 sitio:

1055 408 1106 443 Ut
1128 412 1164 444 te
1187 409 1355 443 revelata
1379 419 1535 443 cernens
1560 408 1665 451 fecie,

1055 458 1152 492 Visu
1175 458 1247 492 sim
1268 458 1402 492 beatus
1425 462 1502 493 tuae
1524 457 1666 501 gloriae.

1149 1824 1275 1849 coram
1300 1813 1462 1855 imagine
1487 1810 1676 1845 Crucifixi.

1296 1877 1399 1909 Indulg.
1419 1876 1521 1910 plenar.

1224 1925 1291 1950 Pius
1311 1924 1358 1950 ix.
1377 1924 1417 1949 31.
1437 1922 1503 1948 Julii
1527 1922 1597 1946 185&

1004 1979 1080 2055 En
1108 1985 1195 2019 ego,
1230 1986 1252 2011 o
1280 1975 1380 2010 bone
1408 1978 1445 2010 et
1468 1974 1685 2009 dulcissime
1708 1974 1811 2016 Jesu,

1080 2030 1166 2061 ante
1182 2025 1427 2069 conspectum
1446 2028 1550 2059 tuum
1569 2025 1729 2068 genibus
1752 2034 1811 2058 me

1000 2076 1189 2120 provolvo
1216 2085 1260 2109 ac
1282 2075 1448 2109 maximo
1477 2074 1593 2108 animi
1617 2074 1752 2108 ardore
1775 2078 1811 2107 te

1002 2136 1069 2160 oro
1099 2129 1211 2169 atque
1241 2124 1424 2167 obtestor,
1456 2126 1498 2157 ut
1526 2133 1651 2157 meum
1679 2123 1718 2157 in
1748 2132 1814 2157 cor

1000 2175 1154 2211 vividos
1178 2174 1284 2218 fidei,
1309 2173 1393 2218 spei
1416 2177 1452 2208 et
1476 2173 1644 2207 caritatis
1667 2182 1812 2216 sensus⁷

1002 2229 1115 2269 atque
1137 2234 1268 2259 veram
1290 2224 1532 2268 peccaterum
1550 2223 1718 2257 meorum
1733 2232 1813 2266 poe-

1001 2274 1212 2317 nitentiam,
1244 2274 1364 2317 eaque
1393 2271 1618 2307 emendandi
1646 2271 1812 2305 firmissi-

1001 2335 1102 2359 mam
1116 2324 1350 2359 voluntatem
1365 2323 1463 2358 velis
1480 2322 1706 2365 imprimere:
1724 2321 1813 2355 dum

1001 2384 1139 2419 magno
1156 2373 1272 2408 animi
1285 2373 1419 2407 affectu
1433 2377 1469 2407 et
1485 2372 1615 2406 dolore
1630 2375 1694 2405 tua
1707 2370 1813 2414 quin—

1003 2435 1075 2470 que
1091 2424 1250 2459 vulnera
1270 2432 1416 2457 mecum
1431 2422 1515 2465 ipse
1530 2420 1745 2463 considero,
1770 2430 1814 2455 ac

1002 2477 1126 2508 mente
1143 2472 1387 2516 contemplor,
1405 2470 1500 2505 illud
1515 2480 1596 2514 prae
1612 2470 1733 2505 oculis
1748 2469 1813 2503 ha-

1001 2524 1108 2566 bens,
1126 2522 1231 2567 quod
1246 2523 1321 2566 jam
1337 2521 1375 2555 in
1393 2530 1456 2555 ore
1472 2520 1638 2563 ponebat
1654 2529 1723 2554 suo
1740 2518 1812 2553 Da-

1002 2573 1070 2608 vid
1090 2573 1281 2617 Propheta
1305 2572 1350 2606 de
1374 2575 1424 2614 te,
1449 2580 1471 2605 o
1495 2570 1594 2605 bone
1610 2569 1718 2604 Jesu:
1742 2569 1813 2603 Fo-

1004 2622 1138 2658 derunt
1153 2632 1287 2657 manus
1303 2631 1407 2655 meas
1423 2623 1460 2654 et
1475 2619 1593 2663 pedes
1610 2629 1730 2653 meos:
1750 2618 1813 2652 Di-

1002 2673 1295 2708 numeraverunt
1315 2670 1441 2706 omnia
1457 2679 1546 2704 ossa
1562 2679 1655 2703 mea.
1686 2667 1745 2700 Ps.
1762 2667 1812 2700 21.
