<?xml version="1.0" encoding="UTF-8"?>
<!DOCTYPE html PUBLIC "-//W3C//DTD XHTML 1.0 Transitional//EN"
    "http://www.w3.org/TR/xhtml1/DTD/xhtml1-transitional.dtd">
<html xmlns="http://www.w3.org/1999/xhtml" xml:lang="en" lang="en">
 <head>
  <title>
</title>
<meta http-equiv="Content-Type" content="text/html;charset=utf-8" />
  <meta name='ocr-system' content='tesseract 3.04.00' />
  <meta name='ocr-capabilities' content='ocr_page ocr_carea ocr_par ocr_line ocrx_word'/>
</head>
<body>
  <div class='ocr_page' id='page_1' title='image "./p1breviariumroma00cathuoft_0382.png"; bbox 0 0 2040 2990; ppageno 0'>
   <div class='ocr_carea' id='block_1_1' title="bbox 202 220 1327 267">
    <p class='ocr_par' dir='ltr' id='par_1_1' title="bbox 202 220 1327 267">
     <span class='ocr_line' id='line_1_1' title="bbox 202 220 1327 267; baseline 0.003 -11"><span class='ocrx_word' id='word_1_1' title='bbox 202 220 271 256; x_wconf 85' lang='lat'>328</span> <span class='ocrx_word' id='word_1_2' title='bbox 791 225 990 259; x_wconf 78' lang='lat' dir='ltr'>Dominica</span> <span class='ocrx_word' id='word_1_3' title='bbox 1017 224 1327 267; x_wconf 61' lang='lat' dir='ltr'>septuagesimae.</span> 
     </span>
    </p>
   </div>
   <div class='ocr_carea' id='block_1_2' title="bbox 200 280 1899 295">
    <p class='ocr_par' dir='ltr' id='par_1_2' title="bbox 200 280 1899 295">
     <span class='ocr_line' id='line_1_2' title="bbox 200 280 1899 295; baseline 0 2695"><span class='ocrx_word' id='word_1_4' title='bbox 200 280 1899 295; x_wconf 95' lang='lat' dir='ltr'> </span> 
     </span>
    </p>
   </div>
   <div class='ocr_carea' id='block_1_3' title="bbox 236 317 885 541">
    <p class='ocr_par' dir='ltr' id='par_1_3' title="bbox 236 317 885 541">
     <span class='ocr_line' id='line_1_3' title="bbox 236 317 804 369; baseline 0 -10"><span class='ocrx_word' id='word_1_5' title='bbox 236 321 328 359; x_wconf 90' lang='lat' dir='ltr'>lloc</span> <span class='ocrx_word' id='word_1_6' title='bbox 347 322 478 359; x_wconf 91' lang='lat' dir='ltr'>nauta</span> <span class='ocrx_word' id='word_1_7' title='bbox 497 317 612 359; x_wconf 87' lang='lat' dir='ltr'>vires</span> <span class='ocrx_word' id='word_1_8' title='bbox 631 317 804 369; x_wconf 69' lang='lat' dir='ltr'>colligit,</span> 
     </span>
     <span class='ocr_line' id='line_1_4' title="bbox 280 374 885 427; baseline 0.002 -13"><span class='ocrx_word' id='word_1_9' title='bbox 280 374 494 427; x_wconf 83' lang='lat' dir='ltr'><strong>Pontique</strong></span> <span class='ocrx_word' id='word_1_10' title='bbox 513 375 744 416; x_wconf 64' lang='lat' dir='ltr'>mitescunt</span> <span class='ocrx_word' id='word_1_11' title='bbox 762 375 885 417; x_wconf 83' lang='lat' dir='ltr'><strong>freta:</strong></span> 
     </span>
     <span class='ocr_line' id='line_1_5' title="bbox 279 431 885 484; baseline 0.003 -13"><span class='ocrx_word' id='word_1_12' title='bbox 279 431 388 479; x_wconf 92' lang='lat' dir='ltr'>Hoc,</span> <span class='ocrx_word' id='word_1_13' title='bbox 407 431 503 484; x_wconf 88' lang='lat' dir='ltr'>ipsa</span> <span class='ocrx_word' id='word_1_14' title='bbox 522 437 647 484; x_wconf 82' lang='lat' dir='ltr'>petra</span> <span class='ocrx_word' id='word_1_15' title='bbox 665 432 885 482; x_wconf 66' lang='lat' dir='ltr'>Ecclesiae,</span> 
     </span>
     <span class='ocr_line' id='line_1_6' title="bbox 280 487 826 541; baseline 0.004 -13"><span class='ocrx_word' id='word_1_16' title='bbox 280 487 481 538; x_wconf 84' lang='lat' dir='ltr'><strong>Cane&#39;nte‚</strong></span> <span class='ocrx_word' id='word_1_17' title='bbox 500 488 672 541; x_wconf 88' lang='lat' dir='ltr'>culpam</span> <span class='ocrx_word' id='word_1_18' title='bbox 691 488 826 530; x_wconf 77' lang='lat' dir='ltr'><strong>diluit.</strong></span> 
     </span>
    </p>
   </div>
   <div class='ocr_carea' id='block_1_4' title="bbox 229 554 877 775">
    <p class='ocr_par' dir='ltr' id='par_1_4' title="bbox 229 554 877 775">
     <span class='ocr_line' id='line_1_7' title="bbox 229 554 794 604; baseline 0.002 -12"><span class='ocrx_word' id='word_1_19' title='bbox 229 554 461 603; x_wconf 82' lang='lat' dir='ltr'>Surgamus</span> <span class='ocrx_word' id='word_1_20' title='bbox 481 566 586 604; x_wconf 85' lang='lat' dir='ltr'>ergo</span> <span class='ocrx_word' id='word_1_21' title='bbox 606 555 794 595; x_wconf 64' lang='lat' dir='ltr'><strong>strcnue:</strong></span> 
     </span>
     <span class='ocr_line' id='line_1_8' title="bbox 280 609 831 661; baseline 0.002 -11"><span class='ocrx_word' id='word_1_22' title='bbox 280 609 431 651; x_wconf 87' lang='lat' dir='ltr'>Gallus</span> <span class='ocrx_word' id='word_1_23' title='bbox 450 610 639 661; x_wconf 69' lang='lat' dir='ltr'>jaccntes</span> <span class='ocrx_word' id='word_1_24' title='bbox 660 611 831 659; x_wconf 62' lang='lat' dir='ltr'>dimitat,</span> 
     </span>
     <span class='ocr_line' id='line_1_9' title="bbox 279 666 877 719; baseline 0.002 -12"><span class='ocrx_word' id='word_1_25' title='bbox 279 666 335 707; x_wconf 89' lang='lat' dir='ltr'><strong>Et</strong></span> <span class='ocrx_word' id='word_1_26' title='bbox 354 666 652 709; x_wconf 65' lang='lat' dir='ltr'><strong>somnolentos</strong></span> <span class='ocrx_word' id='word_1_27' title='bbox 672 669 877 719; x_wconf 84' lang='lat' dir='ltr'>increpat,</span> 
     </span>
     <span class='ocr_line' id='line_1_10' title="bbox 282 722 833 775; baseline 0 -11"><span class='ocrx_word' id='word_1_28' title='bbox 282 722 434 764; x_wconf 81' lang='lat' dir='ltr'>Gallus</span> <span class='ocrx_word' id='word_1_29' title='bbox 453 725 662 775; x_wconf 79' lang='lat' dir='ltr'><strong>negantes</strong></span> <span class='ocrx_word' id='word_1_30' title='bbox 683 723 833 775; x_wconf 82' lang='lat' dir='ltr'>arguit.</span> 
     </span>
    </p>
   </div>
   <div class='ocr_carea' id='block_1_5' title="bbox 234 788 863 1011">
    <p class='ocr_par' dir='ltr' id='par_1_5' title="bbox 234 788 863 1011">
     <span class='ocr_line' id='line_1_11' title="bbox 234 788 823 841; baseline 0.002 -13"><span class='ocrx_word' id='word_1_31' title='bbox 234 788 357 830; x_wconf 87' lang='lat' dir='ltr'>Gallo</span> <span class='ocrx_word' id='word_1_32' title='bbox 379 790 559 830; x_wconf 65' lang='lat' dir='ltr'><strong>cancnte</strong></span> <span class='ocrx_word' id='word_1_33' title='bbox 579 802 680 841; x_wconf 84' lang='lat' dir='ltr'>spes</span> <span class='ocrx_word' id='word_1_34' title='bbox 700 788 823 838; x_wconf 84' lang='lat' dir='ltr'><strong>redit,</strong></span> 
     </span>
     <span class='ocr_line' id='line_1_12' title="bbox 280 845 834 896; baseline -0.002 -10"><span class='ocrx_word' id='word_1_35' title='bbox 280 845 427 896; x_wconf 85' lang='lat' dir='ltr'>AEgris</span> <span class='ocrx_word' id='word_1_36' title='bbox 447 845 563 886; x_wconf 85' lang='lat' dir='ltr'>salus</span> <span class='ocrx_word' id='word_1_37' title='bbox 582 845 834 895; x_wconf 76' lang='lat' dir='ltr'>refunditur,</span> 
     </span>
     <span class='ocr_line' id='line_1_13' title="bbox 278 901 863 951; baseline 0 -9"><span class='ocrx_word' id='word_1_38' title='bbox 278 902 431 943; x_wconf 87' lang='lat' dir='ltr'>Muero</span> <span class='ocrx_word' id='word_1_39' title='bbox 451 902 632 944; x_wconf 82' lang='lat' dir='ltr'>latr6nis</span> <span class='ocrx_word' id='word_1_40' title='bbox 652 901 863 951; x_wconf 65' lang='lat' dir='ltr'>cdnditun</span> 
     </span>
     <span class='ocr_line' id='line_1_14' title="bbox 277 958 821 1011; baseline 0 -12"><span class='ocrx_word' id='word_1_41' title='bbox 277 958 431 1011; x_wconf 84' lang='lat' dir='ltr'>Lapsis</span> <span class='ocrx_word' id='word_1_42' title='bbox 451 958 562 1000; x_wconf 83' lang='lat' dir='ltr'><strong>fides</strong></span> <span class='ocrx_word' id='word_1_43' title='bbox 580 959 821 1001; x_wconf 72' lang='lat' dir='ltr'><strong>revcrtitur.</strong></span> 
     </span>
    </p>
   </div>
   <div class='ocr_carea' id='block_1_6' title="bbox 229 1024 859 1248">
    <p class='ocr_par' dir='ltr' id='par_1_6' title="bbox 229 1024 859 1248">
     <span class='ocr_line' id='line_1_15' title="bbox 229 1024 744 1077; baseline 0.002 -13"><span class='ocrx_word' id='word_1_44' title='bbox 229 1025 328 1066; x_wconf 85' lang='lat' dir='ltr'>Jesu</span> <span class='ocrx_word' id='word_1_45' title='bbox 347 1024 544 1066; x_wconf 81' lang='lat' dir='ltr'>labantes</span> <span class='ocrx_word' id='word_1_46' title='bbox 564 1025 744 1077; x_wconf 56' lang='lat' dir='ltr'>respice,</span> 
     </span>
     <span class='ocr_line' id='line_1_16' title="bbox 279 1081 849 1132; baseline -0.002 -10"><span class='ocrx_word' id='word_1_47' title='bbox 279 1081 336 1122; x_wconf 88' lang='lat' dir='ltr'><strong>Et</strong></span> <span class='ocrx_word' id='word_1_48' title='bbox 355 1093 435 1122; x_wconf 86' lang='lat' dir='ltr'>nos</span> <span class='ocrx_word' id='word_1_49' title='bbox 455 1081 644 1123; x_wconf 72' lang='lat' dir='ltr'>vidcndo</span> <span class='ocrx_word' id='word_1_50' title='bbox 665 1081 849 1132; x_wconf 68' lang='lat' dir='ltr'>corrige:</span> 
     </span>
     <span class='ocr_line' id='line_1_17' title="bbox 277 1137 859 1190; baseline 0.003 -12"><span class='ocrx_word' id='word_1_51' title='bbox 277 1138 322 1179; x_wconf 90' lang='lat' dir='ltr'>Si</span> <span class='ocrx_word' id='word_1_52' title='bbox 340 1138 530 1190; x_wconf 50' lang='lat' dir='ltr'>respici&amp;</span> <span class='ocrx_word' id='word_1_53' title='bbox 549 1137 670 1180; x_wconf 87' lang='lat' dir='ltr'>labes</span> <span class='ocrx_word' id='word_1_54' title='bbox 690 1137 859 1187; x_wconf 87' lang='lat' dir='ltr'>cadunt,</span> 
     </span>
     <span class='ocr_line' id='line_1_18' title="bbox 278 1194 851 1248; baseline 0.002 -13"><span class='ocrx_word' id='word_1_55' title='bbox 278 1195 491 1247; x_wconf 82' lang='lat' dir='ltr'>Fletuque</span> <span class='ocrx_word' id='word_1_56' title='bbox 512 1194 640 1248; x_wconf 88' lang='lat' dir='ltr'>culpa</span> <span class='ocrx_word' id='word_1_57' title='bbox 660 1194 851 1237; x_wconf 63' lang='lat' dir='ltr'>solvitur.</span> 
     </span>
    </p>
   </div>
   <div class='ocr_carea' id='block_1_7' title="bbox 193 1259 1018 2794">
    <p class='ocr_par' dir='ltr' id='par_1_7' title="bbox 227 1259 978 1472">
     <span class='ocr_line' id='line_1_19' title="bbox 227 1259 797 1311; baseline 0.002 -11"><span class='ocrx_word' id='word_1_58' title='bbox 227 1261 291 1301; x_wconf 85' lang='lat' dir='ltr'>Tu</span> <span class='ocrx_word' id='word_1_59' title='bbox 310 1259 384 1301; x_wconf 84' lang='lat' dir='ltr'>lux</span> <span class='ocrx_word' id='word_1_60' title='bbox 404 1260 569 1311; x_wconf 80' lang='lat' dir='ltr'>refulge</span> <span class='ocrx_word' id='word_1_61' title='bbox 589 1260 797 1310; x_wconf 71' lang='lat' dir='ltr'>scnsibus,</span> 
     </span>
     <span class='ocr_line' id='line_1_20' title="bbox 273 1317 944 1369; baseline 0 -12"><span class='ocrx_word' id='word_1_62' title='bbox 273 1317 519 1369; x_wconf 84' lang='lat' dir='ltr'>Mentisque</span> <span class='ocrx_word' id='word_1_63' title='bbox 540 1329 740 1359; x_wconf 87' lang='lat' dir='ltr'>somnum</span> <span class='ocrx_word' id='word_1_64' title='bbox 760 1317 944 1359; x_wconf 85' lang='lat' dir='ltr'>discute:</span> 
     </span>
     <span class='ocr_line' id='line_1_21' title="bbox 274 1373 978 1427; baseline 0.001 -13"><span class='ocrx_word' id='word_1_65' title='bbox 274 1373 338 1415; x_wconf 84' lang='lat' dir='ltr'>Te</span> <span class='ocrx_word' id='word_1_66' title='bbox 358 1378 509 1415; x_wconf 87' lang='lat' dir='ltr'><strong>nostra</strong></span> <span class='ocrx_word' id='word_1_67' title='bbox 528 1386 615 1415; x_wconf 84' lang='lat' dir='ltr'>vox</span> <span class='ocrx_word' id='word_1_68' title='bbox 633 1374 823 1427; x_wconf 91' lang='lat' dir='ltr'>primum</span> <span class='ocrx_word' id='word_1_69' title='bbox 842 1377 978 1423; x_wconf 83' lang='lat' dir='ltr'><strong>sonet,</strong></span> 
     </span>
     <span class='ocr_line' id='line_1_22' title="bbox 274 1430 802 1472; baseline 0.002 -2"><span class='ocrx_word' id='word_1_70' title='bbox 274 1430 331 1471; x_wconf 90' lang='lat' dir='ltr'><strong>Et</strong></span> <span class='ocrx_word' id='word_1_71' title='bbox 349 1435 452 1472; x_wconf 87' lang='lat' dir='ltr'><strong>vota</strong></span> <span class='ocrx_word' id='word_1_72' title='bbox 471 1430 693 1472; x_wconf 81' lang='lat' dir='ltr'>solvamus</span> <span class='ocrx_word' id='word_1_73' title='bbox 712 1430 802 1472; x_wconf 93' lang='lat' dir='ltr'>tibi.</span> 
     </span>
    </p>

    <p class='ocr_par' dir='ltr' id='par_1_8' title="bbox 229 1495 703 1546">
     <span class='ocr_line' id='line_1_23' title="bbox 229 1495 703 1546; baseline 0.002 -11"><span class='ocrx_word' id='word_1_74' title='bbox 229 1496 321 1537; x_wconf 88' lang='lat' dir='ltr'>Deo</span> <span class='ocrx_word' id='word_1_75' title='bbox 340 1495 462 1536; x_wconf 90' lang='lat' dir='ltr'>Patri</span> <span class='ocrx_word' id='word_1_76' title='bbox 479 1495 535 1536; x_wconf 85' lang='lat' dir='ltr'>sit</span> <span class='ocrx_word' id='word_1_77' title='bbox 554 1495 703 1546; x_wconf 67' lang='lat' dir='ltr'>gloria,</span> 
     </span>
    </p>

    <p class='ocr_par' dir='ltr' id='par_1_9' title="bbox 272 1551 814 1661">
     <span class='ocr_line' id='line_1_24' title="bbox 272 1551 705 1604; baseline 0 -12"><span class='ocrx_word' id='word_1_78' title='bbox 272 1552 463 1604; x_wconf 81' lang='lat' dir='ltr'>Ejusque</span> <span class='ocrx_word' id='word_1_79' title='bbox 483 1551 566 1593; x_wconf 86' lang='lat' dir='ltr'>soli</span> <span class='ocrx_word' id='word_1_80' title='bbox 583 1551 705 1602; x_wconf 76' lang='lat' dir='ltr'>Filio,</span> 
     </span>
     <span class='ocr_line' id='line_1_25' title="bbox 276 1608 814 1661; baseline 0.002 -12"><span class='ocrx_word' id='word_1_81' title='bbox 276 1608 384 1649; x_wconf 92' lang='lat' dir='ltr'>Cum</span> <span class='ocrx_word' id='word_1_82' title='bbox 402 1608 565 1661; x_wconf 83' lang='lat' dir='ltr'>Spiritu</span> <span class='ocrx_word' id='word_1_83' title='bbox 584 1608 814 1658; x_wconf 80' lang='lat' dir='ltr'>paraclito,</span> 
     </span>
    </p>

    <p class='ocr_par' dir='ltr' id='par_1_10' title="bbox 271 1665 957 1717">
     <span class='ocr_line' id='line_1_26' title="bbox 271 1665 957 1717; baseline -0.001 -11"><span class='ocrx_word' id='word_1_84' title='bbox 271 1665 409 1714; x_wconf 89' lang='lat' dir='ltr'>Nunc,</span> <span class='ocrx_word' id='word_1_85' title='bbox 430 1669 473 1706; x_wconf 85' lang='lat' dir='ltr'><strong>et</strong></span> <span class='ocrx_word' id='word_1_86' title='bbox 491 1677 571 1717; x_wconf 89' lang='lat' dir='ltr'>per</span> <span class='ocrx_word' id='word_1_87' title='bbox 591 1677 718 1707; x_wconf 82' lang='lat' dir='ltr'>omne</span> <span class='ocrx_word' id='word_1_88' title='bbox 738 1665 957 1707; x_wconf 70' lang='lat' dir='ltr'>sacculum.</span> 
     </span>
    </p>

    <p class='ocr_par' dir='ltr' id='par_1_11' title="bbox 503 1721 654 1762">
     <span class='ocr_line' id='line_1_27' title="bbox 503 1721 654 1762; baseline 0 0"><span class='ocrx_word' id='word_1_89' title='bbox 503 1721 654 1762; x_wconf 86' lang='lat' dir='ltr'><strong>Amen.</strong></span> 
     </span>
    </p>

    <p class='ocr_par' dir='ltr' id='par_1_12' title="bbox 194 1777 1018 1947">
     <span class='ocr_line' id='line_1_28' title="bbox 255 1777 1017 1834; baseline -0.001 -9"><span class='ocrx_word' id='word_1_90' title='bbox 255 1777 306 1825; x_wconf 68' lang='lat' dir='ltr'>V-</span> <span class='ocrx_word' id='word_1_91' title='bbox 332 1782 520 1824; x_wconf 71' lang='lat' dir='ltr'>deine</span> <span class='ocrx_word' id='word_1_92' title='bbox 552 1782 766 1834; x_wconf 83' lang='lat' dir='ltr'>refugium</span> <span class='ocrx_word' id='word_1_93' title='bbox 797 1782 938 1824; x_wconf 87' lang='lat' dir='ltr'>factus</span> <span class='ocrx_word' id='word_1_94' title='bbox 970 1795 1017 1824; x_wconf 89' lang='lat' dir='ltr'>es</span> 
     </span>
     <span class='ocr_line' id='line_1_29' title="bbox 195 1836 1018 1893; baseline 0.001 -13"><span class='ocrx_word' id='word_1_95' title='bbox 195 1838 332 1880; x_wconf 85' lang='lat' dir='ltr'><strong>nobis.</strong></span> <span class='ocrx_word' id='word_1_96' title='bbox 383 1836 431 1887; x_wconf 52' lang='lat' dir='ltr'>Rp.</span> <span class='ocrx_word' id='word_1_97' title='bbox 459 1840 501 1880; x_wconf 93' lang='lat' dir='ltr'><strong>A</strong></span> <span class='ocrx_word' id='word_1_98' title='bbox 533 1839 814 1890; x_wconf 70' lang='lat' dir='ltr'><strong>generatione</strong></span> <span class='ocrx_word' id='word_1_99' title='bbox 847 1845 890 1881; x_wconf 86' lang='lat' dir='ltr'><strong>et</strong></span> <span class='ocrx_word' id='word_1_100' title='bbox 920 1852 1018 1893; x_wconf 93' lang='lat' dir='ltr'>pro-</span> 
     </span>
     <span class='ocr_line' id='line_1_30' title="bbox 194 1909 330 1947; baseline -0.007 -10"><span class='ocrx_word' id='word_1_101' title='bbox 194 1909 330 1947; x_wconf 82' lang='lat' dir='ltr'><strong>geme.</strong></span> 
     </span>
    </p>

    <p class='ocr_par' dir='ltr' id='par_1_13' title="bbox 195 1949 1017 2220">
     <span class='ocr_line' id='line_1_31' title="bbox 254 1949 1017 1995; baseline 0.007 -5"><span class='ocrx_word' id='word_1_102' title='bbox 254 1949 323 1991; x_wconf 82' lang='lat' dir='ltr'>Ad</span> <span class='ocrx_word' id='word_1_103' title='bbox 344 1950 503 1992; x_wconf 81' lang='lat' dir='ltr'><strong>Bencd.</strong></span> <span class='ocrx_word' id='word_1_104' title='bbox 531 1952 629 1992; x_wconf 82' lang='lat' dir='ltr'><strong>Ant.</strong></span> <span class='ocrx_word' id='word_1_105' title='bbox 657 1952 804 1995; x_wconf 81' lang='lat' dir='ltr'>Simile</span> <span class='ocrx_word' id='word_1_106' title='bbox 827 1957 894 1995; x_wconf 87' lang='lat' dir='ltr'><strong>est</strong></span> <span class='ocrx_word' id='word_1_107' title='bbox 913 1953 936 1979; x_wconf 86' lang='lat'>*</span> <span class='ocrx_word' id='word_1_108' title='bbox 954 1966 1017 1995; x_wconf 84' lang='lat' dir='ltr'>re-</span> 
     </span>
     <span class='ocr_line' id='line_1_32' title="bbox 195 2008 1017 2063; baseline 0.002 -14"><span class='ocrx_word' id='word_1_109' title='bbox 195 2021 327 2059; x_wconf 87' lang='lat' dir='ltr'>gnum</span> <span class='ocrx_word' id='word_1_110' title='bbox 353 2008 564 2050; x_wconf 76' lang='lat' dir='ltr'>coeldrum</span> <span class='ocrx_word' id='word_1_111' title='bbox 594 2009 758 2051; x_wconf 72' lang='lat' dir='ltr'>hdmini</span> <span class='ocrx_word' id='word_1_112' title='bbox 784 2009 1017 2063; x_wconf 88' lang='lat' dir='ltr'>patrifami-</span> 
     </span>
     <span class='ocr_line' id='line_1_33' title="bbox 195 2064 1017 2118; baseline 0.005 -14"><span class='ocrx_word' id='word_1_113' title='bbox 195 2064 291 2114; x_wconf 87' lang='lat' dir='ltr'>lias,</span> <span class='ocrx_word' id='word_1_114' title='bbox 321 2065 393 2116; x_wconf 94' lang='lat' dir='ltr'>qui</span> <span class='ocrx_word' id='word_1_115' title='bbox 418 2065 522 2107; x_wconf 77' lang='lat' dir='ltr'>cxiit</span> <span class='ocrx_word' id='word_1_116' title='bbox 544 2065 686 2118; x_wconf 92' lang='lat' dir='ltr'>primo</span> <span class='ocrx_word' id='word_1_117' title='bbox 710 2079 836 2108; x_wconf 87' lang='lat' dir='ltr'>manc</span> <span class='ocrx_word' id='word_1_118' title='bbox 857 2066 1017 2108; x_wconf 80' lang='lat' dir='ltr'>condu-</span> 
     </span>
     <span class='ocr_line' id='line_1_34' title="bbox 196 2122 1017 2174; baseline 0.004 -12"><span class='ocrx_word' id='word_1_119' title='bbox 196 2133 294 2162; x_wconf 85' lang='lat' dir='ltr'>cere</span> <span class='ocrx_word' id='word_1_120' title='bbox 314 2122 538 2174; x_wconf 81' lang='lat' dir='ltr'>operarios</span> <span class='ocrx_word' id='word_1_121' title='bbox 556 2122 599 2163; x_wconf 92' lang='lat' dir='ltr'>in</span> <span class='ocrx_word' id='word_1_122' title='bbox 617 2124 787 2165; x_wconf 86' lang='lat' dir='ltr'>vineam</span> <span class='ocrx_word' id='word_1_123' title='bbox 804 2137 937 2173; x_wconf 88' lang='lat' dir='ltr'>suam,</span> <span class='ocrx_word' id='word_1_124' title='bbox 957 2123 1017 2165; x_wconf 89' lang='lat' dir='ltr'>di·</span> 
     </span>
     <span class='ocr_line' id='line_1_35' title="bbox 197 2177 497 2220; baseline 0 -2"><span class='ocrx_word' id='word_1_125' title='bbox 197 2177 255 2218; x_wconf 91' lang='lat' dir='ltr'>cit</span> <span class='ocrx_word' id='word_1_126' title='bbox 273 2177 497 2220; x_wconf 75' lang='lat' dir='ltr'>deinus.</span> 
     </span>
    </p>

    <p class='ocr_par' dir='ltr' id='par_1_14' title="bbox 193 2234 1017 2619">
     <span class='ocr_line' id='line_1_36' title="bbox 532 2234 691 2274; baseline 0 -1"><span class='ocrx_word' id='word_1_127' title='bbox 532 2234 691 2274; x_wconf 85' lang='lat' dir='ltr'><strong>Oratio.</strong></span> 
     </span>
     <span class='ocr_line' id='line_1_37' title="bbox 290 2292 1016 2344; baseline 0.003 -12"><span class='ocrx_word' id='word_1_128' title='bbox 290 2304 411 2333; x_wconf 85' lang='lat' dir='ltr'>rcces</span> <span class='ocrx_word' id='word_1_129' title='bbox 448 2292 599 2344; x_wconf 73' lang='lat' dir='ltr'>pdpuli</span> <span class='ocrx_word' id='word_1_130' title='bbox 643 2292 722 2341; x_wconf 89' lang='lat' dir='ltr'>tui,</span> <span class='ocrx_word' id='word_1_131' title='bbox 768 2295 1016 2344; x_wconf 61' lang='lat' dir='ltr'>quaesumus</span> 
     </span>
     <span class='ocr_line' id='line_1_38' title="bbox 290 2347 1017 2397; baseline 0.006 -9"><span class='ocrx_word' id='word_1_132' title='bbox 290 2348 492 2397; x_wconf 81' lang='lat' dir='ltr'>D6mine,</span> <span class='ocrx_word' id='word_1_133' title='bbox 518 2347 753 2391; x_wconf 75' lang='lat' dir='ltr'>clemcnter</span> <span class='ocrx_word' id='word_1_134' title='bbox 773 2349 945 2391; x_wconf 80' lang='lat' dir='ltr'>exaudi:</span> <span class='ocrx_word' id='word_1_135' title='bbox 970 2355 1017 2392; x_wconf 88' lang='lat' dir='ltr'>ut</span> 
     </span>
     <span class='ocr_line' id='line_1_39' title="bbox 197 2405 1015 2457; baseline 0.002 -12"><span class='ocrx_word' id='word_1_136' title='bbox 197 2405 270 2456; x_wconf 91' lang='lat' dir='ltr'>qui</span> <span class='ocrx_word' id='word_1_137' title='bbox 289 2406 398 2456; x_wconf 86' lang='lat' dir='ltr'><strong>juste</strong></span> <span class='ocrx_word' id='word_1_138' title='bbox 418 2417 499 2457; x_wconf 87' lang='lat' dir='ltr'>pro</span> <span class='ocrx_word' id='word_1_139' title='bbox 518 2406 712 2457; x_wconf 82' lang='lat' dir='ltr'>peccatis</span> <span class='ocrx_word' id='word_1_140' title='bbox 732 2407 891 2448; x_wconf 82' lang='lat' dir='ltr'><strong>nostris</strong></span> <span class='ocrx_word' id='word_1_141' title='bbox 911 2406 1015 2447; x_wconf 87' lang='lat' dir='ltr'>affii-</span> 
     </span>
     <span class='ocr_line' id='line_1_40' title="bbox 193 2461 1015 2514; baseline 0.002 -12"><span class='ocrx_word' id='word_1_142' title='bbox 193 2461 348 2512; x_wconf 85' lang='lat' dir='ltr'>gimur,</span> <span class='ocrx_word' id='word_1_143' title='bbox 376 2474 456 2514; x_wconf 91' lang='lat' dir='ltr'>pro</span> <span class='ocrx_word' id='word_1_144' title='bbox 482 2461 545 2502; x_wconf 91' lang='lat' dir='ltr'>tui</span> <span class='ocrx_word' id='word_1_145' title='bbox 571 2462 756 2503; x_wconf 67' lang='lat' dir='ltr'>ncminis</span> <span class='ocrx_word' id='word_1_146' title='bbox 780 2462 917 2514; x_wconf 72' lang='lat' dir='ltr'>glcria</span> <span class='ocrx_word' id='word_1_147' title='bbox 941 2463 1015 2504; x_wconf 92' lang='lat' dir='ltr'>mi-</span> 
     </span>
     <span class='ocr_line' id='line_1_41' title="bbox 195 2517 986 2560; baseline 0.003 -2"><span class='ocrx_word' id='word_1_148' title='bbox 195 2517 471 2559; x_wconf 73' lang='lat' dir='ltr'>sericcrditer</span> <span class='ocrx_word' id='word_1_149' title='bbox 490 2517 732 2559; x_wconf 73' lang='lat' dir='ltr'>libercmur.</span> <span class='ocrx_word' id='word_1_150' title='bbox 759 2519 843 2560; x_wconf 89' lang='lat' dir='ltr'>Per</span> <span class='ocrx_word' id='word_1_151' title='bbox 861 2520 986 2560; x_wconf 81' lang='lat' dir='ltr'><strong>Dnm.</strong></span> 
     </span>
     <span class='ocr_line' id='line_1_42' title="bbox 457 2582 748 2619; baseline 0.003 -1"><span class='ocrx_word' id='word_1_152' title='bbox 457 2582 524 2618; x_wconf 92' lang='lat' dir='ltr'>Ad</span> <span class='ocrx_word' id='word_1_153' title='bbox 547 2583 748 2619; x_wconf 88' lang='lat' dir='ltr'><strong>Primam.</strong></span> 
     </span>
    </p>

    <p class='ocr_par' dir='ltr' id='par_1_15' title="bbox 194 2639 1014 2794">
     <span class='ocr_line' id='line_1_43' title="bbox 257 2639 1014 2682; baseline 0.003 -2"><span class='ocrx_word' id='word_1_154' title='bbox 257 2642 354 2681; x_wconf 75' lang='lat' dir='ltr'><strong>Ant.</strong></span> <span class='ocrx_word' id='word_1_155' title='bbox 370 2639 668 2681; x_wconf 71' lang='lat' dir='ltr'><strong>Conventidne</strong></span> <span class='ocrx_word' id='word_1_156' title='bbox 695 2644 839 2682; x_wconf 85' lang='lat' dir='ltr'>autem</span> <span class='ocrx_word' id='word_1_157' title='bbox 858 2642 882 2667; x_wconf 87' lang='lat'>*</span> <span class='ocrx_word' id='word_1_158' title='bbox 900 2641 1014 2682; x_wconf 89' lang='lat' dir='ltr'>facta</span> 
     </span>
     <span class='ocr_line' id='line_1_44' title="bbox 194 2695 1012 2747; baseline 0.004 -12"><span class='ocrx_word' id='word_1_159' title='bbox 194 2708 292 2736; x_wconf 91' lang='lat' dir='ltr'>cum</span> <span class='ocrx_word' id='word_1_160' title='bbox 318 2695 530 2747; x_wconf 72' lang='lat' dir='ltr'>operariis</span> <span class='ocrx_word' id='word_1_161' title='bbox 559 2709 612 2737; x_wconf 82' lang='lat' dir='ltr'>ex</span> <span class='ocrx_word' id='word_1_162' title='bbox 638 2695 818 2738; x_wconf 79' lang='lat' dir='ltr'>denario</span> <span class='ocrx_word' id='word_1_163' title='bbox 846 2696 1012 2747; x_wconf 77' lang='lat' dir='ltr'>diurno,</span> 
     </span>
     <span class='ocr_line' id='line_1_45' title="bbox 194 2752 808 2794; baseline 0.002 -2"><span class='ocrx_word' id='word_1_164' title='bbox 194 2752 310 2793; x_wconf 85' lang='lat' dir='ltr'>misit</span> <span class='ocrx_word' id='word_1_165' title='bbox 329 2764 405 2793; x_wconf 86' lang='lat' dir='ltr'>eos</span> <span class='ocrx_word' id='word_1_166' title='bbox 424 2752 467 2792; x_wconf 91' lang='lat' dir='ltr'>in</span> <span class='ocrx_word' id='word_1_167' title='bbox 486 2754 655 2793; x_wconf 85' lang='lat' dir='ltr'>vineam</span> <span class='ocrx_word' id='word_1_168' title='bbox 676 2765 808 2794; x_wconf 89' lang='lat' dir='ltr'>suam.</span> 
     </span>
    </p>
   </div>
   <div class='ocr_carea' id='block_1_8' title="bbox 1076 318 1898 497">
    <p class='ocr_par' dir='ltr' id='par_1_16' title="bbox 1076 318 1898 497">
     <span class='ocr_line' id='line_1_46' title="bbox 1131 318 1898 355; baseline 0 -1"><span class='ocrx_word' id='word_1_169' title='bbox 1131 320 1192 354; x_wconf 82' lang='lat' dir='ltr'>Ps.</span> <span class='ocrx_word' id='word_1_170' title='bbox 1221 320 1324 353; x_wconf 90' lang='lat' dir='ltr'>Deus</span> <span class='ocrx_word' id='word_1_171' title='bbox 1354 318 1394 353; x_wconf 92' lang='lat' dir='ltr'>in</span> <span class='ocrx_word' id='word_1_172' title='bbox 1419 318 1573 354; x_wconf 74' lang='lat' dir='ltr'>ndmine</span> <span class='ocrx_word' id='word_1_173' title='bbox 1601 322 1677 355; x_wconf 90' lang='lat' dir='ltr'><strong>tuo.</strong></span> <span class='ocrx_word' id='word_1_174' title='bbox 1706 331 1791 355; x_wconf 89' lang='lat' dir='ltr'>cum</span> <span class='ocrx_word' id='word_1_175' title='bbox 1813 320 1898 355; x_wconf 88' lang='lat' dir='ltr'>reli-</span> 
     </span>
     <span class='ocr_line' id='line_1_47' title="bbox 1080 366 1898 411; baseline 0 -9"><span class='ocrx_word' id='word_1_176' title='bbox 1080 368 1166 411; x_wconf 83' lang='lat' dir='ltr'>quis</span> <span class='ocrx_word' id='word_1_177' title='bbox 1202 374 1241 402; x_wconf 86' lang='lat' dir='ltr'>ut</span> <span class='ocrx_word' id='word_1_178' title='bbox 1275 368 1313 402; x_wconf 89' lang='lat' dir='ltr'>in</span> <span class='ocrx_word' id='word_1_179' title='bbox 1346 368 1461 402; x_wconf 78' lang='lat' dir='ltr'><strong>Psalt.</strong></span> <span class='ocrx_word' id='word_1_180' title='bbox 1486 366 1539 402; x_wconf 86' lang='lat'><strong>26.</strong></span> <span class='ocrx_word' id='word_1_181' title='bbox 1588 368 1652 403; x_wconf 90' lang='lat' dir='ltr'>Ad</span> <span class='ocrx_word' id='word_1_182' title='bbox 1675 368 1898 403; x_wconf 87' lang='lat' dir='ltr'>Absolutio-</span> 
     </span>
     <span class='ocr_line' id='line_1_48' title="bbox 1076 415 1897 497; baseline 0.001 -47"><span class='ocrx_word' id='word_1_183' title='bbox 1076 416 1367 497; x_wconf 49' lang='grc' dir='ltr'>ἓὲξῐέωίῖειὲίϊωὶ,</span> <span class='ocrx_word' id='word_1_184' title='bbox 1391 416 1521 450; x_wconf 87' lang='lat' dir='ltr'>Lectio</span> <span class='ocrx_word' id='word_1_185' title='bbox 1548 417 1687 451; x_wconf 81' lang='lat' dir='ltr'><strong>brevis.</strong></span> <span class='ocrx_word' id='word_1_186' title='bbox 1711 415 1897 451; x_wconf 79' lang='lat' dir='ltr'>D6minus</span> 
     </span>
    </p>
   </div>
   <div class='ocr_carea' id='block_1_9' title="bbox 1067 522 1901 2803">
    <p class='ocr_par' dir='ltr' id='par_1_17' title="bbox 1344 522 1633 559">
     <span class='ocr_line' id='line_1_49' title="bbox 1344 522 1633 559; baseline 0 -1"><span class='ocrx_word' id='word_1_187' title='bbox 1344 522 1411 559; x_wconf 81' lang='lat' dir='ltr'>Ad</span> <span class='ocrx_word' id='word_1_188' title='bbox 1432 522 1633 559; x_wconf 88' lang='lat' dir='ltr'><strong>Tertiam.</strong></span> 
     </span>
    </p>

    <p class='ocr_par' dir='ltr' id='par_1_18' title="bbox 1075 578 1897 733">
     <span class='ocr_line' id='line_1_50' title="bbox 1131 578 1897 621; baseline 0.004 -3"><span class='ocrx_word' id='word_1_189' title='bbox 1131 580 1230 619; x_wconf 84' lang='lat' dir='ltr'><strong>Ant.</strong></span> <span class='ocrx_word' id='word_1_190' title='bbox 1259 581 1320 620; x_wconf 83' lang='lat' dir='ltr'><strong>Ite</strong></span> <span class='ocrx_word' id='word_1_191' title='bbox 1345 583 1389 621; x_wconf 87' lang='lat' dir='ltr'><strong>et</strong></span> <span class='ocrx_word' id='word_1_192' title='bbox 1411 591 1491 620; x_wconf 84' lang='lat' dir='ltr'>vos</span> <span class='ocrx_word' id='word_1_193' title='bbox 1509 578 1533 604; x_wconf 82' lang='lat'>*</span> <span class='ocrx_word' id='word_1_194' title='bbox 1552 579 1595 620; x_wconf 94' lang='lat' dir='ltr'>in</span> <span class='ocrx_word' id='word_1_195' title='bbox 1617 580 1787 621; x_wconf 86' lang='lat' dir='ltr'>vineam</span> <span class='ocrx_word' id='word_1_196' title='bbox 1810 592 1897 621; x_wconf 85' lang='lat' dir='ltr'>me-</span> 
     </span>
     <span class='ocr_line' id='line_1_51' title="bbox 1075 634 1897 733; baseline 0.004 -58"><span class='ocrx_word' id='word_1_197' title='bbox 1075 646 1162 733; x_wconf 81' lang='lat' dir='ltr'>amb‚</span> <span class='ocrx_word' id='word_1_198' title='bbox 1194 639 1238 676; x_wconf 84' lang='lat' dir='ltr'><strong>et</strong></span> <span class='ocrx_word' id='word_1_199' title='bbox 1271 634 1390 688; x_wconf 92' lang='lat' dir='ltr'>quod</span> <span class='ocrx_word' id='word_1_200' title='bbox 1422 635 1580 687; x_wconf 85' lang='lat' dir='ltr'>justum</span> <span class='ocrx_word' id='word_1_201' title='bbox 1607 635 1752 686; x_wconf 76' lang='lat' dir='ltr'>fucrit,</span> <span class='ocrx_word' id='word_1_202' title='bbox 1782 635 1897 678; x_wconf 87' lang='lat' dir='ltr'>dabo</span> 
     </span>
     <span class='ocr_line' id='line_1_52' title="bbox 1076 703 1211 732; baseline 0.007 -1"><span class='ocrx_word' id='word_1_203' title='bbox 1076 703 1131 732; x_wconf 92' lang='lat' dir='ltr'>vo</span> <span class='ocrx_word' id='word_1_204' title='bbox 1164 704 1211 732; x_wconf 85' lang='lat' dir='ltr'><strong>1s.</strong></span> 
     </span>
    </p>

    <p class='ocr_par' dir='ltr' id='par_1_19' title="bbox 1080 748 1900 860">
     <span class='ocr_line' id='line_1_53' title="bbox 1132 748 1900 803; baseline -0.003 -12"><span class='ocrx_word' id='word_1_205' title='bbox 1132 750 1268 803; x_wconf 83' lang='lat' dir='ltr'>Capit.</span> <span class='ocrx_word' id='word_1_206' title='bbox 1303 751 1491 790; x_wconf 85' lang='lat' dir='ltr'><strong>Fratres:</strong></span> <span class='ocrx_word' id='word_1_207' title='bbox 1523 748 1726 791; x_wconf 84' lang='lat' dir='ltr'>Nescitis.</span> <span class='ocrx_word' id='word_1_208' title='bbox 1760 754 1807 790; x_wconf 92' lang='lat' dir='ltr'>ut</span> <span class='ocrx_word' id='word_1_209' title='bbox 1834 761 1900 789; x_wconf 85' lang='lat' dir='ltr'>su-</span> 
     </span>
     <span class='ocr_line' id='line_1_54' title="bbox 1080 805 1280 860; baseline -0.015 -12"><span class='ocrx_word' id='word_1_210' title='bbox 1080 821 1169 860; x_wconf 86' lang='lat' dir='ltr'>pra.</span> <span class='ocrx_word' id='word_1_211' title='bbox 1190 805 1280 846; x_wconf 87' lang='lat'><strong>327.</strong></span> 
     </span>
    </p>

    <p class='ocr_par' dir='ltr' id='par_1_20' title="bbox 1074 861 1901 1130">
     <span class='ocr_line' id='line_1_55' title="bbox 1133 861 1901 918; baseline -0.003 -14"><span class='ocrx_word' id='word_1_212' title='bbox 1133 865 1182 916; x_wconf 63' lang='lat' dir='ltr'><strong>R.</strong></span> <span class='ocrx_word' id='word_1_213' title='bbox 1200 864 1263 905; x_wconf 89' lang='lat' dir='ltr'><strong>br.</strong></span> <span class='ocrx_word' id='word_1_214' title='bbox 1282 861 1446 918; x_wconf 84' lang='lat' dir='ltr'>Inclina</span> <span class='ocrx_word' id='word_1_215' title='bbox 1471 874 1548 904; x_wconf 88' lang='lat' dir='ltr'>cor</span> <span class='ocrx_word' id='word_1_216' title='bbox 1569 874 1715 904; x_wconf 84' lang='lat' dir='ltr'>meum</span> <span class='ocrx_word' id='word_1_217' title='bbox 1731 861 1853 903; x_wconf 85' lang='lat' dir='ltr'>Deus</span> <span class='ocrx_word' id='word_1_218' title='bbox 1878 862 1901 886; x_wconf 85' lang='grc'>*</span> 
     </span>
     <span class='ocr_line' id='line_1_56' title="bbox 1074 914 1897 967; baseline 0 -8"><span class='ocrx_word' id='word_1_219' title='bbox 1074 918 1125 958; x_wconf 87' lang='lat' dir='ltr'>In</span> <span class='ocrx_word' id='word_1_220' title='bbox 1139 918 1387 960; x_wconf 74' lang='lat' dir='ltr'>testimdnia</span> <span class='ocrx_word' id='word_1_221' title='bbox 1402 923 1486 960; x_wconf 90' lang='lat' dir='ltr'><strong>tua.</strong></span> <span class='ocrx_word' id='word_1_222' title='bbox 1505 918 1680 960; x_wconf 91' lang='lat' dir='ltr'>Inclina.</span> <span class='ocrx_word' id='word_1_223' title='bbox 1710 914 1760 967; x_wconf 69' lang='lat' dir='ltr'><strong>V.</strong></span> <span class='ocrx_word' id='word_1_224' title='bbox 1770 918 1897 959; x_wconf 67' lang='lat' dir='ltr'>Avcr·</span> 
     </span>
     <span class='ocr_line' id='line_1_57' title="bbox 1074 974 1896 1026; baseline -0.001 -10"><span class='ocrx_word' id='word_1_225' title='bbox 1074 979 1118 1016; x_wconf 86' lang='lat' dir='ltr'><strong>te</strong></span> <span class='ocrx_word' id='word_1_226' title='bbox 1138 974 1290 1016; x_wconf 70' lang='lat' dir='ltr'>Oculos</span> <span class='ocrx_word' id='word_1_227' title='bbox 1309 988 1447 1026; x_wconf 79' lang='lat' dir='ltr'>meOS,</span> <span class='ocrx_word' id='word_1_228' title='bbox 1466 988 1520 1017; x_wconf 88' lang='lat' dir='ltr'>ne</span> <span class='ocrx_word' id='word_1_229' title='bbox 1540 974 1716 1018; x_wconf 89' lang='lat' dir='ltr'><strong>videant</strong></span> <span class='ocrx_word' id='word_1_230' title='bbox 1734 974 1896 1017; x_wconf 80' lang='lat' dir='ltr'>vanita-</span> 
     </span>
     <span class='ocr_line' id='line_1_58' title="bbox 1074 1031 1896 1074; baseline -0.001 -1"><span class='ocrx_word' id='word_1_231' title='bbox 1074 1035 1176 1073; x_wconf 85' lang='lat' dir='ltr'><strong>tem:</strong></span> <span class='ocrx_word' id='word_1_232' title='bbox 1204 1031 1247 1072; x_wconf 87' lang='lat' dir='ltr'>in</span> <span class='ocrx_word' id='word_1_233' title='bbox 1272 1032 1341 1074; x_wconf 88' lang='lat' dir='ltr'>via</span> <span class='ocrx_word' id='word_1_234' title='bbox 1363 1036 1438 1074; x_wconf 90' lang='lat' dir='ltr'>tua</span> <span class='ocrx_word' id='word_1_235' title='bbox 1457 1031 1628 1073; x_wconf 87' lang='lat' dir='ltr'>vivifica</span> <span class='ocrx_word' id='word_1_236' title='bbox 1649 1045 1730 1074; x_wconf 86' lang='lat' dir='ltr'>me.</span> <span class='ocrx_word' id='word_1_237' title='bbox 1766 1031 1818 1072; x_wconf 87' lang='lat' dir='ltr'>In</span> <span class='ocrx_word' id='word_1_238' title='bbox 1835 1035 1896 1073; x_wconf 85' lang='lat' dir='ltr'><strong>te-</strong></span> 
     </span>
     <span class='ocr_line' id='line_1_59' title="bbox 1075 1087 1897 1130; baseline 0 -2"><span class='ocrx_word' id='word_1_239' title='bbox 1075 1088 1277 1129; x_wconf 72' lang='lat' dir='ltr'>stimdnia</span> <span class='ocrx_word' id='word_1_240' title='bbox 1291 1093 1376 1130; x_wconf 89' lang='lat' dir='ltr'><strong>tua.</strong></span> <span class='ocrx_word' id='word_1_241' title='bbox 1404 1088 1551 1130; x_wconf 70' lang='lat' dir='ltr'>Gldria</span> <span class='ocrx_word' id='word_1_242' title='bbox 1568 1088 1698 1130; x_wconf 91' lang='lat' dir='ltr'><strong>Patri.</strong></span> <span class='ocrx_word' id='word_1_243' title='bbox 1720 1087 1897 1130; x_wconf 74' lang='lat' dir='ltr'>Inclina.</span> 
     </span>
    </p>

    <p class='ocr_par' dir='ltr' id='par_1_21' title="bbox 1073 1141 1897 1311">
     <span class='ocr_line' id='line_1_60' title="bbox 1134 1141 1894 1197; baseline 0.001 -12"><span class='ocrx_word' id='word_1_244' title='bbox 1134 1141 1182 1192; x_wconf 58' lang='lat' dir='ltr'>ys.</span> <span class='ocrx_word' id='word_1_245' title='bbox 1207 1145 1302 1197; x_wconf 86' lang='lat' dir='ltr'>Ego</span> <span class='ocrx_word' id='word_1_246' title='bbox 1331 1144 1438 1187; x_wconf 81' lang='lat' dir='ltr'>dixi:</span> <span class='ocrx_word' id='word_1_247' title='bbox 1471 1145 1660 1187; x_wconf 74' lang='lat' dir='ltr'>deine</span> <span class='ocrx_word' id='word_1_248' title='bbox 1688 1145 1894 1187; x_wconf 60' lang='lat' dir='ltr'>miserare</span> 
     </span>
     <span class='ocr_line' id='line_1_61' title="bbox 1073 1201 1897 1255; baseline 0 -13"><span class='ocrx_word' id='word_1_249' title='bbox 1073 1201 1168 1243; x_wconf 83' lang='lat' dir='ltr'>mei.</span> <span class='ocrx_word' id='word_1_250' title='bbox 1205 1202 1255 1254; x_wconf 62' lang='lat' dir='ltr'><strong>Rv.</strong></span> <span class='ocrx_word' id='word_1_251' title='bbox 1276 1202 1390 1244; x_wconf 86' lang='lat' dir='ltr'><strong>Sana</strong></span> <span class='ocrx_word' id='word_1_252' title='bbox 1408 1202 1595 1244; x_wconf 81' lang='lat' dir='ltr'>animam</span> <span class='ocrx_word' id='word_1_253' title='bbox 1614 1215 1771 1252; x_wconf 83' lang='lat' dir='ltr'>meam,</span> <span class='ocrx_word' id='word_1_254' title='bbox 1795 1201 1897 1255; x_wconf 82' lang='lat' dir='ltr'>quia</span> 
     </span>
     <span class='ocr_line' id='line_1_62' title="bbox 1073 1258 1361 1311; baseline 0 -11"><span class='ocrx_word' id='word_1_255' title='bbox 1073 1258 1253 1311; x_wconf 79' lang='lat' dir='ltr'>peccavi</span> <span class='ocrx_word' id='word_1_256' title='bbox 1271 1258 1361 1300; x_wconf 91' lang='lat' dir='ltr'>tibi.</span> 
     </span>
    </p>

    <p class='ocr_par' dir='ltr' id='par_1_22' title="bbox 1349 1331 1625 1370">
     <span class='ocr_line' id='line_1_63' title="bbox 1349 1331 1625 1370; baseline 0 -1"><span class='ocrx_word' id='word_1_257' title='bbox 1349 1332 1416 1369; x_wconf 90' lang='lat' dir='ltr'>Ad</span> <span class='ocrx_word' id='word_1_258' title='bbox 1438 1331 1625 1370; x_wconf 84' lang='lat' dir='ltr'><strong>Sextam.</strong></span> 
     </span>
    </p>

    <p class='ocr_par' dir='ltr' id='par_1_23' title="bbox 1073 1393 1896 1559">
     <span class='ocr_line' id='line_1_64' title="bbox 1130 1393 1895 1445; baseline 0.001 -10"><span class='ocrx_word' id='word_1_259' title='bbox 1130 1395 1228 1436; x_wconf 89' lang='lat' dir='ltr'><strong>Ant.</strong></span> <span class='ocrx_word' id='word_1_260' title='bbox 1263 1394 1376 1445; x_wconf 89' lang='lat' dir='ltr'>Quid</span> <span class='ocrx_word' id='word_1_261' title='bbox 1403 1393 1473 1435; x_wconf 91' lang='lat' dir='ltr'>hic</span> <span class='ocrx_word' id='word_1_262' title='bbox 1501 1393 1625 1435; x_wconf 85' lang='lat' dir='ltr'>statis</span> <span class='ocrx_word' id='word_1_263' title='bbox 1653 1393 1676 1420; x_wconf 87' lang='lat'>*</span> <span class='ocrx_word' id='word_1_264' title='bbox 1703 1395 1797 1435; x_wconf 85' lang='lat' dir='ltr'><strong>tota</strong></span> <span class='ocrx_word' id='word_1_265' title='bbox 1825 1393 1895 1436; x_wconf 86' lang='lat' dir='ltr'>die</span> 
     </span>
     <span class='ocr_line' id='line_1_65' title="bbox 1073 1449 1896 1505; baseline -0.002 -12"><span class='ocrx_word' id='word_1_266' title='bbox 1073 1449 1225 1494; x_wconf 72' lang='lat' dir='ltr'>otidsi?</span> <span class='ocrx_word' id='word_1_267' title='bbox 1254 1450 1591 1505; x_wconf 66' lang='lat' dir='ltr'><strong>responderunt,</strong></span> <span class='ocrx_word' id='word_1_268' title='bbox 1617 1454 1660 1492; x_wconf 88' lang='lat' dir='ltr'><strong>et</strong></span> <span class='ocrx_word' id='word_1_269' title='bbox 1679 1449 1896 1492; x_wconf 65' lang='lat' dir='ltr'><strong>dixerunt:</strong></span> 
     </span>
     <span class='ocr_line' id='line_1_66' title="bbox 1073 1506 1669 1559; baseline -0.002 -10"><span class='ocrx_word' id='word_1_270' title='bbox 1073 1509 1183 1559; x_wconf 86' lang='lat' dir='ltr'>Quia</span> <span class='ocrx_word' id='word_1_271' title='bbox 1201 1521 1329 1551; x_wconf 87' lang='lat' dir='ltr'>nemo</span> <span class='ocrx_word' id='word_1_272' title='bbox 1350 1521 1430 1550; x_wconf 90' lang='lat' dir='ltr'>nos</span> <span class='ocrx_word' id='word_1_273' title='bbox 1449 1506 1669 1549; x_wconf 81' lang='lat' dir='ltr'><strong>conduxit.</strong></span> 
     </span>
    </p>

    <p class='ocr_par' dir='ltr' id='par_1_24' title="bbox 1157 1567 1823 1622">
     <span class='ocr_line' id='line_1_67' title="bbox 1157 1567 1823 1622; baseline -0.005 -11"><span class='ocrx_word' id='word_1_274' title='bbox 1157 1570 1413 1622; x_wconf 84' lang='lat' dir='ltr'>Capitulum.</span> <span class='ocrx_word' id='word_1_275' title='bbox 1573 1570 1603 1609; x_wconf 95' lang='lat'><strong>1.</strong></span> <span class='ocrx_word' id='word_1_276' title='bbox 1620 1568 1716 1610; x_wconf 91' lang='lat' dir='ltr'><strong>Cor.</strong></span> <span class='ocrx_word' id='word_1_277' title='bbox 1731 1570 1768 1609; x_wconf 88' lang='lat'><strong>9.</strong></span> <span class='ocrx_word' id='word_1_278' title='bbox 1783 1567 1823 1609; x_wconf 93' lang='lat' dir='ltr'><strong>d.</strong></span> 
     </span>
    </p>

    <p class='ocr_par' dir='ltr' id='par_1_25' title="bbox 1153 1628 1893 1681">
     <span class='ocr_line' id='line_1_68' title="bbox 1153 1628 1893 1681; baseline -0.003 -10"><span class='ocrx_word' id='word_1_279' title='bbox 1153 1630 1265 1671; x_wconf 85' lang='lat' dir='ltr'>mnis</span> <span class='ocrx_word' id='word_1_280' title='bbox 1285 1634 1447 1679; x_wconf 87' lang='lat' dir='ltr'>autem,</span> <span class='ocrx_word' id='word_1_281' title='bbox 1476 1628 1549 1681; x_wconf 89' lang='lat' dir='ltr'>qui</span> <span class='ocrx_word' id='word_1_282' title='bbox 1570 1628 1614 1669; x_wconf 93' lang='lat' dir='ltr'>in</span> <span class='ocrx_word' id='word_1_283' title='bbox 1634 1629 1775 1679; x_wconf 69' lang='lat' dir='ltr'>agone</span> <span class='ocrx_word' id='word_1_284' title='bbox 1794 1639 1893 1669; x_wconf 89' lang='lat' dir='ltr'>con-</span> 
     </span>
    </p>

    <p class='ocr_par' dir='ltr' id='par_1_26' title="bbox 1069 1683 1894 1910">
     <span class='ocr_line' id='line_1_69' title="bbox 1170 1683 1894 1736; baseline -0.006 -7"><span class='ocrx_word' id='word_1_285' title='bbox 1170 1685 1319 1736; x_wconf 67' lang='lat' dir='ltr'><strong>tendit,</strong></span> <span class='ocrx_word' id='word_1_286' title='bbox 1338 1685 1392 1727; x_wconf 92' lang='lat' dir='ltr'>ab</span> <span class='ocrx_word' id='word_1_287' title='bbox 1413 1684 1614 1727; x_wconf 80' lang='lat' dir='ltr'>6mnibus</span> <span class='ocrx_word' id='word_1_288' title='bbox 1629 1697 1676 1726; x_wconf 87' lang='lat' dir='ltr'>se</span> <span class='ocrx_word' id='word_1_289' title='bbox 1691 1683 1894 1726; x_wconf 77' lang='lat' dir='ltr'><strong>abstinet:</strong></span> 
     </span>
     <span class='ocr_line' id='line_1_70' title="bbox 1071 1740 1892 1796; baseline -0.004 -11"><span class='ocrx_word' id='word_1_290' title='bbox 1071 1748 1114 1785; x_wconf 88' lang='lat' dir='ltr'><strong>et</strong></span> <span class='ocrx_word' id='word_1_291' title='bbox 1132 1743 1193 1784; x_wconf 91' lang='lat' dir='ltr'>illi</span> <span class='ocrx_word' id='word_1_292' title='bbox 1213 1742 1388 1796; x_wconf 87' lang='lat' dir='ltr'>quidem</span> <span class='ocrx_word' id='word_1_293' title='bbox 1407 1747 1455 1783; x_wconf 93' lang='lat' dir='ltr'>ut</span> <span class='ocrx_word' id='word_1_294' title='bbox 1476 1740 1804 1794; x_wconf 85' lang='lat' dir='ltr'>corruptibilem</span> <span class='ocrx_word' id='word_1_295' title='bbox 1822 1753 1892 1782; x_wconf 89' lang='lat' dir='ltr'>co-</span> 
     </span>
     <span class='ocr_line' id='line_1_71' title="bbox 1070 1797 1892 1852; baseline -0.005 -10"><span class='ocrx_word' id='word_1_296' title='bbox 1070 1802 1222 1842; x_wconf 73' lang='lat' dir='ltr'>rdnam</span> <span class='ocrx_word' id='word_1_297' title='bbox 1241 1800 1471 1852; x_wconf 86' lang='lat' dir='ltr'>accipiant,</span> <span class='ocrx_word' id='word_1_298' title='bbox 1489 1810 1570 1840; x_wconf 84' lang='lat' dir='ltr'>nos</span> <span class='ocrx_word' id='word_1_299' title='bbox 1589 1803 1735 1840; x_wconf 88' lang='lat' dir='ltr'>autem</span> <span class='ocrx_word' id='word_1_300' title='bbox 1753 1797 1892 1839; x_wconf 90' lang='lat' dir='ltr'>incor-</span> 
     </span>
     <span class='ocr_line' id='line_1_72' title="bbox 1069 1860 1309 1910; baseline -0.004 -12"><span class='ocrx_word' id='word_1_301' title='bbox 1069 1860 1253 1910; x_wconf 80' lang='lat' dir='ltr'>ruptam.</span> <span class='ocrx_word' id='word_1_302' title='bbox 1306 1877 1309 1881; x_wconf 95' lang='lat'>·</span> 
     </span>
    </p>

    <p class='ocr_par' dir='ltr' id='par_1_27' title="bbox 1068 1910 1894 2183">
     <span class='ocr_line' id='line_1_73' title="bbox 1129 1910 1894 1965; baseline -0.004 -11"><span class='ocrx_word' id='word_1_303' title='bbox 1129 1914 1178 1965; x_wconf 74' lang='lat' dir='ltr'><strong>R.</strong></span> <span class='ocrx_word' id='word_1_304' title='bbox 1194 1913 1255 1954; x_wconf 90' lang='lat' dir='ltr'><strong>br.</strong></span> <span class='ocrx_word' id='word_1_305' title='bbox 1266 1914 1317 1954; x_wconf 93' lang='lat' dir='ltr'>In</span> <span class='ocrx_word' id='word_1_306' title='bbox 1336 1913 1547 1954; x_wconf 71' lang='lat' dir='ltr'>aetcrnum</span> <span class='ocrx_word' id='word_1_307' title='bbox 1559 1910 1746 1952; x_wconf 69' lang='lat' dir='ltr'>Domine</span> <span class='ocrx_word' id='word_1_308' title='bbox 1767 1910 1894 1951; x_wconf 67' lang='lat' dir='ltr'>*Pcr-</span> 
     </span>
     <span class='ocr_line' id='line_1_74' title="bbox 1069 1968 1892 2012; baseline -0.006 0"><span class='ocrx_word' id='word_1_309' title='bbox 1069 1975 1215 2012; x_wconf 87' lang='lat' dir='ltr'>manct</span> <span class='ocrx_word' id='word_1_310' title='bbox 1233 1969 1416 2012; x_wconf 86' lang='lat' dir='ltr'>verbum</span> <span class='ocrx_word' id='word_1_311' title='bbox 1434 1973 1566 2010; x_wconf 91' lang='lat' dir='ltr'>tuum.</span> <span class='ocrx_word' id='word_1_312' title='bbox 1600 1968 1652 2008; x_wconf 94' lang='lat' dir='ltr'>In</span> <span class='ocrx_word' id='word_1_313' title='bbox 1671 1968 1892 2009; x_wconf 71' lang='lat' dir='ltr'><strong>aetcrnum.</strong></span> 
     </span>
     <span class='ocr_line' id='line_1_75' title="bbox 1080 2023 1891 2073; baseline -0.002 -7"><span class='ocrx_word' id='word_1_314' title='bbox 1080 2023 1191 2073; x_wconf 48' lang='lat' dir='ltr'>XCIn</span> <span class='ocrx_word' id='word_1_315' title='bbox 1217 2025 1426 2068; x_wconf 70' lang='lat' dir='ltr'>saeculum</span> <span class='ocrx_word' id='word_1_316' title='bbox 1449 2024 1598 2067; x_wconf 67' lang='lat' dir='ltr'>sacculi</span> <span class='ocrx_word' id='word_1_317' title='bbox 1622 2024 1784 2066; x_wconf 65' lang='lat' dir='ltr'>veritas</span> <span class='ocrx_word' id='word_1_318' title='bbox 1806 2028 1891 2065; x_wconf 85' lang='lat' dir='ltr'><strong>tua.</strong></span> 
     </span>
     <span class='ocr_line' id='line_1_76' title="bbox 1068 2081 1889 2126; baseline -0.006 0"><span class='ocrx_word' id='word_1_319' title='bbox 1068 2086 1310 2126; x_wconf 69' lang='lat' dir='ltr'><strong>Pcrmanet.</strong></span> <span class='ocrx_word' id='word_1_320' title='bbox 1350 2081 1500 2123; x_wconf 72' lang='lat' dir='ltr'>Gloria</span> <span class='ocrx_word' id='word_1_321' title='bbox 1525 2081 1655 2123; x_wconf 87' lang='lat' dir='ltr'>Patri.</span> <span class='ocrx_word' id='word_1_322' title='bbox 1690 2081 1740 2121; x_wconf 90' lang='lat' dir='ltr'>In</span> <span class='ocrx_word' id='word_1_323' title='bbox 1768 2081 1889 2122; x_wconf 66' lang='lat' dir='ltr'><strong>aetcr-</strong></span> 
     </span>
     <span class='ocr_line' id='line_1_77' title="bbox 1070 2155 1183 2183; baseline -0.009 0"><span class='ocrx_word' id='word_1_324' title='bbox 1070 2155 1183 2183; x_wconf 93' lang='lat' dir='ltr'>num.</span> 
     </span>
    </p>

    <p class='ocr_par' dir='ltr' id='par_1_28' title="bbox 1068 2189 1891 2352">
     <span class='ocr_line' id='line_1_78' title="bbox 1130 2189 1890 2246; baseline -0.009 -7"><span class='ocrx_word' id='word_1_325' title='bbox 1130 2189 1179 2240; x_wconf 59' lang='lat' dir='ltr'>V·</span> <span class='ocrx_word' id='word_1_326' title='bbox 1204 2196 1418 2238; x_wconf 71' lang='lat' dir='ltr'>deinus</span> <span class='ocrx_word' id='word_1_327' title='bbox 1448 2194 1559 2246; x_wconf 82' lang='lat' dir='ltr'>regit</span> <span class='ocrx_word' id='word_1_328' title='bbox 1591 2206 1677 2244; x_wconf 86' lang='lat' dir='ltr'>me,</span> <span class='ocrx_word' id='word_1_329' title='bbox 1709 2197 1754 2234; x_wconf 88' lang='lat' dir='ltr'><strong>et</strong></span> <span class='ocrx_word' id='word_1_330' title='bbox 1785 2191 1890 2233; x_wconf 89' lang='lat' dir='ltr'>nihil</span> 
     </span>
     <span class='ocr_line' id='line_1_79' title="bbox 1069 2247 1891 2303; baseline -0.009 -7"><span class='ocrx_word' id='word_1_331' title='bbox 1069 2254 1172 2296; x_wconf 84' lang='lat' dir='ltr'>mihi</span> <span class='ocrx_word' id='word_1_332' title='bbox 1191 2253 1339 2295; x_wconf 62' lang='lat' dir='ltr'><strong>deerit.</strong></span> <span class='ocrx_word' id='word_1_333' title='bbox 1384 2251 1433 2302; x_wconf 74' lang='lat' dir='ltr'><strong>R.</strong></span> <span class='ocrx_word' id='word_1_334' title='bbox 1447 2252 1498 2292; x_wconf 91' lang='lat' dir='ltr'>In</span> <span class='ocrx_word' id='word_1_335' title='bbox 1517 2251 1616 2292; x_wconf 92' lang='lat' dir='ltr'>loco</span> <span class='ocrx_word' id='word_1_336' title='bbox 1635 2252 1812 2303; x_wconf 79' lang='lat' dir='ltr'>pascuae</span> <span class='ocrx_word' id='word_1_337' title='bbox 1830 2247 1891 2290; x_wconf 93' lang='lat' dir='ltr'>ibi</span> 
     </span>
     <span class='ocr_line' id='line_1_80' title="bbox 1068 2308 1403 2352; baseline -0.009 0"><span class='ocrx_word' id='word_1_338' title='bbox 1068 2324 1138 2352; x_wconf 90' lang='lat' dir='ltr'>me</span> <span class='ocrx_word' id='word_1_339' title='bbox 1158 2308 1403 2352; x_wconf 84' lang='lat' dir='ltr'>collocavit.</span> 
     </span>
    </p>

    <p class='ocr_par' dir='ltr' id='par_1_29' title="bbox 1346 2385 1618 2422">
     <span class='ocr_line' id='line_1_81' title="bbox 1346 2385 1618 2422; baseline -0.007 0"><span class='ocrx_word' id='word_1_340' title='bbox 1346 2385 1412 2422; x_wconf 90' lang='lat' dir='ltr'>Ad</span> <span class='ocrx_word' id='word_1_341' title='bbox 1436 2385 1618 2421; x_wconf 89' lang='lat' dir='ltr'><strong>Nonam.</strong></span> 
     </span>
    </p>

    <p class='ocr_par' dir='ltr' id='par_1_30' title="bbox 1067 2440 1889 2603">
     <span class='ocr_line' id='line_1_82' title="bbox 1131 2440 1889 2499; baseline -0.004 -12"><span class='ocrx_word' id='word_1_342' title='bbox 1131 2449 1226 2489; x_wconf 75' lang='lat' dir='ltr'><strong>Ant.</strong></span> <span class='ocrx_word' id='word_1_343' title='bbox 1246 2447 1362 2489; x_wconf 89' lang='lat' dir='ltr'>Voca</span> <span class='ocrx_word' id='word_1_344' title='bbox 1387 2445 1628 2499; x_wconf 83' lang='lat' dir='ltr'>operariOS‚</span> <span class='ocrx_word' id='word_1_345' title='bbox 1648 2444 1671 2470; x_wconf 85' lang='lat'>*</span> <span class='ocrx_word' id='word_1_346' title='bbox 1691 2448 1735 2485; x_wconf 83' lang='lat' dir='ltr'><strong>et</strong></span> <span class='ocrx_word' id='word_1_347' title='bbox 1753 2440 1889 2485; x_wconf 80' lang='lat' dir='ltr'><strong>redde</strong></span> 
     </span>
     <span class='ocr_line' id='line_1_83' title="bbox 1067 2499 1888 2550; baseline -0.009 -3"><span class='ocrx_word' id='word_1_348' title='bbox 1067 2505 1150 2547; x_wconf 87' lang='lat' dir='ltr'>illis</span> <span class='ocrx_word' id='word_1_349' title='bbox 1187 2502 1433 2546; x_wconf 61' lang='lat' dir='ltr'>merccdem</span> <span class='ocrx_word' id='word_1_350' title='bbox 1475 2514 1612 2550; x_wconf 89' lang='lat' dir='ltr'>suam,</span> <span class='ocrx_word' id='word_1_351' title='bbox 1658 2499 1764 2542; x_wconf 86' lang='lat' dir='ltr'>dicit</span> <span class='ocrx_word' id='word_1_352' title='bbox 1800 2499 1888 2540; x_wconf 80' lang='grc' dir='ltr'>Βό-</span> 
     </span>
     <span class='ocr_line' id='line_1_84' title="bbox 1067 2562 1219 2603; baseline -0.013 0"><span class='ocrx_word' id='word_1_353' title='bbox 1067 2562 1219 2603; x_wconf 90' lang='lat' dir='ltr'>minus.</span> 
     </span>
    </p>

    <p class='ocr_par' dir='ltr' id='par_1_31' title="bbox 1077 2629 1886 2803">
     <span class='ocr_line' id='line_1_85' title="bbox 1154 2629 1821 2681; baseline -0.004 -10"><span class='ocrx_word' id='word_1_354' title='bbox 1154 2629 1409 2681; x_wconf 91' lang='lat' dir='ltr'>Capitulum.</span> <span class='ocrx_word' id='word_1_355' title='bbox 1602 2630 1629 2668; x_wconf 95' lang='grc'>1.</span> <span class='ocrx_word' id='word_1_356' title='bbox 1647 2630 1741 2670; x_wconf 86' lang='lat' dir='ltr'><strong>Cor.</strong></span> <span class='ocrx_word' id='word_1_357' title='bbox 1758 2630 1821 2668; x_wconf 87' lang='lat'><strong>10.</strong></span> 
     </span>
     <span class='ocr_line' id='line_1_86' title="bbox 1077 2689 1886 2796; baseline -0.007 -59"><span class='ocrx_word' id='word_1_358' title='bbox 1077 2690 1338 2796; x_wconf 70' lang='lat' dir='ltr'>Bibcbant</span> <span class='ocrx_word' id='word_1_359' title='bbox 1350 2696 1495 2734; x_wconf 83' lang='lat' dir='ltr'>autem</span> <span class='ocrx_word' id='word_1_360' title='bbox 1510 2689 1565 2733; x_wconf 84' lang='lat' dir='ltr'>de</span> <span class='ocrx_word' id='word_1_361' title='bbox 1583 2689 1776 2744; x_wconf 82' lang='lat' dir='ltr'>spiritali,</span> <span class='ocrx_word' id='word_1_362' title='bbox 1787 2703 1886 2732; x_wconf 90' lang='lat' dir='ltr'>con-</span> 
     </span>
     <span class='ocr_line' id='line_1_87' title="bbox 1159 2751 1885 2803; baseline -0.007 -10"><span class='ocrx_word' id='word_1_363' title='bbox 1159 2752 1369 2803; x_wconf 55' lang='lat' dir='ltr'><strong>sequante</strong></span> <span class='ocrx_word' id='word_1_364' title='bbox 1389 2761 1480 2798; x_wconf 86' lang='lat' dir='ltr'>eos,</span> <span class='ocrx_word' id='word_1_365' title='bbox 1506 2753 1646 2800; x_wconf 82' lang='lat' dir='ltr'>petra:</span> <span class='ocrx_word' id='word_1_366' title='bbox 1670 2751 1796 2800; x_wconf 84' lang='lat' dir='ltr'>petra</span> <span class='ocrx_word' id='word_1_367' title='bbox 1814 2759 1885 2788; x_wconf 90' lang='lat' dir='ltr'>au-</span> 
     </span>
    </p>
   </div>
  </div>
 </body>
</html>
