2080 2990
531 217 705 250 (Mucium
735 217 905 250 votivum
932 217 978 250 de
1004 218 1037 248 S.
1063 215 1210 257 dost—ph
1236 217 1390 257 ¹Sponso
1416 216 1456 249 Β.
1483 215 1528 249 M.
1552 215 1595 249 V.

256 318 412 359 Virum
448 316 710 367 sanguinum
748 320 791 356 et
828 315 1033 357 dolesum

203 372 528 415 abominabitur
561 372 673 412 Dfis:
705 372 728 397 *
767 384 848 423 ego
886 377 1033 413 autem

203 430 246 470 in
275 428 555 470 multitudine
587 428 904 470 misericerdiae
932 433 1031 469 tuae.

253 485 453 526 Introibo
478 485 526 525 -in
551 484 730 525 domum
755 490 890 526 tuam:
910 485 933 509 ²⁸¹
959 484 1031 524 ad-

203 541 341 582 orabo
369 540 425 582 ad
449 540 664 593 templum
689 545 890 582 sanctum
908 545 1032 581 tuum

203 597 246 638 in
266 597 425 639 timere
445 602 533 638 tuo.

253 653 442 694 D6mine
462 652 606 694 deduc
622 653 749 694 mein
764 652 928 704 justitia
942 656 1032 693 tua:

202 710 226 735 *
245 714 428 762 propter
451 709 653 750 inimicos
676 721 799 749 meos
826 707 964 759 dirige
987 708 1032 748 in

202 767 443 818 conspectu
460 770 538 807 tuo
556 765 672 806 viam
688 777 841 806 meam.

254 822 470 871 Qucniam
497 834 586 862 non
614 825 681 862 est
708 821 752 861 in
778 833 854 861 ore
879 821 1032 861 cerum

202 878 379 919 veritas:
396 878 419 903 *
439 889 516 919 cor
536 880 687 918 e6rum
708 890 868 917 vanum
888 881 965 917 est.

230 975 232 977 ,
252 933 541 986 Sepulchrum
579 939 736 985 patens
777 938 844 974 est
879 937 1031 983 guttur

203 992 366 1039 ebrum,
383 990 542 1041 linguis
557 990 647 1030 suis
662 988 816 1030 dolcse
832 988 1031 1040 agebant,

202 1047 226 1072 *
245 1045 388 1097 judica
407 1046 507 1086 illos
528 1046 659 1086 Deus.

251 1101 472 1143 Decidant
505 1114 531 1142 a
559 1100 900 1152 cogitaticnibus
929 1101 1030 1150 suis,

202 1157 444 1199 secundum
477 1157 805 1199 multitudinem
832 1157 1030 1209 impieta-

200 1218 294 1255 tum
312 1216 465 1255 eerum
484 1214 655 1266 expelle
671 1226 759 1264 eos,
778 1214 802 1239 *
823 1214 1031 1265 queniam

202 1270 482 1311 irritaverunt
501 1275 545 1311 te
562 1270 763 1311 Domine.

251 1326 308 1367 Et
326 1326 531 1367 laetentur
552 1339 722 1375 omnes,
751 1326 826 1378 qui
851 1330 1031 1378 sperant

200 1382 244 1422 in
260 1387 315 1431 te,
334 1383 357 1407 *
378 1383 421 1422 in
439 1384 654 1424 aeternum
670 1381 968 1424 exsultabunt:
988 1386 1032 1423 et

200 1438 422 1479 habitabis
443 1439 486 1479 in
507 1439 580 1480 eis.

252 1494 308 1535 Et
327 1494 633 1545 gloriabantur
652 1494 697 1534 in
711 1498 756 1535 te
771 1506 935 1544 omnes,
957 1495 1032 1546 qui

202 1549 388 1601 diligunt
416 1564 576 1592 nomen
604 1556 748 1600 tuum,
771 1551 795 1576 *
824 1551 1033 1602 qudniam

202 1611 250 1647 tu
268 1606 504 1648 benedices
523 1608 648 1658 justo.

253 1662 454 1711 Demine‚
473 1668 521 1704 ut
541 1668 667 1704 scuto
686 1662 817 1703 bonae
833 1662 1031 1704 volunta-

201 1718 258 1758 tis
277 1723 366 1759 tuae
385 1719 408 1744 *
428 1719 653 1760 coronasti
672 1731 764 1759 nos.

261 1776 355 1815 Ant.
389 1775 601 1816 Defuncto
622 1774 817 1824 Herdde,
837 1775 1033 1825 Angelus

202 1829 377 1871 Domini
397 1831 601 1883 apparuit
620 1831 662 1871 in
682 1831 846 1872 somnis
865 1832 889 1871 J
893 1831 1033 1883 oseph

202 1885 243 1926 in
264 1887 477 1939 AEgthQ
496 1887 661 1928 dicens:
686 1888 839 1938 Surge,
860 1892 903 1929 et
923 1888 1032 1929 acci-

202 1954 258 1993 pe
277 1946 462 1994 puerum
482 1949 524 1985 et
538 1950 723 1986 matrem
740 1945 841 1995 ejus
862 1949 905 1985 et
919 1943 1033 1985 vade

203 1997 245 2037 in
256 2004 417 2039 terram
428 1999 578 2040 Israel:
594 2000 787 2041 defuncti
804 2006 904 2041 sunt
920 2000 1035 2041 enim

207 2054 279 2104 qui
300 2055 555 2106 quaerebant
575 2056 762 2097 animam
781 2056 916 2108 pueri.

265 2111 358 2151 Ant.
392 2112 569 2163 Accepit
587 2112 765 2165 Joseph.

493 2176 690 2216 Psalmus
720 2178 755 2215 8.

211 2220 442 2325 Domine
456 2226 670 2268 Deminus
687 2234 848 2277 noster,
863 2229 886 2254 *
904 2241 1034 2281 quarn

310 2281 566 2323 admirabile
587 2289 652 2324 est
671 2297 830 2325 nomen
850 2290 973 2326 tuum
991 2285 1034 2325 in

206 2337 408 2379 universa
427 2338 561 2379 terra!

259 2393 474 2443 Qucniam
489 2394 660 2435 elevata
677 2401 743 2436 est
759 2397 1034 2446 magnificen-

207 2449 267 2490 tia
285 2455 370 2497 tua‚
390 2452 413 2477 *
433 2463 565 2503 super
585 2450 734 2492 coelos.

259 2504 326 2545 Ex
354 2518 431 2546 ore
459 2506 686 2548 infantium
715 2512 758 2547 et
784 2507 1036 2550 lactentium

207 2560 428 2612 perfecisti
469 2561 644 2603 laudem
680 2568 864 2615 propter
900 2564 1035 2606 inimi-

209 2628 285 2657 cos
312 2621 433 2665 tuos,
461 2618 484 2642 *
511 2623 558 2658 ut
587 2618 788 2659 destruas
815 2619 1036 2661 inimicum

210 2676 252 2713 et
270 2672 470 2714 ultcrem.

263 2728 477 2777 Qudniam
523 2729 682 2772 videbo
733 2730 871 2772 coelos
921 2737 1037 2781 tuos,

1086 316 1222 366 (Spera
1250 313 1488 364 digit6rum
1510 315 1704 356 tucrum:
1723 314 1747 339 *
1770 313 1917 354 lunam

1086 375 1129 411 et
1149 369 1309 419 stellas,
1331 382 1430 422 quae
1448 374 1497 410 tu
1515 368 1718 411 fundasti.

1137 425 1253 475 Quid
1278 431 1345 466 est
1368 425 1514 474 homo,
1543 424 1664 477 quod
1681 437 1851 467 memor
1869 437 1916 467 es

1086 480 1199 533 ejus?
1221 482 1244 507 *
1264 486 1338 523 aut
1357 481 1473 522 filius
1492 481 1690 531 hominis,
1712 481 1917 533 queniam

1085 538 1238 579 visitas
1258 536 1380 580 eum?

1136 594 1331 636 Minuisti
1368 607 1467 636 eum
1509 594 1643 646 paulo
1681 593 1824 634 minus
1861 593 1917 635 ab

1085 650 1282 702 Angelis,
1314 650 1455 702 glcria
1483 655 1526 691 et
1548 650 1717 691 honere
1736 651 1917 691 corona-

1084 707 1141 748 sti
1168 719 1283 748 eum:
1309 707 1333 732 *
1358 712 1402 748 et
1430 706 1694 748 constituisti
1722 718 1822 747 eum
1850 718 1917 747 su-

1084 776 1164 815 per
1184 765 1321 816 Opera
1343 765 1552 804 manuum
1570 764 1757 804 tuarum.

1138 820 1295 861 Omnia
1341 819 1566 871 subjecisti
1605 818 1687 860 sub
1729 817 1917 871 pedibus

1085 877 1194 927 eius,
1227 876 1250 902 *
1284 889 1390 917 oves
1425 881 1468 918 et
1502 875 1641 917 boves
1675 875 1917 924 universas,

1084 934 1263 984 insuper
1283 937 1327 973 et
1344 934 1509 985 pecora
1529 931 1684 983 campi.

1136 988 1354 1030 Velucres
1383 988 1499 1038 coeli,
1532 993 1576 1030 et
1602 988 1748 1041 pisces
1774 987 1918 1036 maris,

1086 1044 1110 1068 ¹⁸¹
1140 1045 1213 1096 qui
1240 1045 1548 1097 perambulant
1575 1044 1753 1086 semitas
1776 1043 1919 1084 maris.

1137 1100 1326 1142 Domine
1344 1101 1562 1142 Deminus
1580 1100 1776 1150 nostem*
1789 1112 1920 1152 quam

1085 1156 1342 1199 admirabile
1363 1162 1430 1199 est
1448 1170 1608 1199 nomen
1626 1162 1751 1198 tuum
1767 1156 1812 1197 in
1828 1155 1919 1197 uni-

1086 1215 1214 1255 versa
1231 1214 1368 1255 terra!

1142 1280 1240 1320 Ant.
1272 1279 1454 1332 Accepit
1471 1279 1496 1319 J
1499 1278 1642 1342 osepb
1665 1280 1852 1342 puerum
1877 1281 1921 1319 et

1086 1340 1271 1432 ἱὲῗὲιὲῖηι
1305 1336 1413 1387 ejus,
1457 1340 1500 1376 et
1531 1339 1650 1376 vemt
1682 1347 1726 1374 m
1757 1338 1922 1375 terram

1144 1448 1194 1499 Y.
1222 1423 1414 1504 'Respice
1440 1450 1496 1493 de
1521 1450 1636 1493 coelo
1663 1455 1707 1492 et
1730 1449 1849 1499 vide,
1878 1454 1922 1491 et

1087 1507 1215 1549 visita
1234 1510 1406 1550 vineam
1425 1507 1566 1550 istam.
1604 1508 1654 1559 Rz.
1677 1507 1734 1548 Et
1757 1506 1922 1559 perfice

1087 1576 1195 1604 eam.

1121 1640 1273 1683 Sermo
1295 1641 1433 1683 sancti
1453 1640 1667 1682 Bernardi
1688 1639 1890 1682 Abbatis.

1247 1706 1415 1740 Homilia
1432 1707 1461 1740 2.
1482 1716 1599 1750 super
1613 1705 1769 1740 Missus.

1394 1767 1429 1806 Ι
1434 1768 1547 1807 ectio
1568 1766 1621 1805 iv.

1101 1840 1201 1890 ι’ςῇῑῖς
1221 1837 1460 1888 esponsata
1486 1840 1553 1877 est
1576 1835 1716 1876 Maria
1740 1834 1765 1875 J
1769 1833 1922 1887 oseph

1101 1895 1105 1955 ξ
1122 1881 1192 1964 Εἴ)
1238 1892 1308 1933 vel
1325 1892 1472 1956 petius
1493 1891 1621 1943 (sicut
1639 1890 1766 1943 ponit
1780 1891 1920 1931 Evan-

1114 1947 1213 1973 ⁷⁷²⁷>
1238 1949 1408 1999 gelista)
1427 1948 1539 1998 viro,
1559 1947 1629 1989 cui
1647 1959 1808 1988 nomen
1827 1952 1921 1988 erat

1086 2004 1111 2044 J
1114 2004 1268 2057 oseph
1296 2005 1437 2046 virum
1463 2004 1674 2053 neminat,
1702 2015 1791 2044 non
1820 2002 1921 2055 quia

1087 2063 1285 2110 maritus,
1318 2060 1398 2102 sed
1431 2060 1553 2113 quod
1584 2059 1718 2101 homo
1747 2058 1920 2101 virtutis

1088 2123 1198 2159 erat:
1228 2117 1300 2159 vel
1331 2117 1481 2170 petius
1510 2116 1612 2168 quia
1641 2116 1761 2167 juxta
1788 2114 1922 2156 alium

1088 2173 1429 2224 Evangelistam,
1453 2185 1542 2214 non
1564 2172 1630 2213 vir
1654 2170 1920 2224 simpliciter,

1089 2229 1168 2271 sed
1191 2230 1257 2271 vir
1281 2230 1372 2281 ejus
1394 2228 1538 2270 dictus
1561 2232 1644 2277 est,
1667 2227 1824 2269 merito
1847 2240 1920 2280 ap-

1087 2286 1292 2338 pellatur,
1318 2284 1438 2337 quod
1459 2283 1710 2325 necessario
1731 2285 1922 2336 putatur.

1088 2342 1253 2383 Debuit
1268 2354 1374 2392 ergo
1389 2341 1455 2381 vir
1470 2341 1562 2391 ejus
1577 2339 1803 2392 appellari,
1819 2339 1922 2391 quia

1089 2399 1270 2439 necesse
1284 2397 1363 2438 fuit
1379 2401 1423 2438 et
1434 2396 1594 2448 putari:
1610 2395 1723 2436 sicut
1738 2399 1781 2436 et
1795 2400 1922 2448 pater

1089 2453 1329 2495 Salvatcris
1360 2465 1447 2494 non
1481 2451 1660 2503 quidem
1692 2463 1810 2500 esse,
1842 2450 1922 2492 sed

1090 2509 1176 2551 dici
1198 2509 1373 2557 meruit,
1399 2514 1446 2550 ut
1468 2510 1698 2560 putaretur
1721 2520 1835 2557 esse,
1861 2505 1922 2548 di-

1090 2568 1215 2607 cente
1256 2565 1342 2607 hoc
1382 2565 1480 2617 ipso
1521 2563 1820 2631 Evangelista·
1865 2563 1923 2604 Et

1090 2622 1185 2674 ipse
1205 2623 1229 2662 J
1232 2634 1332 2663 esus
1357 2626 1450 2662 erat
1472 2620 1685 2672 incipiens
1706 2619 1831 2671 quasi
1850 2632 1923 2660 an·

1090 2680 1246 2718 nerum
1265 2678 1453 2728 triginta,
1471 2682 1520 2717 ut
1538 2676 1789 2728 putabatur,
1806 2675 1923 2716 filius

1064 2769 1067 2774 .
1090 2733 1115 2773 J
1118 2732 1269 2785 oseph.
