<?xml version="1.0" encoding="UTF-8"?>
<!DOCTYPE html PUBLIC "-//W3C//DTD XHTML 1.0 Transitional//EN"
    "http://www.w3.org/TR/xhtml1/DTD/xhtml1-transitional.dtd">
<html xmlns="http://www.w3.org/1999/xhtml" xml:lang="en" lang="en">
 <head>
  <title>
</title>
<meta http-equiv="Content-Type" content="text/html;charset=utf-8" />
  <meta name='ocr-system' content='tesseract 3.04.00' />
  <meta name='ocr-capabilities' content='ocr_page ocr_carea ocr_par ocr_line ocrx_word'/>
</head>
<body>
  <div class='ocr_page' id='page_1' title='image "./p1breviariumroma00cathuoft_0874.png"; bbox 0 0 2080 2990; ppageno 0'>
   <div class='ocr_carea' id='block_1_1' title="bbox 240 225 329 269">
    <p class='ocr_par' dir='ltr' id='par_1_1' title="bbox 240 225 329 269">
     <span class='ocr_line' id='line_1_1' title="bbox 240 225 329 269; baseline 0 -10"><span class='ocrx_word' id='word_1_1' title='bbox 240 225 329 269; x_wconf 84' lang='lat'>[312]</span> 
     </span>
    </p>
   </div>
   <div class='ocr_carea' id='block_1_2' title="bbox 239 318 1064 2799">
    <p class='ocr_par' dir='ltr' id='par_1_2' title="bbox 240 318 1063 599">
     <span class='ocr_line' id='line_1_2' title="bbox 240 318 1062 370; baseline -0.004 -7"><span class='ocrx_word' id='word_1_2' title='bbox 240 321 439 363; x_wconf 80' lang='lat' dir='ltr'>voluntas</span> <span class='ocrx_word' id='word_1_3' title='bbox 477 320 637 370; x_wconf 90' lang='lat' dir='ltr'>Patris,</span> <span class='ocrx_word' id='word_1_4' title='bbox 678 319 762 361; x_wconf 89' lang='lat' dir='ltr'>alia</span> <span class='ocrx_word' id='word_1_5' title='bbox 796 318 905 360; x_wconf 87' lang='lat' dir='ltr'>Filii.</span> <span class='ocrx_word' id='word_1_6' title='bbox 966 318 1062 361; x_wconf 89' lang='lat' dir='ltr'>Una</span> 
     </span>
     <span class='ocr_line' id='line_1_3' title="bbox 240 374 1062 425; baseline -0.006 -5"><span class='ocrx_word' id='word_1_7' title='bbox 240 379 354 420; x_wconf 92' lang='lat' dir='ltr'>enim</span> <span class='ocrx_word' id='word_1_8' title='bbox 380 377 598 425; x_wconf 83' lang='lat' dir='ltr'>voluntas,</span> <span class='ocrx_word' id='word_1_9' title='bbox 630 376 705 418; x_wconf 90' lang='lat' dir='ltr'>ubi</span> <span class='ocrx_word' id='word_1_10' title='bbox 736 389 821 418; x_wconf 88' lang='lat' dir='ltr'>una</span> <span class='ocrx_word' id='word_1_11' title='bbox 848 374 1062 417; x_wconf 84' lang='lat' dir='ltr'>divinitas.</span> 
     </span>
     <span class='ocr_line' id='line_1_4' title="bbox 240 431 1063 483; baseline -0.005 -7"><span class='ocrx_word' id='word_1_12' title='bbox 240 435 372 476; x_wconf 82' lang='lat' dir='ltr'>Disce</span> <span class='ocrx_word' id='word_1_13' title='bbox 404 438 548 474; x_wconf 91' lang='lat' dir='ltr'>tamen</span> <span class='ocrx_word' id='word_1_14' title='bbox 575 433 671 474; x_wconf 92' lang='lat' dir='ltr'>Deo</span> <span class='ocrx_word' id='word_1_15' title='bbox 706 445 801 474; x_wconf 91' lang='lat' dir='ltr'>esse</span> <span class='ocrx_word' id='word_1_16' title='bbox 835 431 1063 483; x_wconf 83' lang='lat' dir='ltr'>subjectus,</span> 
     </span>
     <span class='ocr_line' id='line_1_5' title="bbox 241 486 1062 542; baseline -0.005 -10"><span class='ocrx_word' id='word_1_17' title='bbox 241 495 288 532; x_wconf 94' lang='lat' dir='ltr'>ut</span> <span class='ocrx_word' id='word_1_18' title='bbox 315 502 402 531; x_wconf 91' lang='lat' dir='ltr'>non</span> <span class='ocrx_word' id='word_1_19' title='bbox 432 489 551 542; x_wconf 91' lang='lat' dir='ltr'>quod</span> <span class='ocrx_word' id='word_1_20' title='bbox 578 489 673 542; x_wconf 90' lang='lat' dir='ltr'>ipse</span> <span class='ocrx_word' id='word_1_21' title='bbox 700 489 765 531; x_wconf 87' lang='lat' dir='ltr'>vis</span> <span class='ocrx_word' id='word_1_22' title='bbox 795 488 943 538; x_wconf 80' lang='lat' dir='ltr'>eligas,</span> <span class='ocrx_word' id='word_1_23' title='bbox 985 486 1062 529; x_wconf 87' lang='lat' dir='ltr'>sed</span> 
     </span>
     <span class='ocr_line' id='line_1_6' title="bbox 241 545 1014 599; baseline -0.005 -11"><span class='ocrx_word' id='word_1_24' title='bbox 241 545 359 599; x_wconf 93' lang='lat' dir='ltr'>quod</span> <span class='ocrx_word' id='word_1_25' title='bbox 379 547 475 587; x_wconf 91' lang='lat' dir='ltr'>Deo</span> <span class='ocrx_word' id='word_1_26' title='bbox 496 546 608 587; x_wconf 88' lang='lat' dir='ltr'>scias</span> <span class='ocrx_word' id='word_1_27' title='bbox 628 558 724 587; x_wconf 91' lang='lat' dir='ltr'>esse</span> <span class='ocrx_word' id='word_1_28' title='bbox 743 545 1014 598; x_wconf 84' lang='lat' dir='ltr'>placiturum.</span> 
     </span>
    </p>

    <p class='ocr_par' dir='ltr' id='par_1_3' title="bbox 240 600 1062 871">
     <span class='ocr_line' id='line_1_7' title="bbox 298 600 1059 662; baseline -0.005 -18"><span class='ocrx_word' id='word_1_29' title='bbox 298 612 343 662; x_wconf 50' lang='grc' dir='ltr'>Ν,</span> <span class='ocrx_word' id='word_1_30' title='bbox 367 602 480 644; x_wconf 88' lang='lat' dir='ltr'>Veni</span> <span class='ocrx_word' id='word_1_31' title='bbox 505 602 547 642; x_wconf 91' lang='lat' dir='ltr'>in</span> <span class='ocrx_word' id='word_1_32' title='bbox 573 601 844 644; x_wconf 84' lang='lat' dir='ltr'>altitudinem</span> <span class='ocrx_word' id='word_1_33' title='bbox 868 600 1013 642; x_wconf 86' lang='lat' dir='ltr'>maris:</span> <span class='ocrx_word' id='word_1_34' title='bbox 1038 606 1059 629; x_wconf 91' lang='lat'>*</span> 
     </span>
     <span class='ocr_line' id='line_1_8' title="bbox 240 656 1061 711; baseline -0.004 -10"><span class='ocrx_word' id='word_1_35' title='bbox 240 660 297 701; x_wconf 90' lang='lat' dir='ltr'>Et</span> <span class='ocrx_word' id='word_1_36' title='bbox 316 661 554 711; x_wconf 82' lang='lat' dir='ltr'>tempestas</span> <span class='ocrx_word' id='word_1_37' title='bbox 575 658 781 700; x_wconf 81' lang='lat' dir='ltr'>demersit</span> <span class='ocrx_word' id='word_1_38' title='bbox 799 670 879 699; x_wconf 90' lang='lat' dir='ltr'>me.</span> <span class='ocrx_word' id='word_1_39' title='bbox 911 658 956 709; x_wconf 77' lang='lat' dir='ltr'>V.</span> <span class='ocrx_word' id='word_1_40' title='bbox 974 656 1061 698; x_wconf 85' lang='lat' dir='ltr'>Sal-</span> 
     </span>
     <span class='ocr_line' id='line_1_9' title="bbox 241 713 1061 767; baseline -0.005 -10"><span class='ocrx_word' id='word_1_41' title='bbox 241 729 342 758; x_wconf 88' lang='lat' dir='ltr'>vum</span> <span class='ocrx_word' id='word_1_42' title='bbox 360 728 430 757; x_wconf 93' lang='lat' dir='ltr'>me</span> <span class='ocrx_word' id='word_1_43' title='bbox 454 715 522 756; x_wconf 89' lang='lat' dir='ltr'>fac</span> <span class='ocrx_word' id='word_1_44' title='bbox 538 715 676 765; x_wconf 82' lang='lat' dir='ltr'>Deus,</span> <span class='ocrx_word' id='word_1_45' title='bbox 706 714 910 767; x_wconf 82' lang='lat' dir='ltr'>qu6niam</span> <span class='ocrx_word' id='word_1_46' title='bbox 934 713 1061 754; x_wconf 92' lang='lat' dir='ltr'>intra-</span> 
     </span>
     <span class='ocr_line' id='line_1_10' title="bbox 241 770 1062 824; baseline -0.004 -11"><span class='ocrx_word' id='word_1_47' title='bbox 241 775 396 814; x_wconf 82' lang='lat' dir='ltr'>ve‘runt</span> <span class='ocrx_word' id='word_1_48' title='bbox 437 784 564 824; x_wconf 85' lang='lat' dir='ltr'>aquae</span> <span class='ocrx_word' id='word_1_49' title='bbox 604 783 743 823; x_wconf 89' lang='lat' dir='ltr'>usque</span> <span class='ocrx_word' id='word_1_50' title='bbox 784 770 841 811; x_wconf 88' lang='lat' dir='ltr'>ad</span> <span class='ocrx_word' id='word_1_51' title='bbox 877 770 1062 811; x_wconf 88' lang='lat' dir='ltr'>animam</span> 
     </span>
     <span class='ocr_line' id='line_1_11' title="bbox 241 828 492 871; baseline -0.012 0"><span class='ocrx_word' id='word_1_52' title='bbox 241 842 392 871; x_wconf 90' lang='lat' dir='ltr'>meam.</span> <span class='ocrx_word' id='word_1_53' title='bbox 426 828 492 869; x_wconf 89' lang='lat' dir='ltr'>Et.</span> 
     </span>
    </p>

    <p class='ocr_par' dir='ltr' id='par_1_4' title="bbox 239 888 1064 1840">
     <span class='ocr_line' id='line_1_12' title="bbox 528 888 778 930; baseline -0.012 -2"><span class='ocrx_word' id='word_1_54' title='bbox 528 889 676 930; x_wconf 81' lang='lat' dir='ltr'>Lectio</span> <span class='ocrx_word' id='word_1_55' title='bbox 699 888 778 926; x_wconf 76' lang='lat' dir='ltr'>viii.</span> 
     </span>
     <span class='ocr_line' id='line_1_13' title="bbox 331 939 1062 992; baseline -0.004 -10"><span class='ocrx_word' id='word_1_56' title='bbox 331 940 456 982; x_wconf 87' lang='lat' dir='ltr'>einde</span> <span class='ocrx_word' id='word_1_57' title='bbox 483 939 715 981; x_wconf 82' lang='lat' dir='ltr'>verborum</span> <span class='ocrx_word' id='word_1_58' title='bbox 742 939 938 991; x_wconf 80' lang='lat' dir='ltr'>ipsorum</span> <span class='ocrx_word' id='word_1_59' title='bbox 964 951 1062 992; x_wconf 92' lang='lat' dir='ltr'>pro-</span> 
     </span>
     <span class='ocr_line' id='line_1_14' title="bbox 350 994 1061 1050; baseline -0.004 -11"><span class='ocrx_word' id='word_1_60' title='bbox 350 997 580 1050; x_wconf 88' lang='lat' dir='ltr'>prietatem</span> <span class='ocrx_word' id='word_1_61' title='bbox 599 994 935 1037; x_wconf 62' lang='lat' dir='ltr'>consideremus.</span> <span class='ocrx_word' id='word_1_62' title='bbox 968 995 1061 1036; x_wconf 92' lang='lat' dir='ltr'>Tri-</span> 
     </span>
     <span class='ocr_line' id='line_1_15' title="bbox 241 1051 1062 1105; baseline -0.006 -9"><span class='ocrx_word' id='word_1_63' title='bbox 241 1054 320 1097; x_wconf 89' lang='lat' dir='ltr'>stis</span> <span class='ocrx_word' id='word_1_64' title='bbox 335 1059 411 1103; x_wconf 87' lang='lat' dir='ltr'>est,</span> <span class='ocrx_word' id='word_1_65' title='bbox 426 1053 574 1105; x_wconf 89' lang='lat' dir='ltr'>inquit,</span> <span class='ocrx_word' id='word_1_66' title='bbox 593 1052 734 1093; x_wconf 90' lang='lat' dir='ltr'>anima</span> <span class='ocrx_word' id='word_1_67' title='bbox 748 1064 855 1093; x_wconf 89' lang='lat' dir='ltr'>mea.</span> <span class='ocrx_word' id='word_1_68' title='bbox 875 1052 931 1093; x_wconf 89' lang='lat' dir='ltr'>Et</span> <span class='ocrx_word' id='word_1_69' title='bbox 946 1051 1062 1094; x_wconf 88' lang='lat' dir='ltr'>alibi:</span> 
     </span>
     <span class='ocr_line' id='line_1_16' title="bbox 240 1107 1062 1152; baseline -0.002 -1"><span class='ocrx_word' id='word_1_70' title='bbox 240 1111 367 1152; x_wconf 91' lang='lat' dir='ltr'>Nunc</span> <span class='ocrx_word' id='word_1_71' title='bbox 386 1110 527 1151; x_wconf 86' lang='lat' dir='ltr'>anima</span> <span class='ocrx_word' id='word_1_72' title='bbox 543 1122 640 1150; x_wconf 87' lang='lat' dir='ltr'>mea</span> <span class='ocrx_word' id='word_1_73' title='bbox 654 1108 826 1150; x_wconf 89' lang='lat' dir='ltr'>turbata</span> <span class='ocrx_word' id='word_1_74' title='bbox 842 1114 909 1150; x_wconf 86' lang='lat' dir='ltr'>est</span> <span class='ocrx_word' id='word_1_75' title='bbox 924 1107 1062 1150; x_wconf 88' lang='lat' dir='ltr'>valde.</span> 
     </span>
     <span class='ocr_line' id='line_1_17' title="bbox 240 1163 1063 1218; baseline -0.004 -9"><span class='ocrx_word' id='word_1_76' title='bbox 240 1167 341 1209; x_wconf 93' lang='lat' dir='ltr'>Non</span> <span class='ocrx_word' id='word_1_77' title='bbox 361 1179 465 1217; x_wconf 86' lang='lat' dir='ltr'>ergo</span> <span class='ocrx_word' id='word_1_78' title='bbox 485 1165 743 1218; x_wconf 84' lang='lat' dir='ltr'>suscipiens,</span> <span class='ocrx_word' id='word_1_79' title='bbox 763 1163 841 1206; x_wconf 90' lang='lat' dir='ltr'>sed</span> <span class='ocrx_word' id='word_1_80' title='bbox 860 1167 1063 1217; x_wconf 84' lang='lat' dir='ltr'>suscepta</span> 
     </span>
     <span class='ocr_line' id='line_1_18' title="bbox 240 1221 1063 1265; baseline -0.004 0"><span class='ocrx_word' id='word_1_81' title='bbox 240 1223 449 1265; x_wconf 88' lang='lat' dir='ltr'>turbatur.</span> <span class='ocrx_word' id='word_1_82' title='bbox 514 1222 671 1263; x_wconf 90' lang='lat' dir='ltr'>Anima</span> <span class='ocrx_word' id='word_1_83' title='bbox 717 1221 829 1262; x_wconf 91' lang='lat' dir='ltr'>enim</span> <span class='ocrx_word' id='word_1_84' title='bbox 874 1221 1063 1263; x_wconf 78' lang='lat' dir='ltr'>obnoxia</span> 
     </span>
     <span class='ocr_line' id='line_1_19' title="bbox 240 1277 1062 1333; baseline -0.004 -12"><span class='ocrx_word' id='word_1_85' title='bbox 240 1279 527 1333; x_wconf 82' lang='lat' dir='ltr'>passiombus,</span> <span class='ocrx_word' id='word_1_86' title='bbox 547 1278 748 1320; x_wconf 78' lang='lat' dir='ltr'>divinitas</span> <span class='ocrx_word' id='word_1_87' title='bbox 763 1277 910 1319; x_wconf 87' lang='lat' dir='ltr'>libera.</span> <span class='ocrx_word' id='word_1_88' title='bbox 934 1278 1062 1319; x_wconf 82' lang='lat' dir='ltr'>Deni-</span> 
     </span>
     <span class='ocr_line' id='line_1_20' title="bbox 243 1336 1062 1389; baseline -0.004 -11"><span class='ocrx_word' id='word_1_89' title='bbox 243 1349 325 1389; x_wconf 94' lang='lat' dir='ltr'>que</span> <span class='ocrx_word' id='word_1_90' title='bbox 357 1336 534 1389; x_wconf 86' lang='lat' dir='ltr'>spiritus</span> <span class='ocrx_word' id='word_1_91' title='bbox 571 1338 817 1387; x_wconf 87' lang='lat' dir='ltr'>promptus,</span> <span class='ocrx_word' id='word_1_92' title='bbox 859 1347 960 1375; x_wconf 92' lang='lat' dir='ltr'>caro</span> <span class='ocrx_word' id='word_1_93' title='bbox 992 1347 1062 1376; x_wconf 92' lang='lat' dir='ltr'>au-</span> 
     </span>
     <span class='ocr_line' id='line_1_21' title="bbox 239 1391 1062 1435; baseline -0.004 -1"><span class='ocrx_word' id='word_1_94' title='bbox 239 1398 328 1435; x_wconf 87' lang='lat' dir='ltr'>tem</span> <span class='ocrx_word' id='word_1_95' title='bbox 342 1393 523 1433; x_wconf 86' lang='lat' dir='ltr'>infirma.</span> <span class='ocrx_word' id='word_1_96' title='bbox 551 1391 707 1433; x_wconf 90' lang='lat' dir='ltr'>Tristis</span> <span class='ocrx_word' id='word_1_97' title='bbox 727 1395 873 1432; x_wconf 88' lang='lat' dir='ltr'>autem</span> <span class='ocrx_word' id='word_1_98' title='bbox 892 1396 958 1433; x_wconf 89' lang='lat' dir='ltr'>est</span> <span class='ocrx_word' id='word_1_99' title='bbox 976 1404 1062 1432; x_wconf 93' lang='lat' dir='ltr'>non</span> 
     </span>
     <span class='ocr_line' id='line_1_22' title="bbox 240 1447 1063 1502; baseline -0.004 -11"><span class='ocrx_word' id='word_1_100' title='bbox 240 1449 350 1502; x_wconf 86' lang='lat' dir='ltr'>ipse,</span> <span class='ocrx_word' id='word_1_101' title='bbox 384 1448 462 1491; x_wconf 91' lang='lat' dir='ltr'>sed</span> <span class='ocrx_word' id='word_1_102' title='bbox 494 1448 647 1490; x_wconf 88' lang='lat' dir='ltr'>anima.</span> <span class='ocrx_word' id='word_1_103' title='bbox 693 1447 793 1489; x_wconf 90' lang='lat' dir='ltr'>Non</span> <span class='ocrx_word' id='word_1_104' title='bbox 825 1452 892 1489; x_wconf 93' lang='lat' dir='ltr'>est</span> <span class='ocrx_word' id='word_1_105' title='bbox 926 1447 1063 1489; x_wconf 86' lang='lat' dir='ltr'>tristis</span> 
     </span>
     <span class='ocr_line' id='line_1_23' title="bbox 241 1504 1064 1558; baseline -0.001 -12"><span class='ocrx_word' id='word_1_106' title='bbox 241 1506 468 1558; x_wconf 80' lang='lat' dir='ltr'>sapientia,</span> <span class='ocrx_word' id='word_1_107' title='bbox 506 1517 592 1546; x_wconf 93' lang='lat' dir='ltr'>non</span> <span class='ocrx_word' id='word_1_108' title='bbox 633 1505 778 1547; x_wconf 85' lang='lat' dir='ltr'>divina</span> <span class='ocrx_word' id='word_1_109' title='bbox 810 1504 1064 1554; x_wconf 87' lang='lat' dir='ltr'>substantia,</span> 
     </span>
     <span class='ocr_line' id='line_1_24' title="bbox 242 1561 1062 1614; baseline -0.002 -11"><span class='ocrx_word' id='word_1_110' title='bbox 242 1561 319 1603; x_wconf 90' lang='lat' dir='ltr'>sed</span> <span class='ocrx_word' id='word_1_111' title='bbox 339 1562 490 1603; x_wconf 87' lang='lat' dir='ltr'>anima.</span> <span class='ocrx_word' id='word_1_112' title='bbox 521 1562 723 1614; x_wconf 80' lang='lat' dir='ltr'>Suscepit</span> <span class='ocrx_word' id='word_1_113' title='bbox 743 1562 855 1603; x_wconf 91' lang='lat' dir='ltr'>enim</span> <span class='ocrx_word' id='word_1_114' title='bbox 875 1561 1062 1602; x_wconf 86' lang='lat' dir='ltr'>animam</span> 
     </span>
     <span class='ocr_line' id='line_1_25' title="bbox 240 1616 1062 1671; baseline -0.002 -12"><span class='ocrx_word' id='word_1_115' title='bbox 240 1631 392 1667; x_wconf 86' lang='lat' dir='ltr'>meam,</span> <span class='ocrx_word' id='word_1_116' title='bbox 413 1618 604 1670; x_wconf 80' lang='lat' dir='ltr'>suscepit</span> <span class='ocrx_word' id='word_1_117' title='bbox 618 1630 779 1671; x_wconf 91' lang='lat' dir='ltr'>corpus</span> <span class='ocrx_word' id='word_1_118' title='bbox 788 1630 943 1658; x_wconf 91' lang='lat' dir='ltr'>meum.</span> <span class='ocrx_word' id='word_1_119' title='bbox 962 1616 1062 1658; x_wconf 92' lang='lat' dir='ltr'>Non</span> 
     </span>
     <span class='ocr_line' id='line_1_26' title="bbox 241 1673 1063 1725; baseline -0.001 -10"><span class='ocrx_word' id='word_1_120' title='bbox 241 1687 310 1715; x_wconf 89' lang='lat' dir='ltr'>me</span> <span class='ocrx_word' id='word_1_121' title='bbox 329 1674 494 1725; x_wconf 82' lang='lat' dir='ltr'>fefellit,</span> <span class='ocrx_word' id='word_1_122' title='bbox 519 1679 567 1715; x_wconf 92' lang='lat' dir='ltr'>ut</span> <span class='ocrx_word' id='word_1_123' title='bbox 587 1674 704 1716; x_wconf 92' lang='lat' dir='ltr'>aliud</span> <span class='ocrx_word' id='word_1_124' title='bbox 723 1678 855 1724; x_wconf 83' lang='lat' dir='ltr'>esset,</span> <span class='ocrx_word' id='word_1_125' title='bbox 882 1678 926 1715; x_wconf 90' lang='lat' dir='ltr'>et</span> <span class='ocrx_word' id='word_1_126' title='bbox 945 1673 1063 1715; x_wconf 90' lang='lat' dir='ltr'>aliud</span> 
     </span>
     <span class='ocr_line' id='line_1_27' title="bbox 240 1729 1062 1779; baseline -0.002 -7"><span class='ocrx_word' id='word_1_127' title='bbox 240 1730 472 1772; x_wconf 84' lang='lat' dir='ltr'>videretur.</span> <span class='ocrx_word' id='word_1_128' title='bbox 496 1730 651 1772; x_wconf 90' lang='lat' dir='ltr'>Tristis</span> <span class='ocrx_word' id='word_1_129' title='bbox 670 1729 910 1779; x_wconf 87' lang='lat' dir='ltr'>videbatur,</span> <span class='ocrx_word' id='word_1_130' title='bbox 930 1735 973 1772; x_wconf 92' lang='lat' dir='ltr'>et</span> <span class='ocrx_word' id='word_1_131' title='bbox 990 1730 1062 1771; x_wconf 89' lang='lat' dir='ltr'>tri-</span> 
     </span>
     <span class='ocr_line' id='line_1_28' title="bbox 241 1786 1062 1840; baseline 0 -12"><span class='ocrx_word' id='word_1_132' title='bbox 241 1787 319 1828; x_wconf 88' lang='lat' dir='ltr'>stis</span> <span class='ocrx_word' id='word_1_133' title='bbox 339 1793 431 1829; x_wconf 89' lang='lat' dir='ltr'>erat</span> <span class='ocrx_word' id='word_1_134' title='bbox 449 1799 536 1828; x_wconf 93' lang='lat' dir='ltr'>non</span> <span class='ocrx_word' id='word_1_135' title='bbox 550 1800 632 1839; x_wconf 92' lang='lat' dir='ltr'>pro</span> <span class='ocrx_word' id='word_1_136' title='bbox 651 1800 730 1828; x_wconf 91' lang='lat' dir='ltr'>sua</span> <span class='ocrx_word' id='word_1_137' title='bbox 748 1786 964 1840; x_wconf 79' lang='lat' dir='ltr'>passione,</span> <span class='ocrx_word' id='word_1_138' title='bbox 983 1786 1062 1828; x_wconf 91' lang='lat' dir='ltr'>sed</span> 
     </span>
    </p>

    <p class='ocr_par' dir='ltr' id='par_1_5' title="bbox 240 1843 791 1897">
     <span class='ocr_line' id='line_1_29' title="bbox 240 1843 791 1897; baseline 0 -13"><span class='ocrx_word' id='word_1_139' title='bbox 240 1857 320 1896; x_wconf 92' lang='lat' dir='ltr'>pro</span> <span class='ocrx_word' id='word_1_140' title='bbox 340 1849 490 1885; x_wconf 88' lang='lat' dir='ltr'>nostra</span> <span class='ocrx_word' id='word_1_141' title='bbox 510 1843 791 1897; x_wconf 72' lang='lat' dir='ltr'>dispersiOne.</span> 
     </span>
    </p>

    <p class='ocr_par' dir='ltr' id='par_1_6' title="bbox 240 1901 1064 2225">
     <span class='ocr_line' id='line_1_30' title="bbox 296 1901 1062 1953; baseline -0.001 -11"><span class='ocrx_word' id='word_1_142' title='bbox 296 1904 342 1953; x_wconf 66' lang='lat' dir='ltr'>R.</span> <span class='ocrx_word' id='word_1_143' title='bbox 373 1901 511 1942; x_wconf 86' lang='lat' dir='ltr'><strong>Intret</strong></span> <span class='ocrx_word' id='word_1_144' title='bbox 534 1901 577 1941; x_wconf 92' lang='lat' dir='ltr'>in</span> <span class='ocrx_word' id='word_1_145' title='bbox 603 1902 843 1953; x_wconf 82' lang='lat' dir='ltr'>conspectu</span> <span class='ocrx_word' id='word_1_146' title='bbox 867 1904 944 1941; x_wconf 87' lang='lat' dir='ltr'>tuo</span> <span class='ocrx_word' id='word_1_147' title='bbox 970 1902 1062 1941; x_wconf 89' lang='lat' dir='ltr'>ora-</span> 
     </span>
     <span class='ocr_line' id='line_1_31' title="bbox 241 1956 1062 1998; baseline -0.001 0"><span class='ocrx_word' id='word_1_148' title='bbox 241 1957 302 1998; x_wconf 91' lang='lat' dir='ltr'>tio</span> <span class='ocrx_word' id='word_1_149' title='bbox 328 1970 439 1998; x_wconf 85' lang='lat' dir='ltr'>mea:</span> <span class='ocrx_word' id='word_1_150' title='bbox 463 1962 483 1982; x_wconf 82' lang='lat'>*</span> <span class='ocrx_word' id='word_1_151' title='bbox 500 1957 666 1998; x_wconf 85' lang='lat' dir='ltr'>Inclina</span> <span class='ocrx_word' id='word_1_152' title='bbox 690 1969 838 1998; x_wconf 91' lang='lat' dir='ltr'>aurem</span> <span class='ocrx_word' id='word_1_153' title='bbox 862 1961 982 1998; x_wconf 90' lang='lat' dir='ltr'>tuam</span> <span class='ocrx_word' id='word_1_154' title='bbox 1006 1956 1062 1998; x_wconf 92' lang='lat' dir='ltr'>ad</span> 
     </span>
     <span class='ocr_line' id='line_1_32' title="bbox 241 2012 1063 2066; baseline -0.001 -11"><span class='ocrx_word' id='word_1_155' title='bbox 241 2026 416 2066; x_wconf 84' lang='lat' dir='ltr'><strong>precem</strong></span> <span class='ocrx_word' id='word_1_156' title='bbox 431 2026 582 2055; x_wconf 89' lang='lat' dir='ltr'>meam.</span> <span class='ocrx_word' id='word_1_157' title='bbox 617 2012 663 2062; x_wconf 96' lang='lat' dir='ltr'>V</span> <span class='ocrx_word' id='word_1_158' title='bbox 682 2014 792 2064; x_wconf 85' lang='lat' dir='ltr'>Quia</span> <span class='ocrx_word' id='word_1_159' title='bbox 811 2013 978 2066; x_wconf 81' lang='lat' dir='ltr'>repleta</span> <span class='ocrx_word' id='word_1_160' title='bbox 997 2018 1063 2055; x_wconf 84' lang='lat' dir='ltr'>est</span> 
     </span>
     <span class='ocr_line' id='line_1_33' title="bbox 240 2070 1063 2119; baseline 0 -9"><span class='ocrx_word' id='word_1_161' title='bbox 240 2070 364 2111; x_wconf 89' lang='lat' dir='ltr'>malis</span> <span class='ocrx_word' id='word_1_162' title='bbox 390 2071 530 2112; x_wconf 88' lang='lat' dir='ltr'>anima</span> <span class='ocrx_word' id='word_1_163' title='bbox 555 2083 669 2119; x_wconf 90' lang='lat' dir='ltr'>mea,</span> <span class='ocrx_word' id='word_1_164' title='bbox 699 2074 743 2111; x_wconf 90' lang='lat' dir='ltr'>et</span> <span class='ocrx_word' id='word_1_165' title='bbox 767 2070 856 2111; x_wconf 85' lang='lat' dir='ltr'>vita</span> <span class='ocrx_word' id='word_1_166' title='bbox 879 2082 977 2111; x_wconf 91' lang='lat' dir='ltr'>mea</span> <span class='ocrx_word' id='word_1_167' title='bbox 1002 2070 1063 2110; x_wconf 91' lang='lat' dir='ltr'>in-</span> 
     </span>
     <span class='ocr_line' id='line_1_34' title="bbox 241 2126 1064 2180; baseline 0.002 -14"><span class='ocrx_word' id='word_1_168' title='bbox 241 2127 362 2167; x_wconf 78' lang='lat' dir='ltr'>ferno</span> <span class='ocrx_word' id='word_1_169' title='bbox 378 2127 756 2180; x_wconf 68' lang='lat' dir='ltr'>appropinquavit.</span> <span class='ocrx_word' id='word_1_170' title='bbox 776 2126 950 2167; x_wconf 88' lang='lat' dir='ltr'>Inclina.</span> <span class='ocrx_word' id='word_1_171' title='bbox 971 2126 1064 2168; x_wconf 79' lang='lat' dir='ltr'>Glo-</span> 
     </span>
     <span class='ocr_line' id='line_1_35' title="bbox 241 2183 653 2225; baseline 0.002 -1"><span class='ocrx_word' id='word_1_172' title='bbox 241 2183 304 2224; x_wconf 91' lang='lat' dir='ltr'>ria</span> <span class='ocrx_word' id='word_1_173' title='bbox 322 2183 451 2224; x_wconf 89' lang='lat' dir='ltr'>Patri.</span> <span class='ocrx_word' id='word_1_174' title='bbox 479 2183 653 2225; x_wconf 85' lang='lat' dir='ltr'>Inclina.</span> 
     </span>
    </p>

    <p class='ocr_par' dir='ltr' id='par_1_7' title="bbox 544 2239 765 2280">
     <span class='ocr_line' id='line_1_36' title="bbox 544 2239 765 2280; baseline 0 -2"><span class='ocrx_word' id='word_1_175' title='bbox 544 2239 691 2280; x_wconf 72' lang='lat' dir='ltr'>Lectio</span> <span class='ocrx_word' id='word_1_176' title='bbox 714 2241 765 2279; x_wconf 78' lang='lat' dir='ltr'>ix.</span> 
     </span>
    </p>

    <p class='ocr_par' dir='ltr' id='par_1_8' title="bbox 332 2295 1062 2348">
     <span class='ocr_line' id='line_1_37' title="bbox 332 2295 1062 2348; baseline -0.001 -10"><span class='ocrx_word' id='word_1_177' title='bbox 332 2296 488 2348; x_wconf 78' lang='lat' dir='ltr'>enique</span> <span class='ocrx_word' id='word_1_178' title='bbox 524 2295 598 2337; x_wconf 89' lang='lat' dir='ltr'>ait:</span> <span class='ocrx_word' id='word_1_179' title='bbox 637 2295 883 2337; x_wconf 80' lang='lat' dir='ltr'>Percutiam</span> <span class='ocrx_word' id='word_1_180' title='bbox 917 2297 1062 2348; x_wconf 80' lang='lat' dir='ltr'>pasto-</span> 
     </span>
    </p>

    <p class='ocr_par' dir='ltr' id='par_1_9' title="bbox 240 2351 1063 2799">
     <span class='ocr_line' id='line_1_38' title="bbox 336 2351 1063 2404; baseline -0.001 -10"><span class='ocrx_word' id='word_1_181' title='bbox 336 2365 439 2402; x_wconf 71' lang='lat' dir='ltr'>rem,</span> <span class='ocrx_word' id='word_1_182' title='bbox 459 2357 502 2394; x_wconf 90' lang='lat' dir='ltr'>et</span> <span class='ocrx_word' id='word_1_183' title='bbox 523 2351 827 2404; x_wconf 81' lang='lat' dir='ltr'>dispergentur</span> <span class='ocrx_word' id='word_1_184' title='bbox 846 2364 951 2393; x_wconf 91' lang='lat' dir='ltr'>oves</span> <span class='ocrx_word' id='word_1_185' title='bbox 970 2364 1063 2402; x_wconf 88' lang='lat' dir='ltr'>gre-</span> 
     </span>
     <span class='ocr_line' id='line_1_39' title="bbox 240 2408 1062 2461; baseline 0 -11"><span class='ocrx_word' id='word_1_186' title='bbox 240 2409 318 2459; x_wconf 85' lang='lat' dir='ltr'>gis.</span> <span class='ocrx_word' id='word_1_187' title='bbox 345 2408 502 2450; x_wconf 91' lang='lat' dir='ltr'>Tristis</span> <span class='ocrx_word' id='word_1_188' title='bbox 518 2412 621 2458; x_wconf 91' lang='lat' dir='ltr'>erat,</span> <span class='ocrx_word' id='word_1_189' title='bbox 641 2408 742 2459; x_wconf 89' lang='lat' dir='ltr'>quia</span> <span class='ocrx_word' id='word_1_190' title='bbox 761 2420 840 2449; x_wconf 86' lang='lat' dir='ltr'>nos</span> <span class='ocrx_word' id='word_1_191' title='bbox 856 2408 1062 2461; x_wconf 87' lang='lat' dir='ltr'>parvulos</span> 
     </span>
     <span class='ocr_line' id='line_1_40' title="bbox 241 2465 1061 2518; baseline 0 -12"><span class='ocrx_word' id='word_1_192' title='bbox 241 2465 524 2518; x_wconf 82' lang='lat' dir='ltr'>relinquebat.</span> <span class='ocrx_word' id='word_1_193' title='bbox 566 2465 768 2506; x_wconf 80' lang='lat' dir='ltr'>Ceterum</span> <span class='ocrx_word' id='word_1_194' title='bbox 800 2478 930 2516; x_wconf 88' lang='lat' dir='ltr'>quam</span> <span class='ocrx_word' id='word_1_195' title='bbox 961 2478 1061 2507; x_wconf 94' lang='lat' dir='ltr'>con-</span> 
     </span>
     <span class='ocr_line' id='line_1_41' title="bbox 241 2520 1062 2563; baseline 0 0"><span class='ocrx_word' id='word_1_196' title='bbox 241 2523 407 2563; x_wconf 86' lang='lat' dir='ltr'>stanter</span> <span class='ocrx_word' id='word_1_197' title='bbox 436 2534 483 2563; x_wconf 86' lang='lat' dir='ltr'>se</span> <span class='ocrx_word' id='word_1_198' title='bbox 514 2521 643 2563; x_wconf 91' lang='lat' dir='ltr'>morti</span> <span class='ocrx_word' id='word_1_199' title='bbox 674 2520 883 2563; x_wconf 79' lang='lat' dir='ltr'>obtulerit</span> <span class='ocrx_word' id='word_1_200' title='bbox 914 2534 1062 2563; x_wconf 91' lang='lat' dir='ltr'>conse-</span> 
     </span>
     <span class='ocr_line' id='line_1_42' title="bbox 243 2576 1062 2630; baseline 0.001 -12"><span class='ocrx_word' id='word_1_201' title='bbox 243 2578 418 2630; x_wconf 81' lang='lat' dir='ltr'>quentia</span> <span class='ocrx_word' id='word_1_202' title='bbox 444 2578 679 2619; x_wconf 87' lang='lat' dir='ltr'>declarant:</span> <span class='ocrx_word' id='word_1_203' title='bbox 708 2576 1062 2630; x_wconf 82' lang='lat' dir='ltr'>quandoquidem</span> 
     </span>
     <span class='ocr_line' id='line_1_43' title="bbox 244 2634 1062 2686; baseline -0.001 -11"><span class='ocrx_word' id='word_1_204' title='bbox 244 2634 536 2686; x_wconf 79' lang='lat' dir='ltr'>quaerentibus</span> <span class='ocrx_word' id='word_1_205' title='bbox 594 2634 805 2683; x_wconf 81' lang='lat' dir='ltr'>occurrit,</span> <span class='ocrx_word' id='word_1_206' title='bbox 862 2634 1062 2676; x_wconf 91' lang='lat' dir='ltr'>turbatos</span> 
     </span>
     <span class='ocr_line' id='line_1_44' title="bbox 244 2690 1062 2743; baseline 0.001 -12"><span class='ocrx_word' id='word_1_207' title='bbox 244 2690 531 2740; x_wconf 88' lang='lat' dir='ltr'>confirmavit,</span> <span class='ocrx_word' id='word_1_208' title='bbox 564 2690 762 2743; x_wconf 81' lang='lat' dir='ltr'>trepidos</span> <span class='ocrx_word' id='word_1_209' title='bbox 794 2691 1062 2743; x_wconf 79' lang='lat' dir='ltr'>provocavit,</span> 
     </span>
     <span class='ocr_line' id='line_1_45' title="bbox 242 2746 1061 2799; baseline 0 -12"><span class='ocrx_word' id='word_1_210' title='bbox 242 2746 513 2798; x_wconf 69' lang='lat' dir='ltr'>proditorem</span> <span class='ocrx_word' id='word_1_211' title='bbox 539 2746 675 2788; x_wconf 71' lang='lat' dir='ltr'>Osculi</span> <span class='ocrx_word' id='word_1_212' title='bbox 701 2747 949 2799; x_wconf 69' lang='lat' dir='ltr'>dignatiOne</span> <span class='ocrx_word' id='word_1_213' title='bbox 973 2760 1061 2787; x_wconf 87' lang='lat' dir='ltr'>sus-</span> 
     </span>
    </p>
   </div>
   <div class='ocr_carea' id='block_1_3' title="bbox 661 227 1506 264">
    <p class='ocr_par' dir='ltr' id='par_1_10' title="bbox 661 227 1506 264">
     <span class='ocr_line' id='line_1_46' title="bbox 661 227 1506 264; baseline -0.001 -3"><span class='ocrx_word' id='word_1_214' title='bbox 661 231 854 264; x_wconf 71' lang='lat' dir='ltr'>Orationis</span> <span class='ocrx_word' id='word_1_215' title='bbox 882 230 921 263; x_wconf 92' lang='grc'>1).</span> <span class='ocrx_word' id='word_1_216' title='bbox 948 229 990 263; x_wconf 74' lang='lat' dir='ltr'>N.</span> <span class='ocrx_word' id='word_1_217' title='bbox 1017 230 1049 262; x_wconf 84' lang='lat'>.1.</span> <span class='ocrx_word' id='word_1_218' title='bbox 1075 231 1113 263; x_wconf 62' lang='grc' dir='ltr'>(Σ.</span> <span class='ocrx_word' id='word_1_219' title='bbox 1141 229 1176 262; x_wconf 83' lang='lat' dir='ltr'>in</span> <span class='ocrx_word' id='word_1_220' title='bbox 1204 228 1330 261; x_wconf 73' lang='lat' dir='ltr'>Monte</span> <span class='ocrx_word' id='word_1_221' title='bbox 1356 227 1506 261; x_wconf 75' lang='lat' dir='ltr'>Oliveti.</span> 
     </span>
    </p>
   </div>
   <div class='ocr_carea' id='block_1_4' title="bbox 1113 313 1938 813">
    <p class='ocr_par' dir='ltr' id='par_1_11' title="bbox 1113 313 1938 813">
     <span class='ocr_line' id='line_1_47' title="bbox 1115 313 1938 370; baseline -0.006 -11"><span class='ocrx_word' id='word_1_222' title='bbox 1115 318 1242 370; x_wconf 80' lang='lat' dir='ltr'>cepit.</span> <span class='ocrx_word' id='word_1_223' title='bbox 1282 317 1377 359; x_wconf 90' lang='lat' dir='ltr'>Nec</span> <span class='ocrx_word' id='word_1_224' title='bbox 1401 315 1509 358; x_wconf 86' lang='lat' dir='ltr'>illud</span> <span class='ocrx_word' id='word_1_225' title='bbox 1535 315 1668 358; x_wconf 85' lang='lat' dir='ltr'>distat</span> <span class='ocrx_word' id='word_1_226' title='bbox 1694 327 1721 356; x_wconf 92' lang='lat' dir='ltr'>a</span> <span class='ocrx_word' id='word_1_227' title='bbox 1746 325 1868 364; x_wconf 90' lang='lat' dir='ltr'>vero,</span> <span class='ocrx_word' id='word_1_228' title='bbox 1901 313 1938 355; x_wconf 89' lang='lat' dir='ltr'>si</span> 
     </span>
     <span class='ocr_line' id='line_1_48' title="bbox 1114 369 1938 426; baseline -0.006 -11"><span class='ocrx_word' id='word_1_229' title='bbox 1114 374 1249 416; x_wconf 87' lang='lat' dir='ltr'>tristis</span> <span class='ocrx_word' id='word_1_230' title='bbox 1265 379 1359 415; x_wconf 89' lang='lat' dir='ltr'>erat</span> <span class='ocrx_word' id='word_1_231' title='bbox 1372 386 1455 426; x_wconf 91' lang='lat' dir='ltr'>pro</span> <span class='ocrx_word' id='word_1_232' title='bbox 1470 369 1822 426; x_wconf 80' lang='lat' dir='ltr'>persecutoribus</span> <span class='ocrx_word' id='word_1_233' title='bbox 1838 369 1938 418; x_wconf 86' lang='lat' dir='ltr'>suis,</span> 
     </span>
     <span class='ocr_line' id='line_1_49' title="bbox 1116 426 1938 483; baseline -0.006 -11"><span class='ocrx_word' id='word_1_234' title='bbox 1116 443 1227 483; x_wconf 90' lang='lat' dir='ltr'>quos</span> <span class='ocrx_word' id='word_1_235' title='bbox 1272 430 1439 472; x_wconf 83' lang='lat' dir='ltr'>sciebat</span> <span class='ocrx_word' id='word_1_236' title='bbox 1483 427 1683 470; x_wconf 88' lang='lat' dir='ltr'>immanis</span> <span class='ocrx_word' id='word_1_237' title='bbox 1724 426 1938 477; x_wconf 82' lang='lat' dir='ltr'>sacrilegii</span> 
     </span>
     <span class='ocr_line' id='line_1_50' title="bbox 1114 481 1938 539; baseline -0.006 -11"><span class='ocrx_word' id='word_1_238' title='bbox 1114 500 1269 539; x_wconf 84' lang='lat' dir='ltr'>poenas</span> <span class='ocrx_word' id='word_1_239' title='bbox 1315 486 1508 528; x_wconf 84' lang='lat' dir='ltr'>daturos.</span> <span class='ocrx_word' id='word_1_240' title='bbox 1567 485 1623 526; x_wconf 90' lang='lat' dir='ltr'>Et</span> <span class='ocrx_word' id='word_1_241' title='bbox 1667 482 1768 525; x_wconf 85' lang='lat' dir='ltr'>ideo</span> <span class='ocrx_word' id='word_1_242' title='bbox 1814 481 1938 524; x_wconf 84' lang='lat' dir='ltr'>dixit:</span> 
     </span>
     <span class='ocr_line' id='line_1_51' title="bbox 1114 539 1937 585; baseline -0.005 -1"><span class='ocrx_word' id='word_1_243' title='bbox 1114 543 1323 585; x_wconf 83' lang='lat' dir='ltr'>Transfer</span> <span class='ocrx_word' id='word_1_244' title='bbox 1341 542 1456 584; x_wconf 90' lang='lat' dir='ltr'>hunc</span> <span class='ocrx_word' id='word_1_245' title='bbox 1476 541 1657 584; x_wconf 86' lang='lat' dir='ltr'>calicem</span> <span class='ocrx_word' id='word_1_246' title='bbox 1680 553 1707 581; x_wconf 92' lang='lat' dir='ltr'>a</span> <span class='ocrx_word' id='word_1_247' title='bbox 1723 552 1804 582; x_wconf 90' lang='lat' dir='ltr'>me.</span> <span class='ocrx_word' id='word_1_248' title='bbox 1835 539 1937 581; x_wconf 89' lang='lat' dir='ltr'>Non</span> 
     </span>
     <span class='ocr_line' id='line_1_52' title="bbox 1116 595 1937 652; baseline -0.006 -11"><span class='ocrx_word' id='word_1_249' title='bbox 1116 600 1215 652; x_wconf 89' lang='lat' dir='ltr'>quia</span> <span class='ocrx_word' id='word_1_250' title='bbox 1234 600 1369 649; x_wconf 88' lang='lat' dir='ltr'>Deus,</span> <span class='ocrx_word' id='word_1_251' title='bbox 1396 599 1481 640; x_wconf 91' lang='lat' dir='ltr'>Dei</span> <span class='ocrx_word' id='word_1_252' title='bbox 1498 597 1650 647; x_wconf 83' lang='lat' dir='ltr'>Filius⁷</span> <span class='ocrx_word' id='word_1_253' title='bbox 1677 601 1863 638; x_wconf 93' lang='lat' dir='ltr'>mortem</span> <span class='ocrx_word' id='word_1_254' title='bbox 1886 595 1937 636; x_wconf 93' lang='lat' dir='ltr'>ti-</span> 
     </span>
     <span class='ocr_line' id='line_1_53' title="bbox 1113 653 1938 708; baseline -0.007 -10"><span class='ocrx_word' id='word_1_255' title='bbox 1113 656 1274 706; x_wconf 80' lang='lat' dir='ltr'>mebat3</span> <span class='ocrx_word' id='word_1_256' title='bbox 1301 655 1379 698; x_wconf 91' lang='lat' dir='ltr'>sed</span> <span class='ocrx_word' id='word_1_257' title='bbox 1404 656 1506 708; x_wconf 89' lang='lat' dir='ltr'>quia</span> <span class='ocrx_word' id='word_1_258' title='bbox 1529 667 1610 696; x_wconf 92' lang='lat' dir='ltr'>nec</span> <span class='ocrx_word' id='word_1_259' title='bbox 1627 653 1767 695; x_wconf 89' lang='lat' dir='ltr'>malos</span> <span class='ocrx_word' id='word_1_260' title='bbox 1789 664 1871 705; x_wconf 91' lang='lat' dir='ltr'>pro</span> <span class='ocrx_word' id='word_1_261' title='bbox 1891 663 1938 693; x_wconf 86' lang='lat' dir='ltr'>se</span> 
     </span>
     <span class='ocr_line' id='line_1_54' title="bbox 1113 712 1461 766; baseline -0.006 -11"><span class='ocrx_word' id='word_1_262' title='bbox 1113 715 1257 766; x_wconf 85' lang='lat' dir='ltr'>perire</span> <span class='ocrx_word' id='word_1_263' title='bbox 1277 712 1461 754; x_wconf 85' lang='lat' dir='ltr'>volebat.</span> 
     </span>
     <span class='ocr_line' id='line_1_55' title="bbox 1170 767 1729 813; baseline -0.009 -1"><span class='ocrx_word' id='word_1_264' title='bbox 1170 774 1230 813; x_wconf 87' lang='lat' dir='ltr'>Te</span> <span class='ocrx_word' id='word_1_265' title='bbox 1251 770 1393 811; x_wconf 94' lang='lat' dir='ltr'>Deum</span> <span class='ocrx_word' id='word_1_266' title='bbox 1412 767 1651 810; x_wconf 88' lang='lat' dir='ltr'>laudamus.</span> <span class='ocrx_word' id='word_1_267' title='bbox 1669 767 1729 807; x_wconf 87' lang='grc'>14.</span> 
     </span>
    </p>
   </div>
   <div class='ocr_carea' id='block_1_5' title="bbox 1377 847 1676 890">
    <p class='ocr_par' dir='ltr' id='par_1_12' title="bbox 1377 847 1676 890">
     <span class='ocr_line' id='line_1_56' title="bbox 1377 847 1676 890; baseline -0.003 0"><span class='ocrx_word' id='word_1_268' title='bbox 1377 848 1456 890; x_wconf 82' lang='lat' dir='ltr'>Ad</span> <span class='ocrx_word' id='word_1_269' title='bbox 1481 847 1676 889; x_wconf 86' lang='lat' dir='ltr'>Laudes</span> 
     </span>
    </p>
   </div>
   <div class='ocr_carea' id='block_1_6' title="bbox 1112 907 1940 1963">
    <p class='ocr_par' dir='ltr' id='par_1_13' title="bbox 1323 907 1734 950">
     <span class='ocr_line' id='line_1_57' title="bbox 1323 907 1734 950; baseline 0 -9"><span class='ocrx_word' id='word_1_270' title='bbox 1323 917 1341 941; x_wconf 86' lang='lat' dir='ltr'>e</span> <span class='ocrx_word' id='word_1_271' title='bbox 1359 914 1372 941; x_wconf 90' lang='lat' dir='ltr'>t</span> <span class='ocrx_word' id='word_1_272' title='bbox 1411 917 1434 950; x_wconf 89' lang='lat' dir='ltr'>p</span> <span class='ocrx_word' id='word_1_273' title='bbox 1453 917 1471 941; x_wconf 81' lang='lat' dir='ltr'>e</span> <span class='ocrx_word' id='word_1_274' title='bbox 1491 918 1507 940; x_wconf 92' lang='lat' dir='ltr'>r</span> <span class='ocrx_word' id='word_1_275' title='bbox 1542 907 1576 940; x_wconf 93' lang='lat' dir='ltr'><strong>H</strong></span> <span class='ocrx_word' id='word_1_276' title='bbox 1595 917 1616 941; x_wconf 94' lang='lat' dir='ltr'>o</span> <span class='ocrx_word' id='word_1_277' title='bbox 1635 918 1652 940; x_wconf 93' lang='lat' dir='ltr'>r</span> <span class='ocrx_word' id='word_1_278' title='bbox 1668 918 1689 941; x_wconf 84' lang='lat' dir='ltr'>a</span> <span class='ocrx_word' id='word_1_279' title='bbox 1707 917 1734 941; x_wconf 89' lang='lat' dir='ltr'>s.</span> 
     </span>
    </p>

    <p class='ocr_par' dir='ltr' id='par_1_14' title="bbox 1112 955 1940 1179">
     <span class='ocr_line' id='line_1_58' title="bbox 1168 955 1936 1005; baseline -0.012 0"><span class='ocrx_word' id='word_1_280' title='bbox 1168 966 1265 1005; x_wconf 78' lang='lat' dir='ltr'>Ant.</span> <span class='ocrx_word' id='word_1_281' title='bbox 1292 966 1317 1003; x_wconf 89' lang='lat'>1.</span> <span class='ocrx_word' id='word_1_282' title='bbox 1351 961 1478 1003; x_wconf 85' lang='lat' dir='ltr'>Venit</span> <span class='ocrx_word' id='word_1_283' title='bbox 1501 959 1525 1000; x_wconf 87' lang='lat' dir='ltr'>J</span> <span class='ocrx_word' id='word_1_284' title='bbox 1527 971 1626 1000; x_wconf 91' lang='lat' dir='ltr'>esus</span> <span class='ocrx_word' id='word_1_285' title='bbox 1644 957 1668 984; x_wconf 89' lang='lat'>*</span> <span class='ocrx_word' id='word_1_286' title='bbox 1688 969 1787 998; x_wconf 92' lang='lat' dir='ltr'>cum</span> <span class='ocrx_word' id='word_1_287' title='bbox 1811 955 1936 998; x_wconf 86' lang='lat' dir='ltr'>disci-</span> 
     </span>
     <span class='ocr_line' id='line_1_59' title="bbox 1112 1011 1940 1069; baseline -0.007 -11"><span class='ocrx_word' id='word_1_288' title='bbox 1112 1016 1226 1069; x_wconf 89' lang='lat' dir='ltr'>pulis</span> <span class='ocrx_word' id='word_1_289' title='bbox 1259 1017 1347 1058; x_wconf 86' lang='lat' dir='ltr'>suis</span> <span class='ocrx_word' id='word_1_290' title='bbox 1378 1018 1423 1058; x_wconf 92' lang='lat' dir='ltr'>in</span> <span class='ocrx_word' id='word_1_291' title='bbox 1454 1015 1617 1065; x_wconf 88' lang='lat' dir='ltr'>villam,</span> <span class='ocrx_word' id='word_1_292' title='bbox 1652 1026 1750 1066; x_wconf 89' lang='lat' dir='ltr'>quae</span> <span class='ocrx_word' id='word_1_293' title='bbox 1781 1011 1940 1054; x_wconf 87' lang='lat' dir='ltr'>dicitur</span> 
     </span>
     <span class='ocr_line' id='line_1_60' title="bbox 1115 1067 1939 1124; baseline -0.006 -10"><span class='ocrx_word' id='word_1_294' title='bbox 1115 1072 1414 1124; x_wconf 84' lang='lat' dir='ltr'>Gethsemani‚</span> <span class='ocrx_word' id='word_1_295' title='bbox 1443 1078 1487 1115; x_wconf 92' lang='lat' dir='ltr'>et</span> <span class='ocrx_word' id='word_1_296' title='bbox 1515 1071 1623 1114; x_wconf 80' lang='lat' dir='ltr'>dixit</span> <span class='ocrx_word' id='word_1_297' title='bbox 1649 1070 1750 1111; x_wconf 89' lang='lat' dir='ltr'>illis:</span> <span class='ocrx_word' id='word_1_298' title='bbox 1779 1067 1939 1110; x_wconf 80' lang='lat' dir='ltr'>Sedete</span> 
     </span>
     <span class='ocr_line' id='line_1_61' title="bbox 1114 1127 1931 1179; baseline -0.007 -9"><span class='ocrx_word' id='word_1_299' title='bbox 1114 1128 1194 1179; x_wconf 90' lang='lat' dir='ltr'>hic,</span> <span class='ocrx_word' id='word_1_300' title='bbox 1215 1129 1355 1172; x_wconf 91' lang='lat' dir='ltr'>donec</span> <span class='ocrx_word' id='word_1_301' title='bbox 1373 1129 1531 1172; x_wconf 90' lang='lat' dir='ltr'>vadam</span> <span class='ocrx_word' id='word_1_302' title='bbox 1549 1127 1662 1177; x_wconf 90' lang='lat' dir='ltr'>illuc,</span> <span class='ocrx_word' id='word_1_303' title='bbox 1682 1131 1726 1168; x_wconf 92' lang='lat' dir='ltr'>et</span> <span class='ocrx_word' id='word_1_304' title='bbox 1744 1138 1876 1168; x_wconf 92' lang='lat' dir='ltr'>orem.</span> <span class='ocrx_word' id='word_1_305' title='bbox 1927 1167 1931 1172; x_wconf 64' lang='grc'><strong>,</strong></span> 
     </span>
    </p>

    <p class='ocr_par' dir='ltr' id='par_1_15' title="bbox 1171 1183 1781 1236">
     <span class='ocr_line' id='line_1_62' title="bbox 1171 1183 1781 1236; baseline -0.008 -8"><span class='ocrx_word' id='word_1_306' title='bbox 1171 1189 1234 1228; x_wconf 86' lang='lat' dir='ltr'>Ps.</span> <span class='ocrx_word' id='word_1_307' title='bbox 1263 1187 1476 1228; x_wconf 84' lang='lat' dir='ltr'>D6minus</span> <span class='ocrx_word' id='word_1_308' title='bbox 1495 1184 1703 1236; x_wconf 86' lang='lat' dir='ltr'>regnavit.</span> <span class='ocrx_word' id='word_1_309' title='bbox 1722 1183 1781 1224; x_wconf 88' lang='lat'>15.</span> 
     </span>
    </p>

    <p class='ocr_par' dir='ltr' id='par_1_16' title="bbox 1115 1237 1937 1398">
     <span class='ocr_line' id='line_1_63' title="bbox 1168 1237 1937 1296; baseline -0.01 -10"><span class='ocrx_word' id='word_1_310' title='bbox 1168 1246 1202 1286; x_wconf 79' lang='lat'>2.</span> <span class='ocrx_word' id='word_1_311' title='bbox 1232 1246 1291 1286; x_wconf 84' lang='lat' dir='ltr'>Et</span> <span class='ocrx_word' id='word_1_312' title='bbox 1310 1246 1537 1296; x_wconf 83' lang='lat' dir='ltr'>assumpto</span> <span class='ocrx_word' id='word_1_313' title='bbox 1556 1242 1704 1286; x_wconf 85' lang='lat' dir='ltr'>Petro,</span> <span class='ocrx_word' id='word_1_314' title='bbox 1723 1239 1747 1265; x_wconf 86' lang='lat'>*</span> <span class='ocrx_word' id='word_1_315' title='bbox 1767 1243 1811 1280; x_wconf 89' lang='lat' dir='ltr'>et</span> <span class='ocrx_word' id='word_1_316' title='bbox 1833 1237 1937 1280; x_wconf 76' lang='lat' dir='ltr'>duo-</span> 
     </span>
     <span class='ocr_line' id='line_1_64' title="bbox 1115 1293 1937 1349; baseline -0.007 -8"><span class='ocrx_word' id='word_1_317' title='bbox 1115 1299 1195 1341; x_wconf 94' lang='lat' dir='ltr'>bus</span> <span class='ocrx_word' id='word_1_318' title='bbox 1229 1299 1329 1340; x_wconf 83' lang='lat' dir='ltr'>filiis</span> <span class='ocrx_word' id='word_1_319' title='bbox 1361 1298 1583 1348; x_wconf 62' lang='lat' dir='ltr'>Zebedaei,</span> <span class='ocrx_word' id='word_1_320' title='bbox 1615 1295 1751 1349; x_wconf 87' lang='lat' dir='ltr'>coepit</span> <span class='ocrx_word' id='word_1_321' title='bbox 1782 1293 1937 1336; x_wconf 85' lang='lat' dir='ltr'>contri-</span> 
     </span>
     <span class='ocr_line' id='line_1_65' title="bbox 1116 1355 1614 1398; baseline -0.006 0"><span class='ocrx_word' id='word_1_322' title='bbox 1116 1355 1221 1398; x_wconf 88' lang='lat' dir='ltr'>stari</span> <span class='ocrx_word' id='word_1_323' title='bbox 1241 1361 1284 1398; x_wconf 94' lang='lat' dir='ltr'>et</span> <span class='ocrx_word' id='word_1_324' title='bbox 1302 1361 1486 1398; x_wconf 92' lang='lat' dir='ltr'>moestus</span> <span class='ocrx_word' id='word_1_325' title='bbox 1506 1367 1614 1397; x_wconf 88' lang='lat' dir='ltr'>esse.</span> 
     </span>
    </p>

    <p class='ocr_par' dir='ltr' id='par_1_17' title="bbox 1114 1407 1939 1576">
     <span class='ocr_line' id='line_1_66' title="bbox 1169 1407 1938 1454; baseline -0.008 1"><span class='ocrx_word' id='word_1_326' title='bbox 1169 1415 1203 1454; x_wconf 82' lang='lat'>3.</span> <span class='ocrx_word' id='word_1_327' title='bbox 1224 1415 1344 1454; x_wconf 83' lang='lat' dir='ltr'>Tunc</span> <span class='ocrx_word' id='word_1_328' title='bbox 1361 1413 1421 1454; x_wconf 91' lang='lat' dir='ltr'>ait</span> <span class='ocrx_word' id='word_1_329' title='bbox 1435 1412 1535 1453; x_wconf 88' lang='lat' dir='ltr'>illis:</span> <span class='ocrx_word' id='word_1_330' title='bbox 1548 1412 1572 1437; x_wconf 88' lang='lat'>*</span> <span class='ocrx_word' id='word_1_331' title='bbox 1587 1409 1745 1451; x_wconf 86' lang='lat' dir='ltr'>Tristis</span> <span class='ocrx_word' id='word_1_332' title='bbox 1764 1413 1831 1451; x_wconf 90' lang='lat' dir='ltr'>est</span> <span class='ocrx_word' id='word_1_333' title='bbox 1851 1407 1938 1450; x_wconf 89' lang='lat' dir='ltr'>ani—</span> 
     </span>
     <span class='ocr_line' id='line_1_67' title="bbox 1115 1463 1939 1521; baseline -0.006 -11"><span class='ocrx_word' id='word_1_334' title='bbox 1115 1481 1184 1510; x_wconf 89' lang='lat' dir='ltr'>ma</span> <span class='ocrx_word' id='word_1_335' title='bbox 1212 1482 1310 1510; x_wconf 87' lang='lat' dir='ltr'>mea</span> <span class='ocrx_word' id='word_1_336' title='bbox 1336 1482 1475 1521; x_wconf 90' lang='lat' dir='ltr'>usque</span> <span class='ocrx_word' id='word_1_337' title='bbox 1503 1467 1560 1509; x_wconf 92' lang='lat' dir='ltr'>ad</span> <span class='ocrx_word' id='word_1_338' title='bbox 1582 1471 1783 1508; x_wconf 86' lang='lat' dir='ltr'>mortem:</span> <span class='ocrx_word' id='word_1_339' title='bbox 1815 1463 1939 1506; x_wconf 90' lang='lat' dir='ltr'>susti-</span> 
     </span>
     <span class='ocr_line' id='line_1_68' title="bbox 1114 1525 1771 1576; baseline -0.006 -10"><span class='ocrx_word' id='word_1_340' title='bbox 1114 1527 1213 1567; x_wconf 83' lang='lat' dir='ltr'>nete</span> <span class='ocrx_word' id='word_1_341' title='bbox 1232 1525 1312 1576; x_wconf 85' lang='lat' dir='ltr'>hic,</span> <span class='ocrx_word' id='word_1_342' title='bbox 1333 1530 1377 1568; x_wconf 91' lang='lat' dir='ltr'>et</span> <span class='ocrx_word' id='word_1_343' title='bbox 1395 1525 1571 1576; x_wconf 88' lang='lat' dir='ltr'>vigilate</span> <span class='ocrx_word' id='word_1_344' title='bbox 1589 1535 1771 1567; x_wconf 85' lang='lat' dir='ltr'>mecum.</span> 
     </span>
    </p>

    <p class='ocr_par' dir='ltr' id='par_1_18' title="bbox 1114 1578 1940 1794">
     <span class='ocr_line' id='line_1_69' title="bbox 1169 1578 1938 1636; baseline -0.009 -11"><span class='ocrx_word' id='word_1_345' title='bbox 1169 1587 1204 1625; x_wconf 72' lang='lat'>4.</span> <span class='ocrx_word' id='word_1_346' title='bbox 1226 1586 1282 1625; x_wconf 83' lang='lat' dir='ltr'>Et</span> <span class='ocrx_word' id='word_1_347' title='bbox 1297 1584 1556 1636; x_wconf 79' lang='lat' dir='ltr'>progressus</span> <span class='ocrx_word' id='word_1_348' title='bbox 1574 1579 1790 1634; x_wconf 85' lang='lat' dir='ltr'>pusillum,</span> <span class='ocrx_word' id='word_1_349' title='bbox 1803 1578 1828 1604; x_wconf 87' lang='lat'>*</span> <span class='ocrx_word' id='word_1_350' title='bbox 1840 1579 1938 1631; x_wconf 79' lang='lat' dir='ltr'>pro-</span> 
     </span>
     <span class='ocr_line' id='line_1_70' title="bbox 1115 1633 1940 1687; baseline -0.006 -7"><span class='ocrx_word' id='word_1_351' title='bbox 1115 1638 1221 1680; x_wconf 91' lang='lat' dir='ltr'>cidit</span> <span class='ocrx_word' id='word_1_352' title='bbox 1239 1639 1282 1679; x_wconf 93' lang='lat' dir='ltr'>in</span> <span class='ocrx_word' id='word_1_353' title='bbox 1303 1639 1458 1680; x_wconf 88' lang='lat' dir='ltr'>faciem</span> <span class='ocrx_word' id='word_1_354' title='bbox 1478 1651 1615 1687; x_wconf 87' lang='lat' dir='ltr'>suam,</span> <span class='ocrx_word' id='word_1_355' title='bbox 1643 1648 1788 1685; x_wconf 88' lang='lat' dir='ltr'>orans,</span> <span class='ocrx_word' id='word_1_356' title='bbox 1813 1639 1857 1677; x_wconf 91' lang='lat' dir='ltr'>et</span> <span class='ocrx_word' id='word_1_357' title='bbox 1879 1633 1940 1676; x_wconf 92' lang='lat' dir='ltr'>di-</span> 
     </span>
     <span class='ocr_line' id='line_1_71' title="bbox 1115 1691 1939 1746; baseline -0.005 -10"><span class='ocrx_word' id='word_1_358' title='bbox 1115 1708 1232 1736; x_wconf 87' lang='lat' dir='ltr'>cens:</span> <span class='ocrx_word' id='word_1_359' title='bbox 1272 1696 1402 1738; x_wconf 88' lang='lat' dir='ltr'>Pater</span> <span class='ocrx_word' id='word_1_360' title='bbox 1433 1695 1509 1745; x_wconf 88' lang='lat' dir='ltr'>mi,</span> <span class='ocrx_word' id='word_1_361' title='bbox 1547 1694 1583 1735; x_wconf 88' lang='lat' dir='ltr'>si</span> <span class='ocrx_word' id='word_1_362' title='bbox 1612 1691 1825 1746; x_wconf 87' lang='lat' dir='ltr'>possibile</span> <span class='ocrx_word' id='word_1_363' title='bbox 1857 1694 1939 1740; x_wconf 88' lang='lat' dir='ltr'>est,</span> 
     </span>
     <span class='ocr_line' id='line_1_72' title="bbox 1114 1750 1686 1794; baseline -0.007 -1"><span class='ocrx_word' id='word_1_364' title='bbox 1114 1754 1309 1794; x_wconf 88' lang='lat' dir='ltr'>transeat</span> <span class='ocrx_word' id='word_1_365' title='bbox 1328 1765 1353 1793; x_wconf 88' lang='lat' dir='ltr'>a</span> <span class='ocrx_word' id='word_1_366' title='bbox 1371 1764 1441 1793; x_wconf 94' lang='lat' dir='ltr'>me</span> <span class='ocrx_word' id='word_1_367' title='bbox 1460 1751 1573 1793; x_wconf 83' lang='lat' dir='ltr'>calix</span> <span class='ocrx_word' id='word_1_368' title='bbox 1592 1750 1686 1792; x_wconf 89' lang='lat' dir='ltr'>iste.</span> 
     </span>
    </p>

    <p class='ocr_par' dir='ltr' id='par_1_19' title="bbox 1114 1803 1940 1963">
     <span class='ocr_line' id='line_1_73' title="bbox 1170 1803 1940 1858; baseline -0.003 -11"><span class='ocrx_word' id='word_1_369' title='bbox 1170 1821 1205 1847; x_wconf 90' lang='grc'>1.</span> <span class='ocrx_word' id='word_1_370' title='bbox 1236 1807 1363 1850; x_wconf 88' lang='lat' dir='ltr'>Pater</span> <span class='ocrx_word' id='word_1_371' title='bbox 1386 1809 1463 1858; x_wconf 90' lang='lat' dir='ltr'>mi,</span> <span class='ocrx_word' id='word_1_372' title='bbox 1482 1808 1506 1834; x_wconf 89' lang='lat'>*</span> <span class='ocrx_word' id='word_1_373' title='bbox 1525 1807 1562 1848; x_wconf 90' lang='lat' dir='ltr'>si</span> <span class='ocrx_word' id='word_1_374' title='bbox 1584 1819 1674 1848; x_wconf 93' lang='lat' dir='ltr'>non</span> <span class='ocrx_word' id='word_1_375' title='bbox 1697 1808 1847 1858; x_wconf 90' lang='lat' dir='ltr'>potest</span> <span class='ocrx_word' id='word_1_376' title='bbox 1868 1803 1940 1845; x_wconf 92' lang='lat' dir='ltr'>hic</span> 
     </span>
     <span class='ocr_line' id='line_1_74' title="bbox 1115 1860 1939 1915; baseline -0.006 -9"><span class='ocrx_word' id='word_1_377' title='bbox 1115 1864 1228 1906; x_wconf 84' lang='lat' dir='ltr'>calix</span> <span class='ocrx_word' id='word_1_378' title='bbox 1262 1867 1464 1915; x_wconf 87' lang='lat' dir='ltr'>transire,</span> <span class='ocrx_word' id='word_1_379' title='bbox 1508 1864 1590 1905; x_wconf 89' lang='lat' dir='ltr'>nisi</span> <span class='ocrx_word' id='word_1_380' title='bbox 1625 1861 1774 1905; x_wconf 87' lang='lat' dir='ltr'>bibam</span> <span class='ocrx_word' id='word_1_381' title='bbox 1807 1860 1939 1910; x_wconf 91' lang='lat' dir='ltr'>illum,</span> 
     </span>
     <span class='ocr_line' id='line_1_75' title="bbox 1114 1921 1516 1963; baseline -0.002 0"><span class='ocrx_word' id='word_1_382' title='bbox 1114 1921 1191 1963; x_wconf 91' lang='lat' dir='ltr'>fiat</span> <span class='ocrx_word' id='word_1_383' title='bbox 1210 1921 1412 1963; x_wconf 80' lang='lat' dir='ltr'>voluntas</span> <span class='ocrx_word' id='word_1_384' title='bbox 1430 1925 1516 1963; x_wconf 91' lang='lat' dir='ltr'>tua.</span> 
     </span>
    </p>
   </div>
   <div class='ocr_carea' id='block_1_7' title="bbox 1113 1992 1940 2376">
    <p class='ocr_par' dir='ltr' id='par_1_20' title="bbox 1113 1992 1939 2155">
     <span class='ocr_line' id='line_1_76' title="bbox 1223 1992 1838 2046; baseline -0.002 -12"><span class='ocrx_word' id='word_1_385' title='bbox 1223 1993 1479 2046; x_wconf 82' lang='lat' dir='ltr'>Capitulum.</span> <span class='ocrx_word' id='word_1_386' title='bbox 1608 1992 1757 2035; x_wconf 85' lang='lat' dir='ltr'>Matth.</span> <span class='ocrx_word' id='word_1_387' title='bbox 1772 1994 1838 2034; x_wconf 82' lang='lat'>26.</span> 
     </span>
     <span class='ocr_line' id='line_1_77' title="bbox 1113 2048 1939 2155; baseline -0.006 -61"><span class='ocrx_word' id='word_1_388' title='bbox 1113 2048 1295 2155; x_wconf 89' lang='lat' dir='ltr'>Venit</span> <span class='ocrx_word' id='word_1_389' title='bbox 1321 2052 1344 2093; x_wconf 90' lang='lat' dir='ltr'><strong>J</strong></span> <span class='ocrx_word' id='word_1_390' title='bbox 1347 2064 1447 2094; x_wconf 89' lang='lat' dir='ltr'>esus</span> <span class='ocrx_word' id='word_1_391' title='bbox 1474 2050 1531 2093; x_wconf 89' lang='lat' dir='ltr'>ad</span> <span class='ocrx_word' id='word_1_392' title='bbox 1558 2049 1798 2102; x_wconf 85' lang='lat' dir='ltr'>discipulos</span> <span class='ocrx_word' id='word_1_393' title='bbox 1826 2061 1939 2100; x_wconf 85' lang='lat' dir='ltr'>suos,</span> 
     </span>
    </p>

    <p class='ocr_par' dir='ltr' id='par_1_21' title="bbox 1114 2106 1940 2376">
     <span class='ocr_line' id='line_1_78' title="bbox 1223 2106 1940 2155; baseline -0.006 -5"><span class='ocrx_word' id='word_1_394' title='bbox 1223 2114 1267 2150; x_wconf 89' lang='lat' dir='ltr'>et</span> <span class='ocrx_word' id='word_1_395' title='bbox 1292 2108 1454 2149; x_wconf 84' lang='lat' dir='ltr'>invenit</span> <span class='ocrx_word' id='word_1_396' title='bbox 1477 2121 1552 2150; x_wconf 91' lang='lat' dir='ltr'>eos</span> <span class='ocrx_word' id='word_1_397' title='bbox 1581 2106 1864 2155; x_wconf 74' lang='lat' dir='ltr'>dormienteS‚</span> <span class='ocrx_word' id='word_1_398' title='bbox 1896 2109 1940 2147; x_wconf 90' lang='lat' dir='ltr'>et</span> 
     </span>
     <span class='ocr_line' id='line_1_79' title="bbox 1115 2162 1940 2216; baseline -0.006 -9"><span class='ocrx_word' id='word_1_399' title='bbox 1115 2165 1220 2207; x_wconf 94' lang='lat' dir='ltr'>dicit</span> <span class='ocrx_word' id='word_1_400' title='bbox 1242 2165 1389 2207; x_wconf 90' lang='lat' dir='ltr'>Petro:</span> <span class='ocrx_word' id='word_1_401' title='bbox 1420 2165 1491 2206; x_wconf 91' lang='lat' dir='ltr'>Sic</span> <span class='ocrx_word' id='word_1_402' title='bbox 1515 2177 1603 2206; x_wconf 90' lang='lat' dir='ltr'>non</span> <span class='ocrx_word' id='word_1_403' title='bbox 1626 2162 1830 2216; x_wconf 83' lang='lat' dir='ltr'>potuistis</span> <span class='ocrx_word' id='word_1_404' title='bbox 1853 2174 1940 2203; x_wconf 87' lang='lat' dir='ltr'>una</span> 
     </span>
     <span class='ocr_line' id='line_1_80' title="bbox 1114 2218 1939 2274; baseline -0.005 -11"><span class='ocrx_word' id='word_1_405' title='bbox 1114 2221 1224 2263; x_wconf 91' lang='lat' dir='ltr'>hora</span> <span class='ocrx_word' id='word_1_406' title='bbox 1243 2222 1423 2274; x_wconf 87' lang='lat' dir='ltr'>vigilare</span> <span class='ocrx_word' id='word_1_407' title='bbox 1442 2219 1634 2263; x_wconf 88' lang='lat' dir='ltr'>mecum?</span> <span class='ocrx_word' id='word_1_408' title='bbox 1660 2218 1869 2270; x_wconf 82' lang='lat' dir='ltr'>Vigilate,</span> <span class='ocrx_word' id='word_1_409' title='bbox 1895 2223 1939 2260; x_wconf 89' lang='lat' dir='ltr'>et</span> 
     </span>
     <span class='ocr_line' id='line_1_81' title="bbox 1115 2274 1938 2328; baseline -0.005 -8"><span class='ocrx_word' id='word_1_410' title='bbox 1115 2281 1254 2328; x_wconf 87' lang='lat' dir='ltr'>orate,</span> <span class='ocrx_word' id='word_1_411' title='bbox 1285 2284 1333 2320; x_wconf 94' lang='lat' dir='ltr'>ut</span> <span class='ocrx_word' id='word_1_412' title='bbox 1360 2291 1447 2320; x_wconf 93' lang='lat' dir='ltr'>non</span> <span class='ocrx_word' id='word_1_413' title='bbox 1474 2277 1643 2320; x_wconf 81' lang='lat' dir='ltr'>intretis</span> <span class='ocrx_word' id='word_1_414' title='bbox 1669 2275 1713 2316; x_wconf 89' lang='lat' dir='ltr'>in</span> <span class='ocrx_word' id='word_1_415' title='bbox 1738 2274 1938 2317; x_wconf 79' lang='lat' dir='ltr'>tentatio-</span> 
     </span>
     <span class='ocr_line' id='line_1_82' title="bbox 1114 2348 1224 2376; baseline 0.009 -1"><span class='ocrx_word' id='word_1_416' title='bbox 1114 2348 1224 2376; x_wconf 90' lang='lat' dir='ltr'>nem.</span> 
     </span>
    </p>
   </div>
   <div class='ocr_carea' id='block_1_8' title="bbox 1428 2401 1632 2451">
    <p class='ocr_par' dir='ltr' id='par_1_22' title="bbox 1428 2401 1632 2451">
     <span class='ocr_line' id='line_1_83' title="bbox 1428 2401 1632 2451; baseline 0 -11"><span class='ocrx_word' id='word_1_417' title='bbox 1428 2401 1632 2451; x_wconf 85' lang='lat' dir='ltr'>Hymnus.</span> 
     </span>
    </p>
   </div>
   <div class='ocr_carea' id='block_1_9' title="bbox 1166 2462 1937 2738">
    <p class='ocr_par' dir='ltr' id='par_1_23' title="bbox 1166 2462 1937 2738">
     <span class='ocr_line' id='line_1_84' title="bbox 1204 2462 1824 2511; baseline -0.006 -4"><span class='ocrx_word' id='word_1_418' title='bbox 1204 2465 1293 2507; x_wconf 91' lang='lat' dir='ltr'>enit</span> <span class='ocrx_word' id='word_1_419' title='bbox 1312 2477 1336 2506; x_wconf 90' lang='lat' dir='ltr'>e</span> <span class='ocrx_word' id='word_1_420' title='bbox 1354 2464 1467 2506; x_wconf 89' lang='lat' dir='ltr'>coelo</span> <span class='ocrx_word' id='word_1_421' title='bbox 1486 2463 1704 2505; x_wconf 79' lang='lat' dir='ltr'>mediator</span> <span class='ocrx_word' id='word_1_422' title='bbox 1723 2462 1824 2511; x_wconf 83' lang='lat' dir='ltr'>alto,</span> 
     </span>
     <span class='ocr_line' id='line_1_85' title="bbox 1226 2519 1937 2572; baseline -0.006 -9"><span class='ocrx_word' id='word_1_423' title='bbox 1226 2523 1365 2572; x_wconf 91' lang='lat' dir='ltr'>Quem</span> <span class='ocrx_word' id='word_1_424' title='bbox 1397 2520 1508 2562; x_wconf 87' lang='lat' dir='ltr'>sacri</span> <span class='ocrx_word' id='word_1_425' title='bbox 1541 2519 1707 2562; x_wconf 92' lang='lat' dir='ltr'>dudum</span> <span class='ocrx_word' id='word_1_426' title='bbox 1740 2519 1937 2561; x_wconf 80' lang='lat' dir='ltr'>cecinere</span> 
     </span>
     <span class='ocr_line' id='line_1_86' title="bbox 1421 2581 1558 2618; baseline -0.015 0"><span class='ocrx_word' id='word_1_427' title='bbox 1421 2581 1558 2618; x_wconf 89' lang='lat' dir='ltr'>vates:</span> 
     </span>
     <span class='ocr_line' id='line_1_87' title="bbox 1166 2633 1937 2684; baseline -0.003 -10"><span class='ocrx_word' id='word_1_428' title='bbox 1166 2634 1302 2676; x_wconf 91' lang='lat' dir='ltr'>Parce</span> <span class='ocrx_word' id='word_1_429' title='bbox 1321 2633 1510 2682; x_wconf 81' lang='lat' dir='ltr'>moerori‚</span> <span class='ocrx_word' id='word_1_430' title='bbox 1529 2633 1806 2684; x_wconf 86' lang='lat' dir='ltr'>lacrimisque</span> <span class='ocrx_word' id='word_1_431' title='bbox 1824 2633 1937 2672; x_wconf 87' lang='lat' dir='ltr'>ama·</span> 
     </span>
     <span class='ocr_line' id='line_1_88' title="bbox 1421 2702 1491 2738; baseline 0 -8"><span class='ocrx_word' id='word_1_432' title='bbox 1421 2702 1491 2738; x_wconf 84' lang='grc'><strong>115,</strong></span> 
     </span>
    </p>
   </div>
   <div class='ocr_carea' id='block_1_10' title="bbox 1370 2745 1611 2787">
    <p class='ocr_par' dir='ltr' id='par_1_24' title="bbox 1370 2745 1611 2787">
     <span class='ocr_line' id='line_1_89' title="bbox 1370 2745 1611 2787; baseline -0.004 -1"><span class='ocrx_word' id='word_1_433' title='bbox 1370 2745 1478 2787; x_wconf 84' lang='lat' dir='ltr'>Filia</span> <span class='ocrx_word' id='word_1_434' title='bbox 1496 2745 1611 2787; x_wconf 88' lang='lat' dir='ltr'>Sion.</span> 
     </span>
    </p>
   </div>
  </div>
 </body>
</html>
