2040 2990
164 186 228 221 192

214 283 324 323 Haec
362 280 536 332 requies
572 294 669 322 mea
706 282 750 321 in
783 280 992 321 saeculum

162 338 328 379 saeculi:
364 338 388 363 *
422 336 494 378 hic
530 337 741 379 habitabo
785 336 992 388 quoniam

162 394 272 445 elegi
293 406 401 435 eam.

213 449 405 491 Viduam
425 450 516 500 ejus
531 449 798 491 benedicens
816 448 991 490 benedi-

161 518 272 547 cam:
292 506 315 531 *
335 509 554 558 pauperes
575 507 666 558 ejus
687 504 896 547 saturabo
917 506 991 557 pa-

159 561 300 603 nibus.

211 617 476 659 Sacerdotes
496 618 586 669 ejus
606 617 783 658 induam
801 616 991 666 salutari,

159 674 183 699 *
203 679 247 715 et
267 674 406 715 sancti
427 675 518 725 ejus
538 673 831 715 exsultatione
851 672 991 714 exsul-

158 729 326 771 tabunt.

210 786 321 827 Illuc
345 786 592 838 producam
619 798 757 827 cornu
780 784 943 834 David,
968 786 992 811 *

159 843 313 893 paravi
332 842 556 883 lucernam
576 842 752 883 Christo
772 854 884 882 meo.

210 898 418 939 Inimicos
449 899 539 950 ejus
567 898 745 939 induam
774 896 990 938 confusio-

158 967 228 995 ne:
245 955 268 981 *
288 967 419 1006 super
439 955 585 1006 ipsum
604 958 752 995 autem
773 952 991 995 efflorebit

159 1010 447 1051 sanctificatio
467 1023 575 1051 mea.

218 1076 250 1112 A
260 1080 314 1114 nt.
332 1074 396 1112 De
411 1071 556 1112 fructu
571 1072 734 1112 ventris
749 1071 811 1111 tui
826 1083 990 1122 ponam

159 1138 292 1178 super
312 1126 464 1168 sedem
483 1132 615 1168 tuam.

270 1203 529 1254 (Iapituluni.
716 1202 844 1242 liebr.
864 1204 890 1241 l.

164 1274 171 1332 Ι
238 1291 245 1314 ,1
260 1273 267 1353 '2
278 1265 527 1315 ultifariam,
569 1264 807 1317 multisque
845 1264 990 1305 modis

169 1323 194 1353 *s*
215 1316 240 1354 „³-
266 1345 267 1348 =
303 1322 407 1363 olim
432 1322 554 1363 Deus
582 1321 768 1373 loquens
792 1321 992 1373 patribus

159 1380 203 1419 in
214 1377 459 1432 prophetis:
473 1378 711 1419 novissime
727 1377 882 1418 diebus
896 1377 992 1417 istis

158 1435 333 1476 locutus
366 1439 433 1475 est
465 1434 593 1475 nobis
624 1434 669 1474 in
701 1434 828 1483 Filio,
862 1445 993 1485 quem

161 1491 387 1531 constituit
421 1489 644 1531 haeredem
676 1490 991 1540 universorum,

160 1559 240 1599 per
260 1559 391 1598 quem
410 1546 513 1587 fecit
532 1550 576 1587 et
596 1546 767 1587 saecula.

478 1624 685 1674 Hymnus.

259 1697 336 1725 esu
356 1684 631 1736 Redemptor
653 1684 857 1734 omnium,

283 1741 424 1791 Quem
443 1740 554 1781 lucis
573 1745 675 1782 ante
695 1741 910 1792 originem

240 1797 398 1837 Parem
415 1798 614 1848 paternae
633 1796 787 1847 gloriae

239 1854 372 1894 Pater
392 1854 624 1904 supremus
644 1852 794 1894 edidit.

192 1918 260 1958 Tu
278 1917 436 1966 lumen,
457 1922 501 1958 et
520 1917 731 1970 splendor
747 1918 903 1967 Patris,

241 1973 310 2014 Tu
329 1986 431 2025 spes
451 1974 656 2026 perennis
678 1974 884 2025 omnium,

240 2028 427 2070 Intende
448 2042 557 2081 quas
577 2029 763 2072 fundunt
781 2044 938 2083 preces

241 2085 327 2126 Tui
346 2098 426 2138 per
446 2085 601 2127 orbem
620 2087 793 2128 servuli.

196 2151 424 2198 Memento,
448 2162 593 2191 rerum
614 2150 839 2202 Conditor,

241 2206 396 2247 Nostri
417 2205 535 2257 quod
556 2205 661 2246 olim
682 2208 894 2259 eorporis,

243 2262 424 2304 Sacrata
445 2261 501 2303 ab
523 2262 624 2302 alvo
644 2262 840 2313 Virginis

243 2317 491 2367 Nascendo‚
511 2317 697 2358 formam
717 2320 970 2371 sompseris.

197 2383 402 2423 Testatur
421 2381 507 2423 hoc
526 2394 724 2434 praesens
745 2382 850 2433 dies,

247 2438 436 2479 Currens
456 2450 536 2490 per
555 2438 656 2478 anni
675 2438 896 2490 circulum,

245 2494 374 2544 Quod
395 2494 514 2535 solus
535 2506 557 2535 e
578 2494 675 2534 sinu
694 2495 836 2535 Patris

248 2550 401 2591 Mundi
421 2550 538 2590 salus
558 2550 800 2591 adveneris.

971 2664 1085 2700 ’ἑξ-ἕξεθ’

789 185 828 217 In
857 184 1066 217 Nativitatt·
1094 184 1256 216 Domini.

1075 281 1204 319 Hunc
1223 282 1353 327 astra,
1373 278 1514 327 tellus,
1533 280 1724 330 ὥρασι-3,
1789 292 1791 294 ’

1124 334 1256 375 Hunc
1280 346 1409 375 omne
1433 333 1556 385 quod
1579 334 1693 375 coelo
1713 334 1878 383 subest,

1125 390 1288 432 Salutis
1308 391 1550 431 Auctorem
1568 402 1697 431 novae

1126 447 1256 488 Novo
1276 446 1437 488 salutat
1457 446 1640 487 cantico.

1075 514 1131 553 Et
1151 524 1242 562 nos,
1262 511 1394 553 beata
1414 523 1526 563 quos
1545 510 1659 551 sacri

1125 568 1302 619 Rigavit
1321 567 1439 609 unda
1459 566 1698 617 sanguinis3

1123 624 1295 665 Natalis
1315 624 1372 666 ob
1393 624 1511 665 diem
1529 623 1593 664 tui

1125 681 1289 732 Hymni
1307 680 1521 722 tributum
1540 679 1763 721 solvimus.

1075 746 1188 794 Jesu‚
1208 744 1290 787 tibi
1310 745 1366 786 sit
1383 744 1534 795 gloria,

1126 802 1212 853 Qui
1230 806 1359 843 natus
1379 814 1426 842 es
1446 800 1501 842 de
1520 800 1716 851 Virgine,

1125 858 1235 900 Cum
1253 858 1397 906 Patre,
1418 861 1462 898 et
1482 856 1597 897 almo
1617 855 1784 909 Spiritu

1123 916 1175 956 In
1194 914 1462 967 sempiterna
1479 912 1652 954 saecula.
1679 912 1833 953 Amen.

1105 971 1151 1021 δ”.
1180 975 1349 1016 Notum
1378 974 1483 1015 fecit
1510 972 1746 1022 Dominus,
1779 972 1878 1014 alle-

1045 1033 1142 1084 luja.
1174 1030 1222 1078 Ru
1240 1030 1440 1072 Salutate
1460 1042 1598 1079 suum,
1617 1028 1800 1080 alleluja.

1103 1090 1171 1130 Ad
1190 1090 1361 1140 Magnis.
1392 1091 1491 1131 Ant.
1520 1089 1664 1131 Hodie
1680 1089 1878 1131 Christus

1046 1154 1173 1191 natus
1194 1153 1275 1190 est:
1293 1147 1427 1189 hodie
1443 1146 1644 1202 Salvator
1659 1146 1879 1199 apparuit:

1044 1205 1177 1247 hodie
1203 1206 1247 1245 in
1271 1209 1390 1246 terra
1416 1206 1578 1245 canunt
1602 1201 1778 1253 Angeli,
1805 1201 1878 1243 lae-

1044 1264 1193 1304 tantur
1207 1259 1490 1311 Archangeli:
1509 1258 1642 1300 hodie
1659 1258 1880 1300 exsultant

1045 1318 1163 1370 justi,
1192 1317 1407 1359 dicentes:
1440 1315 1593 1357 Gloria
1620 1315 1663 1356 in
1692 1314 1878 1356 excelsis

1045 1375 1155 1423 Deo,
1177 1373 1359 1425 alleluja.

1388 1431 1550 1471 Oratio.

1124 1484 1308 1534 oncede,
1329 1486 1581 1537 quaesumus
1599 1484 1880 1536 omnipotens

1093 1554 1096 1558 ’
1130 1544 1267 1584 Deus:
1287 1546 1335 1583 ut
1352 1553 1436 1582 nos
1449 1540 1673 1592 Unigeniti
1686 1539 1752 1581 tui
1765 1551 1881 1581 nova

1045 1612 1126 1652 per
1145 1611 1323 1640 carnem
1337 1597 1556 1638 Nativitas
1575 1595 1747 1646 liberet;
1767 1607 1880 1647 quos

1047 1654 1130 1697 sub
1158 1654 1330 1707 peccati
1359 1654 1459 1705 jugo
1487 1655 1662 1694 vetusta
1690 1651 1880 1693 servitus

1046 1714 1177 1752 tenet.
1204 1711 1289 1751 Per
1310 1708 1515 1751 eumdem
1532 1708 1783 1750 Dominum.

1103 1772 1250 1806 Deinde
1276 1782 1347 1815 pro
1369 1771 1406 1806 S.
1432 1772 1641 1815 Stephano.

1102 1826 1200 1864 Ant.
1247 1821 1494 1875 Stephanus
1535 1826 1682 1863 autem
1723 1820 1880 1874 plenus

1047 1879 1188 1929 gratia
1207 1882 1251 1919 et
1267 1877 1534 1928 fortitudine,
1553 1876 1743 1919 faciebat
1757 1876 1881 1927 signa

1048 1947 1206 1985 magna
1225 1934 1270 1975 in
1289 1934 1469 1987 populo.

1102 1992 1151 2041 V.
1188 1990 1342 2031 Gloria
1373 1995 1417 2032 et
1451 1990 1620 2031 honore
1655 1989 1881 2031 coronasti

1049 2060 1149 2089 eum
1178 2047 1378 2088 Domine.
1436 2050 1487 2101 R.
1521 2047 1578 2087 Et
1614 2046 1881 2087 constituisti

1049 2116 1149 2145 eum
1168 2115 1301 2155 super
1320 2105 1458 2156 opera
1475 2104 1682 2143 manuum
1697 2104 1881 2143 tuarum.

1386 2165 1551 2206 Oratio.

1049 2210 1164 2317 Da
1205 2214 1348 2266 nobis,
1391 2217 1644 2267 quaesumus
1680 2215 1881 2267 Domine,

1154 2271 1315 2312 imitari
1331 2270 1451 2323 quod
1469 2270 1663 2321 colimus,
1678 2275 1726 2312 ut
1741 2270 1880 2313 disca-

1048 2340 1146 2368 mus
1167 2331 1211 2368 et
1229 2327 1430 2368 inimicos
1451 2326 1648 2377 diligere:
1669 2327 1770 2379 quia
1789 2328 1881 2378 ejus

1048 2382 1245 2424 natalitia
1290 2382 1580 2432 celebramus,
1634 2383 1708 2434 qui
1759 2384 1882 2425 novit

1050 2440 1181 2480 etiam
1207 2451 1288 2492 pro
1313 2438 1671 2491 persecutoribus
1697 2442 1880 2482 exorare

1049 2495 1288 2536 Dominum
1294 2500 1495 2536 nostrum
1501 2495 1526 2535 J
1529 2507 1651 2536 esum
1660 2494 1881 2537 Christum

1051 2551 1208 2591 Filium
1227 2555 1365 2592 tuum:
1393 2551 1477 2601 Qui
1495 2556 1641 2592 tecum
1661 2552 1778 2593 vivit.
