2080 2990
600 218 673 253 Die
700 218 756 253 10.
781 218 890 252 Febr.
937 217 972 252 S.
998 217 1251 251 Scholastieze
1276 217 1378 258 Yirg.

145 314 201 356 de
228 326 360 356 causa
388 312 575 366 Cyrsslus
604 312 842 361 calumniis,
869 312 974 364 inju-

144 371 219 412 riis
243 375 287 412 et
313 369 696 423 persecutionibus
722 369 922 422 plurimis
950 381 974 410 a

143 426 352 469 Nestorio
373 427 553 478 ejusque
577 425 822 467 fautoribus
841 425 974 477 impe-

144 485 249 525 titus
276 483 373 533 fuit3
397 495 507 535 quas
534 483 630 535 ipse
657 481 975 535 patientissime

143 539 252 590 tulit,
275 540 336 582 ita
362 545 411 581 ut
438 539 494 581 de
519 539 615 580 sola
637 538 726 580 fide
750 538 975 587 sollicitus,

145 595 361 649 quidquid
380 596 591 638 adversus
607 609 707 638 eum
721 594 976 637 effutiebant

145 666 197 695 ac
210 653 506 695 moliebantur
521 652 728 702 haeretici,
742 664 825 704 pro
840 651 975 693 nihilo

146 709 338 752 haberet.
367 709 567 751 Tandem
585 721 667 762 pro
683 707 882 750 Ecclesia
892 708 976 749 Dei

146 765 344 807 maximis
359 765 618 818 perfunctus
630 764 868 813 laboribus,
882 764 975 817 plu-

145 823 354 874 rimisque
394 821 570 874 scriptis
611 820 739 863 editis
780 825 874 862 tum
918 820 975 862 ad

146 878 345 921 ethnicos
360 882 405 920 et
418 877 654 919 haereticos
669 876 976 927 confutandos,

145 940 239 985 tum
258 933 315 976 ad
334 946 482 976 sacras
502 934 743 987 scripturas
767 939 811 976 et
830 933 976 975 catho-

145 991 229 1033 lica
257 989 535 1044 explananda
563 990 788 1041 dogmata,
822 995 976 1032 sancto

147 1048 234 1089 fine
268 1047 435 1099 quievit
462 1059 577 1088 anno
607 1046 977 1098 quadringentesi-

146 1116 220 1145 mo
245 1102 584 1156 quadragesimo
614 1108 782 1155 quarto,
811 1103 977 1155 episco-

146 1162 277 1212 patus
296 1159 522 1210 trigesimo
548 1158 756 1201 secundo.
788 1159 880 1201 Leo
907 1158 977 1201 de-

149 1216 287 1258 cimus
325 1216 479 1258 tertius
516 1215 721 1257 Pontifex
761 1215 979 1257 Maximus

149 1272 352 1314 Officium
380 1277 425 1314 et
447 1272 629 1313 Missam
655 1272 979 1325 praeclarissimi

147 1328 272 1381 hujus
298 1329 402 1370 fidei
427 1328 657 1371 catholicae
682 1331 978 1381 propugnato-

147 1386 207 1427 ris
234 1390 278 1428 et
306 1385 542 1427 Orientalis
570 1385 768 1427 eeclesiae
794 1385 979 1436 luminis,

148 1442 205 1484 ad
223 1442 469 1484 Ecclesiam
487 1441 737 1483 universam
755 1442 962 1484 extendit.

200 1502 250 1553 R.
276 1499 368 1540 Iste
388 1502 465 1541 est.
494 1498 578 1551 [54]

202 1558 245 1591 In
275 1558 339 1591 ΠΙ.
368 1557 568 1591 Nocturno
597 1557 801 1592 Lectiones
828 1558 874 1592 de
899 1558 976 1593 Ho-

148 1606 254 1640 milia
277 1606 317 1640 in
340 1606 486 1648 Evang.
534 1605 610 1639 Vos
641 1603 735 1639 estis
765 1603 824 1638 sal
854 1607 977 1639 terrae.

150 1654 197 1688 de
223 1654 427 1688 Communi
449 1654 661 1688 Doctorum
685 1654 711 1688 1.
733 1655 830 1689 loco.
865 1651 935 1695 [64]

371 1717 446 1752 Pro
471 1717 506 1753 S.
532 1718 754 1762 Apollonia.

450 1779 604 1820 Lectio
624 1780 678 1820 ix.

260 1836 453 1889 pollonia
499 1836 624 1887 virgo
669 1836 979 1888 Alexandrina,

283 1892 364 1934 sub
392 1892 532 1934 Decio
566 1893 847 1945 imperatore,
880 1906 980 1935 cum

147 1950 479 2001 ingravescente
506 1950 591 2000 jam
617 1951 749 1991 aetate
777 1949 834 1991 ad
861 1949 980 1991 idola

148 2006 386 2056 sisteretur,
405 2010 454 2048 ut
477 2006 539 2048 eis
558 2006 885 2047 venerationem
904 2005 977 2048 ad-

147 2062 334 2104 hiberet:
379 2062 464 2104 illis
505 2062 788 2115 contemptiS‚
829 2063 855 2103 J
857 2075 979 2104 esum

149 2119 370 2162 Christum
397 2132 550 2161 verum
576 2118 719 2160 Deum
747 2119 980 2161 colendum

149 2189 245 2219 esse
273 2175 558 2229 praedicabat.
609 2175 906 2225 Quamobrem
935 2189 978 2218 o-

148 2246 271 2275 mnes
290 2233 330 2275 ei
349 2232 522 2275 contusi
537 2237 647 2282 sunt,
663 2236 707 2273 et
723 2231 863 2273 evulsi
878 2232 979 2274 den-

146 2295 229 2339 tes;
267 2303 335 2340 ac,
376 2290 459 2331 nisi
496 2288 719 2330 Christum
761 2288 979 2331 detestata

150 2344 258 2388 deos
287 2345 467 2396 coleret,
499 2347 686 2387 accenso
720 2357 830 2396 rogo
864 2358 978 2387 com-

149 2401 355 2444 busturos
382 2402 527 2445 vivam
551 2402 705 2443 minati
732 2407 833 2443 sunt
858 2402 979 2455 impii

150 2458 387 2501 carnifices.
420 2458 588 2510 Quibus
606 2458 691 2508 illa,
712 2471 759 2500 se
780 2459 979 2510 quamvis

149 2519 341 2556 mortem·
353 2527 436 2568 pro
460 2515 485 2556 J
488 2527 567 2556 esu
587 2514 749 2557 Christi
767 2514 855 2556 fide
880 2514 978 2556 sub-

149 2571 318 2622 ituram,
336 2571 577 2625 respondit.
605 2572 762 2623 Itaque
783 2583 978 2623 compre-

148 2627 284 2669 hensa
308 2632 357 2669 ut
382 2628 725 2677 combureretur,
752 2641 851 2669 cum
874 2640 978 2680 pau-

149 2684 294 2737 lisper,
314 2684 439 2736 quani
458 2684 706 2727 deliberans
727 2685 832 2737 quid
852 2686 978 2735 agen·

150 2741 255 2783 dum
270 2745 397 2792 esset,
411 2743 618 2792 stetisset,
634 2754 689 2784 ex
702 2741 877 2783 illorum
890 2743 977 2782 ma-

1788 207 1858 242 485

1027 309 1156 351 nibus
1182 308 1343 361 elapsa,
1364 308 1520 350 alacris
1540 307 1583 348 in
1609 307 1754 358 ignem
1773 305 1854 347 sibi

1026 367 1246 419 paratum,
1289 364 1443 416 majori
1488 363 1674 416 Spiritus
1719 362 1856 404 sancti

1027 423 1203 464 flamma
1235 421 1352 462 intus
1387 422 1587 470 accensa,
1622 432 1669 461 se
1701 419 1857 471 injecit.

1026 478 1154 521 Unde
1190 477 1316 519 brevi
1352 480 1615 529 consumpto
1658 478 1856 528 corpore,

1027 534 1285 588 purissimus
1319 533 1498 586 spiritus
1530 533 1573 573 in
1606 533 1768 574 coelum
1800 532 1856 573 ad

1028 591 1340 644 sempiternam
1398 590 1594 642 martyrii
1647 590 1856 630 coronam

1029 647 1232 690 evolavit.
1294 651 1352 689 Te
1372 647 1525 688 Deum.
1554 647 1612 686 14.

1080 714 1123 747 In
1148 712 1309 746 Laudib.
1340 713 1379 745 fit
1404 722 1537 746 comm.
1564 713 1598 745 S.
1624 711 1855 753 Apolloniae.

1082 767 1179 806 Ant.
1199 762 1347 805 Simile
1367 764 1434 802 est
1449 771 1631 810 regnum
1646 758 1858 800 coelorum

1028 819 1193 860 homini
1210 815 1473 868 negotiatori
1490 815 1701 867 quaerenti
1720 814 1858 856 bonas

1028 877 1301 926 margaritas:
1333 874 1507 914 inventa
1540 884 1626 912 una
1653 871 1858 924 pretiosa,

1030 931 1153 973 dedit
1195 931 1341 973 omnia
1376 941 1470 979 sua,
1507 932 1551 970 et
1587 927 1859 980 comparavit

1030 1001 1137 1029 eam.

1082 1052 1335 1103 V.Diff1'1sa
1371 1055 1438 1092 est
1474 1050 1613 1101 gratia
1650 1049 1695 1089 in
1731 1049 1858 1090 labiis
1906 1087 1909 1089 Α

1028 1109 1126 1151 tuis.
1174 1114 1223 1164 R*-
1255 1109 1500 1160 Propterea
1543 1105 1770 1148 benedixit
1814 1111 1858 1147 te

1028 1166 1149 1207 Deus
1167 1166 1211 1206 in
1231 1166 1453 1206 aeternum.

1084 1230 1199 1271 Vesp.
1225 1240 1243 1261 a
1264 1228 1355 1270 Cap.
1383 1227 1428 1260 de
1456 1238 1559 1268 sequv
1587 1236 1718 1260 comm.
1746 1235 1857 1267 pru-c.

1229 1319 1312 1360 Die
1335 1321 1400 1360 10.
1423 1319 1660 1361 Februarii.
1813 1363 1814 1367 ,

1130 1384 1173 1425 S.
1202 1383 1523 1425 scholasticae
1556 1381 1758 1432 Virginis.

1365 1444 1527 1487 Duplex.

1086 1508 1221 1542 Omnia
1248 1508 1294 1541 de
1316 1504 1519 1540 Communi
1536 1503 1640 1544 Virg.
1664 1501 1735 1544 [83]
1764 1512 1859 1544 prae-

1032 1562 1090 1592 ter
1114 1556 1324 1599 sequentia.

1371 1622 1533 1663 Oratio.

1122 1698 1210 1734 eus,
1225 1685 1299 1737 qui
1310 1685 1497 1726 animam
1510 1684 1654 1726 beatae
1668 1678 1860 1733 Virginis

1139 1747 1227 1784 tuae
1247 1741 1533 1783 Scholasticae
1553 1740 1610 1782 ad
1629 1739 1859 1781 ostenden-

1033 1799 1133 1841 dam
1156 1798 1419 1839 innocentiae
1438 1797 1553 1838 viam
1576 1798 1619 1838 in
1644 1795 1860 1838 columbae
1907 1795 1910 1841 ζ

1032 1856 1181 1909 specie
1201 1854 1360 1896 coelum
1375 1856 1607 1906 penetrare
1628 1853 1783 1895 fecisti:
1804 1852 1859 1894 da
1907 1863 1910 1870 ¹

1031 1912 1159 1962 nobis
1188 1912 1278 1963 ejus
1307 1910 1475 1951 meritis
1501 1914 1545 1951 et
1568 1909 1774 1962 precibus
1799 1909 1859 1950 ita

1031 1970 1286 2010 innocenter
1321 1969 1488 2017 vivere3
1524 1972 1572 2009 ut
1608 1966 1665 2008 ad
1697 1968 1859 2008 aeterna

1031 2027 1276 2067 mereamur
1303 2023 1463 2075 gaudia
1489 2025 1731 2076 pervenire.
1775 2023 1861 2064 Per

1031 2081 1269 2123 Dominum
1290 2084 1499 2122 nostrum.

1086 2145 1233 2179 Deinde
1259 2145 1298 2178 tit
1323 2153 1518 2178 commem.
1543 2142 1707 2185 praeced.

1086 2198 1185 2238 Ant.
1213 2196 1250 2236 O
1269 2194 1439 2236 Doctor
1458 2193 1635 2246 optime,
1649 2192 1860 2234 Ecclesiae

1033 2256 1197 2292 sanctae
1220 2250 1378 2300 lumen,
1403 2250 1533 2292 beate
1559 2250 1730 2303 Cyrille,
1756 2249 1859 2290 divi-

1031 2320 1100 2348 nae
1114 2307 1224 2358 legis
1240 2309 1422 2356 amator,
1433 2306 1674 2359 deprecare
1689 2318 1770 2358 pro
1786 2317 1861 2346 no-

1031 2363 1101 2405 bis
1119 2363 1279 2405 Filium
1297 2363 1392 2405 Dei.

1088 2422 1136 2473 V.
1157 2425 1182 2465 J
1183 2429 1332 2466 ustum
1349 2423 1533 2466 deduxit
1551 2423 1765 2464 Dominus
1782 2434 1861 2474 per

1031 2481 1125 2522 vias
1150 2485 1306 2522 rectas.
1344 2482 1395 2532 Ra
1412 2481 1468 2522 Et
1497 2478 1688 2522 ostendit
1712 2478 1774 2519 illi
1798 2490 1860 2519 re-

1032 2550 1165 2589 gnum
1184 2537 1277 2579 Dei.

1085 2605 1129 2639 In
1159 2604 1186 2639 I.
1216 2604 1415 2638 Nocturno
1447 2601 1649 2636 Lectiones
1684 2600 1730 2634 de
1762 2599 1858 2634 Scri-

1033 2657 1147 2697 ptura
1171 2654 1403 2687 occurrente.

1086 2705 1130 2739 In
1155 2703 1390 2746 Quadrages.
1418 2702 1632 2737 Lectiones.
1663 2700 1719 2734 De
1742 2698 1856 2740 virgi-

1030 2749 1156 2784 nibus·
1177 2752 1224 2786 de
1241 2752 1378 2786 eodem
1396 2750 1598 2785 Communi
1616 2749 1643 2782 1.
1660 2748 1755 2782 loco.
1780 2745 1854 2788 [87]
