2080 2990
221 202 319 246 [104]

522 297 673 338 Lectio
694 296 747 336 iii.

223 360 498 464 Fortitudo
521 367 565 405 et
588 362 723 405 decor
745 362 1047 404 indumentum

314 420 419 471 ejus,
453 424 496 461 et
520 419 680 462 ridebit
703 420 748 460 in
771 418 842 461 die
867 417 1047 459 novissi-

221 489 305 518 mo.
333 476 395 517 Os
415 489 543 517 suum
562 477 734 529 aperuit
748 474 985 528 sapientiae,
1005 478 1048 515 et

222 534 293 575 lex
314 532 558 574 clementiae
578 533 623 573 in
641 532 788 584 lingua
809 532 910 583 ejus.
938 530 1047 572 Con-

224 589 434 631 sideravit
463 589 638 631 semitas
673 588 829 630 domus
859 600 966 636 suae,
1005 590 1049 628 et

223 659 383 700 panem
402 646 545 688 otiesa
565 658 653 687 non
672 644 872 687 comedit.
900 644 1049 685 Surre-

224 705 381 744 xerunt
413 702 490 743 filii
528 703 636 755 ejus,
674 706 718 744 et
753 700 1049 743 beatissimam

224 759 590 813 praedicaverunt:
617 759 683 801 vir
703 759 808 810 eiuS‚
836 762 880 799 et
902 756 1049 797 lauda-

223 817 286 859 vit
314 829 420 858 eam.
457 816 607 857 Multae
633 815 735 856 filiae
763 814 1050 865 congregave—

224 877 326 915 runt
341 872 529 914 divitias:
544 877 591 913 tu
607 872 889 924 supergressa
903 882 950 911 es
961 869 1050 910 uni-

224 931 385 972 versas.
426 928 577 970 Fallax
599 928 755 980 gratia,
784 931 827 969 et
849 939 961 968 vana
984 930 1051 968 est

226 985 524 1040 pulchritudo:
546 984 700 1026 mulier
723 984 880 1026 timens
903 982 1050 1024 Demi-

226 1056 343 1094 num,
371 1042 466 1094 ipsa
493 1041 752 1083 laudabitur.
794 1040 909 1082 Date
934 1038 1051 1081 ei·de

226 1100 371 1141 fructu
385 1101 592 1140 manuum
603 1100 794 1139 suarum:
814 1101 857 1139 et
871 1096 1052 1138 laudent

227 1169 323 1198 eam
342 1156 386 1196 in
405 1155 545 1208 portis
565 1156 702 1207 epera
722 1154 823 1206 ejus.

276 1225 326 1276 R:-
363 1220 518 1273 Specie
550 1224 627 1261 tua
657 1223 700 1261 et
726 1217 1052 1271 pulchritudine

226 1282 302 1319 tua
323 1282 345 1305 *
375 1276 576 1325 Intende,
606 1277 821 1328 prespere
848 1273 1052 1328 procede,

227 1338 271 1376 et
295 1346 439 1385 regna.
472 1331 523 1382 Y.
555 1332 728 1373 Diffi'isa
753 1336 820 1373 est
845 1330 986 1382 gratia
1008 1330 1052 1371 in

226 1390 354 1432 labiis
373 1390 474 1439 tuis,
501 1390 739 1442 propterea
759 1387 985 1430 benedixit
1008 1392 1052 1429 te

227 1448 348 1489 Deus
367 1447 411 1488 in
430 1448 652 1488 aeternum.
679 1444 875 1487 Intende.
900 1444 1053 1485 Gleria

228 1504 358 1546 Patri.
393 1502 588 1545 Intende.

452 1593 501 1631 In
523 1593 574 1631 II.
599 1592 821 1631 Nocturno.

280 1669 379 1709 Ant.
414 1667 570 1719 Specie
593 1671 670 1708 tua
695 1668 719 1694 *
747 1671 790 1708 et
816 1666 1053 1719 pulchritu-

231 1724 330 1766 dine
350 1728 425 1765 tua
444 1723 636 1774 intende,
665 1725 878 1776 prespere
902 1724 1053 1776 proce-

230 1780 296 1831 de,
317 1784 360 1822 et
378 1792 523 1831 regna.

497 1861 694 1901 Psahnus
715 1862 780 1901 44.

241 1953 248 1987 χ
266 1951 335 2003 ff?
346 1937 535 1979 ructavit
575 1948 652 1978 cor
691 1948 837 1977 meum
872 1935 1055 1977 verbum

244 2008 247 2034 ε
270 1994 336 2053 9ζρῖέ
362 1994 543 2036 bonum:
583 1994 607 2021 *
648 1992 747 2034 dico
795 2005 877 2044 ego
919 1994 1055 2045 epera

261 2052 341 2074 ‘4
363 2062 461 2092 mea
480 2050 600 2101 Regi.

279 2108 447 2158 Lingua
477 2118 576 2148 mea
608 2106 802 2147 calamus
831 2105 1004 2155 scribae,
1031 2106 1055 2133 *

231 2164 442 2207 veleciter
461 2162 701 2204 scribentis.

282 2220 516 2274 Speciesus
535 2219 676 2260 forma
695 2232 788 2272 prae
803 2218 904 2260 filiis
919 2218 1054 2259 hemi-

230 2291 344 2327 num,
361 2276 519 2318 diffusa
533 2280 600 2317 est
615 2276 755 2327 gratia
766 2275 809 2316 in
818 2274 944 2317 labiis
955 2274 1055 2316 tuis:

230 2337 254 2363 *
282 2334 519 2387 propterea
546 2331 770 2373 benedixit
796 2337 841 2373 te
863 2332 984 2373 Deus
1011 2331 1055 2372 in

231 2392 454 2433 aetemum.

282 2447 524 2497 Accingere
553 2443 699 2496 gladio
731 2448 808 2485 tuo
838 2456 970 2496 super
997 2444 1054 2485 fe—

229 2516 327 2546 mur
345 2508 479 2552 tuum,
498 2503 521 2529 *
540 2500 855 2555 potentissime,

281 2558 436 2612 Specie
463 2563 539 2600 tua
567 2563 610 2599 et
635 2556 961 2610 pulchritudine
980 2561 1054 2597 tua

230 2618 254 2646 *
286 2615 478 2666 intende,
516 2616 728 2668 prespere
761 2612 974 2666 procede,
1011 2617 1055 2655 et

230 2685 375 2725 regna.

279 2730 468 2783 Propter
485 2728 724 2777 veritatem,
743 2731 787 2769 et
804 2729 1051 2768 mansuetu-

799 200 1007 234 Communc
1035 210 1109 233 non
1135 198 1345 240 Virginum.

1100 293 1261 343 dinem,
1294 297 1338 335 et
1364 292 1586 345 justitiam:
1613 293 1638 320 *
1665 296 1708 334 et
1735 290 1926 334 deducet

1099 355 1143 392 te
1160 349 1416 391 mirabiliter
1434 348 1616 391 dextera
1633 353 1720 391 tua.

1151 407 1333 458 Sagittae
1359 410 1449 447 tuae
1477 408 1633 455 acutae,
1660 404 1817 458 pepuli
1844 403 1925 445 sub

1101 468 1144 505 te
1169 462 1342 513 cadent⁹
1370 464 1394 490 *
1420 462 1464 503 in
1493 461 1629 503 corda
1652 461 1926 503 inimicerum

1101 520 1247 571 Regis.

1153 576 1290 618 Sedes
1313 581 1388 618 tua
1407 576 1528 617 Deus
1551 575 1595 615 in
1620 574 1831 616 saeculum
1849 576 1927 616 sae-

1103 633 1203 675 culi:
1231 634 1254 661 *
1282 633 1404 684 virga
1433 631 1687 674 directienis
1714 631 1837 682 virga
1863 644 1926 673 re-

1101 690 1175 741 gni
1194 690 1267 731 tui.

1154 746 1357 788 Dilexisti
1385 744 1608 798 justitiam,
1637 748 1681 786 et
1700 743 1834 785 odisti
1853 744 1928 785 ini-

1104 803 1333 855 quitatem:
1376 804 1399 830 *
1439 803 1677 855 propterea
1721 800 1844 842 unxit
1884 805 1929 842 te

1102 859 1238 910 DeuS‚
1262 860 1383 901 Deus
1406 863 1509 900 tuus
1529 857 1626 900 eleo
1650 857 1818 899 laetitiae
1835 870 1929 910 prae

1104 915 1386 958 consertibus
1405 915 1504 957 tuis.

1155 972 1347 1024 Myrrha,
1377 976 1421 1013 et
1443 976 1581 1023 gutta,
1610 974 1653 1012 et
1678 970 1795 1012 casia
1817 983 1843 1012 a
1861 983 1930 1012 ve-

1105 1029 1320 1071 stimentis
1335 1028 1434 1078 tuis,
1453 1040 1479 1069 a
1496 1026 1700 1069 demibus
1713 1026 1931 1069 eburneis:

1104 1086 1127 1111 *
1148 1098 1202 1128 ex
1227 1084 1386 1137 quibus
1411 1084 1739 1127 delectaverunt
1763 1088 1807 1125 te
1827 1083 1930 1125 filiae

1105 1155 1256 1193 regum
1275 1142 1319 1183 in
1337 1141 1505 1183 honere
1523 1145 1611 1182 tuo.

1157 1199 1309 1240 Astitit
1342 1200 1492 1249 regina
1524 1210 1550 1238 a
1577 1196 1744 1239 dextris
1771 1196 1861 1238 tuis
1887 1197 1931 1237 in

1104 1258 1265 1297 vestitu
1284 1254 1510 1297 deaurato:
1529 1253 1553 1280 *
1573 1252 1843 1295 circumdata
1861 1265 1931 1294 va-

1105 1313 1271 1354 rietate.

1158 1368 1277 1410 Audi
1295 1367 1396 1417 filia,
1421 1371 1464 1409 et
1483 1366 1596 1416 vide,
1619 1370 1664 1408 et
1683 1365 1844 1407 inclina
1861 1378 1932 1407 au-

1105 1438 1198 1467 rem
1224 1430 1358 1466 tuam:
1384 1424 1408 1450 *
1437 1427 1480 1465 et
1508 1422 1768 1465 obliviscere
1795 1423 1933 1475 pepu-

1105 1482 1195 1523 lum
1210 1486 1346 1530 tuum,
1366 1485 1409 1522 et
1428 1479 1609 1529 domum
1625 1478 1762 1532 patris
1782 1478 1856 1520 tui.

1155 1538 1212 1579 Et
1231 1539 1513 1590 concupiscet
1530 1536 1629 1577 Rex
1647 1534 1854 1577 decerem
1869 1539 1933 1577 tu-

1105 1608 1196 1636 um:
1217 1594 1241 1620 *
1270 1593 1475 1646 queniam
1502 1593 1598 1645 ipse
1627 1596 1694 1634 est
1719 1591 1934 1633 Deminus

1105 1651 1227 1692 Deus
1245 1656 1357 1700 tuus,
1379 1654 1422 1691 et
1439 1648 1687 1691 adorabunt
1707 1660 1816 1689 eum.

1156 1707 1213 1749 Et
1232 1707 1333 1748 fssiae
1349 1706 1456 1758 Tyri
1474 1705 1519 1746 in
1536 1703 1787 1746 muneribus
1806 1705 1831 1732 *
1845 1703 1933 1745 vul-

1105 1769 1199 1806 tum
1229 1768 1352 1805 tuum
1384 1761 1750 1815 deprecabantur:
1783 1772 1934 1802 omnes

1107 1820 1263 1863 divites
1280 1818 1434 1873 plebis.

1159 1877 1310 1918 Omnis
1329 1875 1468 1927 gleria
1493 1876 1583 1927 ejus
1602 1873 1705 1915 filiae
1723 1873 1858 1924 Regis
1877 1873 1932 1915 ab

1106 1934 1238 1984 intus,
1257 1934 1281 1959 *
1302 1933 1346 1974 in
1373 1931 1556 1974 fimbriis
1584 1930 1727 1973 aureis
1754 1931 1932 1972 circum-

1107 1993 1266 2032 amicta
1285 1988 1579 2031 varietatibus.

1159 2046 1446 2089 Adducentur
1473 2044 1585 2096 Regi
1614 2043 1803 2094 virgines
1829 2047 1933 2095 post

1108 2116 1219 2145 eam:
1228 2104 1252 2129 *
1263 2102 1475 2156 preximae
1493 2101 1584 2153 ejus
1594 2100 1828 2142 afferentur
1842 2098 1932 2140 tibi.

1158 2159 1409 2201 Afferentur
1433 2158 1477 2198 in
1501 2157 1652 2198 laetitia
1676 2161 1720 2197 et
1747 2154 1932 2197 exsulta-

1106 2218 1241 2259 tione:
1277 2217 1301 2243 *
1337 2214 1606 2256 adducentur
1642 2213 1686 2253 in
1721 2212 1933 2265 templum

1107 2273 1252 2324 Regis.

1157 2329 1244 2370 Pro
1272 2326 1472 2381 patribus
1499 2326 1585 2367 tuis
1612 2325 1703 2367 nati
1729 2329 1829 2367 sunt
1851 2324 1932 2366 tibi

1107 2385 1198 2427 filii:
1217 2386 1241 2413 *
1260 2386 1499 2426 constitues
1523 2394 1600 2424 eos
1623 2381 1845 2435 principes
1865 2394 1931 2423 su-

1106 2454 1185 2495 per
1205 2453 1379 2483 omnem
1397 2444 1571 2481 terram.
1588 2475 1597 2477 ,

1157 2498 1374 2539 Memores
1399 2500 1524 2537 erunt
1542 2494 1730 2536 neminis
1749 2495 1827 2536 tui:
1846 2494 1870 2519 *
1888 2494 1932 2534 in

1107 2556 1225 2597 omni
1240 2552 1518 2606 generatiene
1539 2557 1582 2593 et
1595 2551 1931 2602 generatienem.

1156 2612 1398 2664 Propterea
1425 2608 1579 2662 pepuli
1607 2607 1932 2649 confitebuntur

1104 2668 1184 2710 tibi
1210 2668 1253 2709 in
1281 2668 1505 2709 aeternum:
1529 2665 1552 2691 *
1582 2669 1625 2706 et
1651 2665 1695 2705 in
1723 2663 1931 2705 saeculum

1105 2724 1265 2766 saeculi.
