2080 2990
202 224 275 260 30*

203 320 330 361 theus
354 319 533 360 AElurus
558 317 868 360 Alexandrinae
894 316 1027 358 eccle-

193 376 280 427 ,siae
312 376 505 425 invasor,
541 375 615 427 qui
649 372 1027 426 Constantinopoli

202 432 338 474 libere
373 431 551 483 degens,
588 430 865 473 adnitebatur
898 442 1028 482 quam

202 489 389 530 maxime
421 490 670 541 propagare
700 487 922 535 haeresim,
954 498 1026 526 no-

203 548 393 598 vumque
413 545 603 587 Zenonis
627 543 905 597 imperatoris
925 545 1026 594 ope-

202 615 250 643 ra
270 602 366 653 cogi
383 601 625 651 concilium,
645 600 880 654 pelleretur
895 600 938 640 in
956 611 1025 640 ex-

202 658 359 708 silium,
385 659 534 711 sicque
555 657 794 709 integritati
818 669 908 697 suae
927 655 1026 697 Ale-

202 714 414 756 xandrina
435 714 692 757 redderetur
713 713 907 755 ecclesia.
943 712 1026 753 Re·

202 771 418 823 liquorum
462 771 567 813 item
610 769 899 823 perduellium
944 781 1026 820 pro

202 840 316 869 nova
346 827 516 881 synodo
539 825 770 868 indicenda
796 825 1026 867 conatibus

202 884 372 926 fortiter
388 884 567 934 obstitit,
583 886 782 925 asserens
797 895 911 924 nova
927 895 1026 924 con-

203 941 301 983 cilia
335 954 421 983 non
453 941 578 982 facile
611 939 911 990 convocanda,
943 939 1026 980 nisi

204 1011 301 1039 cum
322 997 486 1050 aliquid
506 998 550 1038 in
568 997 714 1050 pravis
734 995 933 1038 sensibus
952 1009 1026 1037 no-

203 1068 319 1104 vum,
348 1059 422 1095 aut
445 1054 488 1095 in
512 1054 754 1096 assertione
774 1052 1026 1103 dogmatum

204 1113 451 1153 emersisset
470 1110 731 1161 ambiguum.

259 1171 303 1220 lx‘g.
330 1168 481 1208 Inveni
506 1166 651 1208 David
675 1180 849 1208 servum
871 1179 1026 1215 meum,

204 1224 302 1266 oleo
329 1229 481 1266 sancto
506 1237 605 1266 meo
629 1224 733 1265 unxi
759 1236 872 1265 eum:
897 1227 916 1250 *
938 1223 1026 1264 Ma-

203 1294 284 1322 nus
299 1281 413 1322 enim
428 1294 525 1322 mea
539 1280 816 1322 auxiliabitur
833 1280 882 1321 ei.
899 1276 947 1328 Y.
962 1279 1028 1320 Ni-

203 1337 263 1378 hil
277 1337 479 1390 proficiet
493 1338 692 1379 inimicus
707 1337 751 1377 in
767 1349 831 1386 eo,
847 1341 890 1378 et
910 1336 1027 1377 filius

203 1394 443 1447 iniquitatis
466 1407 553 1436 non
576 1393 752 1435 nocebit
778 1393 827 1434 ei.
861 1393 1027 1434 Manus.

513 1454 661 1494 Lectio
685 1469 719 1493 κ’.

204 1507 480 1611 Damnavit
512 1512 668 1552 iterum
699 1510 876 1551 Petrum
907 1509 1027 1561 Mog-

298 1581 410 1618 gum,
432 1567 616 1609 alterum
635 1566 944 1608 Alexandrinae
964 1579 1027 1608 se-

205 1623 272 1665 dis
300 1624 562 1673 invasorem,
594 1625 868 1675 curavitque,
899 1627 946 1664 ut
975 1636 1028 1664 ex

204 1679 313 1721 urbe
337 1679 589 1732 pelleretur,
618 1693 671 1722 ne
696 1680 868 1731 aliquos
891 1679 1027 1721 modi-

206 1749 269 1778 cae
293 1736 397 1778 fidei
422 1736 635 1786 inficeret,
664 1741 708 1778 et
735 1736 792 1778 ad
814 1736 1028 1789 perversi—

204 1794 305 1835 tatis
349 1806 439 1834 suae
475 1793 709 1835 factionem
744 1793 1029 1846 pertraheret.

204 1849 436 1892 Timotheo
494 1850 776 1899 Solofaciolo‚
833 1850 1028 1902 legitimo

205 1905 398 1957 ejusdem
434 1907 630 1948 ecclesiae
667 1907 872 1956 antistiti,
911 1907 1029 1959 juxta

204 1963 434 2015 pristinum
452 1963 714 2013 institutum,
740 1977 820 2017 per
844 1977 947 2006 suos
970 1963 1028 2005 le-

204 2021 330 2070 gatos
367 2021 525 2062 erroris
562 2021 628 2062 sui
661 2021 1029 2063 condonationem

205 2077 442 2129 expetenti,
495 2077 658 2119 idcirco
706 2077 826 2130 quod
869 2077 1027 2120 timore

204 2133 458 2185 perterritus
493 2134 756 2176 Dioscorum
797 2134 854 2176 ad
889 2135 1026 2177 altare

204 2189 484 2239 nominasset,
504 2191 674 2232 veniam
693 2191 913 2244 impertiit.
941 2192 1027 2233 An-

203 2245 393 2288 tiocheni
434 2248 630 2300 episcopi
669 2248 929 2291 electionem
971 2249 1028 2291 ad.

204 2301 441 2345 seditiOnes
486 2304 686 2346 vitandas
723 2305 1026 2348 Constantino-

203 2360 294 2412 poli
319 2360 362 2401 in
388 2360 561 2402 concilii
586 2361 755 2403 Nicaeni
786 2362 1027 2415 praejudici-

204 2430 276 2458 um
304 2419 545 2470 peractam,
578 2430 629 2459 ea
663 2418 759 2469 lege
788 2425 928 2461 ratam
954 2419 1027 2461 ha-

203 2473 314 2523 buit,
347 2479 393 2516 ut
426 2474 648 2527 deinceps,
684 2475 924 2518 secundum
954 2490 1027 2530 pa-

203 2536 318 2572 trum
346 2530 639 2581 definitiones,
672 2532 884 2574 Orientali
912 2546 1026 2575 com-

203 2587 534 2639 provincialium
578 2589 887 2641 episcoporum
932 2593 1028 2643 syrn-

205 2642 307 2692 odo,
335 2644 499 2685 creatio
525 2644 786 2687 Antiocheni
809 2647 1028 2698 pontificis

205 2702 512 2742 reservaretur.
549 2701 805 2744 Oblationes
832 2703 1028 2745 ecclesiae

205 2757 264 2798 ita
298 2756 549 2808 partiendas
583 2771 679 2800 esse
712 2760 942 2812 praecepit,
983 2766 1029 2802 ut

527 223 595 256 Dic·
620 226 649 256 ζ’.
676 223 810 256 Martii.
858 224 892 256 S.
918 223 1103 266 Simplicii
1132 223 1247 265 Papae
1274 228 1308 255 ct
1334 222 1441 255 Cous.

1079 329 1165 357 una
1210 314 1440 357 dumtaxat
1482 315 1630 368 portio
1676 318 1903 370 episcopo,

1079 385 1163 414 una
1188 370 1339 414 itidem
1361 372 1498 422 clero,
1527 371 1626 414 duae
1643 385 1750 415 vero
1775 372 1819 414 in
1837 386 1903 415 ec-

1079 429 1225 470 clesiae
1257 428 1466 470 fabricam
1499 434 1542 471 et
1568 430 1826 482 peregrinos
1853 443 1905 472 ac

1079 488 1298 538 pauperes
1331 487 1627 536 erogarentur.
1682 486 1905 528 Zenonem

1080 545 1337 595 episcopum
1384 542 1693 595 Hispalensem
1744 542 1907 585 vicaria

1079 598 1206 641 Sedis
1244 598 1502 651 apostolicae
1535 598 1796 641 auctoritate
1827 599 1906 641 ful-

1082 656 1202 704 civit,
1237 668 1291 697 ne
1328 655 1586 708 apostolicae
1622 655 1906 699 institutionis

1081 712 1258 754 decreta
1277 717 1321 754 et
1340 714 1591 754 sanctorum
1608 713 1818 754 terminos
1831 725 1906 766 pa—

1079 774 1195 810 trum
1219 769 1263 809 in
1287 769 1512 821 Hispaniis
1535 768 1787 812 transcendi
1810 782 1905 822 per-

1079 828 1283 868 mitteret.

1137 883 1182 933 Ra
1215 883 1349 924 Posui
1380 881 1643 935 adjutorium
1670 895 1804 936 super
1829 895 1906 936 po-

1079 941 1261 989 tentem,
1306 944 1349 981 et
1393 938 1582 981 exaltavi
1625 938 1812 982 electum
1851 939 1906 982 de

1080 995 1210 1048 plebe
1249 1009 1364 1037 mea:
1392 995 1414 1018 *
1459 995 1614 1037 Manus
1655 996 1770 1038 enim
1809 1009 1907 1038 mea

1081 1052 1358 1095 auxiliabitur
1394 1053 1443 1095 ei.
1500 1046 1549 1097 ,V-
1582 1053 1735 1095 Inveni
1761 1052 1908 1095 David

1081 1122 1257 1151 servum
1287 1123 1452 1159 meum,
1486 1109 1586 1151 oleo
1619 1114 1772 1152 sancto
1807 1123 1907 1152 meo

1081 1166 1184 1207 unxi
1212 1179 1321 1207 eum.
1365 1166 1531 1207 Manus.

1382 1223 1533 1264 Lectio
1555 1223 1607 1263 vi.

1149 1283 1278 1325 tatuit
1301 1283 1345 1324 in
1362 1282 1482 1325 Urbe
1506 1281 1824 1332 hebdomadas,
1850 1285 1908 1331 ut,

1170 1345 1353 1393 propter
1380 1338 1665 1392 baptismum,
1702 1343 1746 1381 et
1771 1337 1907 1392 poeni-

1081 1396 1260 1438 tentiam
1292 1398 1510 1450 petentes,
1542 1395 1790 1448 presbyteri
1818 1394 1908 1447 qui-

1082 1452 1183 1495 dem
1211 1452 1266 1495 de
1293 1453 1472 1505 regione
1499 1453 1641 1506 prima
1668 1451 1788 1505 apud
1814 1464 1909 1493 san-

1081 1515 1200 1552 ctum
1217 1510 1417 1559 Paulum,
1446 1509 1500 1551 de
1525 1509 1653 1552 tertia
1677 1507 1796 1562 apud
1814 1521 1908 1550 san-

1083 1572 1201 1609 ctum
1231 1566 1528 1616 Laurentium,
1562 1571 1606 1608 et
1638 1566 1693 1609 de
1725 1564 1910 1619 septima

1083 1623 1200 1676 apud
1232 1628 1431 1665 sanctum
1460 1623 1641 1666 Petrum
1672 1623 1910 1664 manerent·

1080 1679 1313 1722 Dedicavit
1328 1679 1532 1722 basilicas
1547 1679 1686 1723 sancti
1699 1678 1910 1731 Stephani

1080 1737 1124 1777 in
1157 1736 1298 1779 Co'elio
1335 1741 1502 1787 monte,
1546 1736 1686 1778 sancti
1717 1734 1910 1778 Andreae

1082 1793 1289 1846 Apostoli
1325 1794 1446 1846 juxta
1481 1797 1678 1835 sanctam
1713 1791 1908 1842 Mariam,

1080 1850 1186 1892 item
1218 1850 1347 1891 aliam
1380 1850 1518 1892 sancti
1550 1848 1760 1902 Stephani
1792 1849 1911 1900 iuxta

1082 1912 1281 1949 sanctum
1299 1907 1594 1956 Laurentium,
1613 1919 1665 1948 ac
1683 1907 1910 1959 postremo

1082 1969 1246 2006 sanctae
1265 1963 1463 2006 Bibianae
1478 1963 1681 2016 Martyris
1702 1962 1831 2004 aliam
1850 1962 1909 2003 in-

1082 2026 1151 2063 tra
1167 2020 1332 2063 Urbem
1355 2022 1475 2073 juxta
1498 2020 1710 2074 palatium
1727 2019 1910 2061 Licinia-

1082 2091 1199 2128 num;
1224 2078 1418 2131 itemque
1438 2090 1544 2119 vasa
1571 2076 1799 2130 comphira
1818 2081 1910 2118 tum

1084 2136 1301 2186 argentea,
1320 2140 1413 2177 tum
1432 2136 1565 2176 aurea
1579 2134 1793 2175 Romanae
1810 2134 1910 2174 con-

1082 2191 1181 2234 tulit
1217 2191 1440 2233 Ecclesiae.
1498 2191 1688 2232 Demum
1732 2190 1910 2231 Zenone

1082 2249 1365 2302 imperatore,
1391 2253 1434 2290 et
1458 2246 1662 2290 Odoacre
1679 2245 1821 2288 Italiae
1846 2259 1910 2288 re-

1081 2318 1150 2357 ge,
1170 2305 1374 2356 migravit
1393 2304 1450 2346 ad
1467 2303 1715 2346 Dominum.
1742 2302 1911 2345 Habuit

1083 2362 1381 2404 ordinationes
1416 2366 1506 2403 tres
1542 2373 1691 2402 mense
1728 2360 1910 2402 Decem-

1082 2419 1167 2469 bri,
1214 2418 1371 2471 quibus
1417 2417 1582 2460 creavit
1626 2416 1910 2470 presbyteros

1084 2476 1398 2528 quinquaginta
1417 2480 1531 2524 octo,
1551 2473 1762 2516 diaconos
1778 2472 1910 2515 linde-

1084 2533 1188 2582 cim,
1227 2535 1463 2585 episcopos
1495 2544 1574 2584 per
1607 2530 1782 2573 diversa
1813 2530 1911 2572 loca

1083 2590 1260 2641 triginta
1278 2602 1366 2631 sex.
1403 2587 1708 2631 Sacerdotium
1733 2586 1909 2628 admini-

1083 2647 1238 2688 stravit
1270 2658 1407 2687 annos
1441 2643 1704 2697 quindecim,
1736 2656 1910 2686 menses

1083 2704 1286 2756 quinque,
1306 2707 1349 2744 et
1369 2701 1462 2744 dies
1482 2701 1646 2744 decem.

1138 2760 1188 2801 R.
1211 2761 1302 2802 Iste
1325 2764 1391 2801 est
1412 2759 1496 2811 qui.
