2040 2990
782 209 980 242 bominica
1006 208 1319 251 Septuagcsimae.

251 307 365 347 Ecce
390 304 503 346 enim
522 304 749 346 veritatem
773 303 977 345 dilexisti:
996 303 1019 327 *

199 363 363 404 incerta
396 366 439 403 et
470 360 642 402 occulta
678 360 902 412 sapientiae
933 364 1020 401 tuae

199 418 487 460 manifestasti
506 416 622 458 mihi.

250 476 473 527 Asperges
497 487 566 515 me
590 473 803 526 hyssopo,
835 477 879 514 et
902 485 1020 513 mun-

201 531 355 573 dabor:
375 532 398 556 *
422 530 587 571 lavabis
614 542 701 579 me,
734 533 778 570 et
805 541 936 581 super
963 528 1021 568 ni-

201 601 299 630 vem
319 586 570 629 dealbabor.

253 643 434 686 Auditui
460 656 559 685 meo
594 642 717 684 dabis
745 639 949 693 gaudium
980 645 1022 682 et

199 702 408 743 laetitiam:
426 702 449 727 *
468 705 512 742 et
532 698 814 742 exsultabunt
833 710 934 739 ossa
948 697 1022 738 hu-

200 759 372 800 miliata.

252 816 416 856 Averte
444 813 598 854 faciem
630 817 749 853 tuam
777 823 802 851 a
828 810 1023 863 peccatis

200 873 322 914 meis:
341 872 364 898 *
388 874 432 912 et
455 882 606 911 omnes
630 867 880 920 iniquitates
903 879 1023 908 meas

202 929 309 971 dele.

253 985 340 1027 Cor
366 983 576 1025 mundum
603 994 704 1023 crea
729 981 772 1021 in
796 993 865 1021 me
889 980 1024 1021 Deus:

201 1043 224 1068 *
245 1046 287 1084 et
312 1042 511 1094 spiritum
535 1043 702 1080 rectum
724 1040 883 1078 innova
901 1037 945 1077 in
964 1036 1023 1077 vi-

203 1098 397 1140 sceribus
415 1097 536 1138 meis.

253 1156 321 1197 Ne
345 1154 548 1208 projicias
571 1164 640 1193 me
660 1164 685 1192 a
704 1150 813 1191 facie
831 1150 961 1191 tua-¹⁶¹
981 1155 1024 1191 et

202 1212 409 1265 Spiritum
429 1214 627 1252 sanctum
645 1213 768 1249 tuum
782 1219 837 1248 ne
853 1206 1024 1248 auferas

202 1282 228 1310 a
246 1282 327 1310 me

253 1323 409 1367 Redde
447 1323 552 1364 mihi
590 1322 786 1364 laetitiam
822 1320 1024 1362 salutaris

201 1382 281 1424 tui:
305 1382 329 1407 *
356 1386 399 1422 et
427 1380 585 1433 spiritu
612 1377 842 1432 principali
869 1377 1023 1418 confir-

201 1452 272 1480 ma
289 1451 370 1480 me.

252 1494 436 1537 Docebo
470 1494 642 1546 iniquos
671 1493 763 1534 vias
789 1496 901 1532 tuas:
929 1490 952 1515 *
980 1494 1024 1531 et

202 1553 322 1604 impii
341 1550 398 1592 ad
417 1556 461 1592 te
480 1551 799 1592 convertentur.

252 1608 411 1650 Libera
429 1620 498 1648 me
519 1605 573 1648 de
593 1604 873 1658 sanguinibus
892 1603 1023 1651 Deus

201 1665 322 1706 Deus
351 1664 502 1706 sallitis
527 1675 653 1704 meae:
672 1663 758 1703 *et
787 1659 1022 1702 exsultabit

201 1721 347 1773 lingua
365 1734 462 1762 mea
480 1719 687 1772 just1tiam
705 1723 836 1760 tuam.

254 1778 455 1826 Domine,
481 1776 596 1818 labia
618 1788 715 1817 mea
734 1772 960 1827 aperiesz*
980 1776 1024 1813 et

203 1847 253 1876 os
267 1847 411 1876 meum
427 1832 697 1874 annuntiabit
710 1830 884 1872 laudem
893 1833 1023 1871 tuam.

254 1892 470 1941 Quoniam
521 1890 557 1931 si
604 1888 818 1931 voluisses
863 1885 1023 1927 sacrifi-

203 1947 331 1997 cium,
356 1947 575 1989 dedissem
595 1946 760 1998 utique:
778 1945 801 1970 *
820 1943 1024 1985 holocau-

204 2004 283 2045 stis
302 2016 389 2046 non
407 2002 707 2045 delectaberis.

255 2060 521 2102 Sacrificium
544 2060 640 2101 Deo
669 2058 845 2111 spiritus
869 2057 1024 2099 contri-

204 2117 393 2158 bulatus·
411 2117 435 2142 *
455 2128 529 2157 cor
549 2118 801 2163 contritum,
826 2118 869 2155 et
891 2113 1024 2154 humi-

205 2173 356 2214 liatum
375 2173 495 2214 Deus
514 2185 601 2214 non
621 2171 847 2235 despicies

257 2230 451 2280 Benigne
470 2228 538 2269 fac
552 2227 768 2269 Domine
757 2240 801 2268 m
819 2227 935 2268 bona
953 2238 1025 2266 vo-

205 2285 369 2327 luntate
397 2290 471 2326 tua
498 2285 661 2326 Sion:
680 2289 728 2325 ut
755 2283 1025 2325 aedificentur

206 2342 316 2383 muri
334 2341 585 2383 Jerusalem.

258 2399 382 2439 Tunc
407 2396 657 2450 acceptabis
683 2396 942 2437 sacrificium
969 2395 1026 2447 ju-

208 2455 351 2503 stitiae‚
373 2454 632 2502 oblationes,
655 2458 699 2494 et
717 2452 985 2494 holocausta:
1003 2452 1027 2476 *

206 2516 309 2552 tunc
337 2511 560 2563 imponent
588 2522 719 2561 super
744 2508 880 2549 altare
904 2513 1028 2549 tuum

208 2567 378 2609 vitulos.

264 2625 360 2663 Ant.
382 2624 408 2662 1.
438 2622 642 2663 Miserere
668 2621 752 2662 mei
771 2620 908 2669 Deus,
938 2625 980 2661 et
1004 2633 1028 2661 a

208 2680 367 2722 delicto
396 2691 494 2719 meo
522 2677 684 2719 munda
711 2690 795 2718 me:
824 2677 925 2729 quia
952 2676 1029 2717 tibi

209 2736 290 2778 soli
309 2735 499 2789 peccavi.

1126 304 1267 343 Μή.
1245 303 1279 341 0.
1303 301 1571 344 Confitebor.

1339 358 1537 399 Psalmus
1558 359 1633 398 117.

1076 409 1385 516 Confitemini
1396 415 1585 456 Domino
1601 415 1804 468 quoniam
1817 414 1892 457 bo-

1158 485 1252 513 nus·
1266 471 1542 523 *quoniam
1531 485 1574 512 m
1593 471 1800 514 saeculum
1818 471 1893 512 mi-

1074 527 1310 570 sericordia
1332 528 1433 579 ejus.

1124 585 1255 626 Dicat
1281 597 1395 625 nunc
1421 584 1559 625 Israel
1586 584 1791 636 quoniam
1817 584 1893 627 bo-

1074 654 1168 682 nus:
1191 642 1215 668 *
1240 641 1446 693 quoniam
1470 640 1513 681 in
1538 640 1747 683 saeculum
1769 641 1894 683 mise-

1074 697 1263 739 ricordia
1283 698 1386 749 ejus.

1124 754 1254 795 Dicat
1271 766 1386 795 nunc
1402 752 1558 795 domus
1571 753 1736 795 Aaron:
1750 754 1774 779 *
1790 755 1895 806 quo-

1074 810 1188 852 niam
1202 811 1245 851 in
1259 810 1466 852 saeculum
1482 810 1782 852 misericordia
1796 810 1896 862 ejus.

1125 867 1285 908 Dicant
1316 879 1430 908 nunc
1461 867 1535 919 qui
1566 866 1720 908 timent
1748 866 1896 907 Domi-

1074 937 1191 965 num:
1209 924 1233 949 *
1254 923 1460 976 quoniam
1478 926 1522 964 in
1546 922 1753 964 saeculum
1771 923 1896 965 mise-

1075 980 1265 1022 ricordia
1285 981 1386 1032 ejus.

1126 1037 1194 1078 De
1221 1036 1501 1078 tribulatione
1527 1035 1728 1078 invocavi
1750 1035 1896 1077 Domi-

1075 1107 1194 1135 num:
1220 1094 1244 1119 *
1274 1098 1317 1135 et
1344 1093 1566 1135 exaudivit
1590 1105 1661 1134 me
1687 1092 1731 1133 in
1756 1092 1897 1136 latitu-

1076 1150 1176 1192 dine
1194 1151 1419 1192 Dominus.

1127 1207 1341 1249 Dominus
1363 1206 1468 1248 mihi
1491 1204 1677 1258 adjfitor:
1695 1207 1719 1233 *
1738 1218 1824 1248 non
1847 1205 1897 1247 ti-

1075 1264 1204 1306 mebo
1227 1262 1332 1316 quid
1348 1263 1479 1305 faciat
1496 1262 1603 1304 mihi
1621 1262 1764 1304 homo.

1126 1321 1342 1362 Dominus
1365 1319 1472 1360 mihi
1497 1319 1687 1371 adjutor:
1704 1319 1728 1345 *
1748 1323 1792 1361 et
1814 1331 1896 1371 ego

1077 1376 1315 1430 despiciam
1330 1377 1526 1418 inimicos
1543 1388 1677 1417 meos.

1127 1435 1299 1475 Bonum
1317 1438 1385 1475 est
1401 1431 1623 1475 confidere
1637 1432 1681 1473 in
1694 1432 1897 1482 Domino,

1075 1492 1099 1516 *
1119 1504 1250 1543 quam
1269 1488 1491 1532 confidere
1509 1489 1552 1530 in
1571 1488 1757 1530 homine.

1127 1548 1299 1589 Bonum
1327 1551 1394 1588 est
1423 1547 1601 1599 sperare
1627 1546 1671 1586 in
1695 1544 1897 1594 Domino,

1075 1604 1098 1629 '⁸¹
1119 1617 1250 1656 quam
1269 1605 1448 1656 sperare
1465 1603 1509 1643 in
1527 1601 1808 1654 principibus.

1129 1660 1292 1702 Omnes
1312 1660 1477 1701 Gentes
1496 1658 1759 1700 circuierunt
1774 1670 1860 1699 me:
1874 1658 1898 1684 *

1077 1721 1120 1759 et
1150 1717 1194 1757 in
1225 1716 1399 1757 nomine
1430 1714 1610 1756 Domini
1647 1714 1750 1767 quia
1780 1712 1897 1755 ultus

1076 1787 1172 1814 sum
1190 1786 1232 1813 1n
1254 1785 1342 1814 eos.

1129 1827 1459 1871 Circumdantes
1520 1825 1898 1869 circumdederunt

1076 1899 1162 1928 me:
1188 1888 1211 1912 *
1239 1891 1282 1927 et
1310 1885 1354 1926 in
1386 1884 1560 1926 nomine
1592 1883 1768 1925 Domini
1797 1883 1899 1936 quia

1077 1942 1192 1984 ultus
1212 1955 1308 1983 sum
1326 1942 1369 1982 in
1389 1954 1478 1983 eos.

1129 1997 1517 2040 Circumdederunt
1547 2010 1617 2039 me
1643 1996 1756 2037 sicut
1781 2009 1898 2047 apeS,

1079 2061 1121 2099 et
1144 2057 1400 2098 exarserunt
1423 2054 1534 2096 sicut
1558 2053 1668 2105 ignis
1686 2053 1730 2093 in
1749 2052 1898 2105 spinis:

1078 2114 1100 2139 *
1125 2117 1168 2154 et
1192 2113 1235 2153 in
1259 2111 1432 2153 nomine
1456 2109 1633 2152 Domini
1657 2109 1758 2161 quia
1781 2108 1898 2151 ultus

1078 2182 1174 2211 sum
1192 2169 1236 2209 in
1256 2166 1343 2210 eos.

1128 2224 1348 2278 Impulsus
1376 2225 1553 2265 eversus
1581 2235 1677 2264 sum
1703 2226 1751 2263 ut
1775 2220 1898 2263 cade-

1079 2295 1185 2324 rem:
1203 2282 1227 2307 *
1247 2286 1291 2323 et
1309 2280 1523 2321 Dominus
1542 2278 1735 2331 suscepit
1752 2290 1834 2319 me.

1130 2335 1362 2379 Fortitudo
1381 2348 1493 2386 mea,
1517 2340 1560 2377 et
1583 2335 1678 2376 laus
1696 2347 1793 2375 mea
1811 2334 1898 2375 Do-

1079 2395 1233 2436 minus:
1252 2394 1275 2418 *
1299 2398 1342 2434 et
1370 2393 1509 2434 factus
1538 2396 1605 2433 est
1631 2390 1736 2432 mihi
1763 2390 1807 2431 in
1835 2403 1899 2432 sa-

1079 2451 1225 2492 lutem.

1131 2507 1233 2548 Vox
1253 2503 1564 2552 exsultationis,
1583 2508 1626 2545 et
1644 2502 1796 2544 salutis
1815 2503 1837 2527 *
1856 2503 1899 2543 in

1080 2561 1370 2605 tabernaculis
1389 2561 1610 2612 justorum.

1131 2620 1323 2660 Dextera
1348 2616 1524 2658 Domini
1553 2616 1655 2657 fecit
1681 2615 1900 2657 virtatem:

1082 2674 1262 2717 dextera
1297 2673 1473 2714 Domini
1514 2672 1722 2714 exaltavit
1756 2683 1841 2719 me,
1876 2672 1900 2697 *

1083 2732 1262 2774 dextera
1281 2729 1458 2771 Domini
1476 2729 1578 2771 fecit
1597 2729 1812 2770 virtatem.
