2040 2990
604 231 701 263 Infra
728 229 1019 263 Hebdonmdam
1046 229 1081 262 ii.
1108 232 1195 271 post
1220 227 1486 270 Epiphaniam.

191 336 366 378 deretur
398 334 717 374 sacramentum
746 330 1010 383 nuptiarum:

191 393 292 444 quia
312 395 354 432 et
372 389 542 431 illarum
558 389 808 441 nuptiarum
823 399 1010 439 sponsus

189 449 422 501 personam
457 445 633 487 Domini
669 443 904 495 figurabat,
940 442 1009 483 cui

190 504 353 546 dictum
372 508 452 545 est:
471 502 662 544 Servasti
680 502 828 542 vinum
845 499 1010 541 bonum

190 572 327 613 usque
347 559 499 601 adhuc.
533 558 705 599 Bonum
730 557 844 599 enim
864 556 1010 596 vinum
1126 572 1137 590 e

191 617 387 658 Christus
413 615 603 657 servavit
621 626 761 665 usque
785 612 941 661 adhuc,
965 611 1010 653 id

190 678 268 722 est,
287 671 572 724 Evangelium
591 683 727 712 suum.

248 740 309 779 Te
328 738 470 779 Deum
489 736 726 778 laudamus.
746 737 804 776 14.

450 826 529 867 Ad
553 825 749 867 Laudes

402 899 450 925 ct
491 902 586 934 per
628 890 817 924 Horas.

249 957 382 990 Omnia
409 963 446 990 ut
475 957 508 989 in
534 955 732 988 psalterio.
753 954 802 988 15.

250 1017 317 1057 Ad
348 1016 501 1057 Bcned.
542 1017 636 1055 Ant.
680 1015 854 1067 Nuptiae
883 1014 1010 1056 factae

192 1078 292 1114 sunt
310 1073 333 1098 *
352 1073 395 1113 in
415 1072 531 1113 Cana
551 1072 756 1121 Galilaeae,
779 1076 822 1112 et
841 1076 933 1113 erat
951 1070 1011 1112 ibi

191 1129 215 1169 J
217 1142 316 1171 esus
337 1141 434 1170 cum
453 1129 589 1170 Maria
610 1133 748 1170 matre
769 1141 857 1169 sua.

248 1196 297 1242 V.
317 1193 531 1234 Deminus
559 1193 775 1243 regnavit,
804 1192 1011 1234 decorem

190 1250 339 1292 induit.
377 1251 425 1302 K·
442 1249 588 1291 Induit
606 1249 819 1291 Deminus
842 1249 1011 1290 fortitu-

192 1306 346 1355 dinem,
365 1311 407 1348 et
424 1306 654 1358 praecinxit
672 1318 719 1347 se
738 1306 910 1348 virtute.

525 1371 687 1411 Oratio.

273 1435 523 1486 mnipotens
569 1432 833 1485 sempiterne
876 1432 1012 1482 Deus,

288 1490 361 1542 qui
389 1489 584 1532 coelestia
611 1489 738 1530 simul
769 1494 813 1531 et
839 1491 1013 1531 terrena
1050 1497 1054 1501 ’

192 1546 453 1588 moderaris:
488 1546 828 1599 supplicationes
860 1545 1014 1598 populi

192 1603 256 1644 tui
291 1602 525 1645 clementer
563 1602 737 1653 exaudi,
780 1608 823 1644 et
859 1615 1013 1655 pacem

193 1664 311 1700 tuam
336 1660 494 1701 nostris
519 1659 712 1701 concede
731 1658 1014 1711 temperibus.

193 1715 277 1757 Per
295 1716 543 1757 Dominum.

250 1787 395 1820 Deinde
428 1788 518 1820 liunt
548 1796 742 1820 commem.
770 1791 807 1820 ut
834 1796 949 1828 supra
980 1786 1016 1819 in

202 1836 380 1878 vespm-is
404 1834 571 1868 §abbati
595 1832 666 1868 126.

419 1914 497 1955 Ad
522 1915 790 1965 vesperas.

252 1987 385 2020 Omnia
412 1991 450 2020 ut
475 1986 513 2019 in
537 1986 652 2020 Psalt.
679 1987 724 2020 de
751 1986 858 2020 Dom.
882 1986 966 2022 108.

254 2047 322 2087 Ad
340 2047 509 2096 Magnis.
531 2047 629 2087 Ant.
650 2045 890 2088 Deficiente
905 2047 1017 2096 vino,

197 2103 221 2128 *
235 2101 360 2154 jussit
374 2101 398 2142 J
400 2114 499 2143 esus
517 2101 686 2154 impleri
700 2101 879 2155 hydrias
894 2115 1017 2155 aqua,

200 2171 297 2211 quae
326 2158 369 2199 in
396 2158 543 2199 vinum
570 2160 781 2200 conversa
810 2164 890 2209 est,
918 2159 1017 2201 alle-

198 2214 293 2267 luja.

250 2274 298 2325 V.
313 2280 538 2330 Dirigatur
551 2279 740 2322 Domine
755 2281 896 2323 oratio
910 2294 1018 2323 mea.

201 2339 248 2390 131.
263 2335 383 2379 Sicut
393 2336 617 2378 incensum
626 2337 670 2378 in
682 2339 922 2390 conspectu
931 2343 1018 2380 tuo.

250 2407 396 2441 Deinde
425 2409 515 2441 fiunt
545 2417 738 2441 commem.
771 2415 808 2442 ut
834 2420 948 2453 supra
980 2412 1015 2446 in

201 2456 313 2498 Vesp.
340 2456 507 2489 subbati.
535 2453 606 2488 126.

251 2511 341 2544 Post
387 2511 569 2545 Octavam
617 2512 752 2554 Epiph.
804 2524 923 2557 usque
969 2517 1016 2550 ud

199 2559 387 2600 (mudum.
415 2560 568 2602 quando
596 2561 757 2593 occurrit
785 2562 862 2594 lieri
888 2563 932 2596 dc
952 2564 1017 2597 Fc-

200 2608 264 2645 ria‚
291 2608 328 2641 tit
353 2608 455 2641 «mic.
483 2614 522 2641 ut
548 2608 582 2641 in
611 2608 734 2642 l’salt..
763 2611 932 2652 exeeptis
960 2612 1016 2650 iis,

200 2667 284 2699 qua:
317 2662 401 2689 sunt
432 2657 598 2699 propriu.
646 2658 777 2690 Oratio
805 2668 894 2691 vero
927 2659 1017 2693 dici-

200 2712 259 2738 tur
284 2705 329 2738 de
357 2704 555 2738 Dominica
583 2706 822 2747 praecedenti.

1216 328 1400 364 Feria
1433 326 1729 363 Secunda.

1069 391 1106 430 D
1113 401 1136 430 e
1147 387 1346 440 Epistola
1353 387 1546 429 secunda
1555 386 1612 429 ad
1622 385 1881 429 Corinthios,

1171 458 1322 498 Lectio
1342 457 1365 497 i.
1630 456 1732 508 Cap.
1751 456 1787 495 3.

1120 524 1364 576 ncipimus
1399 527 1557 567 iterum
1587 527 1882 578 nosmetipsos

1116 585 1136 614 ὁ
1173 581 1502 623 commendate?
1555 586 1630 623 aut
1672 581 1883 634 numquid

1062 640 1239 689 egemus
1275 638 1403 688 (sicut
1438 637 1629 690 quidam)
1667 650 1881 680 commen-

1063 694 1227 736 datitiis
1265 694 1460 746 epistolis
1497 694 1554 736 ad
1585 707 1682 743 vos,
1722 699 1797 736 aut
1829 706 1883 736 ex

1062 750 1209 793 vobis?
1245 750 1445 803 Epistola
1477 756 1629 793 nostra
1654 763 1734 792 vos
1762 750 1883 801 estis,

1063 807 1226 860 scripta
1257 809 1301 849 in
1337 807 1543 849 cordibus
1576 807 1752 857 nostris,
1785 819 1883 860 quae

1063 864 1213 914 scitur,
1246 870 1289 907 et
1315 864 1472 915 legitur
1499 863 1554 905 ab
1581 863 1783 905 omnibus
1807 861 1883 904 ho-

1062 920 1263 962 minibus:
1282 920 1548 963 manifestati
1564 919 1683 973 quod
1699 919 1884 972 epistola

1065 978 1170 1019 estis
1188 977 1358 1027 Christi,
1378 977 1622 1018 ministrata
1640 989 1667 1018 a
1683 975 1821 1024 nobis,
1841 980 1884 1018 et

1064 1034 1226 1086 scripta
1243 1046 1331 1075 non
1351 1035 1604 1083 atramento,
1624 1032 1703 1075 sed
1721 1032 1885 1085 Spiritu

1063 1090 1146 1132 Dei
1173 1090 1273 1132 vivi:
1304 1103 1392 1132 non
1426 1091 1469 1131 in
1501 1089 1662 1132 tabulis
1689 1087 1885 1142 lapideis,

1064 1146 1143 1188 sed
1160 1147 1204 1188 in
1221 1146 1382 1188 tabulis
1402 1146 1548 1189 cordis
1569 1144 1825 1188 carnalibus

1124 1226 1174 1285 Ιῇ.
1192 1220 1332 1270 Quam
1354 1232 1511 1272 magna
1534 1218 1779 1261 multitudo·
1793 1218 1884 1260 dul-

1064 1277 1228 1319 cedmis
1253 1281 1340 1318 tuae
1362 1277 1563 1326 D6mine‚
1593 1277 1766 1327 *Quam
1789 1274 1884 1317 abs-

1065 1333 1252 1375 condisti
1272 1332 1524 1375 timentibus
1543 1332 1602 1375 te!
1644 1328 1694 1380 V.
1714 1332 1772 1373 Et
1789 1343 1885 1384 per-

1064 1390 1206 1432 fecisti
1228 1389 1291 1431 eis
1320 1390 1395 1442 qui
1412 1394 1591 1442 sperant
1612 1389 1656 1430 in
1674 1393 1719 1430 te
1737 1387 1886 1430 Domi-

1066 1459 1137 1497 ne,
1181 1447 1225 1487 in
1258 1448 1498 1499 conspectu
1530 1446 1719 1487 filiorum
1751 1444 1886 1487 homi-

1066 1517 1180 1545 num.
1209 1504 1359 1554 Quam.

1380 1592 1532 1633 Lectio
1552 1592 1590 1632 ii.

1073 1659 1347 1764 Fiduciam
1367 1664 1514 1700 autem
1532 1658 1665 1700 talem
1678 1657 1889 1700 habemus

1156 1729 1236 1770 per
1269 1716 1490 1757 Christum
1521 1714 1578 1757 ad
1609 1715 1766 1757 Deum:
1801 1727 1890 1757 non

1069 1773 1189 1827 quod
1225 1772 1489 1814 sufficientes
1524 1772 1660 1813 simus
1695 1771 1890 1823 cogitare

1068 1829 1232 1882 aliquid
1263 1842 1289 1871 a
1319 1828 1465 1878 nobis,
1502 1828 1628 1881 quasi
1660 1840 1715 1869 ex
1744 1827 1891 1870 nobis:

1070 1886 1148 1928 sed
1171 1885 1430 1927 sufficientia
1448 1890 1599 1927 nostra
1622 1897 1677 1927 ex
1692 1884 1789 1926 Deo
1810 1888 1891 1926 est:

1070 1943 1145 1995 qui
1168 1947 1212 1985 et
1234 1942 1418 1984 ideneos
1442 1954 1524 1984 nos
1546 1941 1650 1984 fecit
1667 1941 1891 1982 ministros

1069 2000 1172 2042 novi
1194 1999 1482 2049 Testamenti,
1508 2010 1597 2040 non
1622 1997 1784 2047 littera,
1812 1997 1892 2039 sed

1070 2056 1248 2110 Spiritu:
1269 2055 1415 2097 littera
1434 2055 1547 2097 enim
1567 2053 1743 2104 occidit,
1761 2053 1891 2107 Spiri-

1070 2119 1142 2155 tus
1163 2117 1310 2156 autem
1328 2111 1531 2153 vivificat.
1564 2110 1694 2162 Quod
1717 2111 1754 2152 si
1771 2110 1891 2152 mini·

1071 2169 1223 2212 stratio
1242 2169 1396 2210 mortis
1412 2167 1568 2209 litteris
1587 2167 1831 2209 deformata
1848 2167 1893 2208 in

1070 2225 1307 2280 lapidibus,
1326 2224 1406 2266 fuit
1426 2225 1470 2265 in
1488 2224 1642 2275 gloria,
1660 2224 1721 2266 ita
1739 2228 1788 2265 ut
1805 2236 1893 2265 non

1071 2287 1253 2337 possent
1276 2281 1500 2323 intendere
1524 2280 1601 2321 filii
1619 2280 1755 2322 Israel
1773 2281 1816 2321 in
1834 2280 1893 2322 fa-

1072 2340 1182 2382 ciem
1209 2338 1353 2391 Meysi
1381 2342 1564 2390 propter
1595 2336 1778 2388 gloriam
1805 2336 1894 2378 vul-

1071 2402 1142 2439 tus
1161 2395 1262 2447 ejus,
1283 2407 1380 2447 quae
1402 2395 1650 2436 evacuamr:
1671 2392 1893 2445 quomodo

1072 2465 1160 2494 non
1177 2451 1314 2503 magis
1333 2449 1595 2491 ministratio
1610 2449 1797 2502 Spiritus
1813 2449 1895 2492 erit

1073 2510 1116 2550 in
1134 2506 1293 2560 gloria?

1127 2582 1174 2633 R*-
1206 2580 1393 2632 Adiutor
1419 2592 1543 2621 meus
1571 2584 1683 2629 esto,
1710 2579 1844 2621 Deus:
1869 2575 1891 2598 *

1074 2638 1142 2680 Ne
1166 2636 1442 2689 derelinquas
1465 2648 1545 2678 me.
1576 2630 1623 2681 V.
1648 2635 1803 2687 Neque
1823 2634 1894 2677 de-

1074 2694 1234 2747 spicias
1266 2706 1336 2734 me
1368 2693 1488 2734 Deus
1525 2692 1727 2734 salutaris
1761 2703 1894 2733 meus.

1073 2752 1140 2796 Ne
1159 2750 1445 2802 derelinquas.
