2040 2990
717 196 823 230 Fcria
851 202 984 240 quarta
1013 198 1059 231 ud
1085 198 1321 233 Matutinum.

215 299 259 340 Si
278 298 504 347 dormiatis
522 298 635 339 inter
651 296 819 338 medios
835 296 988 346 cleros,

163 367 319 408 pennae
340 354 555 396 columbae
575 354 883 405 deargentatae,
902 354 925 378 *
945 357 989 394 et

163 411 409 465 posteriora
455 410 573 452 dorsi
616 411 705 462 ejus
741 410 784 450 in
820 409 988 462 pallore

163 481 266 510 aun.

214 525 332 566 Dum
376 523 582 565 discernit
624 522 816 564 coelestis
862 535 988 573 reges

163 594 295 634 super
328 594 438 630 eam,
470 580 568 621 nive
598 578 917 620 dealbabuntur
945 579 989 619 in

163 637 352 679 Selmon:
367 637 390 662 *
405 649 531 678 mons
549 636 644 685 Dei,
663 648 789 676 mons
806 635 988 688 pinguis.

213 694 340 735 Mons
361 692 630 744 coagulatus,
653 704 779 733 mons
803 692 988 744 pinguis:

163 752 187 777 *
205 755 253 792 ut
274 749 378 803 quid
398 749 677 803 suspicamini
699 754 871 790 montes
884 760 987 790 coa-

162 805 356 859 gulatos?

212 863 355 913 Mons,
377 864 425 924 jn
455 875 542 923 quo
569 862 894 940 beneplacitum
923 867 989 903 est

161 916 259 957 Deo
286 915 485 957 habltare
512 929 555 955 1n
584 927 652 956 eo:
723 917 882 956 etenim
901 915 987 955 Do-

160 973 302 1014 minus
320 971 534 1014 habitabit
553 972 596 1012 in
615 971 757 1012 finem.

215 1029 375 1070 Currus
394 1029 478 1070 Dei
498 1028 652 1070 decem
674 1027 863 1069 millibus
882 1028 987 1068 mul-

160 1086 314 1138 tiplex,
347 1085 481 1127 millia
508 1085 762 1127 laetantium:
789 1085 813 1110 *
840 1085 987 1126 Domi-

161 1155 242 1184 nus
260 1143 304 1183 in
324 1142 386 1183 eis
406 1142 449 1182 in
470 1142 570 1183 Sina
590 1142 633 1182 in
653 1146 816 1183 sancto.

214 1198 464 1240 Ascendisti
491 1199 535 1239 in
563 1198 708 1247 altum,
737 1199 892 1251 cepisti
921 1211 987 1239 ca-

161 1256 421 1308 ptivitatem:
440 1257 463 1282 *
483 1255 693 1308 accepisti
718 1254 833 1296 dona
851 1255 895 1296 in
914 1255 987 1296 ho-

161 1311 362 1353 minibus:

212 1369 385 1410 Etenim
407 1381 495 1409 non
524 1367 764 1417 credentes,
783 1368 806 1393 *
826 1367 988 1409 inhabi-

161 1427 256 1466 tare
275 1425 511 1465 Deminum
530 1424 683 1465 Deum.

214 1480 480 1522 Benedictus
507 1480 720 1521 Dominus
750 1479 820 1521 die
851 1482 988 1532 quoti-

163 1537 247 1579 die:
266 1537 289 1563 *
308 1539 572 1590 presperum
598 1537 680 1578 iter
708 1536 839 1578 faciet
862 1535 988 1578 nobis

161 1594 283 1635 Deus
303 1593 556 1635 salutarium
573 1595 834 1634 nostrerum.

212 1650 333 1691 Deus
369 1654 534 1699 noster,
582 1649 703 1691 Deus
741 1649 885 1690 salvos
931 1649 988 1690 fa-

163 1705 317 1748 ciendi:
336 1707 359 1732 *
380 1711 423 1747 et
446 1706 622 1747 Demini
646 1706 823 1747 Demini
849 1706 988 1747 exitus

161 1763 326 1804 mortis.

213 1820 527 1862 Verumtamen
578 1819 698 1860 Deus
747 1819 989 1869 confringet

163 1876 307 1929 capita
332 1876 603 1916 inimicorum
628 1877 823 1916 suerum:
847 1876 870 1901 *
896 1877 987 1916 ver-

161 1932 292 1973 ticem
329 1931 474 1984 capilli
513 1931 908 1984 perambulantium
945 1932 988 1972 in

163 1988 332 2030 delictis
361 1989 460 2030 suis.

214 2045 335 2087 Dixit
350 2045 461 2086 Dfis:
480 2045 546 2085 Ex
563 2045 707 2085 Basan
727 2046 988 2094 convertam,

162 2102 185 2127 *
205 2104 457 2143 convertam
476 2101 518 2142 in
538 2100 803 2154 profundum
821 2102 966 2142 maris:

217 2158 273 2200 Ut
292 2159 528 2208 intingatur
547 2171 626 2211 pes
646 2163 746 2199 tuus
763 2158 805 2198 in
821 2158 988 2207 sangui-

163 2227 232 2255 ne:
250 2215 273 2259 Υ
298 2214 443 2264 lingua
472 2227 626 2256 canum
653 2217 827 2256 tu6rum
854 2215 987 2255 inimi-

163 2271 236 2320 cis,
257 2270 310 2312 ab
331 2272 440 2323 ipso.

215 2327 430 2369 Viderunt
449 2328 669 2378 ingressus
691 2333 791 2369 tuos
811 2328 946 2376 Deus,
966 2328 989 2353 *

163 2384 382 2434 ingressus
411 2384 494 2425 Dei
522 2384 621 2425 mei:
641 2385 775 2434 Regis
803 2384 887 2424 mei
917 2384 989 2435 qui

165 2446 231 2481 est
249 2441 292 2481 in
312 2446 475 2482 sancto.

215 2497 525 2538 Praevenerunt
539 2497 758 2549 principes
774 2497 990 2547 conjt'mcti

164 2551 460 2604 psallentibus,
479 2554 502 2578 *
521 2553 564 2593 in
584 2552 728 2593 medio
747 2551 988 2604 juvencula-

165 2621 260 2649 rum
276 2609 686 2662 tympanistriarum.

215 2664 266 2704 In
295 2665 488 2706 ecclesiis
516 2664 761 2707 benedicite
782 2666 879 2706 Deo
902 2665 993 2711 Do-¹

162 2720 292 2770 mino,
311 2720 335 2747 *
354 2720 409 2762 de
430 2721 620 2763 fontibus
640 2721 786 2762 Israel.

1092 294 1159 336 Ibi
1190 293 1413 345 Beniamin
1445 292 1810 343 adolescentulus,
1843 293 1866 318 *

1040 352 1084 392 in
1102 350 1259 392 mentis
1280 351 1472 391 excessu.

1092 407 1318 459 Principes
1340 405 1468 455 Juda,
1497 406 1630 448 duces
1659 408 1824 447 eorum:
1843 405 1866 430 *

1041 464 1261 517 principes
1273 462 1482 512 Zabulon,
1494 463 1712 515 principes
1720 461 1866 514 Neph-

1041 521 1127 562 tali.

1093 576 1255 618 Manda
1278 577 1399 617 Deus
1428 576 1577 617 virtuti
1604 582 1704 618 tuae:
1724 578 1746 602 *
1768 589 1865 617 con-

1042 634 1166 675 firma
1184 633 1269 674 hoc
1288 633 1424 682 Deus,
1451 632 1568 685 quod
1593 636 1799 685 operatus
1820 646 1866 674 es

1040 691 1083 731 in
1103 690 1240 731 nobis.

1094 747 1134 787 A
1153 745 1319 798 templo
1338 750 1415 786 tuo
1435 746 1478 787 in
1492 746 1516 786 J
1520 746 1867 795 erusalem,*tibi

1043 803 1227 845 offerent
1246 815 1373 853 reges
1391 805 1582 843 munera.

1092 861 1277 912 Increpa
1297 859 1411 900 feras
1432 859 1667 909 arUndinis,
1690 872 1866 909 congre-

1041 917 1160 968 gatio
1187 917 1412 957 taurorum
1439 915 1482 956 in
1511 916 1655 957 vaccis
1683 916 1865 968 populo-

1042 987 1150 1015 rum:
1170 973 1193 998 *
1216 978 1264 1014 ut
1288 972 1522 1013 excludant
1547 985 1639 1022 eos⁷
1669 973 1740 1025 qui
1769 985 1866 1025 pro-

1040 1029 1133 1072 bati
1152 1034 1251 1071 sunt
1270 1030 1461 1080 argento.

1092 1086 1269 1138 Dissipa
1281 1085 1456 1135 Gentes
1470 1098 1566 1138 quae
1578 1085 1692 1127 bella
1703 1086 1867 1127 volunt:

1041 1143 1215 1184 venient
1230 1142 1361 1194 legati
1380 1155 1434 1183 ex
1445 1142 1655 1194 AEgypto:
1666 1143 1688 1167 *
1700 1142 1866 1183 AEthio-

1040 1200 1114 1252 pia
1132 1199 1371 1252 praeveniet
1389 1212 1542 1240 manus
1563 1199 1652 1250 ejus
1673 1199 1779 1240 Deo.

1092 1257 1245 1306 Regna
1259 1260 1399 1304 terrae,
1416 1258 1588 1296 cantate
1599 1256 1710 1296 Deo:
1721 1257 1744 1280 *
1755 1255 1866 1308 psal-

1041 1313 1116 1354 lite
1136 1312 1338 1353 Domino.

1092 1368 1270 1409 Psallite
1289 1369 1404 1417 Deo,
1429 1368 1501 1420 qui
1521 1367 1716 1409 ascendit
1736 1381 1867 1421 super

1042 1425 1202 1466 coelum
1223 1424 1333 1474 coeli,
1352 1425 1375 1449 *
1396 1423 1451 1465 ad
1472 1424 1704 1466 Orientem.

1093 1482 1208 1522 Ecce
1229 1479 1349 1522 dabit
1369 1480 1466 1521 voci
1492 1493 1582 1521 suae
1608 1493 1762 1522 vocem
1787 1482 1866 1521 vir-

1040 1538 1163 1587 tutis,
1191 1537 1292 1578 date
1320 1536 1502 1587 gloriam
1522 1537 1618 1578 Deo
1648 1550 1779 1589 super
1808 1538 1866 1578 Is-

1042 1594 1142 1644 rael,
1160 1595 1183 1619 *
1202 1593 1521 1644 magnificentia
1543 1594 1647 1645 ejus,
1668 1599 1711 1635 et
1730 1594 1866 1634 virtus

1043 1652 1132 1702 ejus
1152 1651 1193 1690 in
1213 1649 1412 1691 nubibus.

1093 1706 1303 1748 Mirabilis
1338 1707 1458 1747 Deus
1490 1707 1533 1746 in
1567 1707 1727 1747 sanctis
1761 1707 1865 1753 suis,

1041 1765 1163 1805 Deus
1178 1763 1313 1804 Isra’el
1332 1763 1428 1815 ipse
1449 1762 1569 1804 dabit
1588 1763 1801 1811 virtatem,
1822 1768 1865 1803 et

1042 1819 1338 1861 fortitudinem
1366 1818 1483 1871 plebi
1513 1832 1618 1868 suae,
1643 1820 1665 1844 *
1690 1818 1863 1860 benedi-

1042 1882 1137 1918 ctus
1156 1877 1289 1917 Deus.
1334 1876 1337 1879 '

1090 1935 1188 1976 Ant.
1230 1931 1483 1974 Benedicite
1522 1932 1686 1974 Gentes
1723 1933 1863 1974 Deum

1042 1995 1250 2031 nostrum.

1090 2048 1173 2088 Per
1195 2047 1379 2088 Annum.
1409 2042 1456 2094 V.
1486 2046 1606 2087 Deus
1629 2046 1761 2087 vitam
1779 2058 1865 2086 me-

1041 2117 1111 2144 am
1155 2103 1405 2144 annuntiavi
1445 2101 1534 2144 tibi.
1588 2104 1636 2154 Rv.
1676 2101 1865 2142 Posuisti

1040 2160 1241 2200 lacrimas
1269 2172 1389 2200 meas
1416 2159 1459 2199 in
1489 2161 1727 2211 conspectu
1754 2163 1841 2199 tuo.

1090 2217 1139 2256 ln
1169 2215 1383 2256 Adventu.
1413 2210 1461 2262 V.
1492 2214 1751 2265 Egredietur
1778 2214 1863 2254 Do-

1039 2272 1181 2312 minus
1205 2271 1260 2313 de
1283 2271 1383 2313 loco
1409 2277 1560 2313 sancto
1585 2284 1675 2312 suo.
1706 2272 1754 2322 R.
1780 2271 1863 2312 Ve-

1040 2328 1130 2369 niet
1156 2334 1204 2370 ut
1232 2328 1371 2369 salvet
1398 2328 1608 2380 pepulum
1637 2340 1771 2368 suum.

1091 2386 1174 2426 Pro
1216 2398 1299 2425 uno
1340 2385 1460 2424 Mart.
1518 2379 1563 2430 V.
1604 2384 1759 2434 Magna
1798 2389 1863 2425 est

1039 2439 1177 2489 gloria
1202 2441 1291 2492 ejus
1311 2441 1353 2481 in
1374 2441 1552 2482 salutari
1571 2445 1658 2481 tuo.
1690 2441 1734 2490 Rg.
1763 2440 1863 2481 Glo-

1039 2496 1147 2537 riam
1180 2502 1224 2538 et
1254 2510 1459 2547 magnum
1494 2496 1697 2538 decorem
1730 2497 1862 2548 impo-

1039 2565 1118 2593 nes
1147 2566 1278 2606 super
1306 2567 1415 2594 eum.

1092 2611 1175 2650 Pro
1205 2611 1311 2661 plur.
1342 2610 1462 2649 Mart.
1502 2603 1548 2654 Y'.
1579 2609 1688 2650 Justi
1717 2612 1859 2648 autem

1039 2666 1082 2707 in
1110 2667 1368 2718 perpetuum
1396 2666 1552 2706 vivent.
1583 2666 1631 2715 Rg.
1662 2665 1718 2704 Et
1745 2662 1860 2715 apud

1039 2721 1275 2764 Dominum
1302 2726 1369 2764 est
1395 2734 1562 2763 merces
1591 2722 1749 2762 cerum.
