2040 2990
707 208 749 241 In
775 208 836 243 die
862 208 1007 243 Octava
1030 210 1271 252 Epiphaniae.

1770 211 1888 249 279

360 304 409 343 111
436 304 486 343 II.
515 305 736 345 Nocturno.

141 364 292 407 Sermo
314 365 454 406 sancti
471 364 673 416 Gregerii
688 364 963 406 Nazianzeni.

293 426 393 461 Orat.
419 428 457 462 in
483 432 613 463 sancta
639 429 809 462 Lumina.

438 481 589 522 Lectio
609 482 660 521 iv.

165 543 189 583 'p
207 546 239 586 ἐς,
264 547 328 575 on
354 547 537 587 possum
567 534 770 576 cohibere
796 533 962 575 laetitiae

172 595 265 654 χ
288 591 576 644 voluptatem,
613 590 692 632 sed
718 595 863 631 mente
892 603 962 631 ex-

283 647 426 697 tenor,
447 652 490 689 et
508 647 689 700 afficior:
709 652 752 688 et
770 647 962 700 prepriae

139 704 390 757 pusillitatis
410 703 583 754 oblitus,
607 703 799 745 officium
817 704 962 754 magni

138 760 163 800 J
166 761 336 810 oannis,
379 760 468 802 imo
513 760 662 813 petius
706 760 962 801 famulatum

139 816 285 858 subire
303 816 533 867 contendo,
553 829 604 858 ac
622 816 779 868 gestio:
799 821 843 858 et
860 816 962 858 licet

138 885 226 914 non
250 874 332 914 sim
351 876 619 926 praecursor,
647 873 702 915 de
728 875 875 914 eremo
899 878 961 914 ta-

137 942 238 971 men
264 930 404 972 venio.
448 929 646 971 Christus
676 942 780 982 ergo
808 929 960 970 illumi-

136 987 282 1036 natur,
306 986 395 1028 imo
420 986 568 1039 petius
592 986 760 1038 fulgere
780 999 860 1027 suo
879 999 961 1027 nos

136 1041 363 1084 illuminat:
392 1042 591 1084 Christus
616 1042 880 1095 baptizatur,
908 1043 960 1084 si-

136 1098 227 1140 mul
252 1103 295 1141 et
318 1111 399 1140 nos
426 1098 761 1150 descendamus,
788 1104 837 1140 ut
862 1112 961 1141 cum

136 1155 235 1209 ipso
254 1156 419 1208 pariter
438 1156 735 1198 ascendamus.

189 1212 239 1264 R.
269 1211 534 1263 Illuminare,
566 1212 809 1254 illuminare
840 1213 960 1254 Jeru-

137 1268 283 1320 salem,
304 1269 407 1321 quia
424 1269 543 1311 venit
560 1269 636 1310 lux
655 1274 743 1311 tua:
757 1270 778 1293 *
795 1269 852 1311 Et
870 1269 960 1322 gle-

135 1325 200 1366 ria
217 1326 395 1367 Demini
414 1339 546 1379 super
564 1331 609 1368 te
629 1331 726 1368 orta
741 1331 818 1368 est.
838 1321 887 1372 V.
903 1327 961 1368 Et

135 1381 421 1424 ambulabunt
440 1383 605 1424 Gentes
626 1383 669 1423 in
688 1382 851 1424 lumine
871 1388 959 1433 tuo,

136 1442 180 1479 et
197 1450 323 1489 reges
342 1439 386 1480 in
405 1438 640 1491 splendere
660 1444 783 1481 ortus
803 1439 876 1480 tui.
902 1440 960 1481 Et

133 1494 284 1545 gleria.

444 1545 594 1587 Lectio
615 1559 650 1585 V.

135 1595 368 1703 Joannes
392 1603 603 1657 baptizat,
631 1609 674 1646 et
699 1603 869 1646 accedit
892 1605 916 1645 J
919 1618 958 1646 e-

214 1673 306 1711 sus,
332 1660 609 1702 sanctificans
634 1659 811 1712 quidem
831 1665 874 1702 et
896 1662 958 1714 ip-

135 1730 241 1768 sum,
261 1717 336 1770 qui
349 1716 556 1770 baptizat,
574 1719 797 1770 praecipue
812 1722 959 1759 tamen

134 1777 184 1814 ut
219 1778 264 1816 et
296 1774 492 1815 veterem
519 1772 663 1815 Adam
700 1774 883 1826 sepeliat
914 1774 958 1814 in

135 1830 277 1882 aquis,
305 1835 349 1872 et
372 1834 474 1871 ante
493 1830 652 1880 emnia,
680 1834 728 1872 ut
754 1843 834 1883 per
861 1830 957 1871 haec
1019 1837 1082 1882 ᾗ

135 1886 462 1928 sanctificentur
491 1899 618 1939 aquae
650 1885 870 1928 Jordanis:
910 1891 958 1927 ut
1018 1882 1093 1938 ij-“03

137 1942 249 1984 sicut
277 1946 371 1985 erat
395 1943 574 1996 spiritus
601 1947 645 1984 et
672 1955 790 1992 caro,
825 1942 886 1984 ita
914 1947 958 1983 et

133 1997 212 2048 his,
233 1999 306 2052 qui
323 1998 578 2052 baptizandi
592 2003 725 2049 erant,
744 1999 787 2039 in
802 1998 958 2051 spiritu

134 2058 179 2096 et
206 2068 320 2108 aqua
351 2055 707 2097 sanctificatienis
736 2055 956 2096 successio

133 2111 388 2154 traderetur.
420 2112 522 2153 Non
546 2112 728 2165 suscipit
745 2111 956 2163 Baptista,

134 2168 360 2210 contendit
378 2168 402 2209 J
405 2181 515 2210 esus.
543 2168 651 2220 Ego,
674 2167 824 2220 inquit,
844 2179 956 2219 opus

132 2222 275 2266 habeo
298 2237 324 2265 a
348 2228 393 2266 te
415 2223 641 2277 baptizari.
677 2224 877 2265 Lucerna
896 2222 956 2264 di-

135 2280 195 2321 cit
218 2280 275 2322 ad
292 2280 457 2331 Solem,
491 2285 535 2322 et
562 2294 650 2322 vox
677 2281 872 2333 lequitur
900 2279 956 2321 ad

133 2335 341 2378 Verbum.

187 2393 238 2444 R.
263 2394 426 2436 Omnes
450 2393 506 2436 de
529 2393 644 2435 Saba
666 2393 856 2443 venient,
885 2406 955 2434 au-

134 2462 230 2490 rum
248 2454 292 2491 et
309 2450 411 2492 thus
432 2450 695 2499 deferentes,
721 2454 764 2490 et
782 2448 956 2490 laudem

134 2505 325 2547 Demino
359 2507 678 2555 annuntiantes,
707 2505 731 2530 *
758 2505 955 2556 Alleluia,

134 2560 316 2613 alleluja,
335 2562 516 2613 alleluja.
547 2556 598 2608 V.
612 2563 757 2612 Reges
776 2561 955 2602 Tharsis

136 2622 179 2658 et
204 2617 358 2659 insulae
385 2621 566 2660 munera
597 2618 799 2667 efferent,
830 2629 956 2667 reges

134 2672 332 2714 Arabum
364 2678 407 2715 et
434 2674 548 2716 Saba
579 2674 695 2715 dona
726 2673 955 2715 adducent.

134 2729 332 2781 Alleluia,
350 2728 532 2782 alleluja,
550 2729 733 2781 alleluja.

1318 308 1467 349 Lectio
1489 310 1539 349 vi.

1018 367 1265 472 Ascendit
1291 371 1416 413 Jesus
1445 371 1499 413 de
1527 385 1655 424 aqua,
1689 387 1837 416 secum

1121 427 1450 479 quodammodo
1470 428 1715 471 demersum
1735 431 1836 473 edu·
1883 453 1885 481 ς

1017 495 1119 524 cens
1145 488 1188 525 et
1213 484 1387 526 elevans
1414 485 1637 527 mundum:
1667 492 1709 528 et
1728 487 1837 529 vidit

1015 551 1104 580 non
1150 540 1285 582 dividi
1331 541 1507 591 coelum,
1554 542 1631 584 sed
1668 545 1836 596 aperiri,

1017 595 1137 648 quod
1156 596 1238 638 sibi
1258 610 1309 638 ac
1327 597 1455 639 nobis
1469 603 1632 651 postse
1646 599 1836 652 aliquan-

1016 651 1074 693 do
1095 652 1240 694 Adam
1258 653 1330 695 ille
1350 655 1638 706 concluserat3
1664 656 1775 698 sicut
1794 662 1836 699 et

1014 710 1143 760 igneo
1164 709 1312 761 gladio
1331 711 1561 763 paradisus
1580 712 1720 754 fuerat
1739 726 1835 754 con-

1015 765 1173 806 clusus.
1218 766 1404 819 Spiritus
1438 773 1612 809 sanctus
1644 770 1836 811 testime-

1014 822 1133 862 nium
1147 822 1365 875 perhibet:
1380 824 1535 865 similia
1550 838 1737 877 namque
1754 826 1836 867 sibi

1013 877 1108 930 ipsa
1129 882 1403 921 concurrunt.
1430 881 1498 922 De
1516 881 1630 923 coelo
1644 882 1836 923 testime-

1013 934 1133 975 nium
1153 935 1359 977 defertur:
1384 937 1486 978 inde
1510 938 1624 979 enim
1644 942 1736 979 erat
1754 938 1835 988 ille,
1882 951 1884 954 ⁴

1014 992 1083 1032 cui
1101 992 1397 1034 testimenium
1415 994 1680 1046 perhibetur.

1068 1050 1116 1101 Κ.
1140 1048 1257 1099 Magi
1275 1050 1462 1091 veniunt.
1486 1051 1580 1091 255.

1228 1138 1277 1177 In
1303 1136 1373 1177 ΙΠ.
1401 1138 1621 1177 Nocturno.

1014 1204 1164 1246 Lectio
1188 1206 1327 1247 sancti
1347 1207 1572 1257 Evangelii
1596 1208 1835 1250 secundum

1312 1263 1338 1303 J
1340 1265 1535 1304 oannem.

1091 1330 1243 1371 Lectio
1266 1331 1331 1370 vii.
1555 1332 1657 1384 Cap.
1674 1334 1701 1371 1.
1719 1332 1755 1372 d.

1059 1410 1087 1436 n
1116 1396 1192 1438 illo
1227 1399 1443 1450 tempore:
1488 1398 1612 1440 Vidit
1642 1400 1667 1440 J
1670 1402 1833 1442 oannes

1076 1453 1101 1493 J
1103 1465 1226 1494 esum
1250 1454 1495 1495 venientem
1521 1455 1576 1496 ad
1599 1468 1662 1505 se,
1691 1462 1734 1498 et
1759 1458 1833 1498 ait:

1010 1509 1127 1551 Ecce
1158 1510 1310 1562 Agnus
1341 1510 1441 1560 Dei,
1479 1524 1581 1553 ecce
1615 1513 1688 1564 qui
1718 1513 1833 1554 tollit

1010 1568 1241 1618 peccatum
1259 1566 1419 1608 mundi.
1446 1567 1503 1609 Et
1521 1568 1699 1621 reliqua.

1116 1643 1305 1685 Homilia
1332 1645 1471 1687 sancti
1498 1645 1730 1697 Augustini

1312 1701 1532 1754 Episcopi.

1099 1770 1222 1805 Tract.
1246 1773 1276 1806 6.
1302 1771 1341 1805 in
1362 1771 1514 1812 Joann„
1540 1775 1625 1804 ante
1651 1771 1747 1804 med.

1096 1843 1139 1853 ψ
1158 1834 1366 1882 ntequam
1410 1833 1577 1871 veniret
1614 1831 1828 1873 Deminus

1080 1886 1145 1939 ³²:223
1174 1891 1223 1927 ut
1241 1886 1538 1938 baptizaretur
1557 1899 1582 1927 a
1600 1887 1625 1927 J
1627 1889 1767 1929 oanne
1787 1888 1830 1928 in

1174 1942 1199 1982 J
1201 1942 1380 1992 ordane‚
1407 1945 1591 1985 neverat
1619 1956 1718 1985 eum
1747 1943 1831 1985 illis

1009 1997 1211 2047 vecibus,
1242 1997 1317 2039 ubi
1341 1999 1417 2039 ait:
1448 1999 1517 2040 Tu
1541 1998 1597 2041 ad
1619 2012 1689 2041 me
1707 2001 1830 2041 venis

1008 2052 1246 2107 baptizari?
1279 2067 1360 2105 ego
1393 2067 1419 2096 a
1450 2060 1495 2096 te
1523 2055 1664 2098 debeo
1692 2055 1830 2108 bapti-

1009 2111 1110 2151 zari.
1144 2109 1231 2151 Sed
1255 2123 1358 2152 ecce
1376 2111 1611 2153 Deminum
1636 2115 1829 2162 neverat,

1008 2168 1191 2208 neverat
1213 2166 1371 2208 Filium
1394 2167 1488 2209 Dei.
1525 2167 1651 2210 Unde
1674 2168 1830 2221 proba-

1007 2235 1104 2263 mus
1130 2222 1250 2275 quod
1275 2224 1360 2275 jam
1385 2226 1584 2274 neverat,
1613 2225 1714 2277 quia
1735 2225 1830 2277 ipse

1008 2279 1254 2332 baptizaret
1276 2280 1320 2320 in
1344 2281 1507 2333 Spiritu
1531 2279 1706 2322 sancto?
1741 2281 1828 2321 An-

1007 2340 1185 2387 tequam
1216 2338 1383 2378 veniret
1412 2336 1468 2378 ad
1501 2337 1699 2386 fluvium,
1731 2349 1829 2378 cum

1007 2391 1208 2433 multi'ad
1221 2393 1246 2433 J
1249 2395 1434 2434 eunnem
1452 2395 1676 2434 currerent
1692 2392 1828 2445 bapti-

1007 2448 1112 2497 zari,
1139 2448 1200 2489 ait
1217 2448 1317 2490 illis:
1340 2449 1436 2500 Ego
1457 2448 1633 2501 quidem
1651 2448 1827 2501 baptizo

1007 2516 1087 2544 vos
1113 2504 1158 2544 in
1184 2517 1314 2556 aqua:
1350 2505 1423 2557 qui
1455 2510 1599 2546 autem
1630 2510 1733 2557 post
1759 2516 1827 2545 me

1007 2560 1134 2611 venit,
1152 2561 1290 2612 maior
1303 2574 1373 2602 me
1389 2565 1469 2602 est:
1490 2562 1609 2612 cujus
1627 2573 1714 2601 non
1732 2573 1827 2600 sum

1008 2615 1164 2668 dignus
1187 2617 1418 2668 corrigiam
1441 2616 1721 2658 calceamenti
1744 2614 1826 2656 sel-

1001 2685 1124 2714 vere:
1143 2673 1236 2725 ipse
1255 2685 1335 2714 vos
1354 2672 1594 2725 baptizabit
1608 2673 1650 2712 in
1665 2670 1826 2723 Spiritu

1007 2733 1172 2778 sancto,
1187 2733 1232 2770 et
1244 2728 1342 2779 igni.
1366 2729 1390 2769 J
1392 2741 1463 2769 am
1478 2733 1521 2769 et
1535 2727 1620 2769 hoc
1633 2729 1825 2767 neverat.
