2040 2990
187 235 256 271 348
644 236 744 269 Intra
773 235 1063 269 llcbdomudum
1091 234 1438 276 Quinquugcsimae.

189 333 347 375 vallem
378 332 589 375 Mambre:
627 334 647 355 ¹*
676 332 1017 390 AEdificavitque

189 390 249 432 ibi
268 390 405 431 altare
425 390 627 431 Damino.
660 390 707 435 N.
729 389 853 431 Dixit
871 394 1017 431 autem

190 446 406 488 Dominus
443 446 499 488 ad
542 459 655 488 eum:
704 446 824 488 Leva
866 445 1017 487 003108

190 508 302 552 1308,
322 507 365 544 61
383 502 497 544 vide:
517 516 691 545 omnem
706 508 869 545 terram
888 515 1018 554 quam

191 560 425 612 censpicis,
450 559 529 602 tibi
549 559 681 606 dabo,
707 565 750 601 et
768 559 922 601 semini
940 563 1017 600 tuo

191 616 235 656 in
254 616 578 669 sempiternum.
605 615 958 667 AEdificavitque.

504 675 653 714 Lectio
676 675 711 713 ii.

194 727 369 833 Unde
395 734 439 771 et
464 729 580 771 facta
604 734 670 771 est
695 729 789 770 rixa
811 729 923 770 inter
946 741 1019 781 pa-

297 787 439 828 810168
463 799 643 838 gregum
666 785 831 827 Abram
856 789 899 826 et
923 784 1020 826 Lot.

191 843 258 885 Eo
286 848 431 884 autem
455 844 655 895 tempore
681 841 953 884 Chananaeus
978 846 1021 884 et

192 900 453 941 Pherezaeus
472 898 729 940 habitabant
745 899 789 939 in
805 903 923 940 terra
938 897 1021 939 illa.

193 957 315 998 Dixit
330 969 435 1007 ergo
451 955 617 997 Abram
633 955 689 997 ad
703 955 803 997 Lot:
821 955 889 996 Ne
906 967 1021 1006 quae-

194 1026 244 1055 so
264 1013 320 1054 sit
337 1013 522 1064 jurgium
541 1013 653 1054 inter
672 1025 741 1053 me
761 1017 805 1053 et
823 1016 882 1062 16,
902 1015 946 1053 61
963 1011 1023 1052 111-

194 1075 262 1113 161
276 1071 479 1122 pastares
491 1081 625 1118 meos,
641 1074 684 1110 et
695 1070 896 1121 pastores
906 1073 1022 1109 tuos:

195 1127 350 1168 fratres
371 1126 484 1168 enim
503 1139 663 1167 sumus.
686 1126 802 1167 Ecce
822 1125 1023 1167 universa

194 1187 312 1226 terra
339 1195 487 1224 0013111
515 1188 560 1224 16
589 1187 670 1224 est:
703 1182 862 1224 recede
890 1195 915 1223 a
941 1194 1023 1232 1116,

197 1239 397 1281 008601οε
423 1239 459 1280 81
483 1238 539 1281 ad
562 1239 781 1280 sinistram
800 1238 916 1288 ieris,
941 1251 1023 1289 ego

198 1296 423 1338 dexteram
448 1295 625 1337 tenebo:
657 1296 695 1337 si
722 1301 770 1337 tu
798 1295 1024 1337 dexteram

197 1353 396 1405 elegeris,
416 1365 498 1405 ego
520 1352 577 1394 ad
595 1352 814 1394 sinistram
833 1364 1024 1404 pergam.

197 1409 391 1451 Elevatis
426 1412 573 1462 itaque
604 1409 691 1451 Lot
727 1409 879 1458 003118,
916 1408 1026 1450 vidit

199 1479 373 1508 omnem
410 1466 525 1508 circa
560 1466 785 1516 regionem
810 1465 1025 1515 Jordanis,

199 1535 298 1575 quae
309 1523 510 1564 universa
520 1522 782 1573 irrigabatur
791 1523 1026 1575 antequam

198 1579 474 1621 subverteret
492 1580 707 1620 Daminus
726 1578 964 1621 Sodomam
983 1583 1027 1620 et

199 1636 508 1685 Gomarrham,
542 1636 654 1677 sicut
680 1635 911 1688 paradisus
938 1636 1025 1676 Βό-

198 1692 320 1742 mini,
357 1697 401 1734 61
433 1693 545 1734 81031
572 1693 792 1745 ῘΕ3Ῡρ138
819 1692 1025 1733 venienti-

200 1749 281 1791 bus
313 1749 357 1790 in
384 1749 533 1800 Segor.
573 1748 803 1800 Elegitque
835 1748 918 1790 sibi
941 1748 1028 1790 Lot

200 1806 423 1857 regionem
456 1806 573 1847 circa
599 1805 852 1855 Jordanem,
885 1811 930 1847 et
962 1818 1025 1847 re·

201 1863 332 1904 cessit
351 1862 406 1904 ab
426 1862 616 1904 Oriente.

255 1920 304 1972 R.
333 1919 530 1962 Credidit
557 1919 724 1961 Abram
748 1919 862 1969 Deo,
891 1924 935 1961 61
964 1931 1027 1960 16-

201 1978 402 2029 putatum
430 1981 497 2018 est
525 1976 565 2018 61
592 1975 648 2018 ad
675 1976 897 2028 justitiam:
924 1979 946 2001 *
971 1975 1029 2017 Et

202 2032 302 2074 ideo
321 2035 485 2074 amicus
499 2033 583 2074 Dei
601 2033 742 2074 factus
761 2038 838 2074 est.
866 2030 912 2080 Υ.
930 2032 1029 2074 Fuit

203 2094 350 2131 autem
384 2090 522 2141 justus
559 2102 708 2131 coram
742 2089 949 2139 Ι)01111110,
986 2094 1030 2131 61

203 2144 442 2187 ambulavit
461 2146 503 2187 in
524 2146 605 2187 viis
626 2148 727 2198 ejus.
759 2147 815 2188 Et
833 2146 946 2189 ideo.

507 2204 657 2243 Lectio
682 2204 733 2242 iii.

294 2259 478 2311 ivisique
498 2264 597 2300 sunt
620 2259 876 2301 alterutrum
899 2273 925 2301 a
948 2260 1030 2301 fra-

307 2321 375 2357 tre
407 2328 498 2357 sno.
544 2315 712 2357 Abram
743 2316 957 2358 habitavit
986 2317 1030 2358 in

204 2378 322 2415 terra
346 2372 567 2413 Chanaan:
593 2371 679 2413 Lot
703 2385 809 2414 vero
834 2376 1030 2415 moratus

206 2435 273 2472 est
291 2429 334 2469 in
354 2427 540 2481 Oppidis,
562 2441 659 2480 quae
674 2434 798 2470 erant
812 2429 927 2470 circa
937 2430 961 2470 J
964 2442 1031 2471 or-

207 2486 384 2534 danem,
424 2490 467 2527 61
498 2484 714 2526 habitavit
743 2485 786 2525 in
817 2485 1032 2527 Sodomis.

207 2542 421 2584 Homines
440 2546 586 2583 autem
600 2540 839 2582 Sodomitae
855 2542 1033 2594 pessimi

208 2604 346 2648 erant,
372 2603 415 2639 61
438 2600 695 2650 peccatores
719 2610 866 2639 coram
884 2598 1032 2639 Dami-

208 2668 265 2697 no
297 2655 434 2696 11111118.
486 2655 694 2706 Dixitque
725 2654 938 2695 Daminus
977 2655 1034 2696 ad

209 2712 390 2760 Abram,
426 2716 661 2763 postquam
689 2710 855 2752 divisus
883 2715 950 2752 est
977 2711 1031 2753 ab

210 2781 264 2811 60
282 2768 382 2810 Lot:
409 2767 528 2810 Leva
553 2766 704 2809 003108
727 2772 844 2818 1308,
872 2772 915 2809 61
934 2767 1034 2811 vide

1068 344 1094 372 a
1112 331 1227 381 loco,
1250 331 1294 372 in
1314 345 1402 384 quo
1420 344 1534 373 nunc
1554 344 1616 381 68,
1638 331 1695 373 ad
1714 331 1892 384 Aquile-

1068 400 1168 429 116111
1187 393 1232 430 61
1249 388 1495 438 Meridiem‚
1524 387 1581 430 ad
1600 388 1824 430 Orientem
1850 393 1894 430 et

1070 444 1365 486 Occidentem.
1385 445 1570 487 Omnem
1579 449 1751 494 terram,
1764 458 1894 498 quam

1069 501 1303 554 censpicis,
1328 501 1408 543 tibi
1427 500 1558 551 dabo,
1585 507 1628 543 et
1646 502 1798 543 semini
1816 508 1893 543 tuo

1069 571 1209 610 usque
1226 558 1269 599 in
1289 558 1612 611 sempiternum.
1632 558 1895 611 Faciamque

1070 627 1219 656 semen
1238 621 1362 658 tuum
1380 615 1493 657 sicut
1511 615 1737 668 pulverem
1754 620 1896 656 terrae.

1128 674 1177 725 R.
1199 671 1405 714 Tentavit
1429 672 1643 713 Daminus
1661 671 1896 721 Abraham,

1072 734 1116 770 et
1140 729 1250 771 dixit
1273 728 1330 770 ad
1355 741 1470 771 eum:
1494 733 1516 755 *
1532 728 1658 770 Tolle
1676 728 1815 769 filium
1832 732 1896 770 tu-

1071 799 1155 836 um,
1176 799 1306 838 quem
1326 785 1480 836 diligis,
1503 786 1639 835 Isaac,
1663 790 1706 827 et
1725 784 1833 827 offer
1851 785 1896 826 il-

1071 843 1161 884 lum
1173 842 1234 884 ibi
1248 843 1291 883 in
1301 842 1608 884 holocaustum
1619 854 1751 895 super
1764 855 1898 883 unum

1071 899 1296 949 montium,
1317 912 1448 952 quem
1467 898 1620 940 dixero
1635 898 1726 940 tibi.
1752 894 1898 946 ,VVo-

1074 958 1199 998 catus
1229 968 1404 1008 quoque
1432 968 1457 996 a
1482 955 1689 1005 Damino,
1720 957 1898 1007 respen-

1074 1013 1154 1063 dit,
1196 1012 1381 1054 Adsum:
1423 1017 1466 1054 61
1503 1013 1563 1053 311
1600 1012 1640 1053 61
1674 1012 1899 1053 Βο11111138.

1074 1069 1212 1111 Tolle.
1245 1069 1395 1111 Gmria
1411 1069 1542 1111 Patri.
1569 1068 1706 1110 ToHe.

1130 1129 1198 1170 Ad
1228 1130 1397 1177 Magnis.
1443 1131 1541 1169 Ant.
1588 1128 1643 1168 Et
1680 1125 1754 1177 qui
1789 1137 1900 1178 prae-

1075 1184 1212 1234 ibant,
1235 1184 1259 1210 *
1282 1182 1567 1236 increpabant
1593 1195 1693 1224 eum
1716 1186 1765 1224 ut
1789 1182 1901 1223 tace-

1076 1246 1157 1283 ret:
1184 1242 1278 1294 ipse
1298 1252 1404 1281 vero
1426 1239 1564 1281 multo
1588 1239 1727 1290 magis
1746 1237 1901 1280 clama-

1075 1299 1166 1341 bat:
1183 1298 1391 1339 Miserere
1410 1297 1507 1346 mei,
1525 1295 1609 1337 Fili
1626 1294 1782 1338 David.

1268 1401 1450 1438 Feria
1483 1400 1717 1438 Tertia.

1285 1458 1351 1497 De
1370 1453 1482 1496 libro
1500 1453 1696 1495 Genesis.

1184 1518 1334 1559 Lectio
1356 1519 1379 1558 i.
1572 1517 1674 1569 Cap.
1691 1518 1748 1557 14.
1765 1516 1803 1558 0.

1088 1581 1183 1660 sit
1202 1576 1366 1628 egressi
1386 1580 1485 1618 sunt
1503 1588 1582 1617 rex
1600 1575 1905 1624 Sodomorum,

1103 1638 1149 1671 ⁵1³>
1181 1639 1225 1676 61
1242 1646 1320 1675 rex
1339 1632 1615 1683 Gomarrhae,
1634 1644 1799 1684 rexque
1815 1631 1904 1674 Ad-

1079 1703 1200 1741 amae,
1220 1695 1264 1732 et
1278 1703 1356 1732 rex
1369 1689 1558 1739 seboim,
1578 1701 1749 1730 necnon
1769 1692 1813 1730 et
1827 1700 1905 1730 rex

1079 1747 1218 1797 Balae,
1251 1759 1349 1800 quae
1383 1750 1451 1788 est
1477 1746 1630 1797 Segor:
1662 1750 1707 1787 61
1738 1744 1905 1786 direxe-

1079 1809 1180 1846 runt
1204 1804 1343 1845 aciem
1367 1807 1519 1845 contra
1538 1815 1615 1844 608
1634 1802 1679 1843 111
1697 1801 1810 1843 valle
1828 1801 1905 1842 Sil-

1080 1861 1228 1917 vestri:
1253 1860 1419 1902 scilicet
1438 1858 1648 1901 adversus
1668 1857 1905 1900 Chodorla-

1079 1918 1236 1960 11011101
1255 1929 1402 1968 1636111
1420 1916 1716 1965 Elamitarum,
1736 1920 1780 1957 et
1794 1914 1906 1956 Tha-

1082 1974 1154 2017 dal
1179 1986 1327 2025 regem
1353 1972 1571 2023 Gentium,
1599 1977 1643 2014 et
1667 1970 1907 2025 Amraphel

1081 2044 1229 2083 1636111
1256 2031 1464 2080 Sennaar,
1497 2034 1541 2071 et
1567 2028 1732 2070 Arioch
1758 2040 1907 2079 regem

1080 2088 1225 2130 Ponti:
1238 2089 1426 2140 quatuor
1436 2099 1562 2138 reges
1574 2085 1784 2127 adversus
1796 2085 1908 2137 quin-

1084 2157 1179 2198 que.
1206 2143 1346 2186 Vallis
1371 2148 1516 2185 autem
1534 2142 1754 2185 Silvestris
1778 2141 1906 2183 habe-

1081 2201 1158 2244 bat
1178 2204 1337 2254 puteos
1360 2200 1522 2242 multos
1547 2199 1781 2241 bituminis.
1824 2199 1907 2240 Ita-

1085 2270 1168 2311 que
1192 2270 1269 2299 rex
1293 2256 1603 2306 Sodomorum,
1633 2261 1676 2297 et
1701 2255 1907 2297 (10111011-

1083 2315 1152 2356 hae
1171 2318 1294 2365 terga
1312 2314 1550 2362 verterunt,
1570 2311 1908 2363 cecideruntque

1083 2371 1157 2413 ibi:
1190 2376 1233 2413 et
1262 2370 1335 2423 qui
1362 2372 1675 2418 remanserant,
1707 2368 1909 2420 fugerunt

1084 2428 1140 2470 ad
1175 2432 1380 2469 montem.
1432 2426 1647 2467 Tulerunt
1683 2430 1828 2467 autem
1866 2438 1908 2467 o-

1084 2497 1229 2526 mnem
1248 2483 1535 2525 substantiam
1554 2482 1847 2524 Sodomorum
1866 2486 1910 2523 et

1086 2539 1364 2589 Gomerrhae,
1404 2544 1447 2581 et
1484 2539 1687 2580 universa
1721 2551 1819 2591 quae
1853 2537 1910 2580 ad

1086 2598 1231 2640 cibum
1250 2596 1484 2650 pertinent,
1510 2600 1553 2637 et
1578 2595 1789 2637 abierunt:
1814 2607 1909 2636 nec-

1086 2667 1174 2696 non
1193 2659 1236 2695 et
1254 2653 1340 2694 Lot
1359 2658 1402 2694 et
1426 2651 1714 2693 substantiam
1734 2652 1839 2702 ejus,
1863 2651 1909 2692 fi-

1086 2711 1190 2752 lium
1212 2709 1357 2750 fratris
1376 2708 1559 2758 Abram,
1588 2708 1661 2760 qui
1685 2707 1911 2750 habitabat

1086 2768 1130 2810 in
1147 2766 1360 2811 Sedomis.
1398 2768 1448 2817 R.
1471 2765 1667 2817 Angelus
1694 2764 1791 2806 Dni.
1815 2765 1910 2806 344.

2033 2046 2040 2130 -—..-
2035 1969 2040 2029 —.-
2034 1899 2040 1943 —
2037 1853 2040 1873 .-
2035 1795 2040 1822 .-
2037 1718 2040 1727 -
