2080 2990
489 201 555 234 lm·
581 202 631 233 23.
658 201 740 234 dan.
792 201 830 233 ln
858 201 1122 234 (Iom'crsionc
1150 203 1183 233 S.
1214 202 1319 233 l'auli
1348 202 1536 243 Apostoli.

239 298 319 351 Qui
337 298 503 351 templa
523 298 623 340 coeli
643 298 858 348 clauditis,

287 355 506 406 Serasque
524 354 661 396 verbo
681 355 861 404 solvitis,

286 410 382 451 Nos
402 423 427 451 a
445 413 570 452 reatu
589 411 746 452 noxios

287 466 408 508 Solvi
426 466 582 518 jubete,
602 468 863 518 quaesumus.

240 533 463 584 Praecepta
482 543 669 582 quorum
687 531 887 584 protinus

286 587 493 638 Languor
511 587 717 638 salusque
739 587 944 637 sentiunt3

287 643 447 684 Sanate
465 648 635 685 mentes
654 641 897 693 languidas:

287 700 460 750 Augete
479 712 560 740 nos
579 698 828 740 virtutibus:

237 766 304 812 Vt,
324 776 423 805 cum
442 762 603 804 redibit
622 762 784 805 arbiter

287 821 338 860 In
358 819 443 860 fine
463 819 661 860 Christus
681 818 841 868 saeculi,

286 875 382 917 Nos
402 874 657 927 sempiterni
676 873 823 924 gaudii

288 930 513 972 Concedat
533 942 629 972 esse
650 932 890 982 compotes.

240 996 363 1046 Patri,
385 994 601 1046 simulque
620 994 744 1043 Filio,

286 1051 475 1103 Tibique
495 1056 645 1092 sancte
664 1051 863 1103 Spiritus,

286 1107 406 1149 Sicut
425 1107 515 1156 fuit,
535 1107 590 1148 sit
608 1106 764 1158 jugiter

285 1163 474 1205 Saeclum
492 1175 572 1215 per
592 1174 721 1204 omne
740 1162 889 1214 gloria.

468 1221 622 1260 Amen.

210 1278 257 1329 V.
293 1280 363 1320 Tu
396 1292 443 1321 es
475 1292 553 1320 vas
583 1278 807 1320 electionis
837 1283 987 1319 sancte

155 1336 289 1377 Paule
333 1335 562 1388 Apostole.
629 1340 672 1389 [ξ.
715 1334 987 1376 Praedicator

154 1392 352 1434 veritatis
380 1392 424 1432 in
451 1391 656 1441 universo
684 1389 860 1432 mundo.

212 1460 281 1500 Ad
306 1459 466 1499 Bened.
502 1461 598 1498 Ant.
636 1458 724 1497 Vos
751 1456 825 1507 qui
848 1456 987 1498 secuti

156 1513 262 1555 estis
282 1526 362 1563 me,
382 1511 592 1554 sedebitis
614 1525 746 1564 super
765 1511 905 1562 sedes,
928 1513 986 1564 ju-

157 1568 353 1611 dicentes
387 1567 622 1610 duodecim
657 1567 797 1609 tribus
834 1567 986 1615 Israel,

156 1623 261 1666 dicit
280 1625 505 1666 Dominus.

491 1692 652 1732 Oratio.

241 1759 334 1797 eus,
381 1746 456 1798 qui
490 1745 741 1787 universum
776 1743 986 1785 mundum

255 1802 376 1844 beati
399 1801 524 1843 Pauli
543 1800 751 1854 Apostoli
773 1799 984 1852 praedica-

153 1858 272 1900 tione
306 1857 510 1900 docuisti:
527 1874 530 1876 ’
551 1856 607 1898 da
644 1855 773 1898 nobis
814 1858 984 1907 quaesu-

154 1927 265 1964 mus;
290 1919 339 1955 ut
366 1914 440 1965 qui
465 1914 555 1965 ejus
574 1911 707 1954 hodie
727 1912 984 1953 Conversio-

153 1983 254 2011 nem
274 1970 472 2019 colimus,
494 1982 575 2022 per
594 1969 685 2019 ejus
705 1967 762 2009 ad
779 1974 824 2009 te
843 1969 985 2009 exem-

153 2025 228 2079 pla
245 2025 505 2077 gradiamur.
532 2025 617 2066 Per
634 2024 881 2065 Dominum.

206 2097 252 2130 Et
276 2097 315 2130 fit
340 2106 535 2130 commem.
562 2098 595 2129 S.
625 2096 651 2129 l
655 2097 732 2129 e·t1i.

209 2149 303 2188 A.nt
346 2147 411 2186 Tu
435 2157 482 2186 es
504 2149 659 2197 pastor
684 2143 847 2193 ovium,
869 2143 984 2195 prin-

156 2214 262 2254 ceps
303 2200 641 2264 Apostolorum,
685 2199 766 2241 tibi
808 2198 983 2240 traditae

155 2263 256 2299 sunt
280 2257 426 2299 claves
451 2256 573 2308 regni
597 2255 821 2297 coelorum.

208 2311 255 2361 V.
299 2313 369 2354 Tu
401 2325 449 2354 es
476 2313 644 2353 Petrus.
688 2316 733 2366 [ς.
769 2311 825 2352 Et
853 2322 985 2362 super

154 2369 267 2410 hane
289 2374 461 2422 petram
485 2367 717 2410 aedificabo
740 2366 985 2408 Ecclesiam

154 2437 307 2466 meam.

491 2478 562 2516 Or
555 2476 653 2516 itio.

244 2548 337 2585 eus,
362 2535 436 2587 qui
457 2535 591 2577 beato
610 2535 743 2576 Petro
763 2533 983 2598 Apostolo

267 2596 361 2640 tuo,
407 2591 578 2632 collatis
623 2590 818 2632 clevibus
864 2589 985 2639 regni

159 2646 366 2696 eoelestis,
411 2646 574 2697 ligandi
614 2651 746 2697 atque
787 2644 984 2686 solvendi

154 2702 429 2757 pontificium
446 2701 680 2744 tradidisti:
703 2700 911 2751 concede;
938 2706 985 2743 ut

1040 299 1365 342 intercessionis
1393 302 1482 351 ejus
1510 302 1688 352 auxilio,
1721 316 1746 344 a
1769 316 1868 356 pec-

1037 359 1240 397 catorum
1270 360 1520 399 nostrorum
1551 358 1734 400 nexibus
1765 359 1869 402 libe-

1041 413 1199 453 remur:
1227 413 1311 463 Qui
1333 413 1454 454 vivis.

1309 489 1376 525 Ad
1400 490 1602 527 Tertiam.

1098 548 1129 585 A
1139 561 1160 585 n
1169 556 1193 586 t.
1227 545 1429 587 Libenter
1450 546 1685 596 gloriabor.

1097 612 1200 662 (lapi
1208 619 1250 651 tu
1259 612 1265 649 l
1275 625 1354 650 um.
1369 610 1522 651 Saulus
1534 610 1677 653 adhuc
1688 613 1869 665 spirans.

1044 675 1089 707 ut
1110 681 1251 718 supra.
1275 667 1370 707 452.

1099 728 1146 777 κ.
1172 727 1233 765 br.
1264 726 1315 766 In
1344 739 1517 768 omnem
1544 732 1706 769 terram
1738 732 1757 750 *
1786 730 1868 770 Ex-

1040 779 1119 821 ivit
1134 793 1267 822 sonus
1284 785 1447 823 eorum.
1475 784 1525 823 In
1542 797 1725 825 omnem.
1756 781 1799 829 XI
1813 786 1869 827 Et

1041 835 1083 875 in
1108 836 1216 878 fines
1244 838 1362 879 orbis
1388 844 1518 880 terrae
1544 839 1679 881 verba
1707 843 1869 882 eorum.

1040 891 1196 954 Exivit.
1231 894 1378 935 (iloria
1396 895 1526 936 Patri.
1554 897 1604 936 In
1624 909 1808 938 omnem.

1098 952 1143 996 δ’.
1176 949 1427 992 Constitues
1453 964 1530 992 eos
1555 953 1776 1005 principes
1803 967 1869 993 su-

1040 1016 1120 1056 per
1149 1017 1322 1047 omnem
1349 1012 1522 1048 terram.
1581 1009 1622 1057 hs·-
1651 1009 1869 1050 Memores

1042 1066 1167 1102 erunt
1185 1063 1370 1103 nominis
1389 1064 1453 1104 tui
1473 1064 1672 1105 Domine.

1319 1140 1385 1175 Ad
1410 1140 1595 1177 Sextam.

1100 1200 1192 1238 Ant.
1223 1196 1374 1238 (iratia
1391 1196 1486 1238 Dei.

1147 1263 1401 1313 Capitulum.
1565 1263 1656 1300 Act.
1674 1266 1709 1299 Sl.
1729 1261 1762 1298 b.

1041 1316 1275 1423 Surrexit
1303 1326 1447 1362 autem
1475 1321 1631 1362 Saulus
1660 1320 1714 1362 de
1742 1327 1868 1371 terra,

1128 1379 1380 1429 apertisque
1401 1377 1538 1418 oculis
1557 1376 1662 1417 nihil
1681 1376 1869 1419 videbat.

1040 1432 1112 1474 Ad
1140 1447 1292 1474 manus
1319 1438 1465 1474 autem
1489 1433 1610 1473 illum
1635 1433 1869 1483 trahentes,

1039 1489 1374 1531 introduxerunt
1392 1490 1668 1530 Damascum.
1702 1490 1758 1531 Et
1777 1495 1869 1531 erat

1039 1545 1100 1587 ibi
1130 1545 1270 1587 tribus
1304 1545 1458 1587 diebus
1497 1558 1585 1586 non
1617 1545 1786 1595 videns,
1827 1551 1869 1587 et

1038 1614 1125 1642 non
1145 1601 1439 1651 manducavit,
1458 1614 1600 1653 neque
1619 1601 1741 1642 bibit.

1098 1662 1143 1711 li·
1167 1661 1226 1701 br.
1262 1657 1514 1698 Constitues
1544 1670 1620 1698 eos
1648 1657 1869 1709 principes

1040 1721 1060 1740 ³·
1094 1713 1235 1765 Super
1272 1725 1446 1754 omnem
1477 1718 1648 1754 terram.
1700 1713 1867 1753 Consti-

1037 1774 1146 1810 tues.
1191 1769 1236 1818 Y.
1271 1769 1491 1809 Memores
1524 1774 1649 1809 erunt
1680 1768 1866 1808 nominis

1037 1825 1100 1866 tui
1127 1825 1326 1866 Domine.
1366 1824 1517 1876 Super.
1563 1824 1711 1865 (iloria
1735 1824 1865 1864 Patri.

1039 1881 1301 1922 Constitues.

1092 1936 1139 1983 V.
1157 1936 1297 1977 Nimis
1315 1936 1519 1977 honorati
1538 1941 1638 1977 sunt
1658 1936 1785 1976 amici
1802 1935 1866 1976 tui

1036 1993 1168 2033 Deus.
1230 1996 1277 2044 Rg.
1313 1992 1454 2032 Nimis
1491 1992 1763 2033 confortatus
1800 1996 1866 2032 est

1035 2048 1306 2100 principatus
1327 2050 1488 2089 eorum.

1314 2124 1381 2160 Ad
1405 2125 1589 2160 Nonam.

1092 2183 1188 2221 Ant.
1224 2183 1307 2221 Ter
1325 2180 1458 2231 virgis
1478 2193 1618 2222 caesus
1638 2192 1745 2220 sum.

1143 2246 1402 2297 Capitulum.
1559 2246 1652 2284 Act.
1669 2248 1705 2282 ἑ).
1722 2244 1761 2283 d.

1040 2303 1230 2408 Saulus
1258 2310 1405 2346 autem
1430 2305 1568 2346 multo
1598 2306 1736 2356 magis
1765 2317 1864 2346 con-

1120 2361 1387 2411 valescebat,
1413 2366 1456 2402 et
1480 2360 1776 2402 confundebat
1794 2361 1864 2400 Ju-

1036 2416 1174 2467 daeos,
1195 2417 1270 2469 qui
1287 2416 1544 2459 habitabant
1562 2416 1782 2461 Damasci,
1807 2416 1864 2456 af-

1035 2473 1212 2514 firmans
1240 2473 1445 2525 quoniam
1470 2473 1541 2513 hic
1566 2477 1632 2513 est
1656 2472 1864 2513 Christus.

1092 2537 1140 2586 Κ.
1178 2535 1239 2575 br
1289 2533 1431 2574 Nimis
1466 2532 1669 2573 honorati
1703 2537 1804 2572 sunt
1841 2531 1861 2551 *

1035 2589 1178 2630 Amici
1202 2589 1265 2630 tui
1290 2589 1422 2630 Deus.
1458 2588 1608 2628 Nimis.
1652 2580 1700 2631 Χ
1723 2587 1862 2627 Nimis

1035 2645 1307 2686 confortatus
1327 2649 1393 2686 est
1411 2643 1682 2696 principatus
1701 2645 1862 2683 eorum.

1033 2700 1186 2744 Amici.
1219 2700 1368 2745 (ζτΙότίει
1386 2699 1514 2743 Patri.
1542 2699 1693 2742 Nimis.
