2040 2990
571 223 575 233 ’
610 226 679 260 Dic
705 227 762 261 30.
788 228 885 262 Nov.
932 228 966 262 S.
993 228 1159 262 Androne
1184 230 1374 272 Apostoli.

190 320 242 360 In
272 332 446 361 omnem
478 325 639 362 terram
668 321 802 362 exivit
829 332 963 362 sonus

141 378 306 418 eerum:
336 377 360 403 *
393 381 436 418 et
466 378 510 418 in
541 377 651 419 fines
684 377 802 419 orbis
832 382 962 419 terrae

139 432 274 475 verba
293 435 455 474 eerum.

189 490 241 530 In
265 489 357 531 sole
380 490 528 542 pesuit
549 489 877 532 tabernaculum
896 503 963 531 su-

139 559 231 587 um:
261 547 285 571 *
317 551 361 588 et
391 547 485 599 ipse
521 551 745 599 tamquam
776 559 963 599 sponsus

140 602 384 655 procedens
404 603 458 645 de
476 602 669 645 thalamo
689 615 784 644 suo:

191 659 438 701 Exsultavit
469 664 521 701 ut
547 659 670 710 gigas
703 659 760 701 ad
791 661 961 701 curren-

140 715 242 757 dam
259 716 389 766 viam,
408 716 432 742 *
451 728 476 757 a
495 729 664 757 summo
687 715 801 758 coelo
822 718 962 767 egres-

140 772 205 813 sio
225 773 331 824 ejus:

190 829 248 870 Et
272 832 480 870 occursus
505 829 595 880 ejus
617 841 756 881 usque
776 828 832 870 ad
851 842 962 869 sum-

140 898 258 927 mum
273 886 377 937 ejus:
394 886 418 912 *
437 898 518 927 nec
538 890 605 927 est
625 885 698 938 qui
717 898 763 927 se
783 884 962 927 abscen-

140 941 215 983 dat
235 954 260 982 a
278 941 423 984 calere
443 942 543 994 ejus.

190 998 283 1039 Lex
297 998 474 1039 Demini
490 998 768 1040 immaculata
787 1000 963 1039 conver-

139 1058 236 1096 tens
255 1054 435 1095 animas:
444 1055 468 1081 *
478 1055 774 1096 testimenium
788 1055 964 1096 Demini

143 1110 288 1161 fidele,
324 1111 581 1164 sapientiam
617 1116 832 1164 praestans
867 1113 963 1164 par-

140 1167 262 1208 vulis.

190 1223 216 1264 J
218 1224 377 1266 ustitiae
391 1224 568 1265 Demini
582 1229 726 1274 rectae,
744 1224 963 1265 laetifican-

139 1284 207 1322 tes
243 1279 394 1322 corda:
426 1281 449 1307 *
481 1283 752 1333 praeceptum
788 1281 962 1321 Demini

139 1336 346 1387 lucidum
364 1336 610 1378 illuminans
630 1336 792 1378 eculos.

167 1426 170 1429 ⁴
192 1393 344 1435 Timor
370 1393 547 1434 Demini
574 1397 764 1442 sanetus,
796 1395 963 1452 perma-

139 1462 246 1490 nens
273 1449 317 1490 in
345 1449 552 1491 saeculum
581 1449 743 1491 saeculi:
761 1450 785 1475 *
807 1449 965 1501 judicia

139 1505 226 1546 Dfii
250 1518 370 1555 vera,
397 1506 628 1557 justificata
650 1505 694 1546 in
719 1508 964 1558 semetipsa.

190 1561 509 1604 Desiderabssia
527 1574 658 1615 super
676 1575 829 1603 aurum
846 1567 890 1604 et
906 1562 964 1603 la-

139 1617 286 1670 pidem
304 1618 546 1671 pretiesum
564 1618 762 1660 multum:
776 1619 800 1644 *
815 1623 859 1660 et
873 1618 964 1660 dul-

140 1674 259 1715 ciera
278 1687 410 1727 super
427 1674 514 1716 mel
533 1679 577 1716 et
595 1675 751 1716 favum.

191 1731 364 1772 Etenim
387 1743 539 1773 servus
562 1737 663 1773 tuus
687 1731 878 1773 custedit
902 1744 964 1781 ea,

139 1786 164 1812 *
198 1787 242 1828 in
279 1786 576 1830 custodiendis
610 1787 695 1829 illis
735 1787 963 1830 retributio

140 1843 287 1885 multa.

191 1899 364 1941 Delicta
384 1900 480 1952 quis
498 1899 719 1951 intelligit?
746 1900 800 1942 ab
821 1900 962 1941 occul-

139 1955 195 1996 tis
213 1956 321 1997 meis
343 1956 505 1998 munda
523 1969 606 1998 me:
625 1957 648 1983 *
668 1961 712 1998 et
735 1956 789 1998 ab
814 1956 963 1997 alienis

141 2024 273 2064 parce
292 2025 420 2054 servo
439 2017 526 2054 tuo.

191 2069 237 2110 Si
250 2069 336 2110 mei
349 2081 437 2110 non
451 2069 609 2110 fuerint
625 2068 844 2118 dominati,
859 2073 962 2110 tunc

140 2124 442 2166 immaculatus
467 2138 558 2167 ero:
577 2126 600 2151 *
624 2130 668 2167 et
693 2124 962 2167 emundabor

140 2193 166 2221 a
185 2180 344 2223 delicto
363 2181 565 2223 maximo.

191 2237 248 2279 Et
266 2243 392 2279 erunt
410 2243 459 2279 ut
473 2238 775 2290 complaceant
790 2238 963 2290 elequia

141 2293 228 2334 oris
246 2294 345 2335 mei:
364 2294 387 2319 *
408 2299 451 2335 et
470 2294 695 2336 meditatio
715 2294 859 2336 cordis
877 2295 963 2336 mei

139 2349 183 2390 in
202 2352 442 2402 conspectu
460 2355 536 2392 tuo
557 2363 740 2403 semper.

191 2405 378 2447 Demine
401 2406 572 2459 adjutor
595 2420 733 2456 meus,
752 2408 776 2432 *
800 2412 843 2448 et
867 2406 961 2448 red-

142 2462 314 2514 emptor
332 2475 465 2504 meus.

190 2515 289 2556 Ant.
325 2518 447 2560 Vidit
474 2519 687 2561 Deminus
714 2520 891 2561 Petrum
920 2524 962 2560 et

141 2572 373 2623 Andream‚
397 2579 440 2616 et
459 2576 635 2617 vocavit
654 2588 740 2617 eos

190 2628 290 2668 Ant.
323 2631 477 2673 Venite
502 2638 606 2685 post
631 2647 719 2683 me,
747 2633 853 2675 dicit
875 2634 961 2674 De-

140 2685 298 2736 minuS,
320 2686 476 2729 faciam
499 2701 579 2731 vos
602 2690 697 2731 fieri
720 2690 961 2742 piscateres

141 2741 375 2783 heminum.

1291 327 1488 367 Psalmus
1509 331 1571 367 2353.

1103 376 1326 419 enedicam
1359 379 1595 420 Deminum
1637 380 1681 421 in
1723 381 1839 422 omni

1117 435 1329 486 tempore:
1361 435 1384 461 ²⁸¹
1417 448 1590 488 semper
1621 436 1714 478 laus
1747 438 1838 489 ejus

1015 504 1058 531 m
1087 503 1164 531 ore
1191 503 1302 532 meo.

1065 547 1115 587 In
1123 547 1313 589 Demino
1322 547 1569 590 laudabitur
1579 550 1720 590 anima
1727 562 1837 591 mea:

1015 603 1038 628 *
1058 602 1237 644 audiant
1255 605 1481 653 mansueti,
1501 610 1543 646 et
1562 605 1773 647 laetentur.

1066 659 1344 710 Magnificate
1358 661 1594 702 Deminum
1613 674 1798 703 mecum:
1814 662 1837 688 *

1016 721 1059 758 et
1095 716 1336 758 exaltemus
1373 730 1533 759 nomen
1571 719 1660 770 ejus
1697 719 1740 759 in
1776 718 1836 760 id-

1015 775 1169 825 ipsum.

1066 830 1294 882 Exquisivi
1303 830 1549 881 Deminum‚
1565 837 1607 873 et
1619 831 1839 873 exaudivit

1015 899 1101 927 me:
1126 887 1149 912 *
1177 892 1219 928 et
1245 900 1299 928 ex
1327 888 1527 930 emnibus
1553 888 1838 930 tribulatieni-

1015 942 1098 983 bus
1116 944 1224 984 meis
1242 946 1400 997 eripuit
1418 958 1499 986 me.

1066 999 1278 1042 Accedite
1312 1001 1368 1042 ad
1401 1014 1520 1051 eum,
1554 1006 1597 1042 et
1630 1001 1838 1042 illumina-

1015 1055 1136 1095 mini:
1164 1057 1188 1083 *
1213 1061 1256 1098 et
1282 1057 1416 1099 facies
1436 1062 1595 1099 vestrae
1624 1070 1711 1098 non
1740 1070 1838 1098 con-

1017 1111 1259 1154 fundentur.

1067 1168 1158 1209 Iste
1168 1182 1336 1222 pauper
1347 1170 1561 1220 clamavit,
1573 1176 1616 1212 et
1624 1171 1838 1211 Deminus
1886 1200 1888 1205 ,

1017 1224 1237 1266 exaudivit
1258 1227 1411 1267 eumz*
1427 1231 1470 1268 et
1485 1226 1538 1268 de
1555 1227 1754 1268 emnibus
1769 1227 1838 1268 tri-

1016 1280 1310 1323 bulatienibus
1331 1283 1421 1334 ejus
1441 1283 1624 1324 salvavit
1645 1297 1753 1324 eum.

1067 1338 1277 1380 Immittet
1292 1339 1486 1390 Angelus
1506 1340 1681 1381 Demini
1699 1340 1742 1380 in
1762 1340 1838 1381 cir-

1017 1394 1136 1435 cuitu
1155 1395 1400 1436 timentium
1424 1409 1541 1437 eum:
1566 1398 1589 1424 *
1615 1402 1658 1437 et
1685 1397 1839 1449 eripiet

1017 1462 1104 1491 eos,

1070 1506 1256 1549 Gustate
1280 1514 1322 1550 et
1347 1507 1492 1550 videte
1516 1509 1721 1560 queniam
1744 1511 1838 1550 sua-

1016 1565 1081 1606 vis
1110 1569 1177 1605 est
1194 1564 1425 1606 Deminus:
1449 1565 1472 1590 *
1490 1565 1645 1606 beatus
1670 1566 1744 1615 vir,
1766 1566 1839 1618 qui

1016 1626 1164 1673 sperat
1190 1621 1232 1661 in
1262 1633 1325 1662 eo.

1067 1677 1238 1720 Timete
1260 1677 1496 1719 Deminum
1524 1691 1674 1720 omnes
1702 1680 1839 1720 sancti

1017 1735 1126 1786 ejus:
1162 1735 1185 1760 *
1226 1735 1430 1787 queniam
1466 1748 1553 1776 non
1590 1740 1656 1776 est
1692 1736 1838 1787 inepia

1014 1791 1267 1832 timentibus
1296 1804 1404 1832 eum.

1068 1848 1237 1888 Divites
1266 1849 1474 1897 eguerunt
1505 1851 1548 1888 et
1580 1847 1836 1888 esurierunt:

1015 1903 1038 1930 *
1056 1903 1325 1955 inquirentes
1340 1907 1486 1944 autem
1500 1903 1735 1944 Deminum
1750 1916 1835 1944 non

1015 1961 1260 2001 minuentur
1280 1960 1397 2000 omni
1413 1959 1542 2001 bono.

1065 2017 1223 2058 Venite
1237 2015 1326 2065 filii,
1341 2015 1488 2058 audite
1503 2029 1588 2058 me:
1602 2017 1835 2058 *timerem

1014 2072 1191 2113 Demini
1210 2071 1380 2113 docebo
1402 2084 1490 2113 vos

1066 2129 1173 2178 Quis
1193 2132 1259 2169 est
1281 2127 1413 2170 homo
1440 2129 1513 2180 qui
1536 2128 1629 2170 vult
1647 2130 1793 2170 vitam:
1812 2130 1835 2154 *

1015 2184 1153 2235 diligit
1172 2183 1265 2226 dies
1284 2184 1432 2226 videre
1450 2184 1615 2226 bonos?

1064 2239 1254 2282 Prehibe
1272 2240 1462 2291 linguam
1482 2246 1601 2282 tuam
1621 2254 1646 2282 a
1664 2241 1793 2282 malo:
1811 2240 1835 2266 *

1014 2302 1057 2338 et
1075 2296 1190 2338 labia
1208 2302 1283 2339 tua
1300 2311 1354 2339 ne
1374 2298 1608 2350 loquantur
1627 2298 1785 2339 dolum.

1064 2353 1243 2395 Diverte
1263 2367 1288 2395 a
1311 2354 1437 2404 malo,
1463 2360 1506 2396 et
1528 2355 1595 2396 fac
1613 2354 1792 2396 bonum:
1811 2355 1834 2380 *

1012 2410 1181 2461 inquire
1201 2423 1367 2462 pacem,
1388 2415 1431 2452 et
1447 2413 1709 2463 persequere
1729 2424 1834 2452 eam.

1066 2465 1193 2507 Oculi
1211 2467 1387 2508 Demini
1412 2480 1544 2519 super
1566 2467 1718 2519 justos:
1743 2468 1766 2493 *
1791 2472 1834 2508 et

1013 2534 1139 2563 aures
1161 2523 1251 2573 ejus
1270 2523 1312 2563 in
1332 2535 1486 2574 preces
1507 2525 1667 2564 eerum.

1063 2578 1223 2619 Vultus
1251 2585 1396 2621 autem
1414 2579 1591 2620 Demini
1618 2592 1749 2631 super
1775 2579 1831 2620 fa-

1013 2634 1175 2675 cientes
1194 2635 1323 2675 mala:
1346 2636 1370 2661 *
1395 2640 1443 2677 ut
1467 2635 1622 2688 perdat
1641 2634 1695 2677 de
1719 2640 1832 2676 terra

1011 2691 1266 2732 memeriam
1294 2693 1453 2732 eerum.

1064 2746 1369 2789 Clamaverunt
1401 2748 1517 2798 justi,
1550 2752 1593 2789 et
1619 2746 1830 2788 Deminus
