2080 2990
223 228 323 272 [220]

275 324 443 364 Memor
481 321 564 362 erit
600 320 644 360 in
677 318 887 360 saeculum
919 322 1051 359 testa-

222 379 356 420 menti
376 378 456 419 sui:
476 378 498 402 *
519 377 727 417 virtutem
749 377 933 427 operum
955 375 1051 415 suo-

222 448 319 476 rum
336 432 610 475 annuntiabit
627 430 795 484 populo
815 443 911 472 suo:

274 491 333 532 Ut
373 489 448 531 det
484 489 568 529 illis
600 486 906 528 haereditatem
939 486 1051 526 Gen-

222 547 346 587 tium:
374 548 397 572 *
426 548 561 597 (Spera
589 545 797 584 manuum
825 543 915 594 ejus
944 540 1051 581 veri-

221 608 301 651 tas,
321 607 363 644 et
382 601 599 653 judicium.

273 658 441 699 Fidelia
454 656 601 698 emnia
611 654 818 696 mandata
830 654 934 705 ejus:
950 664 1050 693 con-

222 715 395 755 firmata
413 714 457 754 in
482 712 691 753 saeculum
711 710 875 758 saeculi,
894 711 918 735 *
937 709 1051 750 facta

222 771 264 811 in
284 770 470 812 veritate
490 773 534 810 et
554 768 772 820 aequitate.

276 825 644 878 Redemptionem
654 823 772 864 misit
780 821 946 875 pepulo
957 833 1051 862 suo:

222 885 246 910 *
264 882 488 923 mandavit
513 881 556 921 in
581 881 794 920 aeternum
819 878 1051 919 testamen-

222 944 315 980 tum
335 951 472 979 suum.

274 995 491 1043 Sanctum,
508 998 551 1034 et
566 990 760 1033 terribile
775 1002 935 1031 nomen
947 990 1052 1041 ejus:

222 1053 245 1077 *
264 1051 433 1092 initium
458 1049 686 1102 sapientiae
709 1047 842 1088 timor
860 1045 1052 1087 Demini.

274 1107 528 1148 Intellectus
568 1105 711 1146 bonus
754 1102 957 1144 omnibus
993 1102 1051 1143 fa-

223 1163 438 1206 cientibus
460 1175 573 1203 eum:
591 1162 615 1186 *
634 1160 829 1202 laudatio
855 1160 946 1211 ejus
965 1171 1052 1199 ma-

221 1226 296 1261 net
314 1220 358 1260 in
378 1218 588 1260 saeculum
608 1216 768 1258 saeculi.

282 1276 378 1315 Ant.
403 1274 636 1315 Miserator
663 1272 878 1314 Dominus
907 1284 1053 1312 escam

223 1331 345 1374 dedit
372 1330 627 1373 timentibus
654 1342 701 1370 se
727 1329 771 1369 in
795 1327 1054 1370 memoriam

222 1390 401 1430 suorum
420 1386 693 1427 mirabilium.

280 1446 378 1484 Ant.
400 1443 593 1485 Calicem
613 1441 827 1483 salutaris.

493 1501 691 1541 Psalmus
713 1501 790 1539 115.

231 1552 469 1658 Credidi,
496 1558 680 1606 propter
719 1552 839 1605 quod
879 1552 1054 1593 locutus

320 1624 435 1651 sum:
465 1611 489 1634 *
518 1622 600 1660 ego
628 1614 774 1651 autem
802 1608 1054 1649 humiliatus

225 1679 321 1707 sum
345 1666 483 1707 nimis.

276 1723 370 1773 Ego
383 1722 474 1763 dixi
488 1722 531 1762 in
543 1722 727 1762 excessu
741 1720 887 1762 meoz*
899 1719 1053 1761 Omnis

225 1778 357 1819 homo
376 1777 577 1819 mendax.
791 1822 795 1827 ,

277 1834 391 1884 Quid
420 1833 657 1875 retribuam
684 1832 893 1881 Domino,
918 1832 942 1857 *
970 1845 1052 1884 pro

224 1890 436 1939 emnibus‚
466 1903 564 1942 quae
585 1888 785 1930 retribuit
804 1887 931 1929 mihi?

278 1946 469 1987 Calicem
488 1945 690 1986 salutaris
710 1945 938 1997 accipiam:
962 1944 985 1969 *
1010 1948 1054 1985 et

224 2015 382 2043 nomen
402 2002 580 2042 Domini
598 2000 828 2042 invocabo.

275 2059 393 2099 Vota
424 2070 522 2099 mea
553 2058 653 2098 Dfio
687 2056 871 2098 reddam
904 2069 1053 2098 coram

226 2114 344 2155 omni
356 2113 522 2166 pepulo
537 2114 643 2165 ejus:
657 2114 680 2138 *
694 2113 890 2165 pretiosa
902 2113 947 2153 in
961 2126 1055 2154 con-

226 2171 380 2222 spectu
397 2169 485 2209 Dfii
503 2182 622 2210 mors
641 2171 893 2210 sanctorum
913 2169 1019 2220 ejus:

279 2226 316 2267 O
327 2226 425 2266 Dfie
437 2225 537 2277 quia
548 2237 629 2275 ego
642 2237 794 2266 servus
804 2230 920 2266 tuus:
934 2226 957 2250 *
970 2238 1052 2276 ego

226 2294 378 2323 servus
397 2286 508 2330 tuus,
529 2286 572 2322 et
590 2280 705 2321 filius
724 2281 893 2322 ancillae
912 2286 1012 2323 tuae.

277 2337 492 2390 Dirupisti
510 2336 682 2377 vincula
706 2350 818 2378 mea:
840 2338 864 2362 *
888 2337 967 2379 tibi
988 2350 1053 2379 sa-

227 2392 435 2435 crificabo
450 2392 641 2434 hostiam
658 2392 811 2442 laudis,
831 2398 876 2434 et
894 2406 1053 2435 nomen

228 2449 406 2490 Demini
424 2447 654 2489 invocabo.

278 2504 397 2545 Vota
423 2516 521 2545 mea
546 2504 646 2544 Dfio
678 2502 860 2544 reddam
885 2504 928 2544 in
955 2517 1054 2546 con-

228 2561 381 2611 spectu
396 2560 538 2600 omnis
552 2558 706 2611 pepuli
720 2559 826 2610 ejus:
839 2559 916 2599 *in
933 2561 1054 2601 atriis

228 2615 385 2656 domus
399 2615 496 2662 Dfii,
508 2615 551 2654 in
566 2614 712 2655 medio
725 2614 787 2655 tui
801 2614 1054 2656 Jerusalem.

286 2671 385 2711 Ant.
399 2670 591 2710 Calicem
611 2670 814 2711 salutaris
832 2671 1054 2722 accipiam,

228 2731 271 2767 et
290 2725 546 2767 sacrificabo
566 2726 754 2767 hostiam
773 2725 926 2767 laudis.

542 227 717 261 Officium
743 226 917 259 votivum
943 223 988 257 de
1014 223 1069 257 Ss.
1095 221 1348 255 Eucharistiae
1372 221 1631 255 Sacramento.

1163 318 1261 357 Ant.
1281 316 1403 359 Sicut
1421 316 1608 371 novellae
1627 315 1853 357 olivarum.

1380 373 1578 413 Psalmus
1599 373 1681 413 127.

1196 429 1284 471 eati
1303 441 1468 478 omnes,
1489 427 1563 480 qui
1585 427 1742 469 timent
1762 427 1890 476 Dum,
1914 428 1939 454 *

1214 485 1288 538 qui
1307 484 1533 526 ambulant
1550 484 1595 525 in
1613 483 1695 524 viis
1715 483 1818 535 ejus.

1155 541 1354 583 Laberes
1386 542 1595 582 manuum
1628 541 1803 581 tuarum
1837 538 1939 591 quia

1103 597 1409 639 manducabis:
1434 598 1458 624 *
1483 596 1640 638 beatus
1665 608 1729 645 eS‚
1759 599 1802 636 et
1825 594 1939 637 bene

1103 654 1183 696 tibi
1204 654 1296 696 erit.

1155 711 1279 752 Uxor
1300 714 1376 751 tua
1397 709 1510 751 sicut
1530 708 1631 750 vitis
1651 706 1891 757 abundans,
1914 708 1938 734 *

1104 767 1147 807 in
1166 765 1376 808 lateribus
1397 764 1556 807 domus
1574 770 1674 806 tuae.

1157 822 1255 864 Filii
1278 822 1341 863 tui
1366 821 1480 863 sicut
1502 820 1691 862 novellae
1715 819 1940 868 olivarum,

1105 881 1128 905 *
1148 879 1191 922 in
1213 878 1399 920 circuitu
1418 890 1583 919 mensae
1602 882 1702 918 tuae.

1156 935 1273 976 Ecce
1310 934 1374 975 sic
1410 933 1698 975 benedicetur
1729 932 1884 981 homo,
1915 931 1939 958 *

1107 991 1182 1043 qui
1204 991 1330 1032 timet
1353 990 1603 1031 Deminum.

1157 1046 1400 1088 Benedicat
1419 1046 1499 1088 tibi
1514 1045 1731 1087 Dominus
1751 1057 1806 1086 ex
1820 1044 1940 1086 Sion:

1107 1104 1130 1129 *
1155 1108 1199 1144 et
1223 1102 1375 1144 videas
1401 1103 1518 1145 bona
1536 1100 1781 1143 Jerusalem
1806 1100 1941 1142 omni-

1107 1159 1190 1201 bus
1210 1159 1365 1200 diebus
1384 1159 1488 1200 vitae
1507 1163 1607 1200 tuae.

1158 1216 1215 1256 Et
1235 1214 1386 1256 videas
1407 1215 1522 1256 filios
1542 1214 1732 1256 filiorum
1752 1214 1941 1263 tuerum,

1106 1273 1129 1297 *
1147 1284 1304 1324 pacem
1323 1284 1456 1325 super
1475 1270 1623 1311 Israel.

1166 1328 1267 1368 Ant.
1281 1328 1405 1369 Sicut
1419 1326 1606 1370 novellae
1623 1326 1848 1375 olivarum,
1861 1325 1942 1367 Ec-

1107 1384 1253 1425 clesiae
1278 1384 1357 1425 filii
1383 1385 1470 1426 sint
1494 1384 1539 1424 in
1567 1383 1753 1425 circuitu
1775 1394 1942 1423 mensae

1107 1440 1295 1482 Domini.

1170 1500 1269 1539 Ant.
1293 1497 1374 1547 Qui
1393 1508 1560 1550 pacem.
1754 1546 1759 1551 θ

1381 1553 1578 1594 Psalmus
1602 1551 1687 1592 147.

1115 1606 1282 1713 Euda
1326 1607 1571 1649 Jerusalem
1616 1606 1873 1648 Duminum:
1916 1607 1941 1632 ¹⁸¹

1202 1667 1226 1692 *
1254 1664 1385 1706 lauda
1412 1665 1557 1706 Deum
1583 1669 1710 1706 tuum
1736 1663 1852 1705 Sion.

1161 1721 1379 1771 Quoniam
1402 1720 1668 1762 confortavit
1696 1732 1818 1760 seras
1841 1731 1941 1772 por-

1107 1778 1251 1818 tarum
1286 1779 1481 1818 tuarum:
1517 1778 1541 1803 *
1575 1774 1804 1818 benedixit
1839 1774 1942 1816 filiis

1108 1833 1195 1874 tuis
1222 1833 1267 1873 in
1294 1838 1349 1874 te.
1478 1869 1482 1871 .

1161 1889 1245 1938 Qui
1271 1889 1421 1941 posuit
1448 1888 1558 1929 fines
1586 1892 1688 1930 tuos
1716 1900 1890 1941 pacem:
1918 1889 1943 1915 ¹⁸²

1109 1949 1153 1986 et
1181 1943 1314 1997 adipe
1341 1944 1548 1986 frumenti
1575 1944 1707 1986 satiat
1733 1949 1789 1986 te.

1161 2001 1247 2050 Qui
1271 2001 1429 2042 emittit
1457 1999 1682 2053 eloquium
1706 2013 1834 2042 suum
1858 2005 1942 2042 ter-

1108 2069 1187 2097 rae:
1214 2058 1237 2083 *
1264 2056 1474 2099 velociter
1503 2057 1638 2107 currit
1665 2069 1810 2098 sermo
1840 2058 1942 2109 ejus.

1161 2113 1245 2163 Qui
1279 2112 1356 2154 dat
1391 2113 1536 2154 nivem
1572 2113 1686 2155 sicut
1718 2113 1882 2154 lanam:
1918 2114 1942 2139 '⁸‘

1108 2168 1314 2210 nebulam
1339 2169 1452 2211 sicut
1479 2171 1671 2211 cinerem
1699 2169 1877 2222 spargit.

1159 2226 1293 2267 Mittit
1308 2225 1565 2278 crystallum
1580 2238 1704 2266 suam
1719 2225 1832 2268 sicut
1846 2225 1943 2267 buc-

1109 2281 1258 2322 cellas:
1286 2282 1309 2321 ?
1334 2286 1435 2322 ante
1463 2281 1619 2322 faciem
1647 2281 1821 2332 frigoris
1850 2283 1941 2334 ejus

1110 2337 1207 2390 quis
1236 2335 1491 2378 sustinebit?

1160 2394 1343 2435 Emittet
1366 2393 1550 2436 verbum
1574 2406 1712 2444 suum,
1739 2398 1782 2435 et
1805 2393 1940 2446 lique-

1108 2449 1241 2491 faciet
1265 2462 1333 2491 ea:
1361 2450 1383 2475 *
1409 2449 1532 2490 flabit
1557 2449 1736 2502 spiritus
1762 2451 1869 2501 ejuS‚
1898 2454 1941 2491 et

1109 2506 1246 2547 fluent
1273 2518 1412 2558 aquae.

1161 2561 1246 2611 Qui
1269 2561 1495 2602 annuntiat
1517 2561 1702 2602 verbum
1726 2575 1854 2603 suum
1871 2562 1897 2603 J
1899 2575 1940 2603 a-

1109 2617 1208 2659 cob:
1221 2618 1245 2642 *
1259 2617 1456 2669 justitias,
1473 2622 1516 2658 et
1530 2616 1689 2669 judicia
1704 2630 1783 2659 sua
1792 2617 1940 2658 Israel.

1160 2673 1262 2714 Non
1281 2673 1384 2714 fecit
1404 2672 1550 2714 taliter
1570 2674 1689 2713 omni
1712 2673 1894 2715 natieni:
1917 2675 1940 2699 *

1109 2734 1152 2770 et
1171 2728 1329 2780 judicia
1349 2741 1428 2769 sua
1447 2741 1534 2770 non
1553 2729 1851 2770 manifestavit
1866 2729 1940 2770 eis.
