2040 2990
676 230 777 263 Infra
805 230 1097 263 Hebdomadam
1123 229 1409 271 Sexagesimae.·

463 328 490 364 S
508 340 534 365 a
552 329 578 364 b
596 329 622 365 b
641 340 667 365 a
682 333 698 365 t
715 340 752 366 o.

390 388 459 427 De
486 384 599 426 libro
628 385 824 427 Genesis.

292 445 444 485 Lectio
466 445 489 485 i.
743 446 845 498 Cap.
864 447 911 485 11.

294 511 331 539 ae
347 503 447 539 sunt
466 498 773 549 generationes
788 499 903 540 Sem:
922 498 1022 540 Sem

311 560 404 596 erat
431 560 605 597 centum
631 557 860 604 annorum,
891 568 1022 607 quan-

192 610 250 652 do
272 612 421 662 genuit
442 611 700 664 Arphaxad,
725 611 900 653 biennio
920 617 1023 664 post

192 667 413 709 diluvium.
433 669 644 720 Vixitque
660 669 770 717 Sem,
786 674 1023 720 postquam

191 725 340 775 genuit
353 724 606 778 Arphaxad,
624 725 869 776 quingentis
885 725 1024 766 annis:

193 786 236 823 et
256 782 405 832 genuit
425 781 539 823 filios
562 787 605 823 et
624 781 747 822 filias.
784 782 923 823 Porro
943 782 1022 822 Ar-

191 838 369 891 phaxad
386 838 492 879 vixit
511 838 688 888 triginta
705 838 896 890 quinque
917 838 1022 888 anis,

193 900 236 936 et
253 895 401 946 genuit
415 895 524 936 Sale.
543 895 754 947 Vixitque
769 895 1023 948 Arphaxad,

192 957 430 1005 postquam
471 952 620 1004 genuit
657 952 775 1002 Sale,
816 953 1023 994 trecentis

191 1007 331 1050 tribus
358 1009 495 1049 annis:
524 1014 567 1050 et
591 1009 741 1059 genuit
768 1008 882 1050 filios
909 1014 953 1051 et
976 1009 1022 1050 fi-

192 1065 283 1107 lias.
311 1065 409 1107 Sale
431 1078 606 1118 quoque
628 1065 734 1106 vixit
755 1066 932 1116 triginta
952 1079 1022 1107 an-

190 1122 268 1172 nis,
289 1127 332 1163 et
351 1122 501 1173 genuit
515 1121 676 1164 Heber.
695 1122 906 1175 Vixitque
924 1123 1022 1165 Sale

192 1184 429 1231 postquam
453 1179 602 1230 genuit
626 1178 793 1230 Heber,
820 1179 1022 1232 quadrin-

191 1236 332 1286 gentis
351 1235 492 1277 tribus
512 1236 651 1277 annis:
677 1242 721 1278 et
739 1237 888 1288 genuit
907 1237 1022 1278 filios

193 1296 237 1334 et
257 1292 379 1333 filias.

246 1353 293 1403 R.
322 1349 556 1391 Benedixit
574 1349 707 1391 Deus.
735 1352 829 1392 336.

500 1409 651 1449 Lectio
672 1409 709 1447 ii.

282 1463 362 1504 ixit
384 1468 531 1504 autem
550 1463 700 1505 Heber
722 1465 899 1515 triginta
921 1468 1022 1518 qua-

301 1524 402 1561 tuor
430 1521 573 1570 annis,
603 1525 645 1562 et
673 1522 821 1572 genuit
848 1521 1022 1574 Phaleg.

191 1575 248 1617 Et
283 1576 390 1617 vixit
418 1576 570 1618 Heber
604 1582 841 1630 postquam
873 1580 1023 1630 genuit

192 1631 373 1684 Phaleg,
399 1633 726 1685 quadringentis
751 1635 928 1686 triginta
951 1649 1022 1677 an-

192 1689 274 1730 nis:
301 1694 343 1730 et
366 1690 515 1740 genuit
539 1690 653 1731 filios
678 1696 721 1732 et
743 1691 866 1732 filias.
899 1693 1023 1735 Vixit

194 1758 370 1797 quoque
397 1746 562 1798 Phaleg
592 1747 769 1798 triginta
800 1749 942 1799 annis,
980 1754 1023 1791 et

191 1803 340 1853 genuit
358 1803 465 1845 Reu.
492 1803 703 1857 Vixitque
722 1804 885 1857 Phaleg
903 1811 1022 1858 post—

193 1872 324 1911 quam
345 1861 494 1911 genuit
513 1861 620 1910 Reu,
643 1860 844 1903 ducentis
863 1875 1022 1904 novem
1059 1902 1062 1905 ,

193 1916 327 1966 annis,
348 1922 392 1958 et
407 1918 557 1968 genuit
571 1917 745 1960 filios-et
760 1918 882 1960 filias.
900 1919 1023 1962 Vixit

193 1977 339 2014 autem
363 1974 461 2015 Reu
484 1975 663 2026 triginta
687 1975 862 2017 duobus
888 1977 1022 2027 annis,

194 2034 237 2070 et
255 2030 405 2080 genuit
419 2031 567 2082 Sarug.
593 2031 717 2073 Vixit
733 2045 910 2086 quoque
925 2033 1023 2075 Reu

193 2090 428 2137 postquam
455 2088 605 2137 genuit
632 2089 789 2140 Sarug,
822 2089 1022 2132 ducentis

195 2147 366 2194 septem
385 2144 522 2184 annis:
548 2149 591 2185 et
608 2145 759 2195 genuit
778 2146 894 2187 filios
914 2152 957 2188 et
976 2147 1022 2188 fi-

194 2198 285 2240 lias.
304 2199 428 2241 Vixit
446 2213 552 2242 vero
567 2201 707 2252 Sarug
725 2202 902 2253 triginta
918 2204 1022 2254 anis,

195 2259 239 2296 et
261 2256 410 2306 genuit
428 2256 618 2298 Nachor.
654 2258 864 2311 Vixitque
883 2260 1023 2312 Sarug

194 2316 430 2365 postquam
448 2314 597 2364 genuit
614 2314 803 2365 Nachor,
823 2315 1022 2359 ducentis

195 2369 333 2410 annis:
358 2374 402 2410 et
420 2370 569 2420 genuit
588 2370 703 2412 filios
724 2376 767 2413 et
786 2372 908 2414 filias.

177 2472 178 2475 Ἴ
248 2429 298 2479 R.
327 2426 443 2467 Ecce
463 2439 556 2478 ego.
584 2427 677 2467 336.

498 2485 648 2525 Lectio
669 2485 721 2524 iii.

197 2539 363 2646 Vixit
391 2545 538 2581 autem
563 2540 741 2581 Nachor
769 2541 921 2593 viginti
949 2554 1022 2583 no-

304 2608 403 2637 vem
436 2597 578 2645 annis,
614 2602 659 2638 et
690 2598 839 2647 genuit
866 2597 1022 2639 Thare.

195 2653 405 2705 Vixitque
423 2653 600 2694 Nachor
621 2658 857 2706 postquam
876 2655 1023 2704 genuit

195 2710 360 2760 Thare,
397 2715 571 2751 centum
603 2709 757 2751 decem
789 2715 832 2751 et
864 2723 1023 2751 novem

196 2768 336 2809 annis:
365 2772 408 2809 et
428 2767 575 2819 genuit
594 2766 708 2809 filios
729 2771 772 2809 et
790 2766 912 2808 filias.
948 2767 1022 2809 Vi·

1075 330 1225 380 xitque
1244 328 1390 371 Thare
1409 331 1685 382 septuaginta
1704 329 1838 379 annis,
1859 333 1903 371 et

1074 385 1224 435 genuit
1243 385 1420 435 Abram,
1439 391 1483 428 et
1500 385 1689 436 Nachor,
1709 391 1752 428 et
1771 386 1902 427 Aran.

1075 442 1158 483 Hae
1180 447 1280 483 sunt
1301 447 1447 484 autem
1468 442 1771 494 generationes
1789 442 1902 484 Tha-

1074 511 1140 539 re:
1168 498 1314 540 Thare
1338 499 1487 549 genuit
1509 499 1691 549 Abram,
1714 499 1903 549 Nachor,

1076 560 1120 597 et
1145 555 1276 596 Aran.
1322 556 1461 598 Porro
1487 556 1607 598 Aran
1634 556 1782 607 genuit
1806 557 1903 598 Lot.

1075 612 1365 664 Mortuusque
1393 618 1460 654 est
1484 614 1605 654 Aran
1632 618 1733 654 ante
1757 613 1903 655 Thare

1075 674 1248 721 patrem
1276 683 1419 720 suum,
1447 670 1491 710 in
1518 675 1636 712 terra
1662 669 1903 712 nativitatis

1077 739 1167 767 suae
1186 726 1229 766 in
1248 726 1309 768 Ur
1328 726 1647 768 Chaldaeorum.
1675 726 1905 768 Duxerunt

1076 787 1222 824 autem
1250 783 1419 824 Abram
1449 789 1493 825 et
1520 782 1697 825 Nachor
1727 785 1904 825 uxores:

1075 852 1234 881 nomen
1251 841 1402 881 uxoris
1417 840 1593 890 Abram,
1612 840 1749 881 Sarai:
1768 844 1812 882 et
1829 852 1903 882 no-

1075 908 1175 937 men
1207 897 1356 938 uxoris
1383 896 1580 947 Nachor,
1613 896 1785 938 Melcha
1816 896 1905 938 filia

1075 953 1195 994 Aran
1219 954 1358 1006 patris
1381 953 1581 1003 Melchae,
1609 958 1652 995 et
1674 953 1812 1006 patris
1837 953 1862 994 J
1864 965 1904 995 e-

1076 1010 1205 1052 schae.
1258 1011 1364 1052 Erat
1401 1016 1547 1052 autem
1576 1011 1698 1052 Sarai
1734 1009 1904 1060 sterilis,

1075 1080 1156 1109 nec
1174 1067 1365 1109 habebat
1384 1067 1559 1109 liberos.

1124 1126 1173 1177 Rg.
1197 1124 1248 1165 In
1267 1124 1464 1166 articulo.
1483 1135 1579 1162 cum
1601 1124 1755 1165 Gloria
1773 1123 1904 1165 Patri.

1076 1181 1208 1223 Uxor.
1226 1182 1267 1220 in
1289 1180 1383 1220 fine.
1413 1183 1507 1222 338.

1351 1304 1380 1342 S
1399 1304 1510 1341 abb
1529 1308 1630 1340 ato

1170 1361 1283 1395 autc
1322 1355 1805 1405 Quinquagesimam.

1308 1431 1386 1472 Ad
1409 1432 1674 1483 vesperas.

1144 1494 1401 1545 Capitulum.
1611 1493 1638 1532 1.
1660 1491 1755 1532 Cor.
1777 1493 1832 1532 13.

1079 1577 1086 1591 ν
1163 1564 1318 1600 ratres:
1346 1558 1391 1599 Si
1416 1558 1573 1610 linguis
1598 1557 1823 1599 hominum
1845 1557 1904 1599 lo-

1105 1621 1149 1661 55'
1181 1629 1300 1668 quar,
1318 1620 1361 1657 et
1376 1614 1657 1666 Angelorum,
1677 1614 1904 1657 caritatem

1075 1677 1222 1713 autem
1256 1684 1344 1713 non
1381 1670 1589 1721 habeam,
1628 1671 1771 1712 factus
1808 1684 1904 1712 sum

1075 1729 1194 1770 velut
1229 1741 1291 1770 aes
1326 1741 1507 1778 sonans,
1544 1732 1619 1769 aut
1656 1726 1903 1780 cymbalum

1074 1786 1272 1827 tinniens.

1387 1841 1596 1891 Hymnus.

1197 1911 1267 1939 am
1286 1898 1354 1939 sol
1372 1897 1540 1939 recedit
1558 1899 1726 1949 igneus:

1211 1956 1281 1997 Tu
1299 1955 1375 1996 lux
1392 1954 1595 2008 perennis
1614 1954 1779 2005 Unitas,

1176 2013 1363 2062 Nostris,
1381 2011 1513 2054 beata
1530 2010 1733 2062 Trinitas,

1179 2069 1365 2111 Infunde
1383 2068 1531 2110 lumen
1549 2067 1768 2110 cordibus.

1128 2135 1192 2178 Te
1211 2148 1338 2177 mane
1357 2134 1535 2176 laudum
1554 2134 1756 2185 carmine,

1180 2193 1246 2234 Te
1266 2192 1555 2245 deprecamur
1574 2193 1773 2244 vespere,

1178 2249 1380 2300 Digneris
1399 2254 1447 2290 ut
1466 2254 1510 2290 te
1531 2247 1753 2301 supplices

1177 2305 1427 2347 Laudemus
1446 2306 1559 2346 inter
1578 2304 1759 2346 co'elites.

1130 2370 1254 2421 Patri,
1274 2370 1490 2422 simulque
1510 2369 1633 2419 Filio,

1178 2427 1368 2480 Tibique
1388 2431 1537 2468 sancte
1556 2426 1754 2479 Spiritus,

1177 2484 1298 2526 Sicut
1315 2483 1406 2532 fuit,
1426 2484 1483 2525 sit
1500 2484 1656 2535 jugiter

1177 2540 1366 2583 Saeclum
1384 2553 1464 2592 per
1483 2552 1612 2582 omne
1631 2540 1780 2591 gloria.

1386 2597 1539 2638 Amen.

1132 2648 1181 2699 V.
1211 2654 1478 2706 Vespertina
1512 2654 1656 2695 oratio
1693 2654 1903 2696 ascendat

1075 2711 1132 2753 ad
1164 2715 1208 2752 te
1240 2710 1438 2752 Domine.
1494 2711 1542 2763 R.
1574 2711 1631 2752 Et
1663 2710 1902 2753 descendat

1075 2780 1208 2822 super
1225 2780 1308 2810 nos
1327 2766 1629 2810 misericordia
1646 2771 1732 2809 tua.
