2040 2990
164 196 209 230 96
767 195 936 228 Subbuto
964 193 1011 227 ad
1037 193 1272 227 Matutinum.

428 290 624 329 Psalmus
647 292 742 329 lot).

173 342 585 448 Misericordiam,
632 352 675 388 et
713 346 919 398 judicium
964 347 986 371 *

290 405 478 447 cantabo
507 404 587 446 tibi
616 403 820 444 Domine:

213 462 414 511 Psallam,
437 466 481 503 et
500 460 740 511 intelligam
759 459 803 499 in
823 459 893 499 via
912 458 986 499 im-

162 519 390 568 maculata,
408 520 431 544 *
452 516 629 570 quando
653 516 802 557 venies
832 514 888 556 ad
907 527 987 556 me.

213 572 987 617 perambulabamininnocentiacor-

164 632 231 675 dis
251 632 348 680 mei,
366 634 389 658 ¹⁸¹
409 633 452 671 in
472 629 617 671 medio
637 628 792 670 domus
812 640 932 669 meae.

214 688 315 729 Non
352 686 656 740 proponebam
694 689 794 725 ante
836 683 988 725 oculos

162 757 286 787 meos
329 757 421 785 rem
463 744 682 795 injustam:
719 742 742 767 *
777 740 987 782 facientes

163 800 549 855 praevaricationes
578 798 707 839 odivi.

214 858 316 899 Non
344 856 531 898 adhaesit
558 854 664 895 mihi
691 867 768 895 cor
791 866 989 906 pravum:

164 916 188 942 *
203 914 494 956 declinantem
514 925 538 953 a
557 924 627 953 me
645 910 883 962 malignum
903 922 989 951 non

165 969 498 1022 cognoscebam.

217 1026 533 1068 Detrahentem
575 1026 745 1066 secreto
785 1023 988 1076 proximo

165 1096 257 1134 suo,
285 1085 307 1111 *
336 1082 450 1123 hunc
478 1081 784 1135 persequebar.

217 1139 416 1193 Superbo
464 1138 613 1188 oculo,
665 1142 709 1179 et
754 1136 991 1178 insatiabili

166 1196 309 1245 corde,
334 1198 357 1222 *
387 1208 484 1237 cum
513 1194 598 1235 hoc
626 1207 714 1235 non
743 1193 939 1235 edebam.

219 1252 346 1294 Oculi
365 1252 451 1293 mei
471 1251 527 1293 ad
547 1251 700 1293 fideles
719 1256 850 1293 terrae
865 1256 913 1292 ut
929 1252 991 1291 se-

169 1309 300 1351 deant
328 1321 516 1350 mecum:
543 1310 566 1335 *
595 1307 822 1349 ambulans
850 1308 893 1348 in
922 1307 992 1347 via

167 1365 462 1415 immaculata,
490 1364 561 1406 hic
579 1364 686 1405 mihi
705 1363 992 1405 ministrabat.

219 1422 320 1463 Non
348 1421 565 1463 habitabit
593 1421 636 1461 in
664 1420 810 1462 medio
834 1420 991 1462 domus

168 1491 278 1519 meae
297 1478 371 1530 qui
391 1478 494 1519 facit
514 1477 778 1530 superbiam:
797 1479 820 1504 *
842 1478 916 1529 qui
933 1477 993 1518 lo-

170 1535 317 1587 quitur
338 1534 503 1586 iniqua,
531 1547 618 1574 non
645 1533 804 1575 direxit
830 1534 873 1574 in
893 1546 993 1575 con-

171 1593 325 1644 spectu
344 1590 571 1631 oculorum
591 1593 800 1631 meorum.

222 1648 273 1688 In
285 1649 499 1688 matutino
515 1646 831 1688 interficiebam
843 1659 994 1689 omnes

171 1706 429 1757 peccatores
466 1709 612 1744 terrae:
639 1705 662 1730 *
691 1712 738 1745 ut
772 1703 994 1756 disperde-

171 1773 263 1801 rem
279 1759 334 1801 de
347 1760 525 1801 civitate
535 1760 713 1801 Domini
728 1773 879 1802 omnes
895 1773 994 1813 ope-

173 1819 319 1858 rantes
340 1817 626 1868 iniquitatem.

225 1874 320 1913 Ant.
358 1872 548 1923 Jubilate
575 1874 671 1915 Deo
698 1874 840 1915 omnis
867 1878 995 1915 terra.

223 1929 302 1969 Vel
341 1930 438 1970 Ant.
489 1930 657 1971 Bonum
695 1936 761 1972 est
797 1931 995 1972 confiteri

172 1987 373 2028 Domino.

228 2048 320 2087 Ant.
350 2044 529 2087 Clamor
549 2056 682 2085 meus.

436 2103 630 2143 Psalmus
656 2105 736 2143 101.

268 2156 412 2198 omine
445 2155 604 2198 exaudi
641 2156 883 2198 orationem
911 2172 997 2200 me-

287 2225 371 2253 am:
397 2214 420 2239 *
449 2218 493 2254 et
521 2213 688 2254 clamor
716 2226 838 2254 meus
867 2214 923 2256 ad
953 2220 997 2257 te

176 2268 329 2310 veniat.

225 2324 324 2366 Non
353 2327 526 2366 avertas
554 2325 711 2366 faciem
731 2331 851 2367 tuam
870 2340 894 2368 a
914 2341 998 2369 me:

175 2382 198 2408 *
226 2381 269 2421 in
298 2385 573 2433 quacumque
602 2381 672 2423 die
700 2382 903 2432 tribulor,
938 2385 997 2425 in-

176 2437 289 2478 clina
309 2437 364 2479 ad
385 2450 454 2479 me
473 2451 621 2479 aurem
640 2443 771 2479 tuam.

226 2494 276 2534 In
315 2498 589 2546 quacumque
626 2494 697 2536 die
736 2496 997 2538 invocavero

176 2555 230 2598 te,
250 2552 273 2577 ¹⁸¹
294 2550 502 2592 velociter
522 2550 680 2592 exaudi
700 2565 780 2592 me.

229 2607 339 2656 Quia
356 2607 610 2648 defecerunt
622 2608 734 2648 sieut
746 2608 887 2649 fumus
905 2608 998 2650 dies

176 2662 276 2703 mei:
294 2665 317 2690 *
337 2668 381 2704 et
409 2675 510 2703 ossa
538 2676 634 2704 mea
657 2664 768 2705 sicut
790 2665 999 2706 cremium

177 2720 393 2760 aruerunt.

1091 287 1332 328 Percussus
1375 298 1472 327 sum
1514 289 1563 326 ut
1603 284 1784 335 foenum,
1827 290 1870 326 et

1041 343 1155 385 aruit
1192 355 1268 383 cor
1304 354 1466 383 meum:
1503 343 1526 368 *
1561 341 1663 393 quia
1705 341 1870 383 oblitus

1041 414 1136 442 sum
1157 398 1389 441 comedere
1408 410 1568 451 panem
1586 411 1744 439 meum.

1093 457 1133 497 A
1161 468 1271 497 voce
1298 455 1486 507 gemitus
1513 455 1601 496 mei
1629 457 1652 482 *
1681 454 1868 496 adhaesit

1042 526 1092 555 os
1111 526 1257 554 meum
1276 512 1397 554 carni
1415 524 1538 553 meae.

1093 569 1255 611 Similis
1282 569 1423 610 factus
1449 582 1545 609 sum
1564 568 1782 621 pellicano
1803 581 1870 610 so-

1041 626 1256 668 litudinis:
1285 627 1308 653 *
1336 625 1478 666 factus
1513 638 1609 666 sum
1645 625 1760 667 sicut
1797 638 1870 678 ny-

1042 686 1239 725 cticorax
1257 682 1301 723 in
1322 681 1559 723 domicilio.

1093 739 1303 791 Vigilavi,
1331 740 1355 766 *
1384 743 1427 780 et
1462 738 1603 780 factus
1632 752 1729 779 sum
1759 738 1872 779 sicut

1042 809 1195 849 passer
1217 795 1441 837 solitarius
1460 796 1503 836 in
1522 800 1655 837 tecto.

1093 853 1209 894 Tota
1234 852 1305 894 die
1331 851 1661 905 exprobrabant
1684 850 1791 892 mihi
1810 851 1871 891 in-

1042 910 1160 951 imici
1184 909 1286 951 mei:
1305 910 1329 935 *
1349 914 1393 950 et
1422 909 1496 961 qui
1523 908 1764 951 laudabant
1790 920 1872 957 me,

1043 966 1276 1008 adversum
1296 979 1366 1007 me
1386 965 1595 1018 jurabant.

1096 1023 1208 1073 Quia
1236 1025 1428 1064 cinerem
1456 1027 1681 1075 tamquam
1712 1033 1873 1075 panem

1043 1079 1380 1129 manducabam,
1409 1082 1432 1106 *
1462 1084 1506 1121 et
1538 1084 1694 1132 potum
1727 1090 1874 1119 meum

1045 1150 1143 1178 cum
1164 1136 1271 1178 fletu
1288 1135 1539 1178 miscebam.

1097 1194 1136 1234 A
1156 1194 1266 1235 facie
1286 1193 1364 1234 irae
1381 1198 1425 1235 et
1440 1193 1755 1245 indignationis
1770 1197 1875 1234 tuae:

1045 1252 1068 1278 *
1087 1250 1189 1302 quia
1207 1250 1383 1291 elevans
1404 1250 1576 1291 allisisti
1595 1262 1676 1291 me.

1098 1307 1205 1349 Dies
1237 1307 1324 1348 mei
1359 1306 1473 1348 sicut
1501 1306 1657 1348 umbra
1685 1306 1874 1348 declina-

1046 1366 1219 1405 verunt:
1264 1365 1287 1390 *
1330 1368 1373 1405 et
1421 1376 1502 1415 ego
1549 1364 1663 1405 sicut
1709 1363 1876 1405 foenum
1937 1385 1942 1391 ·

1046 1434 1150 1462 aru1.

1098 1478 1167 1518 Tu
1195 1482 1343 1519 autem
1370 1477 1561 1518 Domine
1591 1477 1635 1518 in
1663 1478 1877 1518 aeternum

1046 1536 1294 1587 permanes:
1311 1536 1335 1561 *
1354 1539 1398 1575 et
1416 1534 1672 1575 memoriale
1691 1539 1815 1575 tuum
1834 1533 1879 1574 in

1046 1591 1377 1643 generationem
1398 1595 1442 1632 et
1461 1591 1803 1642 generationem.

1098 1648 1168 1689 Tu
1193 1651 1432 1699 exsurgens
1457 1646 1738 1689 misereberis
1758 1646 1879 1688 Sion:

1047 1707 1070 1732 *
1088 1704 1190 1757 quia
1209 1709 1384 1757 tempus
1399 1703 1637 1745 miserendi
1653 1705 1756 1756 ejus,
1777 1703 1880 1755 quia

1048 1761 1167 1803 venit
1184 1766 1371 1814 tempus.

1100 1818 1317 1868 Quoniam
1344 1817 1605 1871 placuerunt
1633 1817 1771 1859 servis
1790 1816 1878 1858 tuis

1048 1874 1220 1928 lapides
1241 1876 1347 1928 ejus:
1367 1878 1390 1903 *
1411 1882 1455 1919 et
1479 1880 1612 1917 terrae
1641 1875 1732 1926 ejus
1751 1874 1878 1915 mise-

1048 1932 1271 1974 rebantur.

1100 1989 1157 2031 Et
1185 1989 1403 2032 timebunt
1428 1990 1596 2032 Gentes
1624 2001 1785 2030 nomen
1813 1992 1878 2029 tu·

1049 2060 1123 2087 um
1144 2046 1344 2095 Domine,
1365 2049 1388 2074 *
1409 2052 1452 2089 et
1473 2059 1626 2089 omnes
1645 2057 1773 2097 reges
1794 2049 1877 2086 ter-

1049 2115 1110 2144 rae
1128 2102 1314 2154 gloriam
1334 2108 1464 2145 tuam.

1101 2159 1213 2209 Quia
1246 2159 1483 2202 aedificavit
1512 2160 1728 2201 Dominus
1755 2159 1879 2200 Sion:

1050 2217 1072 2242 *
1093 2221 1137 2257 et
1155 2214 1375 2257 videbitur
1396 2217 1438 2257 in
1459 2217 1600 2269 gloria
1617 2229 1706 2258 sua.

1099 2272 1313 2324 Respexit
1324 2273 1367 2313 in
1379 2274 1625 2315 orationem
1634 2272 1880 2314 humilium:

1050 2326 1137 2370 *‘et
1155 2341 1243 2369 non
1265 2331 1432 2381 sprevit
1451 2343 1630 2383 precem
1651 2331 1814 2371 eorum.

1102 2384 1360 2426 Scribantur
1394 2386 1489 2428 haec
1523 2387 1567 2427 in
1595 2386 1879 2438 generatione

1051 2442 1206 2483 altera:
1225 2443 1248 2468 *
1268 2446 1311 2483 et
1330 2443 1534 2495 populus,
1555 2444 1629 2495 qui
1646 2442 1878 2491 creabitur,

1051 2498 1248 2539 laudabit
1268 2498 1520 2540 Dominum:

1104 2554 1214 2604 Quia
1231 2556 1460 2607 prospexit
1472 2555 1526 2597 de
1539 2555 1714 2597 excelso
1726 2560 1878 2596 sancto

1052 2623 1147 2651 suo:
1167 2612 1189 2637 *
1206 2610 1421 2651 Dominus
1442 2610 1497 2653 de
1517 2612 1632 2653 coelo
1653 2613 1695 2652 in
1716 2616 1878 2653 terram

1051 2666 1240 2719 aspexit:

1103 2724 1162 2765 Ut
1189 2722 1361 2765 audiret
1389 2723 1578 2776 gemitus
1607 2724 1877 2778 compedito-
