2080 2990
213 215 280 250 424

217 312 315 361 nisi,
356 311 560 363 deposito
596 310 873 364 pontificatu,
912 309 1041 351 idolis

216 368 475 409 immolaret.

275 429 319 479 Ru
351 425 598 466 Honestum
622 424 726 465 fecit
752 423 873 464 illum
893 422 1042 463 Domi-

216 494 308 530 nus,
333 486 376 523 et
395 480 635 523 custodivit
654 493 754 522 eum
773 479 828 521 ab
848 478 1042 527 inimicis,

217 543 260 579 et
285 550 310 579 a
338 537 646 579 seductoribus
673 536 832 578 tutavit
858 535 993 576 illum:
1021 539 1043 561 ’⁸¹

216 595 273 635 Et
302 594 423 636 dedit
454 594 516 635 illi
548 594 792 635 claritatem
824 593 1043 633 aeternam.

221 649 267 699 V.
303 651 631 703 Descenditque
664 662 763 691 cum
798 648 874 690 illo
906 648 951 689 in
982 648 1042 689 fo-

167 706 169 710 ‘
215 720 352 757 veam,
376 712 419 749 et
438 708 481 748 in
500 706 683 748 vinculis
702 718 790 746 non
810 704 1043 756 dereliquit

217 778 327 806 eum.
371 764 429 806 Et
457 763 583 821 dedit,
602 763 674 804 illi.

532 822 680 861 Lectio
707 835 739 858 γ.

304 878 348 920 ui
374 891 473 919 cum
497 877 673 918 insanas
698 875 886 918 hominis
910 886 1044 915 voces

316 934 573 986 negligeret,
598 933 716 975 misit
740 945 839 974 eum
862 932 907 972 in
931 932 1046 972 cata-

218 992 383 1041 bulum‚
404 997 452 1032 ut
470 990 727 1039 bestiarum,
753 1001 852 1041 quae
869 987 1046 1040 publice

219 1048 466 1097 alebantur,
499 1060 648 1088 curam
677 1046 920 1087 sustineret.
960 1042 1046 1085 Ubi

218 1103 452 1146 Marcellus
478 1102 665 1144 assiduis
692 1102 858 1154 jejuniis
885 1105 928 1142 et
950 1101 1046 1153 pre-

219 1161 342 1203 cibus
368 1173 527 1202 novem
552 1171 726 1200 menses
751 1158 884 1199 vitam
912 1156 1046 1205 duxit,
1070 1153 1073 1180 ³

218 1216 468 1271 parochias,
495 1228 604 1268 quas
628 1227 825 1268 praesens
843 1227 931 1255 non
949 1215 1045 1266 pot-

220 1278 329 1323 erat,
362 1273 544 1314 visitans
568 1284 648 1324 per
676 1271 896 1324 epistolas.
938 1270 1047 1312 Inde

219 1332 398 1383 ereptus
418 1343 443 1370 a
463 1329 649 1380 clericis,
674 1328 868 1394 hospitio
892 1328 1046 1380 recipi-

217 1392 288 1429 tur
314 1399 339 1428 a
361 1386 493 1428 beata
515 1386 697 1436 Lucina,
731 1386 775 1427 in
799 1385 919 1437 cujus
946 1384 1046 1426 aedi-

218 1444 300 1485 bus
328 1443 560 1485 ecclesiam
588 1441 825 1492 dedicavit,
854 1454 954 1494 quae
972 1441 1047 1482 ho-

220 1500 290 1542 die
314 1499 442 1541 titulo
469 1500 607 1541 sancti
631 1498 828 1541 Marcelli
854 1498 1047 1540 nomina-

218 1562 305 1599 tur:
332 1557 376 1597 in
405 1569 491 1608 qua
520 1561 563 1598 et
589 1555 825 1597 Christiani
851 1554 1048 1604 orabant,

221 1619 264 1655 et
287 1614 383 1667 ipse
407 1613 563 1655 beatus
582 1613 815 1654 Marcellus
837 1611 1047 1665 praedica-

219 1670 306 1712 bat.

279 1730 326 1779 Ra
359 1725 638 1768 Desiderium
672 1726 828 1767 animae
857 1726 947 1778 ejus
975 1725 1049 1766 tri-

220 1783 355 1825 buisti
387 1783 427 1824 ei
454 1783 658 1834 Domine,
691 1785 712 1807 *
739 1782 795 1823 Et
823 1782 1050 1823 voluntate

222 1840 439 1882 labiorum
467 1840 556 1891 ejus
584 1851 671 1880 non
695 1838 909 1879 fraudasti
940 1851 1049 1880 eum.

227 1894 274 1944 V.
294 1896 511 1946 Quoniam
531 1895 785 1948 praevenisti
800 1907 899 1936 eum
918 1895 962 1935 in
976 1894 1048 1936 be-

223 1952 547 1994 nedictionibus
576 1951 837 1994 dulcedinis:
863 1951 1051 2004 posuisti

224 2009 268 2049 in
296 2009 440 2061 capite
468 2009 558 2060 ejus
587 2010 796 2050 coronam
821 2007 876 2049 de
901 2007 1050 2061 lapide

224 2065 434 2117 pretioso.
462 2065 528 2106 Et.

529 2122 678 2162 Lectio
700 2123 750 2160 vi.

311 2177 439 2219 uibus
476 2177 679 2228 cognitis,
723 2178 970 2220 Maxentius
1007 2178 1052 2219 in

320 2246 416 2275 eam
435 2233 665 2275 ecclesiam
683 2234 874 2276 catabuli
888 2234 1052 2277 bestias

225 2290 464 2339 transferri,
491 2295 534 2331 et
557 2302 583 2330 a
606 2290 815 2332 Marcello
843 2290 1054 2333 custodiri

228 2347 360 2399 jubet:
381 2346 458 2388 ubi
476 2346 563 2387 loci
581 2346 796 2396 foeditate,
817 2348 1053 2399 multisque

227 2403 433 2445 aerumnis
474 2402 662 2444 afflictus
703 2403 970 2445 obdormivit
1009 2404 1054 2445 in

226 2460 429 2501 Domino.
457 2459 588 2511 Cujus
611 2471 769 2512 corpus
788 2460 831 2500 in
852 2462 1053 2502 coemete-

227 2516 292 2557 rio
324 2515 538 2557 Priscillae
570 2515 641 2556 via
672 2515 838 2557 Salaria
870 2529 895 2556 a
924 2516 1055 2558 beata

227 2572 393 2614 Lucina
430 2572 651 2624 sepultum
687 2576 754 2613 est
787 2571 957 2614 decimo
991 2575 1054 2613 se-

228 2629 367 2681 ptimo
400 2627 624 2671 Kalendas
655 2628 894 2669 Februarii.
933 2628 1055 2670 Sedit

229 2697 367 2726 annos
415 2684 622 2737 quinque,
667 2697 861 2726 mensem
907 2698 1054 2734 unum,

230 2741 323 2783 dies
349 2741 503 2792 viginti
528 2741 728 2793 quinque.
762 2741 943 2793 Scripsit
968 2744 1055 2794 epi-

712 219 776 250 wit·
806 218 852 249 17.
878 218 960 249 ,11111
1010 218 1042 248 S.
1075 214 1228 247 Antonii

1256 214 1430 246 Abbatis.

1094 307 1252 350 stolam
1284 306 1341 349 ad
1367 309 1602 360 episcopos
1630 305 1917 348 Antiochenae

1094 364 1333 417 provinciae
1378 363 1433 406 de
1478 364 1669 417 primatu
1705 363 1919 404 Romanae

1094 420 1315 471 Ecclesiae,
1337 433 1467 473 quam
1486 424 1618 473 caput
1636 419 1919 461 ecclesiarum

1095 476 1403 530 appellandam
1465 475 1748 518 demonstrat.
1833 474 1920 517 Ubi

1096 534 1226 576 etiam
1253 532 1361 575 illud
1389 533 1602 586 scriptum
1633 537 1717 582 est,
1753 531 1919 573 nullum

1096 590 1331 632 concilium
1362 591 1454 642 jure
1486 589 1716 639 celebrari,
1751 588 1835 629 nisi
1867 600 1921 629 ex

1096 648 1357 689 auctoritate
1377 646 1566 688 Romani
1583 645 1819 688 Pontificis.
1845 644 1920 686 Or-

1096 704 1262 746 dinavit
1305 716 1454 745 mense
1495 702 1731 744 Decembri
1765 701 1921 743 Romae

1095 760 1379 814 presbyteros
1407 759 1559 811 viginti
1587 759 1797 812 quinque,
1833 756 1922 799 dia-

1097 830 1234 859 conos
1253 817 1375 867 duos,
1396 819 1630 870 episcopos
1651 828 1731 869 per
1750 814 1924 856 diversa

1095 874 1195 916 loca
1211 874 1365 926 viginti
1382 887 1525 915 unum

1153 936 1201 986 Κ.
1225 930 1348 973 Stola
1366 929 1658 996 jucunditatis.
1678 927 1758 981 [27]

1153 996 1193 1029 In
1223 992 1613 1027 1H.Noet.110mili1
1643 990 1681 1023 in
1708 989 1852 1031 Evang.
1881 986 1921 1022 Si

1099 1039 1186 1083 quis
1202 1039 1295 1075 vult.
1316 1042 1361 1075 dc
1381 1041 1514 1074 codem
1534 1039 1677 1073 Comm.
1695 1037 1724 1070 2.
1741 1014 1841 1070 locon
1854 1030 1926 1078 [32]

1152 1091 1194 1133 R.
1220 1090 1299 1123 xiii
1333 1086 1494 1122 Domine
1518 1084 1753 1130 praevenisti.
1778 1083 1849 1128 [29]

1156 1140 1181 1172 N
1189 1152 1228 1172 c
1223 1148 1336 1181 pere
1358 1138 1403 1171 de
1424 1147 1528 1179 sequ.
1547 1144 1742 1170 commem.
1760 1142 1820 1175 pr
1821 1130 1924 1165 eced

1322 1223 1405 1264 Die
1424 1222 1481 1263 17.
1499 1221 1524 1262 J
1526 1233 1703 1263 anuarn

1259 1291 1302 1332 S.
1330 1290 1539 1332 Antonii
1569 1288 1766 1330 Abbatis.

1433 1356 1596 1399 Duplex.

1156 1416 1291 1449 Omnia
1322 1415 1368 1448 dc
1399 1413 1542 1448 Comm.
1575 1411 1683 1446 Cont'.
1712 1420 1790 1444 non
1818 1408 1927 1443 Pont.

1101 1462 1169 1507 [67]
1199 1469 1336 1507 praeter
1359 1472 1463 1505 sequ.

1440 1522 1602 1562 Oratio.

1146 1575 1388 1617 ntercessio
1419 1586 1517 1623 nOS,
1558 1574 1808 1625 quaesumus
1839 1570 1927 1613 Do-

1166 1632 1298 1683 mine,
1348 1630 1467 1673 beati
1513 1629 1695 1671 Antonii
1737 1627 1927 1670 Abbatis

1102 1687 1392 1731 commendet:
1419 1692 1482 1738 ut,
1512 1685 1632 1738 quod
1653 1684 1815 1726 nostris
1840 1686 1927 1725 me-

1101 1746 1195 1787 ritis
1218 1758 1306 1787 non
1330 1744 1540 1793 valemus,
1569 1744 1660 1795 ejus
1682 1741 1927 1795 patrocinio

1102 1803 1397 1854 assequamur.
1424 1802 1509 1842 Per
1526 1799 1774 1841 Dominum.

1158 1868 1305 1902 Deinde
1332 1875 1526 1900 commem.
1553 1863 1715 1907 praeced.

1159 1921 1257 1960 A.nt
1301 1916 1383 1968 Qui
1413 1914 1506 1957 vult
1538 1914 1685 1955 venire
1716 1915 1819 1965 post
1847 1923 1929 1961 me,

1102 1977 1290 2027 abneget
1309 1973 1610 2025 semetipsum,
1629 1974 1673 2011 et
1690 1967 1818 2010 tollat
1836 1980 1928 2009 cru-

1103 2046 1200 2076 cem
1219 2044 1354 2080 suam,
1373 2033 1417 2071 et
1437 2029 1646 2081 sequatur
1663 2038 1744 2067 me.

1160 2084 1209 2136 V
1240 2088 1408 2129 Justus
1457 2088 1506 2126 ut
1554 2082 1701 2137 palma
1745 2079 1929 2122 florebit.

1108 2148 1157 2198 R
1186 2145 1306 2187 Sicut
1340 2141 1499 2184 cedrus
1533 2097 1689 2182 Lpibani
1721 2136 1930 2189 multipli-

1105 2202 1285 2245 cabitur.

1161 2260 1311 2300 Oratio
1342 2265 1387 2300 ut
1416 2271 1557 2310 supra.
1586 2252 1680 2294 423.

1162 2321 1203 2355 In
1234 2320 1259 2354 1.
1291 2321 1489 2355 Nocturno
1523 2318 1725 2353 Lectiones
1758 2316 1804 2350 de
1834 2315 1931 2350 Scri-

1107 2375 1219 2413 ptura
1245 2374 1476 2403 occurrente.

1331 2443 1378 2482 In
1406 2443 1455 2482 ΙΙ.
1485 2442 1707 2481 Nocturno.

1410 2511 1443 2550 Ι
1520 2526 1530 2550 1
1582 2524 1615 2549 u

1113 2588 1161 2624 ιςε
1194 2586 1241 2630 ‘33⁵2-
1259 2571 1433 2613 ntonius
1431 2510 1695 2623 ἷὲἓῖῒὲξῖρ11ηε,
1712 2566 1930 2610 nobilibus

1114 2618 1192 2686 '',
1277 2633 1320 2669 et
1335 2627 1581 2669 christianis
1595 2624 1850 2679 parentibus
1867 2634 1931 2663 na·

1275 2690 1363 2734 tus,
1395 2682 1552 2736 quibus
1580 2682 1836 2724 adolescens
1865 2691 1930 2721 or-

1106 2744 1235 2783 batus
1251 2746 1328 2791 est,
1346 2753 1445 2781 cum
1463 2740 1682 2790 ingressus
1702 2736 1931 2779 ecclesiam
