2080 2990
444 216 511 248 Die
530 217 582 248 25».
601 216 684 247 vlan.
711 216 745 247 S.
768 215 959 247 Francisci
981 214 1118 247 Salesii
1138 214 1262 255 Epist:
1283 214 1390 246 (30an
1411 222 1442 246 et
1466 213 1569 245 lwet.

153 316 246 352 stus
287 310 370 351 sibi
413 323 622 362 sponsam
662 315 706 350 et
743 310 982 360 Martyrem

154 366 437 407 consecravit.

208 416 258 467 V.
290 421 446 473 Specie
478 426 553 461 tua
587 425 630 461 et
657 419 980 472 pulchritudine

152 481 238 517 tua.
272 477 321 527 R.
335 475 530 525 Intende,
549 478 762 527 prospere
777 474 981 527 procede,

155 536 198 572 et
216 544 361 582 regna.

490 579 652 618 Oratio.

241 646 328 681 eus,
350 633 423 684 qui
438 646 519 674 nos
535 635 676 673 annua
689 632 834 673 beatae
849 632 984 682 Agne-

255 690 312 731 tis
326 689 520 739 Virginis
538 694 581 729 et
595 688 801 739 Martyris
818 693 907 728 tuae
923 700 984 728 so-

153 744 376 786 lemnitate
399 744 614 785 laetificas:
637 743 694 784 da
719 745 983 794 quaesumus:

154 806 202 841 ut
228 812 359 851 quam
381 802 640 841 veneramur
665 798 827 848 officio,
855 799 984 839 etiam

154 856 241 908 piae
269 854 614 897 conversatiOnis
649 857 885 905 sequamur
913 867 983 894 ex-

156 911 314 964 emplo.
345 911 430 952 Per
447 910 694 951 Deminum.

210 972 271 1004 Ad
291 972 516 1005 Matutinum
536 971 732 1004 Invitator.
755 976 790 1003 ct
808 970 982 1012 Hymnus

158 1019 204 1053 de
229 1019 430 1053 Communi
459 1019 561 1060 virg.
585 1022 658 1065 [85]

209 1071 445 1105 Nocturnum
467 1072 587 1105 Feri&¹
611 1071 859 1105 occurrentis,
887 1065 930 1110 N
950 1075 984 1102 ct

158 1119 233 1152 duo
253 1119 331 1161 Rglx‘g.
351 1130 397 1152 cx
417 1120 623 1153 Nocturnis
652 1119 751 1153 sesti.
778 1128 822 1150 eo
850 1118 983 1150 ordine

159 1176 234 1209 quo
273 1172 473 1199 sumuntur
513 1167 588 1209 RK.
624 1177 668 1199 ex
707 1165 983 1199 Communibus

158 1213 381 1247 Sanctorum
411 1214 446 1246 in
479 1214 564 1246 aliis
592 1214 697 1246 sestis
724 1212 983 1254 summit—ibus.

158 1266 197 1294 ut
223 1261 293 1294 dic.
321 1261 357 1294 in
384 1261 497 1294 Rubr.
525 1262 570 1294 de
600 1260 881 1303 Responwriis.

462 1317 610 1356 Lectio
634 1317 685 1355 iii.

155 1370 335 1471 .eata
354 1373 517 1423 Agnes,
540 1371 795 1424 parentibus
820 1370 876 1412 ad
897 1373 987 1423 ejus

254 1427 535 1481 sepulchrum
568 1427 742 1468 assidue
774 1427 986 1477 vigilanti-

156 1483 250 1534 bus,
272 1483 461 1535 quadam
475 1488 604 1524 nocte
621 1483 756 1524 choro
772 1483 988 1533 virginum

160 1539 367 1581 comitata
394 1553 492 1580 cum
518 1541 813 1591 apparuisset,
842 1538 904 1579 sic
932 1538 989 1579 ad

158 1607 236 1636 eos
253 1595 403 1636 locuta
420 1594 594 1636 dicitur:
612 1594 680 1635 Ne
699 1607 769 1634 me
783 1596 988 1646 parentes

159 1653 377 1692 mortuam
408 1650 608 1701 lugeatis:
639 1663 741 1690 nam
771 1663 857 1690 una
889 1662 989 1690 cum

154 1705 225 1747 his
251 1705 490 1757 virginibus
519 1705 621 1747 vivo
650 1704 769 1757 apud
797 1704 918 1745 illum
945 1705 989 1745 in

159 1761 299 1811 coelis,
334 1774 464 1813 quem
496 1761 540 1801 in
566 1761 694 1803 terris
719 1766 817 1802 tota
843 1766 988 1801 mente

159 1815 302 1858 dilexi.
363 1817 474 1858 Cum
511 1816 678 1867 aliquot
714 1821 818 1868 post
852 1828 988 1856 annos

159 1872 430 1921 Constantia,
458 1872 730 1913 Constantini
755 1871 987 1923 imperato-

158 1928 218 1968 ris
246 1928 352 1977 filia,
388 1927 617 1968 insanabili
646 1927 782 1968 ulceri
813 1925 987 1967 medici-

158 1996 260 2024 nam
286 1996 505 2035 quaerens,
528 1981 724 2023 nondum
744 1981 989 2023 Christiana

97 2036 107 2044 ”
160 2038 218 2080 ad
249 2038 367 2080 idem
398 2038 680 2091 sepulchrum
712 2040 988 2086 accessisset3

161 2093 491 2136 obdormiscens
518 2093 600 2135 sibi
628 2092 778 2134 audire
803 2093 897 2133 visa
922 2097 989 2133 est

39 2165 43 2167 ⁷
95 2188 98 2191 Α
159 2162 316 2191 vocem
346 2150 459 2191 hanc
490 2149 689 2199 Agnetis:
727 2148 989 2189 Constanter

160 2218 241 2255 age
279 2205 550 2246 Constantia:
590 2203 721 2244 crede
759 2203 803 2243 in
839 2203 990 2243 Jesum

161 2260 383 2302 Christum
395 2260 554 2300 Filium
568 2259 663 2308 Dei,
684 2258 757 2309 qui
776 2263 819 2299 te
839 2270 989 2298 sanam

161 2316 302 2357 faciet.
359 2317 468 2366 Quae
508 2317 677 2363 sanata,
717 2313 850 2366 paulo
886 2317 990 2364 post

161 2384 247 2411 una
270 2384 369 2412 cum
386 2371 534 2412 multis
554 2382 608 2411 ex
627 2369 787 2410 familia
805 2369 988 2420 impera·

160 2427 268 2467 toris
313 2426 580 2479 baptismum
625 2424 886 2476 suscipiens,
929 2422 990 2463 ibi
1048 2453 1053 2458 »

163 2480 392 2522 ecclesiam
421 2481 595 2522 nomine
631 2479 774 2521 beatae
807 2478 989 2528 Agnetis

164 2536 410 2578 aedificavit.

221 2592 280 2633 Te
299 2592 443 2632 Deum
459 2591 700 2632 laudamus.
718 2591 778 2630 14.

222 2655 284 2687 Ad
314 2655 465 2688 Laudes
495 2660 531 2689 et
558 2655 700 2691 Horas.
733 2656 820 2688 Ant.
851 2659 885 2687 et
910 2654 994 2687 reli-

172 2713 246 2745 qua
272 2708 311 2735 ut
336 2703 372 2734 in
399 2703 459 2735 die
487 2703 594 2736 festo.
614 2702 689 2736 443.

319 2831 384 2855 Pars
400 2829 534 2855 Hiemalis.

1090 311 1159 351 Ad
1181 312 1335 351 Bened.
1368 314 1463 350 Ant.
1496 312 1604 350 licce
1624 309 1744 360 quod
1761 322 1859 351 con-

1034 364 1196 416 cupivi,
1215 366 1239 391 *
1259 365 1343 415 jam
1362 364 1507 405 video:
1534 364 1654 415 quod
1675 365 1860 416 speravi,

1033 421 1119 471 jam
1136 422 1280 460 teneo:
1304 420 1389 472 ipsi
1416 433 1511 460 sum
1537 421 1679 472 juncta
1703 421 1747 460 in
1775 433 1859 461 coe-

1033 475 1102 524 lis,
1131 488 1261 526 quem
1279 476 1322 515 in
1341 475 1468 516 terris
1487 475 1649 527 posita,
1675 480 1770 517 tota
1789 475 1860 517 de-

1034 531 1213 572 votione
1233 530 1375 572 dilexi.

1092 584 1141 633 V.
1178 586 1349 626 Diffusa
1386 591 1452 627 est
1484 586 1624 636 gratia
1656 587 1699 626 in
1735 586 1862 628 labiis

1034 641 1132 682 tuis.
1201 643 1249 692 Ru
1284 642 1525 694 Propterea
1562 640 1784 683 benedixit
1818 647 1863 683 te

1036 697 1157 738 Deus
1184 698 1227 737 in
1256 699 1477 738 aeternum.

1094 759 1244 797 Oratio
1275 764 1319 796 ut
1350 769 1489 806 supra.

1095 819 1187 851 Post
1212 818 1361 850 Nonum
1388 817 1480 849 nihil
1507 818 1545 849 tit
1572 817 1617 849 dc
1645 828 1698 849 ca.

1096 867 1277 907 Vespera„-
1304 866 1349 898 de
1376 875 1480 906 sequ.

1257 952 1340 992 Die
1360 952 1426 991 29.
1443 951 1468 991 J
1471 950 1645 991 anuarii.

1039 1020 1082 1059 S.
1101 1018 1356 1059 Francisoi
1376 1017 1552 1059 Salesii
1583 1016 1719 1066 lslpise.
1747 1016 1864 1054 (tons.

1294 1081 1334 1112 et
1361 1072 1469 1112 Iiccl.
1497 1072 1616 1111 Uoct.

1376 1136 1535 1178 Duplex.

1098 1191 1232 1223 Omnia
1266 1192 1310 1223 dc
1343 1192 1486 1225 (lomin.
1519 1191 1624 1223 (fions.
1657 1190 1762 1223 Pont.
1794 1188 1865 1231 [49]

1043 1247 1181 1281 praeter
1207 1251 1310 1281 sequ.
1333 1236 1392 1278 (m.
1417 1239 1441 1270 t.
1465 1234 1514 1277 v.)

1094 1290 1132 1323 ln
1160 1291 1332 1333 tin-isque
1360 1291 1541 1332 Vesperi<
1569 1290 1615 1322 ad
1643 1289 1795 1330 Magnis.

1096 1345 1192 1386 Ant.
1217 1348 1252 1383 (⁷)
1271 1343 1440 1384 Doctor
1461 1341 1636 1393 Optime,
1654 1339 1866 1381 Ecclesiae

1040 1404 1203 1440 sanctae
1221 1399 1377 1447 lumen,
1396 1397 1525 1439 beate
1541 1397 1784 1444 Francisce,
1805 1394 1865 1436 di-

1039 1457 1153 1495 vinae
1178 1454 1287 1504 legis
1313 1455 1498 1501 amator,
1524 1451 1764 1503 deprecare
1783 1463 1865 1502 pro

1039 1510 1166 1551 nobis
1185 1510 1343 1550 Filium
1362 1509 1454 1550 Dei.

1374 1570 1539 1609 Oratio.

1127 1638 1220 1675 eus,
1249 1624 1323 1676 qui
1348 1623 1404 1664 ad
1423 1622 1663 1664 animarum
1683 1620 1869 1661 salutem

1133 1681 1313 1723 beatum
1330 1681 1612 1720 Franciseum
1637 1676 1867 1717 Confesso-

1040 1750 1134 1779 rem
1156 1743 1280 1779 tuum
1303 1742 1434 1787 atque
1453 1735 1711 1776 Pontificem
1735 1733 1867 1773 emni-

1040 1793 1122 1835 bus
1160 1792 1304 1834 emnia
1342 1792 1503 1832 factum
1542 1802 1638 1831 esse
1676 1788 1868 1830 voluisti:

1042 1847 1234 1889 concede
1254 1846 1486 1899 propitius;
1505 1850 1553 1886 ut
1573 1844 1765 1885 caritatis
1780 1848 1867 1884 tuae

1042 1902 1271 1945 dulcedine
1287 1901 1462 1954 perfusi,
1478 1901 1568 1951 ejus
1583 1897 1868 1949 dirigentibus

1040 1958 1231 2007 monitis,
1256 1970 1307 1998 ac
1332 1954 1668 2006 suffragantibus
1691 1953 1868 2002 meritis,

1042 2016 1205 2055 aeterna
1232 2011 1391 2062 gaudia
1419 2012 1749 2061 consequamur.
1767 2009 1868 2048 Per

1042 2069 1278 2110 Dominum
1298 2072 1505 2108 nostrum.

1097 2133 1140 2165 In
1173 2132 1197 2165 1.
1222 2132 1331 2165 Noct.
1363 2131 1461 2164 Lect.
1487 2129 1734 2173 Sapientiam.
1768 2134 1807 2161 ut
1833 2128 1869 2160 in

1047 2180 1189 2214 Comm.
1216 2179 1323 2212 Doct.
1345 2178 1413 2221 [62]

1271 2242 1320 2280 In
1347 2244 1397 2281 11:
1425 2242 1647 2280 Nocturno.
1688 2252 1717 2273 ω

1347 2302 1497 2341 Lectio
1519 2301 1570 2339 iv.

1123 2358 1382 2398 ranciscus
1411 2356 1455 2396 in
1488 2354 1654 2407 Oppido
1686 2353 1866 2402 Salesio,

1134 2418 1145 2465 ἢ
1176 2411 1291 2454 unde
1310 2410 1484 2452 familiae
1504 2412 1760 2460 cognomen,
1784 2409 1867 2461 piis

1046 2474 1055 2495 ἓ
1074 2483 1101 2495 2
1126 2462 1150 2495 '⁷¹
1177 2473 1221 2509 et
1261 2466 1481 2508 nobilibus
1511 2464 1771 2517 parentibus
1795 2477 1865 2504 na-

1041 2530 1129 2572 tus,
1157 2537 1183 2565 a
1206 2523 1368 2564 teneris
1392 2522 1513 2562 annis
1537 2521 1694 2561 futurae
1713 2519 1865 2560 sancti-

1041 2580 1144 2621 tatis
1161 2578 1322 2620 indicia
1338 2575 1541 2629 praebuit,
1559 2587 1731 2616 morum
1748 2575 1865 2614 inno-

1042 2635 1184 2676 centia
1209 2639 1252 2675 et
1270 2632 1495 2683 gravitate.
1530 2629 1801 2671 Adolescens
1819 2628 1865 2668 li—

1042 2689 1263 2732 beralibus
1283 2686 1522 2738 disciplinis
1540 2684 1746 2734 eruditus,
1762 2696 1866 2724 mox

1596 2812 1640 2843 30
