2080 2990
256 225 320 260 24*

256 322 525 374 paganorum
542 320 862 362 multitudinem
881 321 937 363 ab
954 322 1006 363 iis
1020 321 1076 363 ad

257 377 413 419 Christi
434 377 566 418 fidem
586 379 839 419 conversam
858 377 990 420 fuisse
1008 391 1074 419 ac-

256 436 452 486 cepisset.
495 434 554 476 Ut
579 446 729 475 omnes
754 434 905 486 optimi
930 436 1074 487 pasto-

255 491 314 530 ris
340 495 487 542 partes
514 490 732 543 impleret,
771 490 946 542 eptimis
973 490 1074 540 legi-

254 546 335 588 bus
363 546 702 588 eeclesiasticam
730 546 1001 599 disciplinam
1031 552 1076 589 et

255 602 596 644 ChristianOrum
654 615 799 644 mores
860 603 1074 646 instruxit.

255 659 482 700 Geminam
502 658 717 711 synodum
735 659 890 700 Romae
910 658 1074 710 habuit,

254 715 434 756 alteram
459 714 669 756 adversus
692 715 840 757 illicita
865 709 1073 768 conjuffla,

253 771 433 813 alteram
451 771 659 813 adversus
678 771 984 814 Iconoclastas.

307 834 351 883 R:-
389 828 521 869 Posui
553 827 811 879 adjutorium
839 841 970 881 super
997 842 1073 882 po-

252 886 431 933 tentem,
477 890 520 926 et
560 883 748 925 exaltavi
790 884 977 926 electum
1018 885 1072 927 de

252 939 381 992 plebe
421 953 532 982 mea:
565 944 585 966 ¹·
627 940 780 981 Manus
822 941 936 982 enim
975 955 1071 984 mea

252 996 526 1038 auxiliabitur
559 996 609 1038 ei.
665 995 712 1046 Υ.
745 997 896 1038 Inveni
927 998 1071 1040 David

251 1065 421 1094 servum
455 1065 615 1103 meum,
653 1053 751 1094 oleo
786 1059 937 1096 sancto
971 1068 1069 1097 meo

250 1109 351 1150 unxi
371 1122 479 1150 eum.
520 1109 683 1150 Manus.

550 1169 697 1209 Lectio
720 1169 769 1208 vi.

314 1223 468 1263 eonem
487 1222 701 1271 Isaiirum,
725 1223 946 1263 sacrarum
969 1222 1070 1263 ima—

341 1278 488 1328 ginum
503 1278 830 1328 destructorem,
845 1278 976 1319 variis
992 1282 1072 1331 epi·

249 1334 371 1376 stolis
417 1334 470 1376 ab
517 1334 591 1375 illa
636 1334 793 1376 haeresi
829 1337 1070 1385 removere,

250 1393 454 1442 omnique
486 1390 607 1431 illum
638 1391 881 1432 officiorum
914 1392 1071 1442 genere

249 1446 330 1488 sibi
357 1446 570 1488 demereri
596 1446 774 1499 studuit;
804 1460 902 1489 cum
924 1452 1070 1490 tamen

246 1502 316 1544 hic
335 1502 390 1544 ad
410 1503 585 1545 sceleris
605 1503 838 1554 cumulum,
859 1503 1070 1556 optimum

247 1559 504 1601 Pontificem
536 1559 630 1601 neci
660 1559 835 1601 tradere
862 1560 977 1601 ferro
1006 1562 1069 1602 se-

252 1615 355 1665 xies,
375 1616 509 1657 semel
528 1628 633 1657 auro
654 1620 697 1657 et
712 1615 964 1657 muneribus
979 1630 1070 1658 cor-

251 1675 468 1724 rumpere,
498 1672 693 1724 quamvis
712 1672 885 1721 frustra,
910 1675 1069 1715 tentas-

250 1733 326 1770 set.
367 1728 649 1782 Luitprando‚
675 1741 773 1770 cum
801 1729 989 1771 exarcho
1013 1729 1069 1772 ad

247 1784 463 1826 excidium
496 1784 625 1827 Urbis
662 1785 933 1838 properanti,
974 1799 1068 1827 san-

246 1841 462 1882 ctissimus
515 1841 731 1890 Pontifex,
794 1841 877 1882 Dei
931 1841 1068 1884 fretus

244 1896 465 1949 praesidio,
494 1897 549 1939 ad
568 1902 694 1950 prata
712 1897 899 1939 Neronis
918 1902 1067 1940 occur-

245 1953 315 2003 rit,
348 1959 390 1995 et
422 1954 505 2006 piis
533 1954 708 1996 monitis
735 1954 850 2006 regis
878 1955 1067 1996 animum

247 2010 306 2051 ita
324 2010 519 2060 mollivit,
539 2016 585 2052 ut
604 2023 692 2052 non
711 2012 794 2063 jam
814 2011 964 2061 hostis
988 2012 1067 2054 sed

247 2066 344 2118 pius
376 2066 583 2109 adorator
616 2080 763 2109 ensem
791 2073 834 2109 et
861 2070 1067 2110 coronam

247 2123 437 2175 Principi
482 2123 799 2176 Apostolorum
850 2124 1067 2167 obtulerit.

248 2178 356 2220 Cum
382 2184 526 2221 autem
550 2180 786 2233 imperator
810 2179 1066 2223 destructio-

247 2247 346 2276 nem
372 2236 706 2287 machinaretur,
741 2236 943 2279 eumdem
970 2236 1067 2279 diro

247 2291 521 2334 anathemate
540 2292 741 2345 perculit,
770 2298 812 2334 et
837 2293 945 2335 inito
970 2307 1067 2335 cum

247 2348 424 2390 Francis
443 2348 627 2398 foedere,
652 2348 706 2390 ab
728 2349 864 2401 impio
887 2350 1067 2391 molimi-

247 2416 301 2445 ne
326 2404 548 2447 deterruit.
588 2403 737 2446 Rebus
762 2404 935 2447 demum
958 2419 1067 2459 prae·

247 2460 364 2502 clare
389 2462 540 2512 gestis,
569 2460 726 2513 quibus
753 2461 952 2503 maximis
978 2462 1066 2515 qui-

247 2516 415 2569 busque
465 2516 841 2570 praedecessorum
891 2520 1067 2560 suorum

247 2574 555 2626 aequiparatur,
583 2573 653 2626 pie
679 2572 787 2615 obiit
805 2573 848 2614 in
867 2574 1067 2625 Domino,

248 2634 372 2671 sexto
388 2630 670 2671 Pontificatus
690 2642 813 2679 anno,
834 2634 876 2671 et
895 2630 938 2671 in
956 2631 1066 2673 basi-

248 2685 329 2727 lica
347 2686 561 2728 Vaticana
580 2686 780 2729 conditus
800 2691 877 2728 est.

300 2751 345 2801 Ιζκ
375 2748 463 2789 Iste
486 2752 551 2788 est
571 2746 654 2799 qui.

605 231 671 264 llic
701 231 746 263 14.
775 230 879 264 Febr.
927 232 961 263 S.
988 229 1204 272 Agatlwnis
1230 228 1253 261 I.
1279 227 1397 269 Papa:
1422 231 1457 260 ct
1483 226 1590 260 Conf.

1178 321 1219 355 In
1242 321 1304 355 111.
1322 321 1520 355 Nocturno
1546 320 1715 354 Homilia
1739 321 1777 355 in
1801 321 1944 364 Evang.

1131 370 1251 403 Homo
1268 369 1436 412 peregre.
1462 369 1508 402 de
1528 368 1662 402 eodem
1684 368 1788 404 Com.
1807 370 1835 404 1.
1849 371 1944 404 loco.

1175 418 1216 451 In
1243 417 1431 459 Quadrata.
1463 416 1562 450 Lect.
1594 417 1640 450 ix.
1671 417 1717 451 dc
1742 417 1881 452 Homil.
1910 424 1944 452 ct

1125 475 1318 498 commem.
1346 465 1466 498 Ferizc
1492 464 1527 497 in
1554 464 1761 499 Laudibus.

1177 512 1215 544 ln
1242 511 1285 545 II.
1312 511 1425 554 Vesp.
1452 510 1593 544 Oratio.
1618 511 1780 546 Exaudi.

1331 598 1412 639 Die
1433 599 1491 638 14.
1511 597 1746 639 Februarii.

1167 667 1209 708 S.
1228 665 1507 717 Agathonis
1524 666 1559 706 1.
1576 667 1708 719 Papae
1730 671 1771 707 et
1793 666 1911 707 Conf.

1452 732 1614 776 Duplex.

1175 790 1310 824 Omnia
1332 790 1377 824 de
1396 789 1596 824 Communi
1615 789 1789 823 Confess.
1807 788 1944 823 Pontis.

1124 846 1262 883 praeter
1288 849 1392 881 sequ.
1421 834 1480 875 (m.
1504 838 1528 868 t.
1551 833 1600 873 v.)

1175 891 1315 925 Oratio.
1348 890 1401 922 Da
1426 887 1656 931 quaesumus.

1177 943 1220 976 Et
1246 943 1284 976 fit
1314 951 1507 975 commem.
1532 941 1655 974 Feriae
1683 941 1719 974 in
1745 940 1945 983 Quadrag..

1125 997 1257 1034 postca
1282 992 1315 1024 S.
1343 989 1533 1023 Valentini
1560 989 1665 1022 Mart.
1691 994 1730 1022 ut
1755 988 1792 1022 in
1816 988 1924 1022 Brcv.

1174 1044 1215 1077 ln
1249 1043 1272 1076 I.
1304 1042 1500 1075 Nocturno
1535 1042 1736 1075 Lectiones
1770 1041 1816 1075 dc
1849 1040 1945 1075 Scri-

1125 1096 1233 1134 ptura
1260 1094 1490 1124 oecurrente.

1176 1143 1217 1177 In
1258 1142 1491 1183 Quidragges.
1534 1141 1680 1176 Fidelis
1723 1150 1857 1175 sermo.
1899 1140 1945 1175 de

1124 1192 1257 1226 eodem
1283 1190 1483 1224 Communi
1510 1190 1537 1224 1.
1563 1190 1659 1223 loco.

1349 1259 1398 1298 In
1425 1260 1475 1299 ΙΙ.
1504 1260 1725 1299 Nocturno.

1426 1329 1578 1370 Lectio
1597 1328 1650 1368 iv.

1135 1399 1259 1447 „t-ssisjzfig„
1275 1392 1425 1443 gatho,
1462 1392 1637 1434 natione
1666 1392 1852 1442 SiculuS,
1893 1405 1946 1435 ex

1293 1448 1547 1490 doctissimo
1584 1461 1635 1490 ac
1671 1449 1945 1491 sanctissimo

1139 1500 1235 1533 42³5?
1261 1532 1265 1533 ν
1292 1505 1507 1547 menacho
1545 1505 1770 1546 Romanus
1801 1505 1946 1548 Ponti-

1123 1562 1195 1603 fex
1220 1563 1392 1603 creatus
1415 1567 1496 1612 est,
1529 1574 1641 1603 anno
1665 1561 1826 1604 Christi
1851 1574 1944 1604 sex-

1124 1619 1361 1660 centesimo
1408 1618 1731 1671 septuagesimo
1776 1621 1945 1660 octavo.

1123 1675 1203 1715 Vir
1248 1688 1415 1716 summa
1457 1675 1741 1724 humanitate,
1785 1675 1945 1717 eximio

1123 1731 1252 1772 animi
1288 1731 1494 1781 candere,
1531 1731 1738 1782 singulari
1773 1743 1945 1772 morum

1122 1787 1337 1829 suavitate
1380 1793 1424 1829 et
1470 1787 1675 1829 comitate
1715 1786 1943 1840 praeditus,

1122 1846 1376 1886 cunctorum
1400 1857 1567 1894 amans,
1595 1843 1762 1886 cunctis
1785 1843 1942 1886 amabi-

1121 1900 1319 1942 lissimus.
1359 1901 1428 1942 Ita
1459 1899 1634 1943 demum
1663 1906 1691 1942 'a
1717 1903 1873 1943 natura
1900 1905 1944 1942 et

1121 1957 1260 2007 gratia
1292 1959 1589 2011 comparatus,
1626 1963 1675 2000 ut
1708 1956 1765 1999 ad
1796 1959 1943 2010 supre-

1120 2027 1236 2055 mam
1269 2013 1387 2055 illam
1420 2013 1677 2065 dignitatem
1708 2013 1944 2066 gerendam

1120 2075 1247 2112 natus
1266 2083 1343 2112 seu
1361 2071 1500 2113 factus
1521 2083 1617 2113 esse
1635 2070 1869 2113 videretur.

1174 2132 1222 2182 R.
1249 2127 1399 2169 Inveni
1422 2127 1568 2169 David
1591 2141 1765 2169 servum
1788 2139 1942 2177 meum,

1123 2183 1220 2226 o'leo
1248 2189 1401 2226 sancto
1429 2197 1528 2226 meo
1554 2185 1658 2226 unxi
1682 2184 1835 2226 eumz*
1854 2183 1943 2224 Ma-

1121 2253 1202 2282 nus
1217 2241 1331 2282 enim
1344 2253 1443 2283 mea
1456 2240 1732 2283 auxiliabitur
1747 2240 1797 2282 ei.
1812 2233 1862 2286 V.
1877 2239 1919 2281 N
1921 2240 1945 2280 i-

1121 2296 1180 2337 hil
1205 2297 1407 2350 proficiet
1431 2298 1629 2339 inimicus
1658 2297 1702 2338 in
1730 2309 1794 2347 eo,
1826 2301 1869 2339 et
1895 2296 1942 2338 fi-

1120 2353 1202 2395 lius
1220 2353 1460 2406 iniquitatis
1479 2366 1566 2396 non
1584 2353 1760 2396 nocebit
1778 2354 1828 2396 ei.
1854 2353 1942 2394 Ma-

1121 2423 1201 2451 nus
1226 2410 1349 2452 enim.

1427 2466 1577 2507 Lectio
1597 2481 1633 2506 v.

1197 2523 1362 2577 coeptis
1386 2535 1412 2564 a
1438 2523 1723 2565 Constantino
1744 2523 1942 2574 Pogona-

1221 2584 1267 2621 to
1300 2579 1454 2621 litteris
1488 2579 1545 2621 ad
1572 2579 1748 2620 Donum
1775 2578 1942 2632 praede-

1120 2638 1338 2678 cessorem
1354 2635 1538 2688 scriptis,
1557 2649 1639 2689 pro
1654 2634 1941 2677 convocando

1119 2692 1302 2734 concilio
1317 2692 1597 2742 oecumenico,
1618 2691 1675 2734 ad
1689 2691 1942 2734 diuturnum

1120 2749 1306 2791 schisma
1325 2748 1582 2799 tollendum,
1607 2761 1693 2801 quo
1711 2747 1942 2790 laborabat
