2040 2990
182 182 248 217 118

756 186 862 220 scria
888 186 1020 227 quintu
1046 186 1094 219 ad
1114 185 1316 228 X'cspcras.

232 277 434 319 Edticens
460 276 600 319 nubes
626 276 681 318 ab
706 278 902 318 extremo
922 282 1005 319 ter-

183 347 257 376 rae:
276 335 299 360 *
318 333 490 385 fiilgura
510 334 552 374 in
571 334 764 386 phiviam
782 334 894 375 fecit.

233 395 315 445 Qui
341 394 547 447 prodiicit
573 399 727 436 ventos
752 393 807 436 de
833 394 1005 436 thesari-

180 452 238 492 ris
265 452 369 492 suis:
396 452 419 477 *
450 452 524 503 qui
551 451 767 504 permissit
791 451 1005 504 primoge-

180 508 268 549 nita
293 508 475 561 AEgypti
502 508 558 550 ab
582 508 757 549 homine
785 521 924 560 usque
950 507 1005 550 ad

178 577 326 617 pecus.

230 626 287 667 Et
305 625 422 666 misit
437 625 570 677 signa,
589 630 633 667 et
646 625 848 678 prodigia
862 626 904 666 in
919 628 1004 667 me-

179 681 252 723 dio
282 682 345 723 tui
369 683 576 734 AEgypte:
599 683 623 707 *
648 683 691 723 in
720 682 1005 733 Pharaonem,

180 743 227 780 et
242 738 286 779 in
306 751 457 780 omnes
477 752 630 780 servos
650 740 752 791 ejus.

231 800 315 849 Qui
334 800 552 852 permissit
570 804 722 851 gentes
741 800 914 841 multas:
926 801 948 826 *
962 806 1006 843 et

180 856 341 898 occidit
360 869 485 908 reges
506 857 657 898 fortes:

231 917 377 958 Sehon
398 930 545 968 regem
564 917 940 968 Amorrhaeorum,
963 923 1006 960 et

181 974 249 1025 Og
267 987 415 1024 regem
430 975 585 1024 Basan,
603 974 626 1000 *
647 979 690 1015 et
711 974 854 1015 omnia
873 988 1005 1027 regna

181 1029 395 1071 Chanaan.

231 1092 288 1133 Et
314 1091 435 1133 dedit
458 1097 620 1133 terram
646 1093 797 1133 eorum
824 1093 1005 1136 haeredi-

179 1151 324 1198 tatem,
341 1149 364 1174 *
379 1148 681 1190 haereditatem
691 1149 828 1191 Israel
839 1151 1005 1203 populo

180 1218 271 1246 suo.

231 1262 419 1304 Domine
454 1275 613 1305 nomen
649 1268 771 1305 tuum
806 1265 850 1306 in
884 1267 1006 1306 aeter-

179 1332 296 1359 num:
312 1319 334 1344 *
351 1319 537 1361 Domine
553 1321 806 1363 memoriale
826 1326 950 1363 tuum
963 1322 1006 1363 in

179 1376 503 1425 generationem
523 1381 567 1418 et
584 1378 920 1428 generationem.

231 1436 340 1486 Quia
352 1436 558 1488 judicabit
568 1438 782 1480 Dominus
793 1440 1006 1492 populum

178 1505 321 1590 buum:
340 1494 363 1519 *
386 1498 430 1535 et
452 1494 495 1534 in
521 1495 658 1536 servis
685 1495 775 1537 suis
800 1495 1005 1549 depreca-

211 1549 305 1590 itur.

231 1605 469 1647 Simulacra
485 1607 689 1648 Gentium
706 1611 943 1661 argentum,
963 1615 1007 1652 et

179 1674 342 1711 aurum,
359 1663 381 1688 *
400 1665 534 1715 opera
548 1666 753 1706 manuum
772 1665 1006 1709 hominum.

232 1722 293 1763 Os
318 1723 496 1773 habent,
525 1730 568 1766 et
596 1738 683 1766 non
709 1726 957 1779 loquentur:
982 1729 1005 1754 *

181 1779 332 1820 oculos
352 1779 524 1831 habent,
544 1786 588 1823 et
606 1795 693 1823 non
712 1783 931 1826 videbunt.

232 1840 374 1882 Aures
394 1841 571 1892 habent,
594 1848 638 1885 et
660 1857 747 1885 non
771 1845 963 1887 andient:
982 1846 1005 1871 *

180 1909 323 1948 neque
364 1898 477 1939 enim
518 1904 584 1940 est
622 1901 799 1953 spiritus
842 1902 884 1943 in
928 1915 1005 1944 ore

181 1953 388 2005 ipsorum.

233 2009 403 2051 Similes
427 2010 510 2051 illis
530 2011 635 2053 fiant
661 2013 734 2065 qui
759 2014 921 2057 faciunt
941 2029 1006 2058 ea:

181 2066 205 2092 *
226 2071 269 2107 et
289 2078 450 2111 omnes,
473 2068 546 2119 qui
566 2069 791 2112 confidunt
809 2072 852 2113 in
875 2073 948 2114 eis.

233 2127 403 2168 Domus
425 2128 562 2169 Israel
590 2128 834 2174 benedicite
858 2133 1005 2175 Domi-

182 2196 255 2224 no:
273 2184 296 2208 ’⁸'
316 2182 472 2225 domus
492 2184 639 2226 Aaron
659 2186 904 2231 benedicite
918 2190 1005 2233 Do·

181 2252 310 2280 mmo.

234 2296 402 2338 Domus
416 2296 524 2339 Levi
543 2297 788 2342 benedicite
802 2301 1006 2345 Domino:

182 2352 206 2377 *
227 2352 301 2404 qui
316 2353 477 2394 timetis
496 2354 742 2406 Dominum,
762 2357 1006 2402 benedicite

182 2408 390 2450 Domino:

235 2465 500 2507 Benedictus
523 2467 738 2510 Dominus
763 2482 817 2511 ex
840 2470 959 2522 Sion,
983 2474 1006 2498 *

185 2521 258 2574 qui
277 2521 445 2563 habitat
463 2523 506 2563 in
524 2523 548 2563 J
552 2525 776 2567 erfisalem.

235 2588 333 2628 Ant.
372 2588 526 2628 omnia
556 2593 842 2643 quaecamque
873 2593 1008 2635 voluit

182 2643 396 2684 Dominus
416 2643 528 2685 fecit.

237 2709 332 2749 Ant.
363 2709 577 2758 Quoniam
596 2710 638 2750 in
658 2711 878 2754 aeternum.

1322 288 1521 330 l'salmus
1544 290 1630 330 135.

1134 351 1373 393 onfitemini
1429 350 1621 392 Domino
1682 351 1887 404 quoniam

1155 407 1311 449 bonus:
1330 409 1355 434 *
1377 408 1583 461 quoniam
1606 408 1650 449 in
1676 410 1886 450 aeternum

1058 464 1358 507 misericordia
1379 466 1482 517 ejus.

1113 525 1388 567 Confitemini
1402 526 1501 567 Deo
1521 524 1720 568 deorum:
1738 526 1763 552 *
1783 528 1887 580 quo-

1059 583 1174 623 niam
1188 583 1230 623 in
1246 585 1458 624 aeternum
1471 582 1772 624 misericordia
1785 583 1887 635 ejus.

1111 643 1386 685 Confitemini
1396 644 1588 686 Domino
1597 643 1887 686 dominorum:

1058 701 1081 725 *
1109 701 1315 753 quoniam
1338 701 1382 742 in
1411 702 1622 742 aeternum
1644 701 1886 743 misericor-

1059 756 1130 798 dia
1149 757 1251 809 ejus.

1112 814 1195 863 Qui
1215 814 1317 855 facit
1336 814 1551 856 mirabilia
1572 828 1731 867 magna
1753 815 1888 858 solus:

1058 871 1081 896 *
1104 871 1310 923 quoniam
1338 871 1381 912 in
1409 873 1620 914 aeternum
1645 873 1888 915 misericor-

1059 927 1130 969 dia
1150 927 1252 979 ejus.

1111 985 1196 1035 Qui
1228 984 1331 1026 fecit
1359 985 1497 1027 coelos
1526 985 1570 1026 in
1594 985 1833 1028 intellectu:
1864 986 1888 1013 *

1061 1042 1266 1093 quoniam
1288 1042 1331 1082 in
1355 1043 1567 1084 aeternum
1589 1043 1890 1086 misericordia

1059 1111 1161 1149 ejus.

1113 1155 1197 1204 Qui
1211 1155 1402 1197 firmavit
1415 1160 1577 1198 terram
1591 1169 1724 1210 super
1738 1170 1890 1210 aquas:

1059 1211 1082 1237 *
1110 1212 1316 1264 quoniam
1343 1212 1387 1253 in
1412 1215 1624 1255 aeternum
1647 1214 1888 1256 misericor-

1060 1267 1132 1309 dia
1153 1268 1254 1320 ejus.

1112 1325 1196 1375 Qui
1211 1325 1314 1366 fecit
1328 1325 1555 1368 luminaria
1564 1340 1738 1378 magna:
1747 1329 1770 1354 *
1783 1331 1887 1381 quo—

1058 1381 1174 1422 niam
1188 1381 1232 1422 in
1247 1383 1459 1424 aeternum
1472 1383 1773 1427 misericordia
1787 1385 1889 1437 ejus.

1110 1442 1258 1485 Solem
1276 1444 1319 1484 in
1337 1447 1605 1496 potestatem
1619 1445 1719 1487 diei:
1738 1446 1763 1472 *
1784 1448 1888 1499 quo-

1058 1499 1174 1540 niam
1188 1500 1233 1541 in
1247 1502 1459 1542 aete'rnum
1472 1501 1771 1544 misericordia
1787 1503 1889 1554 ejus.

1109 1560 1293 1612 Lunam,
1319 1566 1363 1603 et
1386 1561 1536 1604 stellas
1558 1562 1602 1603 in
1620 1566 1888 1616 potestatem

1058 1618 1214 1659 noctis:
1233 1618 1257 1643 *
1279 1618 1486 1670 quoniam
1511 1619 1555 1660 in
1577 1621 1790 1662 aeternum
1812 1621 1887 1662 mi-

1059 1673 1299 1716 sericordia
1318 1675 1419 1726 ejus.

1110 1735 1194 1785 Qui
1239 1736 1458 1788 permissit
1497 1737 1742 1790 AEgyptum
1786 1750 1886 1779 cum

1057 1792 1358 1845 primogenitis
1378 1795 1545 1834 eorum:
1564 1794 1588 1820 *
1613 1794 1821 1846 quoniam
1843 1795 1886 1835 in

1058 1846 1269 1886 aeternum
1289 1845 1590 1887 misericordia
1610 1847 1711 1898 ejus.

1110 1910 1195 1960 Qui
1222 1910 1373 1952 eduxit
1393 1911 1531 1952 Israel
1559 1911 1614 1954 de
1640 1911 1787 1954 medio
1816 1914 1886 1954 eo-

1058 1980 1168 2008 rum:
1186 1967 1210 1993 *
1234 1968 1439 2020 quoniam
1463 1969 1506 2009 in
1530 1970 1742 2010 aeternum
1760 1969 1886 2010 mise-

1058 2023 1247 2066 ricordia
1265 2025 1366 2075 ejus.

1110 2085 1160 2126 In
1184 2097 1315 2126 manu
1334 2086 1521 2137 potenti,
1546 2090 1590 2127 et
1613 2085 1794 2128 brachio
1815 2099 1886 2128 ex-

1059 2141 1193 2182 celso:
1206 2141 1230 2167 *
1246 2142 1451 2194 quoniam
1470 2143 1513 2183 in
1531 2145 1742 2184 aeternum
1760 2143 1886 2185 mise-

1058 2196 1247 2239 ricordia
1267 2198 1368 2249 ejus.

1110 2259 1196 2308 Qui
1215 2257 1362 2300 divisit
1378 2259 1499 2301 Mare
1522 2259 1700 2302 rubrum
1720 2260 1765 2301 in
1782 2259 1886 2302 divi-

1059 2315 1223 2356 siones:
1242 2315 1266 2340 *
1287 2316 1493 2368 quoniam
1514 2316 1558 2357 in
1577 2319 1789 2358 aeternum
1811 2317 1886 2358 mi-

1059 2371 1298 2413 sericordia
1318 2373 1420 2424 ejus.

1111 2433 1167 2473 Et
1178 2431 1329 2474 edlixit
1339 2433 1476 2474 Israel
1486 2447 1566 2487 per
1577 2433 1771 2476 medium
1782 2435 1886 2487 ejus:

1058 2490 1082 2515 *
1107 2489 1312 2542 quoniam
1336 2490 1380 2530 in
1407 2492 1623 2532 aeternum
1643 2491 1885 2533 misericor-

1058 2545 1131 2587 dia
1151 2546 1252 2597 ejus.

1110 2602 1167 2643 Et
1185 2602 1378 2643 exmissit
1392 2602 1678 2655 Pharaonem,
1697 2609 1742 2646 et
1757 2604 1887 2647 virtri-

1058 2664 1147 2700 tem
1169 2659 1260 2710 ejus
1282 2659 1325 2699 in
1344 2658 1454 2699 Mari
1471 2659 1619 2714 rubro:
1637 2662 1661 2687 ¹⁸¹
1682 2661 1886 2713 quoniam

1060 2716 1102 2755 in
1125 2717 1336 2757 aeternum
1355 2715 1654 2758 misericordia
1675 2718 1776 2770 ejus.
