2040 2990
187 203 226 237 14
764 203 961 236 Dominica
989 203 1035 235 ud
1062 201 1298 234 Matutinum.

183 296 223 335 in
253 296 393 348 capite
421 295 510 344 ejus
538 296 745 335 corenam
773 294 827 335 de
855 293 999 346 lapide

183 352 384 402 pretioso.

232 411 376 451 Vitam
395 410 519 462 petiit
539 423 563 450 a
582 415 639 451 te:
658 411 681 434 *
701 415 744 451 et
758 409 945 450 tribuisti
961 409 998 450 ei

180 465 488 515 longitudinem
515 465 681 506 dierum
708 466 750 505 in
780 465 998 513 saeculum,

179 526 221 561 et
239 521 280 561 in
301 521 508 562 saeculum
532 521 690 562 saeculi.

229 581 385 631 Magna
409 587 476 622 est
493 581 629 631 gloria
650 582 739 632 ejus
758 581 799 621 in
820 580 998 621 salutari

177 641 267 676 tuo:
281 637 304 661 *
319 637 500 686 gloriam
517 643 560 678 et
574 650 776 686 magnum
793 636 996 677 decorem

176 691 375 743 imp6nes
395 705 525 744 super
544 705 653 733 eum.

229 752 441 801 Quoniam
475 751 598 793 dabis
628 765 725 792 eum
754 752 795 791 in
822 751 995 792 benedi-

176 806 363 848 ctionem
383 808 424 847 in
446 807 651 848 saeculum
669 807 830 848 saeculi:
849 808 872 831 *
891 807 995 848 laeti-

176 862 326 903 ficabis
338 876 435 904 eum
446 863 488 903 in
499 863 658 913 gaudio
670 876 767 904 cum
775 862 896 904 vultu
908 868 995 904 tuo.

227 922 439 972 Quoniam
464 936 540 964 rex
565 928 711 975 sperat
729 924 770 963 in
791 924 995 964 Domino:

174 978 197 1001 '⁸‘
222 983 265 1018 et
288 978 331 1018 in
354 978 650 1020 misericordia
673 979 884 1020 Altissimi
908 992 995 1020 non

174 1034 529 1075 commovebitur.

224 1094 472 1135 Inveniatur
504 1107 656 1135 manus
688 1100 760 1135 tua
794 1095 994 1136 Omnibus

172 1148 354 1190 inimicis
369 1150 468 1191 tuis:
483 1151 506 1175 *
522 1150 701 1191 dextera
715 1155 789 1191 tua
804 1151 994 1192 inveniat

172 1216 333 1254 omnes,
355 1206 427 1257 qui
446 1211 489 1246 te
508 1205 704 1247 oderunt.

222 1264 364 1306 Pones
393 1278 469 1306 eos
496 1270 543 1306 ut
571 1266 787 1307 clibanum
815 1267 926 1317 ignis
950 1268 991 1308 in

171 1320 367 1371 tempore
392 1321 535 1362 vultus
559 1322 635 1362 tui:
659 1322 682 1347 *
706 1322 920 1364 Dominus
950 1324 992 1364 in

171 1374 232 1415 ira
253 1388 330 1416 sua
349 1376 626 1418 conturbabit
645 1390 732 1427 eOS,
753 1384 796 1419 et
812 1378 991 1420 devora-

171 1429 234 1470 bit
253 1444 328 1471 eos
348 1431 468 1482 ignis.

222 1490 427 1532 Fructum
449 1494 598 1533 eorum
619 1492 673 1534 de
688 1499 803 1535 terra
818 1495 991 1547 perdes:

172 1545 194 1568 *
210 1550 253 1586 et
272 1558 417 1588 semen
438 1550 588 1589 ecrum
603 1562 628 1589 a
643 1549 742 1589 filiis
756 1549 991 1592 h6minum.

214 1605 426 1654 Quoniam
435 1606 991 1652 declinaveruntintemala:

171 1660 193 1683 ¹⁸
222 1661 521 1710 cogitaverunt
551 1664 744 1713 consilia,
778 1678 875 1717 quae
905 1680 991 1708 non

171 1718 406 1766 potuerunt
425 1718 627 1760 stabilire.

222 1776 433 1825 Quoniam
470 1791 607 1830 pones
643 1792 719 1820 eos
752 1780 944 1822 dorsum:
968 1784 990 1808 *

170 1830 211 1870 in
232 1831 422 1883 reliquiis
440 1834 526 1874 tuis
540 1835 810 1887 praeparabis
825 1837 990 1879 vultum

171 1898 332 1926 eorum.

223 1946 424 1988 Exaltare
444 1948 628 1991 Domine
653 1952 694 1991 in
720 1953 878 1994 virttite
901 1959 989 1995 tua:

170 2001 192 2024 *
208 2001 477 2043 cantabimus
497 2009 540 2045 et
558 2006 791 2056 psallemus
806 2009 989 2051 virtutes

170 2061 277 2096 tuas.

228 2132 272 2170 In
312 2133 522 2174 Adventu.
569 2137 664 2177 Ant.
718 2141 761 2180 ln
800 2141 987 2183 adventu

171 2188 326 2228 summi
342 2189 474 2239 Regis
490 2192 749 2235 mundentur
765 2196 897 2237 corda
914 2198 987 2238 ho-

171 2242 344 2290 minum,
364 2250 411 2285 ut
429 2245 555 2295 digne
575 2248 844 2291 ambulemus
860 2253 901 2292 in
918 2266 986 2294 oc-

171 2300 343 2339 cursum
363 2299 488 2341 illius:
514 2303 613 2354 quia
637 2318 739 2346 ecce
763 2308 920 2356 veniet,
946 2315 988 2350 et

171 2364 256 2393 non
276 2354 476 2397 tardabit.

227 2426 270 2475 Υ.
296 2433 553 2483 Egredietur
572 2437 785 2482 Dominus
810 2442 863 2484 de
888 2443 987 2486 loco

172 2494 323 2529 sancto
353 2502 442 2530 suo.
500 2494 545 2543 152
575 2493 749 2544 Veniet,
778 2503 824 2538 ut
851 2500 987 2542 salvet

172 2543 381 2594 populum
401 2557 535 2586 suum.

225 2618 303 2657 l'cr
323 2620 501 2659 Annum.
527 2623 619 2661 Ant.
655 2626 835 2674 Domine
850 2630 891 2670 in
907 2632 985 2672 vir-

171 2675 263 2714 tute
282 2679 356 2715 tua
375 2674 592 2719 laetabitur
611 2692 697 2722 rex.

1110 285 1155 335 Y.
1185 292 1390 333 Exaltare
1418 292 1607 333 Domine
1640 293 1684 333 in
1717 293 1879 335 virtute

1051 353 1135 388 tua.
1183 348 1231 398 Rg.
1258 347 1540 389 Cantabimus
1571 353 1615 389 et
1642 347 1879 400 psallemus

1051 404 1234 444 virtutes
1252 409 1360 444 tuas.

1108 459 1232 500 Pater
1251 465 1409 500 noster.
1435 463 1617 498 secreto.

1107 509 1155 559 Y.
1171 515 1227 556 Et
1248 528 1302 556 ne
1321 528 1402 556 nos
1418 515 1601 556 inducas
1616 516 1661 556 in
1675 517 1877 558 tentatio-

1050 583 1159 611 nem.
1193 572 1241 621 Rg.
1256 571 1343 612 Sed
1363 571 1501 613 libera
1519 584 1601 612 nos
1620 584 1646 613 a
1665 572 1793 614 malo.

1344 626 1587 666 Absolutio.

1055 676 1144 780 A
1164 682 1347 723 vinculis
1383 685 1668 735 peccatorum
1708 686 1878 725 nostro-

1176 750 1272 778 rum
1287 738 1488 779 absolvat
1502 751 1583 780 nos
1599 741 1878 792 omnipotens

1049 797 1092 833 et
1114 793 1364 835 misericors
1387 795 1617 836 Deminus.
1650 795 1699 846 R.
1722 795 1878 837 Amen.

1108 845 1141 894 Υ
1176 850 1201 889 J
1203 849 1288 891 ube
1309 850 1469 891 domne
1488 849 1762 893 benedicere.

1106 906 1263 946 sscncd.
1294 906 1555 956 Evangelica
1572 906 1705 948 lectio
1725 907 1783 948 sit
1800 919 1875 948 no-

1047 959 1113 1001 bis
1131 960 1247 1002 salus
1267 966 1312 1003 et
1329 962 1559 1014 protectio.
1596 964 1646 1015 Rg.
1665 963 1819 1005 Amen.

1253 1019 1333 1056 ΡΠ)
1355 1018 1437 1057 viii.
1460 1019 1678 1059 Lectione.

1104 1072 1261 1113 Bcned.
1302 1072 1507 1114 Divinum
1543 1074 1752 1116 auxilium
1787 1077 1874 1116 ma-

1046 1132 1147 1168 neat
1171 1139 1345 1180 semper
1370 1128 1611 1170 nobiscum.
1647 1131 1697 1182 Ru
1721 1130 1876 1173 Amen.

1268 1185 1349 1224 I’ro
1373 1186 1424 1224 ix.
1445 1185 1665 1227 Lectione.

1105 1238 1262 1279 Bened.
1315 1238 1380 1280 Ad
1418 1241 1677 1283 societatem
1716 1242 1875 1284 civium

1046 1297 1335 1346 supernorum
1350 1296 1566 1347 perducat
1580 1310 1661 1339 nos
1676 1298 1774 1340 Rex
1786 1298 1874 1339 An-

1044 1349 1253 1399 ge16rum.
1287 1354 1333 1404 [ζ’.
1351 1351 1504 1393 Amen.

1100 1410 1185 1451 ch.
1220 1409 1395 1452 Hymnus
1434 1420 1586 1451 semper
1619 1410 1760 1444 dicitur
1787 1413 1878 1452 post

1049 1456 1111 1490 ult.
1130 1456 1231 1490 Lcct.
1256 1457 1293 1490 in
1317 1457 1494 1491 omnibus
1516 1457 1733 1491 Dominicis
1756 1462 1793 1491 et
1810 1457 1878 1492 Fe-

1048 1503 1117 1536 stis
1136 1509 1281 1537 tuntum
1301 1510 1476 1547 (excepto
1492 1504 1607 1538 Festo
1622 1504 1878 1539 Ss.1nnocen-

1047 1551 1156 1586 tium,
1183 1552 1338 1594 quando
1367 1563 1443 1585 non
1469 1553 1573 1586 venit
1603 1553 1639 1585 in
1665 1551 1831 1594 Domin.)
1855 1562 1877 1586 a

1047 1598 1257 1632 Nativitate
1285 1599 1438 1633 Domini
1468 1610 1589 1643 usque
1619 1599 1668 1633 ad
1694 1599 1876 1642 Septuag.

1047 1645 1088 1678 In
1114 1646 1293 1680 Adventu
1320 1652 1445 1681 autem
1468 1657 1545 1681 non
1570 1647 1711 1681 dicitur
1736 1647 1812 1681 nisi
1837 1647 1877 1681 in

1049 1693 1183 1726 Festi&
1215 1695 1378 1733 Quando
1404 1705 1495 1729 vcro
1518 1705 1594 1729 non
1614 1695 1769 1734 dieitur.
1793 1695 1876 1738 ejus

1047 1741 1132 1774 loco
1157 1743 1313 1784 ponitur
1331 1743 1379 1776 ix.
1405 1748 1469 1777 aut
1488 1743 1539 1777 iii.
1558 1743 1875 1787 Rcsponsorium.

1047 1792 1246 1842 Hymnus
1262 1797 1323 1835 ὃς.
1336 1794 1558 1835 Ambrosii
1576 1802 1619 1835 et
1631 1795 1875 1846 Augustini.

1041 1850 1143 1956 Te
1170 1858 1314 1899 Deum
1337 1858 1582 1901 laudamus:
1605 1860 1628 1886 *
1651 1865 1696 1902 te
1720 1861 1869 1903 Domi-

1146 1926 1248 1955 num
1269 1914 1541 1957 confitemur.

1092 1968 1157 2009 Te
1196 1971 1407 2012 aeternum
1445 1971 1623 2013 Patrem
1661 1973 1685 1998 *
1726 1974 1870 2015 omnis

1040 2027 1156 2065 terra
1176 2028 1419 2067 veneratur.

1091 2079 1191 2122 Tibi
1222 2094 1374 2123 omnes
1399 2083 1573 2133 Angeli‚
1597 2084 1621 2109 ¹⁸¹
1647 2084 1727 2126 tibi
1755 2085 1869 2135 coeli,

1040 2139 1084 2176 et
1103 2136 1317 2178 universae
1337 2141 1597 2190 potestates:

1090 2191 1189 2233 Tibi
1206 2193 1440 2235 Cherubim
1457 2200 1500 2236 et
1514 2195 1754 2248 Seraphim,
1769 2197 1793 2222 *
1807 2197 1867 2238 in-

1040 2247 1240 2289 cessabili
1261 2262 1370 2291 voce
1389 2250 1679 2302 proclamant:

1090 2303 1291 2353 Sanetus,
1316 2306 1339 2330 *
1364 2307 1565 2355 Sanctus,
1590 2307 1614 2333 *
1638 2308 1824 2350 Sanctus
1843 2310 1866 2335 *

1038 2358 1253 2400 Deminus
1272 2361 1393 2402 Deus
1411 2362 1616 2404 Sabaoth.

1092 2414 1210 2455 Pleni
1235 2422 1334 2457 sunt
1357 2418 1456 2459 coeli
1483 2424 1526 2460 et
1550 2424 1668 2460 terra
1691 2419 1714 2446 *
1738 2421 1865 2472 maje-

1038 2470 1162 2510 statis
1180 2470 1332 2521 glotiae
1352 2478 1450 2515 tuae.

1089 2525 1153 2566 Te
1203 2526 1421 2575 gloriosus
1471 2530 1494 2555 *
1545 2530 1866 2583 Apostolorum

1038 2579 1208 2630 chorus,

1088 2636 1153 2677 Te
1167 2637 1488 2690 Prophetarum
1503 2640 1772 2683 *laudabilis
1787 2644 1863 2684 nu-

1037 2703 1193 2740 merus,
