<?xml version="1.0" encoding="UTF-8"?>
<!DOCTYPE html PUBLIC "-//W3C//DTD XHTML 1.0 Transitional//EN"
    "http://www.w3.org/TR/xhtml1/DTD/xhtml1-transitional.dtd">
<html xmlns="http://www.w3.org/1999/xhtml" xml:lang="en" lang="en">
 <head>
  <title>
</title>
<meta http-equiv="Content-Type" content="text/html;charset=utf-8" />
  <meta name='ocr-system' content='tesseract 3.04.00' />
  <meta name='ocr-capabilities' content='ocr_page ocr_carea ocr_par ocr_line ocrx_word'/>
</head>
<body>
  <div class='ocr_page' id='page_1' title='image "./p1breviariumroma00cathuoft_0587.png"; bbox 0 0 2080 2990; ppageno 0'>
   <div class='ocr_carea' id='block_1_1' title="bbox 771 235 1335 277">
    <p class='ocr_par' dir='ltr' id='par_1_1' title="bbox 771 235 1335 277">
     <span class='ocr_line' id='line_1_1' title="bbox 771 235 1335 277; baseline -0.004 -7"><span class='ocrx_word' id='word_1_1' title='bbox 771 237 980 271; x_wconf 76' lang='lat' dir='ltr'>Commune</span> <span class='ocrx_word' id='word_1_2' title='bbox 1006 235 1119 270; x_wconf 84' lang='lat' dir='ltr'><strong>unius</strong></span> <span class='ocrx_word' id='word_1_3' title='bbox 1147 235 1335 277; x_wconf 70' lang='lat' dir='ltr'><strong>Martyris.</strong></span> 
     </span>
    </p>
   </div>
   <div class='ocr_carea' id='block_1_2' title="bbox 1845 233 1914 278">
    <p class='ocr_par' dir='ltr' id='par_1_2' title="bbox 1845 233 1914 278">
     <span class='ocr_line' id='line_1_2' title="bbox 1845 233 1914 278; baseline 0 0"><span class='ocrx_word' id='word_1_4' title='bbox 1845 233 1914 278; x_wconf 84' lang='lat'>[25]</span> 
     </span>
    </p>
   </div>
   <div class='ocr_carea' id='block_1_3' title="bbox 197 293 1918 310">
    <p class='ocr_par' dir='ltr' id='par_1_3' title="bbox 197 293 1918 310">
     <span class='ocr_line' id='line_1_3' title="bbox 197 293 1918 310; baseline 0 2680"><span class='ocrx_word' id='word_1_5' title='bbox 197 293 1918 310; x_wconf 95' lang='lat' dir='ltr'><strong> </strong></span> 
     </span>
    </p>
   </div>
   <div class='ocr_carea' id='block_1_4' title="bbox 196 333 1033 2814">
    <p class='ocr_par' dir='ltr' id='par_1_4' title="bbox 202 333 1032 432">
     <span class='ocr_line' id='line_1_4' title="bbox 202 333 1032 376; baseline -0.002 0"><span class='ocrx_word' id='word_1_6' title='bbox 202 333 348 376; x_wconf 89' lang='lat' dir='ltr'><strong>vultus</strong></span> <span class='ocrx_word' id='word_1_7' title='bbox 370 333 435 375; x_wconf 82' lang='lat' dir='ltr'><strong>tui</strong></span> <span class='ocrx_word' id='word_1_8' title='bbox 458 333 661 375; x_wconf 67' lang='lat' dir='ltr'><strong>Domine:</strong></span> <span class='ocrx_word' id='word_1_9' title='bbox 689 335 713 360; x_wconf 89' lang='grc'><em>*</em></span> <span class='ocrx_word' id='word_1_10' title='bbox 741 333 902 375; x_wconf 90' lang='lat' dir='ltr'><strong>dedisti</strong></span> <span class='ocrx_word' id='word_1_11' title='bbox 926 333 1032 375; x_wconf 83' lang='lat' dir='ltr'><strong>laeti-</strong></span> 
     </span>
     <span class='ocr_line' id='line_1_5' title="bbox 203 389 656 432; baseline -0.004 0"><span class='ocrx_word' id='word_1_12' title='bbox 203 390 309 432; x_wconf 87' lang='lat' dir='ltr'><strong>tiam</strong></span> <span class='ocrx_word' id='word_1_13' title='bbox 327 390 371 431; x_wconf 94' lang='lat' dir='ltr'><strong>in</strong></span> <span class='ocrx_word' id='word_1_14' title='bbox 390 389 525 432; x_wconf 92' lang='lat' dir='ltr'><strong>corde</strong></span> <span class='ocrx_word' id='word_1_15' title='bbox 545 402 656 431; x_wconf 90' lang='lat' dir='ltr'><strong>meo.</strong></span> 
     </span>
    </p>

    <p class='ocr_par' dir='ltr' id='par_1_5' title="bbox 202 446 1033 556">
     <span class='ocr_line' id='line_1_6' title="bbox 253 446 1033 496; baseline 0 -9"><span class='ocrx_word' id='word_1_16' title='bbox 253 446 295 487; x_wconf 93' lang='lat' dir='ltr'><strong>A</strong></span> <span class='ocrx_word' id='word_1_17' title='bbox 318 446 462 488; x_wconf 88' lang='lat' dir='ltr'><strong>fructu</strong></span> <span class='ocrx_word' id='word_1_18' title='bbox 490 446 710 495; x_wconf 87' lang='lat' dir='ltr'><strong>frumenti,</strong></span> <span class='ocrx_word' id='word_1_19' title='bbox 743 446 845 496; x_wconf 90' lang='lat' dir='ltr'><strong>vini,</strong></span> <span class='ocrx_word' id='word_1_20' title='bbox 879 450 923 488; x_wconf 91' lang='lat' dir='ltr'><strong>et</strong></span> <span class='ocrx_word' id='word_1_21' title='bbox 947 446 1033 488; x_wconf 75' lang='lat' dir='ltr'><strong>elei</strong></span> 
     </span>
     <span class='ocr_line' id='line_1_7' title="bbox 202 503 737 556; baseline -0.002 -11"><span class='ocrx_word' id='word_1_22' title='bbox 202 503 269 545; x_wconf 91' lang='lat' dir='ltr'><strong>sui</strong></span> <span class='ocrx_word' id='word_1_23' title='bbox 286 504 311 531; x_wconf 88' lang='lat'>*</span> <span class='ocrx_word' id='word_1_24' title='bbox 328 503 607 556; x_wconf 81' lang='lat' dir='ltr'><strong>multiplicati</strong></span> <span class='ocrx_word' id='word_1_25' title='bbox 626 507 737 544; x_wconf 88' lang='lat' dir='ltr'><strong>sunt.</strong></span> 
     </span>
    </p>

    <p class='ocr_par' dir='ltr' id='par_1_6' title="bbox 203 559 1032 668">
     <span class='ocr_line' id='line_1_8' title="bbox 253 559 1032 612; baseline -0.001 -11"><span class='ocrx_word' id='word_1_26' title='bbox 253 560 304 601; x_wconf 93' lang='lat' dir='ltr'><strong>In</strong></span> <span class='ocrx_word' id='word_1_27' title='bbox 329 572 439 612; x_wconf 89' lang='lat' dir='ltr'><strong>pace</strong></span> <span class='ocrx_word' id='word_1_28' title='bbox 467 560 511 600; x_wconf 89' lang='lat' dir='ltr'><strong>in</strong></span> <span class='ocrx_word' id='word_1_29' title='bbox 538 559 728 612; x_wconf 88' lang='lat' dir='ltr'><strong>idipsum</strong></span> <span class='ocrx_word' id='word_1_30' title='bbox 754 560 778 585; x_wconf 85' lang='lat'>*</span> <span class='ocrx_word' id='word_1_31' title='bbox 806 559 1032 610; x_wconf 74' lang='lat' dir='ltr'><strong>dermiam‚</strong></span> 
     </span>
     <span class='ocr_line' id='line_1_9' title="bbox 203 616 556 668; baseline -0.003 -10"><span class='ocrx_word' id='word_1_32' title='bbox 203 620 247 658; x_wconf 89' lang='lat' dir='ltr'><strong>et</strong></span> <span class='ocrx_word' id='word_1_33' title='bbox 266 616 556 668; x_wconf 79' lang='lat' dir='ltr'><strong>requiescam3</strong></span> 
     </span>
    </p>

    <p class='ocr_par' dir='ltr' id='par_1_7' title="bbox 202 672 1033 782">
     <span class='ocr_line' id='line_1_10' title="bbox 254 672 1033 723; baseline 0 -9"><span class='ocrx_word' id='word_1_34' title='bbox 254 673 471 723; x_wconf 78' lang='lat' dir='ltr'><strong>Queniam</strong></span> <span class='ocrx_word' id='word_1_35' title='bbox 486 677 534 714; x_wconf 88' lang='lat' dir='ltr'><strong>tu</strong></span> <span class='ocrx_word' id='word_1_36' title='bbox 547 672 736 714; x_wconf 65' lang='lat' dir='ltr'><strong>Domine</strong></span> <span class='ocrx_word' id='word_1_37' title='bbox 756 672 1033 722; x_wconf 62' lang='lat' dir='ltr'><strong>singulariter</strong></span> 
     </span>
     <span class='ocr_line' id='line_1_11' title="bbox 202 729 773 782; baseline 0 -12"><span class='ocrx_word' id='word_1_38' title='bbox 202 730 245 770; x_wconf 93' lang='lat' dir='ltr'><strong>in</strong></span> <span class='ocrx_word' id='word_1_39' title='bbox 265 742 344 782; x_wconf 89' lang='lat' dir='ltr'><strong>spe</strong></span> <span class='ocrx_word' id='word_1_40' title='bbox 363 730 386 755; x_wconf 88' lang='lat'>*</span> <span class='ocrx_word' id='word_1_41' title='bbox 407 729 674 771; x_wconf 90' lang='lat' dir='ltr'><strong>constituisti</strong></span> <span class='ocrx_word' id='word_1_42' title='bbox 692 742 773 771; x_wconf 90' lang='lat' dir='ltr'><strong>me.</strong></span> 
     </span>
    </p>

    <p class='ocr_par' dir='ltr' id='par_1_8' title="bbox 203 785 1033 884">
     <span class='ocr_line' id='line_1_12' title="bbox 252 785 1033 838; baseline 0.001 -12"><span class='ocrx_word' id='word_1_43' title='bbox 252 788 351 827; x_wconf 77' lang='lat' dir='ltr'><strong>Ant.</strong></span> <span class='ocrx_word' id='word_1_44' title='bbox 386 785 480 827; x_wconf 84' lang='lat' dir='ltr'>Filii</span> <span class='ocrx_word' id='word_1_45' title='bbox 503 785 728 827; x_wconf 70' lang='lat' dir='ltr'><strong>hominum</strong></span> <span class='ocrx_word' id='word_1_46' title='bbox 753 786 910 827; x_wconf 73' lang='lat' dir='ltr'><strong>scitote</strong></span> <span class='ocrx_word' id='word_1_47' title='bbox 931 787 1033 838; x_wconf 89' lang='lat' dir='ltr'><strong>quia</strong></span> 
     </span>
     <span class='ocr_line' id='line_1_13' title="bbox 203 842 938 884; baseline 0 -1"><span class='ocrx_word' id='word_1_48' title='bbox 203 843 296 883; x_wconf 80' lang='lat' dir='ltr'><strong>Dfis</strong></span> <span class='ocrx_word' id='word_1_49' title='bbox 315 847 515 884; x_wconf 91' lang='lat' dir='ltr'><strong>sanctum</strong></span> <span class='ocrx_word' id='word_1_50' title='bbox 534 855 660 883; x_wconf 89' lang='lat' dir='ltr'><strong>suum</strong></span> <span class='ocrx_word' id='word_1_51' title='bbox 679 842 938 884; x_wconf 82' lang='lat' dir='ltr'><strong>mirificavit.</strong></span> 
     </span>
    </p>

    <p class='ocr_par' dir='ltr' id='par_1_9' title="bbox 201 898 1032 998">
     <span class='ocr_line' id='line_1_14' title="bbox 253 898 1032 941; baseline 0 -1"><span class='ocrx_word' id='word_1_52' title='bbox 253 900 352 940; x_wconf 86' lang='lat' dir='ltr'>Ant.</span> <span class='ocrx_word' id='word_1_53' title='bbox 393 900 530 941; x_wconf 87' lang='lat' dir='ltr'><strong>Scuto</strong></span> <span class='ocrx_word' id='word_1_54' title='bbox 566 898 698 940; x_wconf 86' lang='lat' dir='ltr'><strong>bonae</strong></span> <span class='ocrx_word' id='word_1_55' title='bbox 734 898 972 941; x_wconf 81' lang='lat' dir='ltr'><strong>voluntatis</strong></span> <span class='ocrx_word' id='word_1_56' title='bbox 1009 901 1032 925; x_wconf 88' lang='lat'>*</span> 
     </span>
     <span class='ocr_line' id='line_1_15' title="bbox 201 955 898 998; baseline 0 -2"><span class='ocrx_word' id='word_1_57' title='bbox 201 959 290 997; x_wconf 90' lang='lat' dir='ltr'><strong>tuae</strong></span> <span class='ocrx_word' id='word_1_58' title='bbox 317 955 543 997; x_wconf 79' lang='lat' dir='ltr'><strong>coronasti</strong></span> <span class='ocrx_word' id='word_1_59' title='bbox 571 968 670 997; x_wconf 91' lang='lat' dir='ltr'><strong>eum</strong></span> <span class='ocrx_word' id='word_1_60' title='bbox 698 955 898 998; x_wconf 76' lang='lat' dir='ltr'><strong>Demine.</strong></span> 
     </span>
    </p>

    <p class='ocr_par' dir='ltr' id='par_1_10' title="bbox 199 1012 1031 1222">
     <span class='ocr_line' id='line_1_16' title="bbox 482 1012 745 1053; baseline -0.011 0"><span class='ocrx_word' id='word_1_61' title='bbox 482 1012 679 1053; x_wconf 88' lang='lat' dir='ltr'><strong>Psalmus</strong></span> <span class='ocrx_word' id='word_1_62' title='bbox 710 1014 745 1051; x_wconf 92' lang='lat'><strong>5.</strong></span> 
     </span>
     <span class='ocr_line' id='line_1_17' title="bbox 292 1067 1031 1122; baseline 0.001 -12"><span class='ocrx_word' id='word_1_63' title='bbox 292 1067 397 1110; x_wconf 85' lang='lat' dir='ltr'><strong>erba</strong></span> <span class='ocrx_word' id='word_1_64' title='bbox 423 1081 523 1111; x_wconf 88' lang='lat' dir='ltr'><strong>mea</strong></span> <span class='ocrx_word' id='word_1_65' title='bbox 545 1067 724 1110; x_wconf 80' lang='lat' dir='ltr'><strong>auribus</strong></span> <span class='ocrx_word' id='word_1_66' title='bbox 745 1069 924 1122; x_wconf 90' lang='lat' dir='ltr'><strong>percipe</strong></span> <span class='ocrx_word' id='word_1_67' title='bbox 943 1070 1031 1111; x_wconf 75' lang='lat' dir='ltr'><strong>De-</strong></span> 
     </span>
     <span class='ocr_line' id='line_1_18' title="bbox 321 1124 1031 1176; baseline 0.004 -11"><span class='ocrx_word' id='word_1_68' title='bbox 321 1125 454 1175; x_wconf 83' lang='lat' dir='ltr'><strong>mine‚</strong></span> <span class='ocrx_word' id='word_1_69' title='bbox 492 1126 516 1151; x_wconf 86' lang='lat'>*</span> <span class='ocrx_word' id='word_1_70' title='bbox 555 1124 748 1176; x_wconf 86' lang='lat' dir='ltr'><strong>intellige</strong></span> <span class='ocrx_word' id='word_1_71' title='bbox 794 1125 1031 1168; x_wconf 66' lang='lat' dir='ltr'><strong>clamorem</strong></span> 
     </span>
     <span class='ocr_line' id='line_1_19' title="bbox 199 1193 355 1222; baseline -0.006 0"><span class='ocrx_word' id='word_1_72' title='bbox 199 1193 355 1222; x_wconf 88' lang='lat' dir='ltr'><strong>meum.</strong></span> 
     </span>
    </p>

    <p class='ocr_par' dir='ltr' id='par_1_11' title="bbox 200 1237 1031 1336">
     <span class='ocr_line' id='line_1_20' title="bbox 251 1237 1031 1288; baseline 0.001 -10"><span class='ocrx_word' id='word_1_73' title='bbox 251 1237 435 1279; x_wconf 90' lang='lat' dir='ltr'><strong>Intende</strong></span> <span class='ocrx_word' id='word_1_74' title='bbox 472 1237 571 1279; x_wconf 89' lang='lat' dir='ltr'><strong>voci</strong></span> <span class='ocrx_word' id='word_1_75' title='bbox 608 1238 818 1280; x_wconf 69' lang='lat' dir='ltr'><strong>orationis</strong></span> <span class='ocrx_word' id='word_1_76' title='bbox 857 1250 980 1288; x_wconf 86' lang='lat' dir='ltr'><strong>meae,</strong></span> <span class='ocrx_word' id='word_1_77' title='bbox 1008 1240 1031 1264; x_wconf 92' lang='lat'>*</span> 
     </span>
     <span class='ocr_line' id='line_1_21' title="bbox 200 1294 829 1336; baseline -0.002 -1"><span class='ocrx_word' id='word_1_78' title='bbox 200 1294 298 1335; x_wconf 83' lang='lat' dir='ltr'><strong>Rex</strong></span> <span class='ocrx_word' id='word_1_79' title='bbox 325 1306 448 1335; x_wconf 89' lang='lat' dir='ltr'><strong>meus</strong></span> <span class='ocrx_word' id='word_1_80' title='bbox 477 1298 521 1336; x_wconf 92' lang='lat' dir='ltr'><strong>et</strong></span> <span class='ocrx_word' id='word_1_81' title='bbox 547 1294 668 1336; x_wconf 91' lang='lat' dir='ltr'><strong>Deus</strong></span> <span class='ocrx_word' id='word_1_82' title='bbox 695 1307 829 1336; x_wconf 89' lang='lat' dir='ltr'><strong>meus.</strong></span> 
     </span>
    </p>

    <p class='ocr_par' dir='ltr' id='par_1_12' title="bbox 199 1350 1030 1449">
     <span class='ocr_line' id='line_1_22' title="bbox 254 1350 1030 1401; baseline 0.004 -10"><span class='ocrx_word' id='word_1_83' title='bbox 254 1350 469 1401; x_wconf 77' lang='lat' dir='ltr'><strong>Queniam</strong></span> <span class='ocrx_word' id='word_1_84' title='bbox 488 1350 545 1392; x_wconf 92' lang='lat' dir='ltr'><strong>ad</strong></span> <span class='ocrx_word' id='word_1_85' title='bbox 564 1355 608 1392; x_wconf 94' lang='lat' dir='ltr'><strong>te</strong></span> <span class='ocrx_word' id='word_1_86' title='bbox 629 1350 781 1393; x_wconf 79' lang='lat' dir='ltr'><strong>orabo:</strong></span> <span class='ocrx_word' id='word_1_87' title='bbox 800 1352 823 1376; x_wconf 90' lang='lat'>*</span> <span class='ocrx_word' id='word_1_88' title='bbox 842 1351 1030 1394; x_wconf 68' lang='lat' dir='ltr'><strong>Domine</strong></span> 
     </span>
     <span class='ocr_line' id='line_1_23' title="bbox 199 1406 928 1449; baseline 0 -1"><span class='ocrx_word' id='word_1_89' title='bbox 199 1419 327 1448; x_wconf 89' lang='lat' dir='ltr'><strong>mane</strong></span> <span class='ocrx_word' id='word_1_90' title='bbox 356 1406 564 1448; x_wconf 81' lang='lat' dir='ltr'><strong>exaudies</strong></span> <span class='ocrx_word' id='word_1_91' title='bbox 592 1420 748 1449; x_wconf 90' lang='lat' dir='ltr'><strong>vocem</strong></span> <span class='ocrx_word' id='word_1_92' title='bbox 774 1420 928 1449; x_wconf 92' lang='lat' dir='ltr'><strong>meam.</strong></span> 
     </span>
    </p>

    <p class='ocr_par' dir='ltr' id='par_1_13' title="bbox 200 1462 1030 1618">
     <span class='ocr_line' id='line_1_24' title="bbox 252 1462 1030 1507; baseline 0.001 -3"><span class='ocrx_word' id='word_1_93' title='bbox 252 1463 381 1504; x_wconf 88' lang='lat' dir='ltr'><strong>Mane</strong></span> <span class='ocrx_word' id='word_1_94' title='bbox 418 1463 572 1505; x_wconf 82' lang='lat' dir='ltr'><strong>astabo</strong></span> <span class='ocrx_word' id='word_1_95' title='bbox 607 1462 687 1505; x_wconf 88' lang='lat' dir='ltr'><strong>tibi</strong></span> <span class='ocrx_word' id='word_1_96' title='bbox 721 1468 764 1506; x_wconf 92' lang='lat' dir='ltr'><strong>et</strong></span> <span class='ocrx_word' id='word_1_97' title='bbox 798 1464 972 1507; x_wconf 93' lang='lat' dir='ltr'><strong>videbo:</strong></span> <span class='ocrx_word' id='word_1_98' title='bbox 1007 1466 1030 1491; x_wconf 91' lang='lat'>*</span> 
     </span>
     <span class='ocr_line' id='line_1_25' title="bbox 202 1519 1030 1574; baseline 0.002 -13"><span class='ocrx_word' id='word_1_99' title='bbox 202 1519 407 1572; x_wconf 76' lang='lat' dir='ltr'><strong>queniam</strong></span> <span class='ocrx_word' id='word_1_100' title='bbox 434 1532 522 1561; x_wconf 91' lang='lat' dir='ltr'><strong>non</strong></span> <span class='ocrx_word' id='word_1_101' title='bbox 549 1520 670 1561; x_wconf 90' lang='lat' dir='ltr'><strong>Deus</strong></span> <span class='ocrx_word' id='word_1_102' title='bbox 698 1520 850 1562; x_wconf 92' lang='lat' dir='ltr'><strong>volens</strong></span> <span class='ocrx_word' id='word_1_103' title='bbox 878 1521 1030 1574; x_wconf 93' lang='lat' dir='ltr'><strong>iniqui—</strong></span> 
     </span>
     <span class='ocr_line' id='line_1_26' title="bbox 200 1578 497 1618; baseline -0.007 0"><span class='ocrx_word' id='word_1_104' title='bbox 200 1578 337 1618; x_wconf 77' lang='lat' dir='ltr'><strong>tatem</strong></span> <span class='ocrx_word' id='word_1_105' title='bbox 364 1581 412 1617; x_wconf 93' lang='lat' dir='ltr'><strong>tu</strong></span> <span class='ocrx_word' id='word_1_106' title='bbox 440 1589 497 1617; x_wconf 90' lang='lat' dir='ltr'><strong>es.</strong></span> 
     </span>
    </p>

    <p class='ocr_par' dir='ltr' id='par_1_14' title="bbox 199 1631 1030 1787">
     <span class='ocr_line' id='line_1_27' title="bbox 251 1631 1029 1685; baseline 0.004 -12"><span class='ocrx_word' id='word_1_107' title='bbox 251 1632 408 1684; x_wconf 81' lang='lat' dir='ltr'><strong>Neque</strong></span> <span class='ocrx_word' id='word_1_108' title='bbox 440 1631 654 1674; x_wconf 81' lang='lat' dir='ltr'><strong>habitabit</strong></span> <span class='ocrx_word' id='word_1_109' title='bbox 686 1633 805 1685; x_wconf 84' lang='lat' dir='ltr'><strong>juxta</strong></span> <span class='ocrx_word' id='word_1_110' title='bbox 836 1639 880 1676; x_wconf 90' lang='lat' dir='ltr'><strong>te</strong></span> <span class='ocrx_word' id='word_1_111' title='bbox 911 1634 1029 1676; x_wconf 89' lang='lat' dir='ltr'><strong>mali-</strong></span> 
     </span>
     <span class='ocr_line' id='line_1_28' title="bbox 199 1689 1030 1743; baseline 0.004 -14"><span class='ocrx_word' id='word_1_112' title='bbox 199 1701 324 1739; x_wconf 85' lang='lat' dir='ltr'><strong>gnus:</strong></span> <span class='ocrx_word' id='word_1_113' title='bbox 343 1690 367 1714; x_wconf 87' lang='lat'>*</span> <span class='ocrx_word' id='word_1_114' title='bbox 386 1701 529 1741; x_wconf 91' lang='lat' dir='ltr'><strong>neque</strong></span> <span class='ocrx_word' id='word_1_115' title='bbox 547 1689 866 1742; x_wconf 88' lang='lat' dir='ltr'><strong>permanebunt</strong></span> <span class='ocrx_word' id='word_1_116' title='bbox 885 1691 1030 1743; x_wconf 82' lang='lat' dir='ltr'><strong>injusti</strong></span> 
     </span>
     <span class='ocr_line' id='line_1_29' title="bbox 200 1745 621 1787; baseline 0 0"><span class='ocrx_word' id='word_1_117' title='bbox 200 1750 300 1787; x_wconf 87' lang='lat' dir='ltr'><strong>ante</strong></span> <span class='ocrx_word' id='word_1_118' title='bbox 329 1745 482 1787; x_wconf 76' lang='lat' dir='ltr'><strong>eculos</strong></span> <span class='ocrx_word' id='word_1_119' title='bbox 508 1750 621 1787; x_wconf 88' lang='lat' dir='ltr'><strong>tuos.</strong></span> 
     </span>
    </p>

    <p class='ocr_par' dir='ltr' id='par_1_15' title="bbox 200 1801 1028 1967">
     <span class='ocr_line' id='line_1_30' title="bbox 251 1801 1028 1855; baseline 0.003 -12"><span class='ocrx_word' id='word_1_120' title='bbox 251 1801 396 1844; x_wconf 81' lang='lat' dir='ltr'>Odisti</span> <span class='ocrx_word' id='word_1_121' title='bbox 415 1814 577 1852; x_wconf 85' lang='lat' dir='ltr'><strong>omnes,</strong></span> <span class='ocrx_word' id='word_1_122' title='bbox 604 1803 677 1855; x_wconf 91' lang='lat' dir='ltr'><strong>qui</strong></span> <span class='ocrx_word' id='word_1_123' title='bbox 697 1805 935 1855; x_wconf 81' lang='lat' dir='ltr'><strong>operantur</strong></span> <span class='ocrx_word' id='word_1_124' title='bbox 954 1804 1028 1845; x_wconf 90' lang='lat' dir='ltr'><strong>ini-</strong></span> 
     </span>
     <span class='ocr_line' id='line_1_31' title="bbox 200 1858 1028 1912; baseline 0.002 -13"><span class='ocrx_word' id='word_1_125' title='bbox 200 1858 428 1910; x_wconf 82' lang='lat' dir='ltr'><strong>quitatem:</strong></span> <span class='ocrx_word' id='word_1_126' title='bbox 447 1859 471 1884; x_wconf 85' lang='lat'>*</span> <span class='ocrx_word' id='word_1_127' title='bbox 489 1858 650 1911; x_wconf 90' lang='lat' dir='ltr'><strong>perdes</strong></span> <span class='ocrx_word' id='word_1_128' title='bbox 675 1872 837 1909; x_wconf 89' lang='lat' dir='ltr'><strong>omnes,</strong></span> <span class='ocrx_word' id='word_1_129' title='bbox 867 1860 940 1912; x_wconf 91' lang='lat' dir='ltr'><strong>qui</strong></span> <span class='ocrx_word' id='word_1_130' title='bbox 968 1860 1028 1901; x_wconf 92' lang='lat' dir='ltr'><strong>lo-</strong></span> 
     </span>
     <span class='ocr_line' id='line_1_32' title="bbox 201 1914 707 1967; baseline 0 -11"><span class='ocrx_word' id='word_1_131' title='bbox 201 1917 392 1967; x_wconf 84' lang='lat' dir='ltr'><strong>quuntur</strong></span> <span class='ocrx_word' id='word_1_132' title='bbox 419 1914 707 1957; x_wconf 72' lang='lat' dir='ltr'><strong>mendacium.</strong></span> 
     </span>
    </p>

    <p class='ocr_par' dir='ltr' id='par_1_16' title="bbox 197 1971 1029 2182">
     <span class='ocr_line' id='line_1_33' title="bbox 250 1971 1029 2022; baseline 0.003 -10"><span class='ocrx_word' id='word_1_133' title='bbox 250 1971 407 2013; x_wconf 92' lang='lat' dir='ltr'><strong>Virum</strong></span> <span class='ocrx_word' id='word_1_134' title='bbox 443 1972 701 2022; x_wconf 80' lang='lat' dir='ltr'><strong>sanguinum</strong></span> <span class='ocrx_word' id='word_1_135' title='bbox 741 1977 785 2014; x_wconf 92' lang='lat' dir='ltr'><strong>et</strong></span> <span class='ocrx_word' id='word_1_136' title='bbox 825 1972 1029 2014; x_wconf 79' lang='lat' dir='ltr'><strong>dolesum</strong></span> 
     </span>
     <span class='ocr_line' id='line_1_34' title="bbox 198 2026 1027 2080; baseline 0.002 -11"><span class='ocrx_word' id='word_1_137' title='bbox 198 2026 520 2070; x_wconf 63' lang='lat' dir='ltr'>abominabitur</span> <span class='ocrx_word' id='word_1_138' title='bbox 539 2028 768 2070; x_wconf 79' lang='lat' dir='ltr'><strong>Deminus:</strong></span> <span class='ocrx_word' id='word_1_139' title='bbox 795 2029 818 2054; x_wconf 88' lang='lat'>*</span> <span class='ocrx_word' id='word_1_140' title='bbox 848 2041 930 2080; x_wconf 88' lang='lat' dir='ltr'><strong>ego</strong></span> <span class='ocrx_word' id='word_1_141' title='bbox 957 2042 1027 2071; x_wconf 90' lang='lat' dir='ltr'><strong>au-</strong></span> 
     </span>
     <span class='ocr_line' id='line_1_35' title="bbox 197 2083 1028 2127; baseline 0.002 -2"><span class='ocrx_word' id='word_1_142' title='bbox 197 2088 287 2125; x_wconf 89' lang='lat' dir='ltr'><strong>tem</strong></span> <span class='ocrx_word' id='word_1_143' title='bbox 322 2084 367 2125; x_wconf 93' lang='lat' dir='ltr'><strong>in</strong></span> <span class='ocrx_word' id='word_1_144' title='bbox 402 2083 679 2126; x_wconf 77' lang='lat' dir='ltr'><strong>multitudine</strong></span> <span class='ocrx_word' id='word_1_145' title='bbox 714 2084 1028 2127; x_wconf 67' lang='lat' dir='ltr'><strong>misericordiae</strong></span> 
     </span>
     <span class='ocr_line' id='line_1_36' title="bbox 197 2144 297 2182; baseline -0.01 0"><span class='ocrx_word' id='word_1_146' title='bbox 197 2144 297 2182; x_wconf 86' lang='lat' dir='ltr'><strong>tuae.</strong></span> 
     </span>
    </p>

    <p class='ocr_par' dir='ltr' id='par_1_17' title="bbox 198 2200 1028 2356">
     <span class='ocr_line' id='line_1_37' title="bbox 249 2200 1027 2245; baseline 0.004 -3"><span class='ocrx_word' id='word_1_147' title='bbox 249 2200 448 2243; x_wconf 90' lang='lat' dir='ltr'><strong>Introibo</strong></span> <span class='ocrx_word' id='word_1_148' title='bbox 475 2201 520 2242; x_wconf 92' lang='lat' dir='ltr'><strong>in</strong></span> <span class='ocrx_word' id='word_1_149' title='bbox 548 2200 728 2243; x_wconf 90' lang='lat' dir='ltr'><strong>domum</strong></span> <span class='ocrx_word' id='word_1_150' title='bbox 754 2206 887 2244; x_wconf 89' lang='lat' dir='ltr'><strong>tuam:</strong></span> <span class='ocrx_word' id='word_1_151' title='bbox 912 2203 936 2229; x_wconf 86' lang='lat'>*</span> <span class='ocrx_word' id='word_1_152' title='bbox 955 2202 1027 2245; x_wconf 92' lang='lat' dir='ltr'><strong>ad-</strong></span> 
     </span>
     <span class='ocr_line' id='line_1_38' title="bbox 200 2256 1028 2310; baseline 0.002 -12"><span class='ocrx_word' id='word_1_153' title='bbox 200 2256 338 2299; x_wconf 65' lang='lat' dir='ltr'><strong>orAbo</strong></span> <span class='ocrx_word' id='word_1_154' title='bbox 366 2257 423 2299; x_wconf 89' lang='lat' dir='ltr'><strong>ad</strong></span> <span class='ocrx_word' id='word_1_155' title='bbox 445 2257 658 2310; x_wconf 90' lang='lat' dir='ltr'><strong>templum</strong></span> <span class='ocrx_word' id='word_1_156' title='bbox 682 2263 880 2301; x_wconf 89' lang='lat' dir='ltr'><strong>sanctum</strong></span> <span class='ocrx_word' id='word_1_157' title='bbox 904 2263 1028 2301; x_wconf 89' lang='lat' dir='ltr'><strong>tuum</strong></span> 
     </span>
     <span class='ocr_line' id='line_1_39' title="bbox 198 2312 543 2356; baseline 0.003 -2"><span class='ocrx_word' id='word_1_158' title='bbox 198 2312 242 2354; x_wconf 89' lang='lat' dir='ltr'><strong>in</strong></span> <span class='ocrx_word' id='word_1_159' title='bbox 269 2313 427 2356; x_wconf 75' lang='lat' dir='ltr'><strong>timere</strong></span> <span class='ocrx_word' id='word_1_160' title='bbox 454 2318 543 2356; x_wconf 89' lang='lat' dir='ltr'><strong>tuo.</strong></span> 
     </span>
    </p>

    <p class='ocr_par' dir='ltr' id='par_1_18' title="bbox 198 2369 1028 2534">
     <span class='ocr_line' id='line_1_40' title="bbox 249 2369 1028 2423; baseline 0.001 -12"><span class='ocrx_word' id='word_1_161' title='bbox 249 2369 436 2411; x_wconf 76' lang='lat' dir='ltr'><strong>Demine</strong></span> <span class='ocrx_word' id='word_1_162' title='bbox 452 2369 595 2412; x_wconf 93' lang='lat' dir='ltr'><strong>deduc</strong></span> <span class='ocrx_word' id='word_1_163' title='bbox 609 2383 680 2412; x_wconf 93' lang='lat' dir='ltr'><strong>me</strong></span> <span class='ocrx_word' id='word_1_164' title='bbox 696 2371 741 2412; x_wconf 89' lang='lat' dir='ltr'><strong>in</strong></span> <span class='ocrx_word' id='word_1_165' title='bbox 759 2371 921 2423; x_wconf 85' lang='lat' dir='ltr'><strong>justitia</strong></span> <span class='ocrx_word' id='word_1_166' title='bbox 939 2376 1028 2414; x_wconf 84' lang='lat' dir='ltr'><strong>tua:</strong></span> 
     </span>
     <span class='ocr_line' id='line_1_41' title="bbox 198 2425 1027 2479; baseline 0.002 -12"><span class='ocrx_word' id='word_1_167' title='bbox 198 2425 222 2450; x_wconf 84' lang='lat'>*</span> <span class='ocrx_word' id='word_1_168' title='bbox 245 2430 427 2478; x_wconf 89' lang='lat' dir='ltr'><strong>propter</strong></span> <span class='ocrx_word' id='word_1_169' title='bbox 450 2426 648 2469; x_wconf 92' lang='lat' dir='ltr'><strong>inimicos</strong></span> <span class='ocrx_word' id='word_1_170' title='bbox 670 2440 794 2469; x_wconf 90' lang='lat' dir='ltr'><strong>meos</strong></span> <span class='ocrx_word' id='word_1_171' title='bbox 819 2427 958 2479; x_wconf 84' lang='lat' dir='ltr'><strong>dirige</strong></span> <span class='ocrx_word' id='word_1_172' title='bbox 983 2429 1027 2469; x_wconf 90' lang='lat' dir='ltr'><strong>in</strong></span> 
     </span>
     <span class='ocr_line' id='line_1_42' title="bbox 199 2483 865 2534; baseline 0.003 -12"><span class='ocrx_word' id='word_1_173' title='bbox 199 2483 438 2534; x_wconf 87' lang='lat' dir='ltr'><strong>conspectu</strong></span> <span class='ocrx_word' id='word_1_174' title='bbox 464 2488 541 2524; x_wconf 91' lang='lat' dir='ltr'><strong>tuo</strong></span> <span class='ocrx_word' id='word_1_175' title='bbox 570 2484 686 2525; x_wconf 91' lang='lat' dir='ltr'><strong>viam</strong></span> <span class='ocrx_word' id='word_1_176' title='bbox 712 2497 865 2526; x_wconf 92' lang='lat' dir='ltr'><strong>meam.</strong></span> 
     </span>
    </p>

    <p class='ocr_par' dir='ltr' id='par_1_19' title="bbox 199 2538 1027 2639">
     <span class='ocr_line' id='line_1_43' title="bbox 251 2538 1027 2587; baseline 0.004 -8"><span class='ocrx_word' id='word_1_177' title='bbox 251 2538 466 2587; x_wconf 78' lang='lat' dir='ltr'><strong>Queniam</strong></span> <span class='ocrx_word' id='word_1_178' title='bbox 487 2552 576 2581; x_wconf 91' lang='lat' dir='ltr'><strong>non</strong></span> <span class='ocrx_word' id='word_1_179' title='bbox 604 2545 671 2582; x_wconf 87' lang='lat' dir='ltr'><strong>est</strong></span> <span class='ocrx_word' id='word_1_180' title='bbox 697 2540 742 2582; x_wconf 90' lang='lat' dir='ltr'><strong>in</strong></span> <span class='ocrx_word' id='word_1_181' title='bbox 770 2553 847 2582; x_wconf 94' lang='lat' dir='ltr'><strong>ore</strong></span> <span class='ocrx_word' id='word_1_182' title='bbox 875 2543 1027 2582; x_wconf 78' lang='lat' dir='ltr'><strong>eerum</strong></span> 
     </span>
     <span class='ocr_line' id='line_1_44' title="bbox 199 2593 1000 2639; baseline 0.004 -5"><span class='ocrx_word' id='word_1_183' title='bbox 199 2593 373 2635; x_wconf 88' lang='lat' dir='ltr'><strong>veritas:</strong></span> <span class='ocrx_word' id='word_1_184' title='bbox 400 2595 424 2621; x_wconf 90' lang='lat'>*</span> <span class='ocrx_word' id='word_1_185' title='bbox 453 2607 529 2637; x_wconf 93' lang='lat' dir='ltr'><strong>cor</strong></span> <span class='ocrx_word' id='word_1_186' title='bbox 557 2598 709 2638; x_wconf 74' lang='lat' dir='ltr'><strong>eerum</strong></span> <span class='ocrx_word' id='word_1_187' title='bbox 737 2610 896 2638; x_wconf 91' lang='lat' dir='ltr'><strong>vanum</strong></span> <span class='ocrx_word' id='word_1_188' title='bbox 924 2602 1000 2639; x_wconf 90' lang='lat' dir='ltr'><strong>est.</strong></span> 
     </span>
    </p>

    <p class='ocr_par' dir='ltr' id='par_1_20' title="bbox 196 2649 1027 2814">
     <span class='ocr_line' id='line_1_45' title="bbox 250 2649 1027 2705; baseline 0.004 -14"><span class='ocrx_word' id='word_1_189' title='bbox 250 2649 539 2702; x_wconf 85' lang='lat' dir='ltr'><strong>Sepulchrum</strong></span> <span class='ocrx_word' id='word_1_190' title='bbox 578 2658 733 2705; x_wconf 87' lang='lat' dir='ltr'><strong>patens</strong></span> <span class='ocrx_word' id='word_1_191' title='bbox 776 2659 842 2696; x_wconf 91' lang='lat' dir='ltr'><strong>est</strong></span> <span class='ocrx_word' id='word_1_192' title='bbox 878 2659 1027 2704; x_wconf 78' lang='lat' dir='ltr'><strong>guttur</strong></span> 
     </span>
     <span class='ocr_line' id='line_1_46' title="bbox 199 2706 1026 2761; baseline 0.005 -13"><span class='ocrx_word' id='word_1_193' title='bbox 199 2708 361 2756; x_wconf 76' lang='lat' dir='ltr'><strong>cerum,</strong></span> <span class='ocrx_word' id='word_1_194' title='bbox 380 2706 537 2758; x_wconf 81' lang='lat' dir='ltr'><strong>linguis</strong></span> <span class='ocrx_word' id='word_1_195' title='bbox 551 2709 640 2751; x_wconf 85' lang='lat' dir='ltr'><strong>suis</strong></span> <span class='ocrx_word' id='word_1_196' title='bbox 656 2709 810 2751; x_wconf 77' lang='lat' dir='ltr'><strong>dolese</strong></span> <span class='ocrx_word' id='word_1_197' title='bbox 827 2710 1026 2761; x_wconf 79' lang='lat' dir='ltr'><strong>agebant,</strong></span> 
     </span>
     <span class='ocr_line' id='line_1_47' title="bbox 196 2762 676 2814; baseline 0.004 -10"><span class='ocrx_word' id='word_1_198' title='bbox 196 2763 221 2789; x_wconf 81' lang='grc'>*</span> <span class='ocrx_word' id='word_1_199' title='bbox 248 2762 391 2814; x_wconf 76' lang='lat' dir='ltr'><strong>judica</strong></span> <span class='ocrx_word' id='word_1_200' title='bbox 418 2763 517 2805; x_wconf 87' lang='lat' dir='ltr'><strong>illos</strong></span> <span class='ocrx_word' id='word_1_201' title='bbox 544 2764 676 2808; x_wconf 90' lang='lat' dir='ltr'><strong>Deus.</strong></span> 
     </span>
    </p>
   </div>
   <div class='ocr_carea' id='block_1_5' title="bbox 1078 332 1915 2810">
    <p class='ocr_par' dir='ltr' id='par_1_21' title="bbox 1084 332 1914 545">
     <span class='ocr_line' id='line_1_48' title="bbox 1136 332 1914 385; baseline 0.004 -12"><span class='ocrx_word' id='word_1_202' title='bbox 1136 332 1354 375; x_wconf 90' lang='lat' dir='ltr'><strong>Decidant</strong></span> <span class='ocrx_word' id='word_1_203' title='bbox 1386 347 1411 374; x_wconf 89' lang='lat' dir='ltr'><strong>a</strong></span> <span class='ocrx_word' id='word_1_204' title='bbox 1444 334 1781 384; x_wconf 77' lang='lat' dir='ltr'><strong>cogitatienibus</strong></span> <span class='ocrx_word' id='word_1_205' title='bbox 1814 335 1914 385; x_wconf 86' lang='lat' dir='ltr'><strong>suis,</strong></span> 
     </span>
     <span class='ocr_line' id='line_1_49' title="bbox 1085 389 1913 444; baseline 0.002 -13"><span class='ocrx_word' id='word_1_206' title='bbox 1085 389 1326 431; x_wconf 84' lang='lat' dir='ltr'><strong>secundum</strong></span> <span class='ocrx_word' id='word_1_207' title='bbox 1362 390 1683 432; x_wconf 82' lang='lat' dir='ltr'><strong>multitudinem</strong></span> <span class='ocrx_word' id='word_1_208' title='bbox 1717 391 1913 444; x_wconf 73' lang='lat' dir='ltr'><strong>impieta-</strong></span> 
     </span>
     <span class='ocr_line' id='line_1_50' title="bbox 1084 446 1914 500; baseline 0.002 -12"><span class='ocrx_word' id='word_1_209' title='bbox 1084 451 1178 488; x_wconf 89' lang='lat' dir='ltr'><strong>tum</strong></span> <span class='ocrx_word' id='word_1_210' title='bbox 1197 448 1349 487; x_wconf 85' lang='lat' dir='ltr'><strong>e6rum</strong></span> <span class='ocrx_word' id='word_1_211' title='bbox 1369 446 1539 498; x_wconf 80' lang='lat' dir='ltr'><strong>expelle</strong></span> <span class='ocrx_word' id='word_1_212' title='bbox 1560 459 1647 496; x_wconf 87' lang='lat' dir='ltr'><strong>eos,</strong></span> <span class='ocrx_word' id='word_1_213' title='bbox 1665 448 1687 472; x_wconf 86' lang='lat'>*</span> <span class='ocrx_word' id='word_1_214' title='bbox 1709 449 1914 500; x_wconf 76' lang='lat' dir='ltr'><strong>queniam</strong></span> 
     </span>
     <span class='ocr_line' id='line_1_51' title="bbox 1085 503 1661 545; baseline 0.002 -2"><span class='ocrx_word' id='word_1_215' title='bbox 1085 503 1364 544; x_wconf 83' lang='lat' dir='ltr'><strong>irritaverunt</strong></span> <span class='ocrx_word' id='word_1_216' title='bbox 1391 508 1435 544; x_wconf 88' lang='lat' dir='ltr'><strong>te</strong></span> <span class='ocrx_word' id='word_1_217' title='bbox 1462 503 1661 545; x_wconf 74' lang='lat' dir='ltr'><strong>Demine.</strong></span> 
     </span>
    </p>

    <p class='ocr_par' dir='ltr' id='par_1_22' title="bbox 1084 559 1915 714">
     <span class='ocr_line' id='line_1_52' title="bbox 1136 559 1915 613; baseline 0.005 -13"><span class='ocrx_word' id='word_1_218' title='bbox 1136 559 1193 601; x_wconf 92' lang='lat' dir='ltr'><strong>Et</strong></span> <span class='ocrx_word' id='word_1_219' title='bbox 1220 559 1422 601; x_wconf 86' lang='lat' dir='ltr'><strong>laetentur</strong></span> <span class='ocrx_word' id='word_1_220' title='bbox 1451 572 1612 609; x_wconf 87' lang='lat' dir='ltr'><strong>omnes,</strong></span> <span class='ocrx_word' id='word_1_221' title='bbox 1643 561 1716 612; x_wconf 93' lang='lat' dir='ltr'><strong>qui</strong></span> <span class='ocrx_word' id='word_1_222' title='bbox 1737 567 1915 613; x_wconf 89' lang='lat' dir='ltr'><strong>sperant</strong></span> 
     </span>
     <span class='ocr_line' id='line_1_53' title="bbox 1084 616 1914 665; baseline 0.002 -9"><span class='ocrx_word' id='word_1_223' title='bbox 1084 616 1127 656; x_wconf 93' lang='lat' dir='ltr'><strong>in</strong></span> <span class='ocrx_word' id='word_1_224' title='bbox 1159 621 1218 665; x_wconf 91' lang='lat' dir='ltr'><strong>te,</strong></span> <span class='ocrx_word' id='word_1_225' title='bbox 1247 616 1270 641; x_wconf 90' lang='lat'>*</span> <span class='ocrx_word' id='word_1_226' title='bbox 1297 616 1341 656; x_wconf 87' lang='lat' dir='ltr'><strong>in</strong></span> <span class='ocrx_word' id='word_1_227' title='bbox 1374 618 1586 658; x_wconf 87' lang='lat' dir='ltr'><strong>aeternum</strong></span> <span class='ocrx_word' id='word_1_228' title='bbox 1620 617 1914 660; x_wconf 78' lang='lat' dir='ltr'><strong>exsultabunt:</strong></span> 
     </span>
     <span class='ocr_line' id='line_1_54' title="bbox 1086 671 1547 714; baseline -0.002 0"><span class='ocrx_word' id='word_1_229' title='bbox 1086 678 1129 714; x_wconf 93' lang='lat' dir='ltr'><strong>et</strong></span> <span class='ocrx_word' id='word_1_230' title='bbox 1156 671 1374 714; x_wconf 80' lang='lat' dir='ltr'><strong>habitabis</strong></span> <span class='ocrx_word' id='word_1_231' title='bbox 1402 673 1445 713; x_wconf 92' lang='lat' dir='ltr'><strong>in</strong></span> <span class='ocrx_word' id='word_1_232' title='bbox 1474 673 1547 714; x_wconf 88' lang='lat' dir='ltr'><strong>eis.</strong></span> 
     </span>
    </p>

    <p class='ocr_par' dir='ltr' id='par_1_23' title="bbox 1085 729 1915 894">
     <span class='ocr_line' id='line_1_55' title="bbox 1136 729 1915 783; baseline 0.003 -13"><span class='ocrx_word' id='word_1_233' title='bbox 1136 730 1193 771; x_wconf 91' lang='lat' dir='ltr'><strong>Et</strong></span> <span class='ocrx_word' id='word_1_234' title='bbox 1211 729 1515 780; x_wconf 79' lang='lat' dir='ltr'><strong>gloriabuntur</strong></span> <span class='ocrx_word' id='word_1_235' title='bbox 1534 729 1578 770; x_wconf 92' lang='lat' dir='ltr'><strong>in</strong></span> <span class='ocrx_word' id='word_1_236' title='bbox 1596 734 1640 771; x_wconf 92' lang='lat' dir='ltr'><strong>te</strong></span> <span class='ocrx_word' id='word_1_237' title='bbox 1660 743 1822 780; x_wconf 86' lang='lat' dir='ltr'><strong>omnes,</strong></span> <span class='ocrx_word' id='word_1_238' title='bbox 1842 732 1915 783; x_wconf 89' lang='lat' dir='ltr'><strong>qui</strong></span> 
     </span>
     <span class='ocr_line' id='line_1_56' title="bbox 1086 785 1914 839; baseline 0.001 -12"><span class='ocrx_word' id='word_1_239' title='bbox 1086 785 1270 836; x_wconf 86' lang='lat' dir='ltr'><strong>diligunt</strong></span> <span class='ocrx_word' id='word_1_240' title='bbox 1302 798 1462 827; x_wconf 90' lang='lat' dir='ltr'><strong>nomen</strong></span> <span class='ocrx_word' id='word_1_241' title='bbox 1491 791 1629 836; x_wconf 85' lang='lat' dir='ltr'><strong>tuum,</strong></span> <span class='ocrx_word' id='word_1_242' title='bbox 1658 787 1680 812; x_wconf 91' lang='lat'>*</span> <span class='ocrx_word' id='word_1_243' title='bbox 1711 788 1914 839; x_wconf 78' lang='lat' dir='ltr'><strong>queniam</strong></span> 
     </span>
     <span class='ocr_line' id='line_1_57' title="bbox 1085 842 1547 894; baseline 0 -11"><span class='ocrx_word' id='word_1_244' title='bbox 1085 848 1132 884; x_wconf 94' lang='lat' dir='ltr'><strong>tu</strong></span> <span class='ocrx_word' id='word_1_245' title='bbox 1159 842 1394 884; x_wconf 83' lang='lat' dir='ltr'><strong>benedices</strong></span> <span class='ocrx_word' id='word_1_246' title='bbox 1422 843 1547 894; x_wconf 90' lang='lat' dir='ltr'><strong>justo.</strong></span> 
     </span>
    </p>

    <p class='ocr_par' dir='ltr' id='par_1_24' title="bbox 1084 899 1913 998">
     <span class='ocr_line' id='line_1_58' title="bbox 1136 899 1913 948; baseline 0.003 -9"><span class='ocrx_word' id='word_1_247' title='bbox 1136 899 1339 948; x_wconf 74' lang='lat' dir='ltr'><strong>Demine‚</strong></span> <span class='ocrx_word' id='word_1_248' title='bbox 1372 904 1419 941; x_wconf 92' lang='lat' dir='ltr'><strong>ut</strong></span> <span class='ocrx_word' id='word_1_249' title='bbox 1451 904 1576 941; x_wconf 91' lang='lat' dir='ltr'><strong>scuto</strong></span> <span class='ocrx_word' id='word_1_250' title='bbox 1607 899 1737 941; x_wconf 88' lang='lat' dir='ltr'><strong>bonae</strong></span> <span class='ocrx_word' id='word_1_251' title='bbox 1766 900 1913 942; x_wconf 85' lang='lat' dir='ltr'><strong>volun-</strong></span> 
     </span>
     <span class='ocr_line' id='line_1_59' title="bbox 1084 956 1724 998; baseline 0 -1"><span class='ocrx_word' id='word_1_252' title='bbox 1084 956 1187 997; x_wconf 82' lang='lat' dir='ltr'><strong>tatis</strong></span> <span class='ocrx_word' id='word_1_253' title='bbox 1214 961 1303 997; x_wconf 85' lang='lat' dir='ltr'><strong>tuae</strong></span> <span class='ocrx_word' id='word_1_254' title='bbox 1331 956 1354 981; x_wconf 87' lang='lat'>*</span> <span class='ocrx_word' id='word_1_255' title='bbox 1383 956 1605 998; x_wconf 77' lang='lat' dir='ltr'><strong>coronasti</strong></span> <span class='ocrx_word' id='word_1_256' title='bbox 1632 969 1724 998; x_wconf 92' lang='lat' dir='ltr'><strong>nos.</strong></span> 
     </span>
    </p>

    <p class='ocr_par' dir='ltr' id='par_1_25' title="bbox 1086 1012 1914 1111">
     <span class='ocr_line' id='line_1_60' title="bbox 1136 1012 1914 1055; baseline 0.001 -1"><span class='ocrx_word' id='word_1_257' title='bbox 1136 1015 1235 1054; x_wconf 84' lang='lat' dir='ltr'><strong>Ant.</strong></span> <span class='ocrx_word' id='word_1_258' title='bbox 1264 1015 1398 1054; x_wconf 83' lang='lat' dir='ltr'><strong>Scuto</strong></span> <span class='ocrx_word' id='word_1_259' title='bbox 1418 1012 1547 1054; x_wconf 84' lang='lat' dir='ltr'><strong>bonae</strong></span> <span class='ocrx_word' id='word_1_260' title='bbox 1570 1013 1808 1055; x_wconf 84' lang='lat' dir='ltr'><strong>voluntatis</strong></span> <span class='ocrx_word' id='word_1_261' title='bbox 1826 1018 1914 1055; x_wconf 87' lang='lat' dir='ltr'><strong>tuae</strong></span> 
     </span>
     <span class='ocr_line' id='line_1_61' title="bbox 1086 1069 1646 1111; baseline 0 -1"><span class='ocrx_word' id='word_1_262' title='bbox 1086 1070 1308 1111; x_wconf 80' lang='lat' dir='ltr'><strong>coronasti</strong></span> <span class='ocrx_word' id='word_1_263' title='bbox 1328 1083 1428 1111; x_wconf 92' lang='lat' dir='ltr'><strong>eum</strong></span> <span class='ocrx_word' id='word_1_264' title='bbox 1446 1069 1646 1111; x_wconf 74' lang='lat' dir='ltr'><strong>Demine.</strong></span> 
     </span>
    </p>

    <p class='ocr_par' dir='ltr' id='par_1_26' title="bbox 1085 1126 1915 1225">
     <span class='ocr_line' id='line_1_62' title="bbox 1140 1126 1915 1177; baseline 0.003 -11"><span class='ocrx_word' id='word_1_265' title='bbox 1140 1127 1235 1166; x_wconf 73' lang='lat' dir='ltr'><strong>Ant.</strong></span> <span class='ocrx_word' id='word_1_266' title='bbox 1267 1128 1315 1166; x_wconf 87' lang='lat' dir='ltr'><strong>ln</strong></span> <span class='ocrx_word' id='word_1_267' title='bbox 1346 1126 1548 1167; x_wconf 89' lang='lat' dir='ltr'><strong>universa</strong></span> <span class='ocrx_word' id='word_1_268' title='bbox 1575 1130 1691 1167; x_wconf 89' lang='lat' dir='ltr'><strong>terra</strong></span> <span class='ocrx_word' id='word_1_269' title='bbox 1723 1129 1747 1154; x_wconf 87' lang='lat'>*</span> <span class='ocrx_word' id='word_1_270' title='bbox 1777 1127 1915 1177; x_wconf 72' lang='lat' dir='ltr'><strong>gleria</strong></span> 
     </span>
     <span class='ocr_line' id='line_1_63' title="bbox 1085 1182 1717 1225; baseline 0.002 -2"><span class='ocrx_word' id='word_1_271' title='bbox 1085 1187 1129 1224; x_wconf 91' lang='lat' dir='ltr'><strong>et</strong></span> <span class='ocrx_word' id='word_1_272' title='bbox 1157 1182 1326 1224; x_wconf 74' lang='lat' dir='ltr'><strong>honere</strong></span> <span class='ocrx_word' id='word_1_273' title='bbox 1355 1183 1579 1224; x_wconf 78' lang='lat' dir='ltr'><strong>coronasti</strong></span> <span class='ocrx_word' id='word_1_274' title='bbox 1608 1196 1717 1225; x_wconf 91' lang='lat' dir='ltr'><strong>eum.</strong></span> 
     </span>
    </p>

    <p class='ocr_par' dir='ltr' id='par_1_27' title="bbox 1082 1240 1914 1452">
     <span class='ocr_line' id='line_1_64' title="bbox 1371 1240 1635 1281; baseline -0.004 -1"><span class='ocrx_word' id='word_1_275' title='bbox 1371 1240 1571 1281; x_wconf 80' lang='lat' dir='ltr'><strong>Psalmus</strong></span> <span class='ocrx_word' id='word_1_276' title='bbox 1599 1242 1635 1279; x_wconf 78' lang='lat'><strong>8.</strong></span> 
     </span>
     <span class='ocr_line' id='line_1_65' title="bbox 1082 1292 1914 1398; baseline 0.002 -62"><span class='ocrx_word' id='word_1_277' title='bbox 1082 1292 1320 1398; x_wconf 75' lang='lat' dir='ltr'><strong>Demine</strong></span> <span class='ocrx_word' id='word_1_278' title='bbox 1336 1296 1552 1337; x_wconf 76' lang='lat' dir='ltr'><strong>Deminus</strong></span> <span class='ocrx_word' id='word_1_279' title='bbox 1572 1298 1766 1346; x_wconf 63' lang='lat' dir='ltr'><strong>nosten*</strong></span> <span class='ocrx_word' id='word_1_280' title='bbox 1784 1310 1914 1349; x_wconf 91' lang='lat' dir='ltr'><strong>quam</strong></span> 
     </span>
     <span class='ocr_line' id='line_1_66' title="bbox 1195 1352 1914 1395; baseline 0.003 -2"><span class='ocrx_word' id='word_1_281' title='bbox 1195 1352 1450 1394; x_wconf 79' lang='lat' dir='ltr'><strong>admirabile</strong></span> <span class='ocrx_word' id='word_1_282' title='bbox 1471 1358 1538 1394; x_wconf 94' lang='lat' dir='ltr'><strong>est</strong></span> <span class='ocrx_word' id='word_1_283' title='bbox 1554 1366 1714 1395; x_wconf 91' lang='lat' dir='ltr'><strong>nomen</strong></span> <span class='ocrx_word' id='word_1_284' title='bbox 1729 1358 1851 1395; x_wconf 91' lang='lat' dir='ltr'><strong>tuum</strong></span> <span class='ocrx_word' id='word_1_285' title='bbox 1871 1355 1914 1394; x_wconf 92' lang='lat' dir='ltr'><strong>in</strong></span> 
     </span>
     <span class='ocr_line' id='line_1_67' title="bbox 1084 1409 1440 1452; baseline -0.003 -1"><span class='ocrx_word' id='word_1_286' title='bbox 1084 1409 1288 1451; x_wconf 89' lang='lat' dir='ltr'><strong>universa</strong></span> <span class='ocrx_word' id='word_1_287' title='bbox 1308 1409 1440 1452; x_wconf 90' lang='lat' dir='ltr'><strong>terra!</strong></span> 
     </span>
    </p>

    <p class='ocr_par' dir='ltr' id='par_1_28' title="bbox 1082 1466 1913 1576">
     <span class='ocr_line' id='line_1_68' title="bbox 1136 1466 1913 1518; baseline 0.001 -11"><span class='ocrx_word' id='word_1_288' title='bbox 1136 1467 1353 1517; x_wconf 73' lang='lat' dir='ltr'><strong>Queniam</strong></span> <span class='ocrx_word' id='word_1_289' title='bbox 1369 1466 1539 1508; x_wconf 80' lang='lat' dir='ltr'><strong>elevata</strong></span> <span class='ocrx_word' id='word_1_290' title='bbox 1555 1472 1622 1508; x_wconf 93' lang='lat' dir='ltr'><strong>est</strong></span> <span class='ocrx_word' id='word_1_291' title='bbox 1636 1467 1913 1518; x_wconf 86' lang='lat' dir='ltr'><strong>magnificen-</strong></span> 
     </span>
     <span class='ocr_line' id='line_1_69' title="bbox 1082 1523 1612 1576; baseline 0 -12"><span class='ocrx_word' id='word_1_292' title='bbox 1082 1523 1143 1564; x_wconf 85' lang='lat' dir='ltr'><strong>tia</strong></span> <span class='ocrx_word' id='word_1_293' title='bbox 1162 1528 1247 1572; x_wconf 87' lang='lat' dir='ltr'><strong>tua,</strong></span> <span class='ocrx_word' id='word_1_294' title='bbox 1266 1524 1289 1548; x_wconf 87' lang='lat'>*</span> <span class='ocrx_word' id='word_1_295' title='bbox 1311 1536 1443 1576; x_wconf 91' lang='lat' dir='ltr'><strong>super</strong></span> <span class='ocrx_word' id='word_1_296' title='bbox 1463 1523 1612 1564; x_wconf 88' lang='lat' dir='ltr'><strong>coelos.</strong></span> 
     </span>
    </p>

    <p class='ocr_par' dir='ltr' id='par_1_29' title="bbox 1082 1580 1913 1792">
     <span class='ocr_line' id='line_1_70' title="bbox 1134 1580 1913 1622; baseline 0.003 -2"><span class='ocrx_word' id='word_1_297' title='bbox 1134 1580 1202 1620; x_wconf 83' lang='lat' dir='ltr'><strong>Ex</strong></span> <span class='ocrx_word' id='word_1_298' title='bbox 1230 1593 1307 1621; x_wconf 92' lang='lat' dir='ltr'><strong>ore</strong></span> <span class='ocrx_word' id='word_1_299' title='bbox 1335 1580 1565 1621; x_wconf 82' lang='lat' dir='ltr'><strong>infantium</strong></span> <span class='ocrx_word' id='word_1_300' title='bbox 1591 1585 1634 1621; x_wconf 93' lang='lat' dir='ltr'><strong>et</strong></span> <span class='ocrx_word' id='word_1_301' title='bbox 1658 1580 1913 1622; x_wconf 80' lang='lat' dir='ltr'><strong>lactentium</strong></span> 
     </span>
     <span class='ocr_line' id='line_1_71' title="bbox 1083 1636 1913 1689; baseline 0.002 -12"><span class='ocrx_word' id='word_1_302' title='bbox 1083 1636 1307 1689; x_wconf 84' lang='lat' dir='ltr'><strong>perfecisti</strong></span> <span class='ocrx_word' id='word_1_303' title='bbox 1322 1636 1497 1678; x_wconf 87' lang='lat' dir='ltr'><strong>laudem</strong></span> <span class='ocrx_word' id='word_1_304' title='bbox 1516 1643 1698 1689; x_wconf 92' lang='lat' dir='ltr'><strong>propter</strong></span> <span class='ocrx_word' id='word_1_305' title='bbox 1713 1638 1913 1679; x_wconf 90' lang='lat' dir='ltr'><strong>inimicos</strong></span> 
     </span>
     <span class='ocr_line' id='line_1_72' title="bbox 1082 1693 1913 1743; baseline 0.002 -9"><span class='ocrx_word' id='word_1_306' title='bbox 1082 1698 1193 1743; x_wconf 81' lang='lat' dir='ltr'><strong>tuos,</strong></span> <span class='ocrx_word' id='word_1_307' title='bbox 1213 1694 1236 1719; x_wconf 87' lang='lat'>*</span> <span class='ocrx_word' id='word_1_308' title='bbox 1256 1699 1304 1735; x_wconf 95' lang='lat' dir='ltr'><strong>ut</strong></span> <span class='ocrx_word' id='word_1_309' title='bbox 1324 1693 1526 1735; x_wconf 88' lang='lat' dir='ltr'><strong>destruas</strong></span> <span class='ocrx_word' id='word_1_310' title='bbox 1545 1693 1768 1735; x_wconf 89' lang='lat' dir='ltr'><strong>inimicum</strong></span> <span class='ocrx_word' id='word_1_311' title='bbox 1790 1700 1834 1736; x_wconf 89' lang='lat' dir='ltr'><strong>et</strong></span> <span class='ocrx_word' id='word_1_312' title='bbox 1854 1695 1913 1736; x_wconf 95' lang='lat' dir='ltr'><strong>ul-</strong></span> 
     </span>
     <span class='ocr_line' id='line_1_73' title="bbox 1082 1753 1236 1792; baseline -0.006 -1"><span class='ocrx_word' id='word_1_313' title='bbox 1082 1753 1236 1792; x_wconf 74' lang='lat' dir='ltr'><strong>terem.</strong></span> 
     </span>
    </p>

    <p class='ocr_par' dir='ltr' id='par_1_30' title="bbox 1081 1806 1910 1972">
     <span class='ocr_line' id='line_1_74' title="bbox 1134 1806 1910 1857; baseline 0.001 -10"><span class='ocrx_word' id='word_1_314' title='bbox 1134 1807 1351 1857; x_wconf 75' lang='lat' dir='ltr'><strong>Queniam</strong></span> <span class='ocrx_word' id='word_1_315' title='bbox 1369 1806 1531 1848; x_wconf 88' lang='lat' dir='ltr'><strong>videbo</strong></span> <span class='ocrx_word' id='word_1_316' title='bbox 1558 1806 1696 1848; x_wconf 86' lang='lat' dir='ltr'><strong>coelos</strong></span> <span class='ocrx_word' id='word_1_317' title='bbox 1721 1812 1837 1857; x_wconf 88' lang='lat' dir='ltr'><strong>tuos,</strong></span> <span class='ocrx_word' id='word_1_318' title='bbox 1867 1810 1910 1848; x_wconf 90' lang='grc' dir='ltr'><strong>ό-</strong></span> 
     </span>
     <span class='ocr_line' id='line_1_75' title="bbox 1081 1863 1910 1915; baseline 0.001 -11"><span class='ocrx_word' id='word_1_319' title='bbox 1081 1876 1188 1915; x_wconf 91' lang='lat' dir='ltr'><strong>pera</strong></span> <span class='ocrx_word' id='word_1_320' title='bbox 1217 1863 1454 1914; x_wconf 79' lang='lat' dir='ltr'><strong>digiterum</strong></span> <span class='ocrx_word' id='word_1_321' title='bbox 1482 1865 1674 1905; x_wconf 64' lang='lat' dir='ltr'><strong>tuorum:</strong></span> <span class='ocrx_word' id='word_1_322' title='bbox 1707 1864 1730 1888; x_wconf 87' lang='lat'>*</span> <span class='ocrx_word' id='word_1_323' title='bbox 1763 1864 1910 1905; x_wconf 89' lang='lat' dir='ltr'><strong>lunam</strong></span> 
     </span>
     <span class='ocr_line' id='line_1_76' title="bbox 1082 1919 1712 1972; baseline 0 -12"><span class='ocrx_word' id='word_1_324' title='bbox 1082 1924 1125 1960; x_wconf 95' lang='lat' dir='ltr'><strong>et</strong></span> <span class='ocrx_word' id='word_1_325' title='bbox 1144 1919 1303 1969; x_wconf 86' lang='lat' dir='ltr'><strong>stellas,</strong></span> <span class='ocrx_word' id='word_1_326' title='bbox 1325 1932 1423 1972; x_wconf 86' lang='lat' dir='ltr'><strong>quae</strong></span> <span class='ocrx_word' id='word_1_327' title='bbox 1442 1924 1490 1960; x_wconf 91' lang='lat' dir='ltr'><strong>tu</strong></span> <span class='ocrx_word' id='word_1_328' title='bbox 1508 1919 1712 1962; x_wconf 81' lang='lat' dir='ltr'><strong>fundasti.</strong></span> 
     </span>
    </p>

    <p class='ocr_par' dir='ltr' id='par_1_31' title="bbox 1080 1975 1910 2130">
     <span class='ocr_line' id='line_1_77' title="bbox 1133 1975 1910 2028; baseline 0.003 -12"><span class='ocrx_word' id='word_1_329' title='bbox 1133 1975 1249 2026; x_wconf 89' lang='lat' dir='ltr'><strong>Quid</strong></span> <span class='ocrx_word' id='word_1_330' title='bbox 1269 1981 1335 2017; x_wconf 90' lang='lat' dir='ltr'><strong>est</strong></span> <span class='ocrx_word' id='word_1_331' title='bbox 1353 1975 1503 2026; x_wconf 88' lang='lat' dir='ltr'><strong>homo,</strong></span> <span class='ocrx_word' id='word_1_332' title='bbox 1530 1976 1649 2028; x_wconf 91' lang='lat' dir='ltr'><strong>quod</strong></span> <span class='ocrx_word' id='word_1_333' title='bbox 1672 1990 1841 2018; x_wconf 91' lang='lat' dir='ltr'><strong>memor</strong></span> <span class='ocrx_word' id='word_1_334' title='bbox 1863 1990 1910 2019; x_wconf 90' lang='lat' dir='ltr'><strong>es</strong></span> 
     </span>
     <span class='ocr_line' id='line_1_78' title="bbox 1081 2030 1910 2086; baseline 0.002 -13"><span class='ocrx_word' id='word_1_335' title='bbox 1081 2030 1194 2083; x_wconf 87' lang='lat' dir='ltr'><strong>ejus?</strong></span> <span class='ocrx_word' id='word_1_336' title='bbox 1214 2033 1237 2057; x_wconf 86' lang='grc'>*</span> <span class='ocrx_word' id='word_1_337' title='bbox 1257 2037 1333 2074; x_wconf 90' lang='lat' dir='ltr'><strong>aut</strong></span> <span class='ocrx_word' id='word_1_338' title='bbox 1351 2032 1465 2073; x_wconf 87' lang='lat' dir='ltr'><strong>filius</strong></span> <span class='ocrx_word' id='word_1_339' title='bbox 1484 2032 1683 2083; x_wconf 74' lang='lat' dir='ltr'><strong>heminis,</strong></span> <span class='ocrx_word' id='word_1_340' title='bbox 1703 2034 1910 2086; x_wconf 75' lang='lat' dir='ltr'><strong>queniam</strong></span> 
     </span>
     <span class='ocr_line' id='line_1_79' title="bbox 1080 2087 1377 2130; baseline -0.003 0"><span class='ocrx_word' id='word_1_341' title='bbox 1080 2089 1231 2130; x_wconf 89' lang='lat' dir='ltr'><strong>visitas</strong></span> <span class='ocrx_word' id='word_1_342' title='bbox 1252 2087 1377 2130; x_wconf 88' lang='lat' dir='ltr'><strong>eum?</strong></span> 
     </span>
    </p>

    <p class='ocr_par' dir='ltr' id='par_1_32' title="bbox 1079 2145 1909 2367">
     <span class='ocr_line' id='line_1_80' title="bbox 1131 2145 1909 2199; baseline 0.003 -13"><span class='ocrx_word' id='word_1_343' title='bbox 1131 2145 1325 2187; x_wconf 87' lang='lat' dir='ltr'><strong>Minuisti</strong></span> <span class='ocrx_word' id='word_1_344' title='bbox 1362 2158 1462 2188; x_wconf 86' lang='lat' dir='ltr'><strong>eum</strong></span> <span class='ocrx_word' id='word_1_345' title='bbox 1504 2146 1636 2199; x_wconf 92' lang='lat' dir='ltr'><strong>paulo</strong></span> <span class='ocrx_word' id='word_1_346' title='bbox 1674 2147 1816 2188; x_wconf 90' lang='lat' dir='ltr'><strong>minus</strong></span> <span class='ocrx_word' id='word_1_347' title='bbox 1854 2147 1909 2188; x_wconf 93' lang='lat' dir='ltr'><strong>ab</strong></span> 
     </span>
     <span class='ocr_line' id='line_1_81' title="bbox 1079 2201 1908 2254; baseline 0.004 -12"><span class='ocrx_word' id='word_1_348' title='bbox 1079 2201 1276 2253; x_wconf 86' lang='lat' dir='ltr'><strong>Angelis,</strong></span> <span class='ocrx_word' id='word_1_349' title='bbox 1301 2202 1441 2254; x_wconf 75' lang='lat' dir='ltr'><strong>gleria</strong></span> <span class='ocrx_word' id='word_1_350' title='bbox 1466 2208 1510 2245; x_wconf 89' lang='lat' dir='ltr'><strong>et</strong></span> <span class='ocrx_word' id='word_1_351' title='bbox 1533 2203 1702 2245; x_wconf 74' lang='lat' dir='ltr'><strong>honere</strong></span> <span class='ocrx_word' id='word_1_352' title='bbox 1727 2205 1908 2245; x_wconf 85' lang='lat' dir='ltr'><strong>corona-</strong></span> 
     </span>
     <span class='ocr_line' id='line_1_82' title="bbox 1081 2258 1909 2312; baseline 0.002 -13"><span class='ocrx_word' id='word_1_353' title='bbox 1081 2258 1136 2299; x_wconf 91' lang='lat' dir='ltr'><strong>sti</strong></span> <span class='ocrx_word' id='word_1_354' title='bbox 1151 2271 1266 2300; x_wconf 91' lang='lat' dir='ltr'><strong>eum:</strong></span> <span class='ocrx_word' id='word_1_355' title='bbox 1281 2259 1303 2285; x_wconf 87' lang='lat'>*</span> <span class='ocrx_word' id='word_1_356' title='bbox 1324 2263 1368 2300; x_wconf 93' lang='lat' dir='ltr'><strong>et</strong></span> <span class='ocrx_word' id='word_1_357' title='bbox 1383 2260 1647 2301; x_wconf 84' lang='lat' dir='ltr'><strong>constituisti</strong></span> <span class='ocrx_word' id='word_1_358' title='bbox 1663 2273 1762 2301; x_wconf 91' lang='lat' dir='ltr'><strong>eum</strong></span> <span class='ocrx_word' id='word_1_359' title='bbox 1777 2273 1909 2312; x_wconf 92' lang='lat' dir='ltr'><strong>super</strong></span> 
     </span>
     <span class='ocr_line' id='line_1_83' title="bbox 1081 2316 1649 2367; baseline 0.002 -11"><span class='ocrx_word' id='word_1_360' title='bbox 1081 2316 1218 2367; x_wconf 74' lang='lat' dir='ltr'><strong>Opera</strong></span> <span class='ocrx_word' id='word_1_361' title='bbox 1236 2317 1445 2358; x_wconf 80' lang='lat' dir='ltr'><strong>manuum</strong></span> <span class='ocrx_word' id='word_1_362' title='bbox 1464 2318 1649 2358; x_wconf 83' lang='lat' dir='ltr'><strong>tuarum.</strong></span> 
     </span>
    </p>

    <p class='ocr_par' dir='ltr' id='par_1_33' title="bbox 1080 2371 1907 2538">
     <span class='ocr_line' id='line_1_84' title="bbox 1132 2371 1907 2425; baseline 0 -12"><span class='ocrx_word' id='word_1_363' title='bbox 1132 2371 1290 2414; x_wconf 89' lang='lat' dir='ltr'><strong>Omnia</strong></span> <span class='ocrx_word' id='word_1_364' title='bbox 1335 2372 1557 2425; x_wconf 91' lang='lat' dir='ltr'><strong>subjecisti</strong></span> <span class='ocrx_word' id='word_1_365' title='bbox 1602 2372 1683 2414; x_wconf 88' lang='lat' dir='ltr'><strong>sub</strong></span> <span class='ocrx_word' id='word_1_366' title='bbox 1719 2372 1907 2425; x_wconf 91' lang='lat' dir='ltr'><strong>pedibus</strong></span> 
     </span>
     <span class='ocr_line' id='line_1_85' title="bbox 1080 2428 1907 2480; baseline -0.002 -9"><span class='ocrx_word' id='word_1_367' title='bbox 1080 2429 1181 2480; x_wconf 88' lang='lat' dir='ltr'><strong>ejus,</strong></span> <span class='ocrx_word' id='word_1_368' title='bbox 1200 2428 1223 2454; x_wconf 89' lang='grc'><em>*</em></span> <span class='ocrx_word' id='word_1_369' title='bbox 1244 2441 1349 2470; x_wconf 90' lang='lat' dir='ltr'><strong>oves</strong></span> <span class='ocrx_word' id='word_1_370' title='bbox 1369 2434 1412 2471; x_wconf 88' lang='lat' dir='ltr'><strong>et</strong></span> <span class='ocrx_word' id='word_1_371' title='bbox 1431 2429 1569 2471; x_wconf 86' lang='lat' dir='ltr'><strong>boves</strong></span> <span class='ocrx_word' id='word_1_372' title='bbox 1589 2429 1828 2471; x_wconf 90' lang='lat' dir='ltr'><strong>universas:</strong></span> <span class='ocrx_word' id='word_1_373' title='bbox 1847 2431 1907 2469; x_wconf 85' lang='lat' dir='ltr'><strong>in-</strong></span> 
     </span>
     <span class='ocr_line' id='line_1_86' title="bbox 1080 2486 1631 2538; baseline -0.002 -12"><span class='ocrx_word' id='word_1_374' title='bbox 1080 2497 1212 2537; x_wconf 87' lang='lat' dir='ltr'><strong>super</strong></span> <span class='ocrx_word' id='word_1_375' title='bbox 1232 2490 1275 2526; x_wconf 90' lang='lat' dir='ltr'><strong>et</strong></span> <span class='ocrx_word' id='word_1_376' title='bbox 1294 2487 1458 2538; x_wconf 91' lang='lat' dir='ltr'><strong>pecora</strong></span> <span class='ocrx_word' id='word_1_377' title='bbox 1477 2486 1631 2538; x_wconf 90' lang='lat' dir='ltr'><strong>campi.</strong></span> 
     </span>
    </p>

    <p class='ocr_par' dir='ltr' id='par_1_34' title="bbox 1081 2541 1906 2650">
     <span class='ocr_line' id='line_1_87' title="bbox 1130 2541 1906 2594; baseline 0 -12"><span class='ocrx_word' id='word_1_378' title='bbox 1130 2541 1348 2583; x_wconf 77' lang='lat' dir='ltr'><strong>Velucres</strong></span> <span class='ocrx_word' id='word_1_379' title='bbox 1369 2542 1480 2591; x_wconf 89' lang='lat' dir='ltr'><strong>coeli,</strong></span> <span class='ocrx_word' id='word_1_380' title='bbox 1500 2547 1544 2583; x_wconf 91' lang='lat' dir='ltr'><strong>et</strong></span> <span class='ocrx_word' id='word_1_381' title='bbox 1562 2542 1706 2594; x_wconf 88' lang='lat' dir='ltr'><strong>pisces</strong></span> <span class='ocrx_word' id='word_1_382' title='bbox 1725 2542 1868 2591; x_wconf 90' lang='lat' dir='ltr'><strong>maris,</strong></span> <span class='ocrx_word' id='word_1_383' title='bbox 1883 2542 1906 2567; x_wconf 87' lang='lat'>*</span> 
     </span>
     <span class='ocr_line' id='line_1_88' title="bbox 1081 2598 1840 2650; baseline -0.001 -11"><span class='ocrx_word' id='word_1_384' title='bbox 1081 2598 1154 2650; x_wconf 92' lang='lat' dir='ltr'><strong>qui</strong></span> <span class='ocrx_word' id='word_1_385' title='bbox 1173 2598 1481 2650; x_wconf 80' lang='lat' dir='ltr'><strong>perambulant</strong></span> <span class='ocrx_word' id='word_1_386' title='bbox 1501 2598 1678 2639; x_wconf 89' lang='lat' dir='ltr'><strong>semitas</strong></span> <span class='ocrx_word' id='word_1_387' title='bbox 1698 2598 1840 2639; x_wconf 90' lang='lat' dir='ltr'><strong>maris.</strong></span> 
     </span>
    </p>

    <p class='ocr_par' dir='ltr' id='par_1_35' title="bbox 1078 2655 1905 2810">
     <span class='ocr_line' id='line_1_89' title="bbox 1131 2655 1905 2706; baseline -0.001 -11"><span class='ocrx_word' id='word_1_388' title='bbox 1131 2655 1320 2696; x_wconf 74' lang='lat' dir='ltr'><strong>Demine</strong></span> <span class='ocrx_word' id='word_1_389' title='bbox 1331 2655 1549 2696; x_wconf 70' lang='lat' dir='ltr'><strong>Dominus</strong></span> <span class='ocrx_word' id='word_1_390' title='bbox 1564 2659 1724 2704; x_wconf 84' lang='lat' dir='ltr'><strong>noster,</strong></span> <span class='ocrx_word' id='word_1_391' title='bbox 1735 2655 1758 2680; x_wconf 85' lang='grc'>*</span> <span class='ocrx_word' id='word_1_392' title='bbox 1775 2667 1905 2706; x_wconf 89' lang='lat' dir='ltr'><strong>quam</strong></span> 
     </span>
     <span class='ocr_line' id='line_1_90' title="bbox 1078 2710 1905 2754; baseline -0.002 -2"><span class='ocrx_word' id='word_1_393' title='bbox 1078 2710 1336 2753; x_wconf 76' lang='lat' dir='ltr'><strong>admirabile</strong></span> <span class='ocrx_word' id='word_1_394' title='bbox 1356 2716 1423 2753; x_wconf 91' lang='lat' dir='ltr'><strong>est</strong></span> <span class='ocrx_word' id='word_1_395' title='bbox 1441 2723 1601 2754; x_wconf 92' lang='lat' dir='ltr'><strong>nomen</strong></span> <span class='ocrx_word' id='word_1_396' title='bbox 1615 2715 1739 2753; x_wconf 90' lang='lat' dir='ltr'><strong>tuum</strong></span> <span class='ocrx_word' id='word_1_397' title='bbox 1757 2711 1800 2751; x_wconf 93' lang='lat' dir='ltr'><strong>in</strong></span> <span class='ocrx_word' id='word_1_398' title='bbox 1816 2710 1905 2751; x_wconf 94' lang='lat' dir='ltr'><strong>uni-</strong></span> 
     </span>
     <span class='ocr_line' id='line_1_91' title="bbox 1078 2767 1358 2810; baseline 0.004 -2"><span class='ocrx_word' id='word_1_399' title='bbox 1078 2768 1207 2809; x_wconf 88' lang='lat' dir='ltr'><strong>versa</strong></span> <span class='ocrx_word' id='word_1_400' title='bbox 1225 2767 1358 2810; x_wconf 85' lang='lat' dir='ltr'><strong>terra!</strong></span> 
     </span>
    </p>
   </div>
  </div>
 </body>
</html>
