2040 2990
702 190 812 224 Feria
838 194 974 233 quarta
999 190 1047 224 ad
1072 190 1310 224 Matutinum.
1815 186 1860 222 65

205 283 411 325 Exaltare
448 295 580 335 super
617 281 754 323 coelos
785 282 921 324 Deus:
956 282 980 308 *

155 345 198 383 et
224 341 268 381 in
296 352 470 381 omnem
495 344 658 381 terram
686 338 825 389 gloria
851 344 936 380 tua.

204 397 431 449 Laqueum
481 398 745 449 paraverunt
793 395 979 448 pedibus

153 454 280 495 meis:
306 454 330 479 *
358 458 402 495 et
429 453 764 494 incurvaverunt
793 453 979 494 animam

152 523 306 552 meam.

204 566 428 608 Foderunt
451 570 551 607 ante
574 565 730 606 faciem
753 578 895 606 meam
919 565 978 606 fo-

154 637 296 666 veam:
323 625 347 650 *
376 627 419 664 et
445 621 691 663 inciderunt
717 622 761 662 in
789 635 895 663 eam.

202 681 410 722 Paratum
437 691 512 720 cor
535 691 681 720 meum
699 678 830 728 Deus,
855 681 978 731 para-

152 743 245 779 tum
265 749 341 778 cor
358 749 518 777 meum:
537 738 560 762 *
585 734 783 784 cantabo‚
804 741 847 777 et
866 735 978 788 psal-

152 807 271 836 mum
299 792 452 835 dicam.

203 851 402 901 Exsurge
450 849 589 900 gloria
634 862 746 899 mea,
793 851 979 899 exsurge

152 906 407 960 psalterium
429 911 472 948 et
492 905 673 948 cithara:
698 907 720 932 *
748 908 978 956 exsurgam

152 963 354 1006 diluculo.

205 1020 458 1062 Confitebor
491 1020 571 1061 tibi
604 1019 648 1060 in
683 1018 859 1072 populis
891 1018 978 1059 Do-

151 1077 280 1119 mine:
298 1079 323 1104 *
347 1082 391 1119 et
417 1076 634 1130 psalmum
661 1075 803 1118 dicam
829 1075 908 1117 tibi
936 1075 978 1115 in

152 1133 381 1176 Gentibus:

205 1191 419 1241 Queniam
446 1189 724 1241 magnificata
751 1194 817 1231 est
839 1201 978 1241 usque

152 1247 209 1289 ad
229 1247 366 1289 coelos
385 1246 684 1288 misericordia
703 1251 787 1295 tua,
807 1248 831 1272 *
851 1251 894 1287 et
912 1259 977 1286 08-

153 1317 237 1357 que
265 1304 323 1346 ad
349 1303 487 1346 nubes
515 1303 675 1345 veritas
704 1308 789 1344 tua.

203 1360 409 1402 Exaltare
446 1373 578 1413 super
614 1359 753 1401 coelos
786 1360 922 1401 Deus:
955 1360 978 1385 *

153 1423 196 1459 et
214 1430 346 1471 super
362 1429 536 1458 omnem
551 1422 713 1458 terram
732 1416 873 1467 gloria
894 1421 978 1457 tua.

202 1476 301 1517 Ant.
329 1473 545 1525 Quoniam
563 1473 605 1514 in
625 1478 670 1515 te
691 1472 872 1514 confidit
891 1473 977 1513 ani-

151 1543 221 1572 ma
248 1543 356 1572 mea.

205 1589 303 1630 Ant.
331 1590 453 1630 Justa
480 1585 679 1638 judicate.

420 1646 615 1687 Psalmus
643 1647 708 1687 57.

220 1699 235 1740 i
272 1711 375 1741 vere
412 1699 562 1751 utique
599 1699 805 1750 justitiam
840 1699 976 1751 loqui-

252 1755 372 1797 mini:
394 1757 418 1783 *
435 1760 556 1797 recta
583 1755 771 1807 judicate
798 1755 876 1796 filii
902 1755 976 1796 ho-

150 1825 323 1853 mmum.

202 1869 375 1911 Etenim
393 1869 436 1910 in
456 1868 589 1911 corde
605 1868 855 1921 iniquitates
875 1881 976 1921 ope-

151 1925 320 1967 ramini:
339 1927 362 1953 *
381 1926 425 1966 in
441 1930 558 1967 terra
577 1925 805 1976 injustitias
824 1937 977 1966 manus

151 1987 309 2024 vestrae
338 1984 610 2024 concinnant.

203 2038 393 2081 Alienati
421 2043 521 2080 sunt
547 2039 804 2091 peccateres
836 2050 861 2078 a
888 2037 976 2079 vul-

151 2108 220 2144 va,
256 2097 507 2137 erraverunt
535 2094 589 2136 ab
622 2097 763 2136 utero:
791 2095 814 2121 *
842 2093 977 2135 locuti

151 2156 251 2193 sunt
277 2151 396 2193 falsa.

202 2208 341 2250 Furor
380 2208 464 2249 illis
507 2206 747 2249 secundum
784 2206 975 2248 similitu-

153 2264 297 2306 dinem
334 2265 564 2317 serpentis:
600 2265 624 2291 *
666 2264 776 2305 81001
813 2262 976 2315 aspidis

152 2320 306 2371 surdae,
335 2326 378 2363 et
407 2320 650 2363 obturantis
678 2332 806 2361 aures
835 2332 950 2360 suas:

203 2378 311 2427 Quae
332 2391 421 2419 non
443 2376 646 2419 exaudiet
660 2389 815 2418 vocem
835 2376 975 2416 incan-

150 2434 350 2475 tantium:
378 2436 401 2462 *
430 2439 473 2475 01
501 2433 684 2475 venefici
716 2432 976 2474 incantantis

152 2490 382 2541 sapienter.
713 2498 721 2505 ’

203 2546 324 2588 Deus
352 2549 551 2589 centeret
579 2545 734 2588 dentes
756 2547 906 2587 eorum
933 2544 976 2584 in

153 2615 228 2643 ore
248 2602 457 2654 ipserum:
477 2604 500 2628 *
519 2602 658 2644 1110138
683 2602 856 2643 leo'num
877 2614 975 2642 con-

153 2658 309 2708 fringet
335 2659 560 2700 Deminus.
617 2684 627 2691 ·

204 2713 276 2756 Ad
300 2714 480 2757 nihilum
504 2715 736 2758 devenient
754 2707 996 2766 tamquam'

1031 295 1145 335 aqua
1174 282 1427 324 decurrens:
1454 285 1477 310 *
1499 282 1683 324 intendit
1710 296 1859 324 arcum

1032 353 1158 380 suum
1186 339 1328 380 donec
1355 339 1633 381 infirmentur.

1082 397 1202 437 Sicut
1220 409 1330 445 cera,
1352 409 1449 448 quae
1472 396 1574 446 fluit,
1595 398 1859 439 auferentur:

1031 454 1054 480 *
1082 452 1373 505 supercecidit
1400 453 1525 503 ignis,
1558 459 1600 494 et
1627 467 1714 495 non
1742 454 1857 496 vide-

1032 514 1130 550 runt
1159 509 1307 551 solem.

1081 566 1342 618 Priusquam
1386 566 1675 616 intelligerent
1720 568 1856 620 spinae

1031 628 1190 664 vestrae
1211 623 1452 664 rhamnum:
1475 625 1498 649 *
1517 624 1628 664 sicut
1651 624 1856 673 viventes,

1032 680 1094 720 sic
1122 680 1164 720 in
1192 680 1255 720 ira
1283 679 1492 721 absorbet
1520 693 1607 721 eos.

1082 736 1324 778 Laetabitur
1341 737 1478 788 justus
1489 749 1588 778 cum
1602 737 1759 779 viderit
1770 739 1856 779 vin-

1032 792 1207 834 dictam:
1243 795 1266 820 *
1299 806 1452 834 manus
1486 807 1587 835 suas
1619 794 1782 836 lavabit
1815 795 1856 835 in

1032 850 1241 900 sanguine
1269 850 1525 903 peccatoris.

1086 907 1141 948 Et
1178 906 1294 948 dicet
1328 906 1477 948 homo:
1519 907 1563 948 Si
1600 907 1750 959 utique
1792 913 1859 949 est

1031 964 1196 1004 fructus
1229 964 1358 1014 justo:
1393 965 1416 990 *
1451 964 1602 1016 utique
1638 969 1704 1005 est
1738 964 1857 1005 Deus

1031 1019 1225 1071 judicans
1255 1033 1331 1061 eos
1359 1020 1401 1060 in
1428 1026 1556 1061 terra.

1299 1083 1495 1123 Psalmus
1524 1085 1588 1122 58.

1117 1134 1210 1186 ripe
1236 1145 1306 1173 me
1327 1132 1382 1174 de
1409 1132 1591 1173 inimicis
1615 1133 1723 1174 meis
1737 1134 1857 1175 Deus

1133 1203 1271 1231 meus:
1290 1191 1314 1216 *
1334 1194 1377 1230 01
1398 1189 1452 1230 ab
1473 1190 1794 1239 insurgentibus
1814 1191 1857 1231 in

1030 1259 1100 1288 me
1129 1246 1266 1288 libera
1293 1259 1373 1287 me.

1083 1304 1214 1356 Eripe
1258 1315 1327 1344 me
1366 1302 1420 1343 de
1462 1303 1746 1354 operantibus
1782 1303 1855 1343 ini-

1033 1361 1297 1412 quitatemz*
1315 1364 1358 1400 et
1386 1358 1441 1400 de
1469 1359 1571 1400 viris
1601 1360 1855 1409 sanguinum

1031 1417 1151 1458 salva
1178 1429 1259 1458 me.

1083 1473 1194 1523 Quia
1211 1485 1315 1514 ecce
1338 1474 1547 1524 ceperunt
1565 1472 1752 1513 animam
1770 1486 1855 1514 me-

1031 1543 1117 1570 am:
1144 1531 1167 1557 *
1194 1530 1411 1570 irruerunt
1438 1529 1481 1569 in
1508 1541 1578 1570 me
1607 1528 1753 1570 fortes.

1081 1586 1238 1638 Neque
1254 1585 1458 1637 iniquitas
1474 1598 1581 1634 mea,
1601 1598 1743 1637 neque
1758 1599 1856 1638 pec-

1031 1645 1176 1684 catum
1203 1655 1349 1683 meum
1376 1642 1580 1683 Domine:
1611 1644 1635 1669 *
1663 1643 1754 1684 sine
1782 1643 1855 1683 ini-

1032 1699 1197 1751 quitate
1226 1699 1407 1748 cucurri,
1437 1703 1481 1739 et
1509 1698 1657 1739 direxi.

1081 1756 1281 1806 Exsurge
1308 1755 1351 1795 in
1381 1757 1610 1796 occursum
1638 1768 1792 1804 meum,
1814 1760 1856 1796 01

1030 1811 1147 1854 vide:
1175 1813 1199 1838 *
1219 1816 1262 1852 01
1288 1815 1337 1852 111
1363 1811 1550 1852 1)όωίηο
1578 1810 1699 1852 Ι)0118
1727 1811 1855 1852 virtu-

1029 1874 1132 1918 tum,
1159 1868 1281 1909 Deus
1309 1867 1456 1916 Israel,

1081 1923 1264 1966 Intende
1314 1923 1371 1965 ad
1420 1923 1658 1965 visitandas
1706 1937 1856 1965 omnes

1031 1982 1213 2023 Gentes:
1232 1981 1256 2007 *
1274 1993 1362 2022 11011
1378 1980 1625 2021 miserearis
1646 1979 1855 2029 omnibus,

1031 2038 1106 2090 qui
1132 2038 1370 2090 operantur
1396 2037 1680 2089 iniquitatem.

1083 2094 1402 2135 Convertentur
1438 2093 1493 2135 ad
1530 2095 1773 2145 vesperam:
1814 2097 1857 2134 et

1029 2151 1189 2192 famem
1225 2150 1444 2203 patientur
1479 2154 1527 2190 ut
1567 2162 1712 2199 canes,
1754 2151 1777 2176 *
1814 2153 1857 2190 01

1030 2206 1271 2248 circuibunt
1299 2207 1530 2248 civitatem.

1080 2264 1196 2305 Ecce
1229 2263 1462 2315 loquentur
1498 2263 1541 2303 in
1576 2275 1652 2303 ore
1681 2275 1776 2310 suo,
1813 2266 1855 2303 et

1028 2319 1200 2370 gladius
1227 2320 1270 2360 in
1305 2319 1431 2360 labiis
1461 2321 1626 2360 eorum:
1654 2320 1676 2345 *
1707 2318 1853 2370 queni-

1029 2389 1100 2417 am
1129 2377 1225 2428 quis
1254 2374 1442 2417 audivit?

1081 2433 1136 2474 Et
1170 2437 1218 2474 tu
1245 2432 1432 2473 Domine
1462 2430 1681 2473 deridebis
1710 2443 1804 2471 eos:
1832 2432 1854 2456 ¹⁸¹

1029 2488 1085 2530 ad.
1102 2488 1282 2530 nihilum
1299 2487 1493 2529 deduces
1509 2500 1660 2529 omnes
1679 2486 1854 2527 Gentes.

1080 2544 1399 2587 Fortitudinem
1417 2557 1560 2585 meam
1576 2543 1632 2585 ad
1649 2548 1692 2584 te
1713 2543 1852 2583 custo-

1030 2601 1162 2651 diam,
1201 2602 1301 2653 quia
1328 2601 1448 2642 Deus
1477 2601 1706 2652 susceptor
1732 2610 1852 2638 meus

1031 2671 1094 2699 es:
1112 2660 1136 2685 *
1156 2658 1277 2699 Deus
1296 2670 1429 2706 meus,
1448 2654 1744 2698 misericordia
1763 2654 1852 2703 ejus

1029 2714 1267 2766 praeveniet
1294 2726 1375 2754 me.
