2080 2990
508 220 578 254 Dic
603 223 633 254 (Α.
658 221 745 254 Dec.
792 221 826 255 S.
852 221 1081 265 Eutychiani
1107 222 1221 264 Papae
1247 227 1283 256 et
1307 223 1411 256 Mart.
1772 221 1816 256 9*

121 314 327 357 mandata
363 320 440 356 tua
476 313 702 357 meditatio
735 327 834 356 mea
867 318 944 355 est.

122 372 326 422 Sa'eviant,
366 373 701 424 persequantur;
743 369 846 412 dum
868 375 943 412 >ta-

121 440 222 469 men
248 427 454 468 mandata
477 427 562 468 Dei
588 439 677 468 non
701 426 943 479 relinquan-

121 488 202 534 tur,
224 488 268 525 et
287 496 341 525 ex
358 483 465 535 ipsis
484 481 701 524 mandatis
721 483 851 524 etiam
871 484 945 534 qui

122 540 307 582 saeviunt
325 539 570 592 diligantur.
597 539 872 581 Intellectum
889 538 945 581 da

121 596 236 647 mihi,
257 601 300 638 et
319 597 473 638 vivam.
509 595 784 638 Intellectum
800 596 945 648 poscit

121 653 203 695 iste
227 653 383 706 junior,
423 666 551 705 quem
577 652 613 693 si
637 664 726 693 non
751 652 944 702 haberet,

122 722 211 751 non
255 722 388 762 super
432 710 626 760 senieres
673 708 944 760 intelligeret.

121 766 210 808 Sed
227 779 333 808 ¹eum
358 767 503 819 poscit
525 766 570 807 in
594 764 876 807 tribulatiene
902 771 945 807 et

121 823 393 874 necessitate,
414 835 501 876 quo
515 822 728 873 intelligat
743 835 873 874 quam
888 823 945 863 sit

122 879 487 921 contemnendum
529 878 647 932 quod
683 880 723 920 ei
759 884 945 932 possunt

122 936 291 978 auferre
335 938 650 989 persequentes
694 936 870 985 inimici,
918 948 944 976 a

124 991 280 1045 quibus
299 1005 346 1034 se
366 991 471 1034 dicit
489 1005 585 1034 esse
605 994 914 1044 contemptum.

177 1052 238 1094 Te
255 1053 398 1094 Deum
415 1052 653 1094 laudamus,

318 1148 403 1190 Die
422 1149 460 1189 9.
477 1147 747 1190 Decembris.

174 1217 216 1258 S.
235 1216 539 1312 Entycmgni
560 1217 690 1268 Papae
712 1224 754 1258 et
774 1218 898 1258 Mart.

492 1279 616 1322 uplex.

177 1335 313 1370 Omnia
337 1335 383 1369 de
401 1336 604 1370 Communi
625 1336 738 1370 unius
756 1336 945 1381 Martyris,

125 1388 266 1427 praeter
282 1384 492 1427 sequentia.

172 1431 313 1466 Oratio.
339 1432 456 1476 Deus,
474 1433 629 1477 quinos
645 1432 758 1467 beati.

174 1483 218 1517 In
246 1484 272 1518 Ι.
302 1483 501 1520 Nocturno
536 1486 738 1521 Lectiones
774 1487 818 1521 dc
850 1487 946 1521 Scri-

126 1536 238 1576 ptura
262 1538 492 1568 occurrente.

354 1598 403 1637 In
422 1599 472 1638 ΙΙ.
492 1599 714 1640 Nocturno.

427 1663 579 1706 Lectio
598 1665 651 1706 iv.

266 1727 513 1779 tychianus,
552 1726 728 1768 nati6ne
762 1726 943 1777 Tuscus,

253 1783 398 1837 patria
421 1783 650 1833 LunensiS,
677 1783 846 1824 Marino
871 1796 944 1835 pa-

253 1845 336 1890 tre,
363 1844 466 1892 post
487 1839 608 1881 beati
625 1839 782 1880 Felicis
805 1852 943 1880 sacer-

122 1896 301 1947 detium,
319 1897 532 1938 Romanae
547 1895 757 1937 Ecclesiae
778 1896 944 1947 episco-

121 1955 272 2006 patum
292 1952 495 2005 suscepit.
529 1951 765 1993 Constituit
787 1951 943 2002 fruges,

124 2009 246 2051 fabas
279 2014 323 2051 et
352 2021 461 2051 uvas
494 2021 626 2061 super
659 2007 786 2050 altari
816 2007 944 2049 bene-

123 2064 222 2108 dici:
258 2066 450 2118 itemque
485 2078 511 2107 a
536 2063 739 2106 fidelibus
765 2063 943 2105 nullate-

121 2135 202 2164 nus
219 2122 459 2175 Martyrem
477 2121 653 2174 sepeliri
671 2121 763 2162 sine
783 2119 943 2162 dalma-

120 2179 224 2229 tica,
257 2184 332 2220 aut
355 2181 597 2232 purpurato
623 2177 810 2219 colebio.
860 2177 944 2227 Qui

122 2247 220 2277 cum
255 2248 336 2288 per
374 2235 547 2277 diversa
586 2234 684 2276 loca
723 2235 944 2275 trecentos

122 2294 348 2342 sexaginta
367 2291 477 2333 duos
492 2291 708 2342 Martyres
723 2303 801 2331 sua
814 2302 943 2330 manu

122 2348 370 2401 sepelisset,
411 2347 496 2389 illis
535 2352 578 2390 et
612 2347 706 2400 ipse
742 2346 943 2396 sociatus,

122 2404 203 2446 sub
219 2404 486 2446 Numeriano
505 2405 768 2457 imperatere
787 2405 942 2454 marty-

121 2461 186 2503 rio
212 2463 447 2503 coronatus
473 2465 555 2511 est,
584 2464 707 2502 sexto
734 2459 838 2500 Idus
860 2459 943 2499 De-

123 2517 319 2568 cembris,
338 2517 621 2570 sepultusque
634 2517 677 2556 in
693 2515 943 2556 coemeterio

123 2573 288 2616 Callisti
314 2574 384 2615 via
409 2574 565 2626 Appia.
607 2572 806 2624 Quinque
832 2570 944 2612 ordi-

121 2630 370 2672 natienibus
395 2643 544 2672 mense
568 2628 800 2671 Decembri
827 2630 943 2669 crea-

121 2687 184 2728 vit
197 2687 481 2740 presbyteros
498 2684 840 2738 quatuerdecim,
857 2682 944 2724 dia-

123 2756 259 2785 conos
285 2744 492 2795 quinque,
521 2745 754 2795 episcopos
778 2753 857 2792 per
883 2739 944 2781 di-

995 316 1122 356 versa
1145 314 1243 357 loca
1264 329 1433 358 novem.
1463 317 1586 359 Vixit
1607 317 1652 358 in
1676 317 1816 369 ponti-

996 371 1129 412 ficatu
1147 384 1282 413 annos
1298 377 1410 422 octo,
1428 386 1600 415 menses
1615 374 1816 425 quinque,

998 432 1041 469 et
1060 427 1154 469 dies
1173 427 1349 480 aliquot.

1055 486 1103 536 R.
1130 485 1376 526 Honestum
1393 486 1494 528 fecit
1511 486 1630 527 illum
1648 487 1752 535 Dns,
1773 492 1816 528 et

997 540 1234 583 custodivit
1249 554 1347 582 eum
1365 541 1420 583 ab
1434 542 1625 592 inimicis,
1646 548 1689 584 et
1708 555 1733 583 a
1753 555 1815 583 se-

998 595 1251 638 ductoribus
1268 598 1424 639 tutavit
1440 597 1575 639 illum:
1592 596 1614 620 *
1625 599 1681 639 Et
1696 597 1816 639 dedit

996 653 1056 693 illi
1071 653 1311 695 claritatem
1326 655 1542 695 aeternam.
1566 651 1614 701 Y.
1628 654 1814 695 Descen-

997 708 1148 761 ditque
1164 723 1261 751 cum
1278 710 1351 751 illo
1366 710 1410 750 in
1423 710 1604 759 feveam,
1620 715 1663 752 et
1678 710 1722 750 in
1736 712 1816 751 vin-

998 766 1104 807 culis
1122 779 1208 807 non
1228 765 1458 818 dereliquit
1476 779 1584 807 eum.
1611 767 1667 808 Et
1686 765 1816 808 dedit.

1033 842 1184 881 Sermo
1205 840 1342 881 sancti
1360 839 1538 880 Maximi
1558 839 1776 891 Episcopi.

1145 909 1199 941 De
1217 908 1250 942 S
1270 908 1465 951 Cypriuno
1489 909 1625 942 llomil.
1644 911 1671 942 2.

1308 965 1456 1005 Lectio
1477 979 1512 1004 v.
1589 1012 1593 1015 ¹

1002 1027 1071 1131 In
1094 1030 1300 1082 martyrio
1324 1029 1564 1071 beatissimi
1584 1029 1815 1081 Eutychia-

1049 1088 1103 1137 ni,
1122 1088 1276 1129 fratres
1292 1087 1510 1135 carissimi,
1528 1087 1728 1127 universa
1743 1099 1816 1127 no-

996 1144 1164 1186 biscum
1196 1143 1354 1184 Christi
1386 1143 1574 1184 exsultat
1604 1142 1815 1191 Ecclesia,

997 1214 1126 1254 quam
1147 1201 1191 1241 in
1216 1213 1342 1241 omne
1368 1199 1589 1251 gaudium,
1623 1204 1666 1241 et
1690 1199 1816 1240 coele—

996 1258 1075 1299 stis
1102 1256 1344 1299 eruditiene
1369 1256 1581 1298 sermenis
1604 1256 1815 1305 instruxit,

997 1319 1040 1356 et
1074 1317 1253 1354 munere
1289 1312 1563 1365 triumphalis
1598 1312 1814 1363 sanguinis

997 1370 1231 1412 decoravit.
1271 1369 1371 1410 Fuit
1396 1369 1509 1410 enim
1533 1369 1576 1408 in
1603 1381 1671 1418 eo,
1704 1368 1815 1409 sicut

997 1427 1268 1479 compertum
1282 1425 1503 1475 habemus,
1523 1429 1565 1466 et
1584 1429 1734 1466 contra
1754 1437 1815 1465 er-

995 1485 1118 1524 retes
1146 1482 1309 1524 diaboli
1334 1481 1571 1534 spiritualis
1591 1480 1814 1534 sapientiae

994 1538 1239 1591 plenitudo,
1277 1543 1320 1580 et
1351 1538 1583 1579 adversum
1615 1549 1815 1590 persecu-

994 1596 1135 1638 tienes
1167 1594 1331 1644 mundi,
1370 1594 1592 1636 christiani
1623 1593 1814 1646 pectoris

994 1652 1191 1703 mitigata
1210 1651 1464 1693 constantia.
1499 1651 1605 1701 Quis
1629 1662 1716 1691 non
1741 1649 1815 1690 hu-

995 1708 1183 1761 jusmodi
1205 1709 1345 1750 virum
1371 1708 1543 1760 quantis
1568 1707 1684 1748 valet
1706 1718 1815 1758 prae-

996 1766 1132 1807 cuniis
1151 1767 1452 1818 prosequatur,
1474 1765 1592 1815 cujus
1613 1763 1814 1814 eloquen-

996 1823 1056 1863 tia
1074 1822 1282 1874 inspirata
1306 1821 1510 1863 divinitus
1535 1825 1578 1862 et
1596 1819 1816 1861 Ecclesias

997 1878 1157 1927 decuit,
1177 1882 1219 1919 et
1237 1878 1445 1919 saeculum
1465 1874 1725 1919 confutavit?

1053 1938 1103 1987 R.
1131 1933 1407 1976 Desiderium
1441 1934 1595 1975 animae
1628 1933 1717 1984 ejus
1746 1931 1816 1973 tri-

996 1991 1127 2032 buisti
1162 1991 1201 2046 ei
1233 1991 1436 2040 Demine,
1465 1991 1563 2032 *Et
1593 1989 1815 2031 voluntate

996 2047 1210 2089 labierum
1237 2048 1327 2099 ejus
1353 2061 1439 2089 non
1467 2045 1677 2088 fraudasti
1708 2058 1816 2086 eum.

1001 2101 1050 2152 V.
1066 2104 1281 2154 Queniam
1298 2103 1549 2156 praevenisti
1568 2115 1666 2144 eum
1683 2101 1726 2141 in
1745 2100 1816 2142 be-

997 2159 1314 2202 nedietionjbus
1345 2158 1601 2202 dulcedinis:
1632 2156 1815 2210 posuisti

998 2217 1040 2257 in
1068 2216 1209 2268 capite
1238 2217 1328 2267 ejus
1357 2218 1563 2258 corenam
1590 2213 1644 2256 de
1670 2211 1814 2266 lapide

997 2272 1204 2325 pretieso.
1231 2272 1298 2314 Et.

1302 2338 1451 2379 Lectio
1472 2338 1523 2378 vi.

1087 2414 1160 2443 ere
1185 2401 1254 2443 hic
1278 2401 1504 2450 mirabilis,
1532 2405 1662 2452 atque
1682 2398 1814 2440 emni-

1107 2471 1180 2499 um
1211 2458 1373 2511 ubique
1410 2456 1563 2498 studiis
1596 2454 1813 2497 celebran-

997 2514 1094 2563 dus,
1128 2527 1256 2566 quem
1290 2514 1495 2556 sanctitas
1528 2510 1813 2561 sacerdotem,

995 2571 1152 2623 peritia
1176 2571 1419 2619 docterem,
1447 2568 1556 2611 fides
1579 2570 1814 2620 martyrem

997 2628 1279 2669 consecravit.
1318 2626 1533 2675 Pretiosa,
1564 2625 1703 2677 inquit
1729 2624 1813 2664 Da-

997 2683 1087 2733 vid,
1129 2684 1173 2724 in
1209 2685 1448 2735 conspectu
1483 2681 1659 2723 Demini
1694 2692 1813 2721 mors

997 2742 1246 2782 sancturum
1272 2740 1372 2791 ejus.
1408 2738 1567 2780 Videte
1595 2736 1813 2786 carissimi,
