2040 2990
724 217 923 251 Dominica
948 218 1259 261 Septuagcsinuc.

1769 220 1832 255 321

145 319 362 359 mamento
391 317 507 367 coeli,
542 322 586 359 et
612 318 853 359 illuminent
880 322 962 359 ter-

145 386 248 414 ram.
283 373 339 415 Et
366 374 528 415 factum
556 379 622 415 est
648 375 719 416 ita.
754 374 963 426 Fecitque

145 430 264 471 Deus
287 430 374 472 duo
399 430 624 471 luminaria
648 444 817 481 magna:
843 430 963 471 lumi-

145 487 248 527 nare
279 487 431 538 majus,
464 491 512 527 ut
543 489 756 539 praeesset
787 486 887 528 diei:
920 491 963 527 et

143 541 354 584 luminare
368 543 518 594 minus,
537 547 585 584 ut
604 544 813 596 praeesset
831 543 962 584 nocti:

145 603 189 640 et
212 598 370 640 stellas
406 599 462 640 Et
487 599 635 652 posuit
659 612 732 640 eas
755 599 798 639 in
823 599 961 640 firma-

143 656 289 696 mento
310 655 424 705 coeli‚
448 660 495 696 ut
516 655 710 701 luce'rent
730 668 861 707 super
879 660 961 697 ter-

143 723 250 760 ram,
270 716 313 752 et
331 713 571 764 praeessent
590 711 676 752 diei
695 724 745 752 ac
763 712 895 761 nocti,
919 716 962 753 et

144 766 386 808 dividerent
412 767 553 809 lucem
580 780 631 808 ac
657 767 870 809 tenebras.
906 768 962 808 Et

143 821 251 864 vidit
268 823 387 865 Deus
411 822 531 876 quod
557 828 672 865 esset
694 823 867 865 bonum.
906 824 961 865 Et

142 879 304 920 factum
331 884 397 921 est
420 881 602 932 vespere
628 885 671 921 et
695 893 837 930 mane,
867 880 960 922 dies

144 940 333 987 quartus.

196 995 245 1046 Ην.
262 992 312 1032 In
331 993 543 1046 principio
563 993 725 1034 creavit
739 993 858 1034 Deus
878 1006 961 1034 coe-

141 1047 231 1088 lum
250 1053 294 1089 et
316 1053 496 1099 terram,
526 1054 569 1090 et
586 1049 772 1102 Spiritus
796 1049 878 1090 Dei
904 1050 960 1090 fe-

142 1103 319 1146 rebAtur
353 1118 485 1158 super
521 1118 672 1157 aquas:
712 1108 733 1131 *
761 1106 817 1147 Et
852 1106 960 1147 vidit

142 1160 262 1202 Deus
282 1166 437 1203 cuncta
458 1174 555 1214 quae
574 1162 751 1211 fecerat,
777 1166 820 1203 et
840 1167 960 1204 erant

142 1216 269 1258 valde
285 1216 411 1259 bona.
439 1214 488 1265 Y.
506 1218 642 1268 Igitur
661 1218 842 1271 perfecti
862 1224 961 1260 sunt

143 1273 243 1314 coeli
262 1278 305 1315 et
323 1278 449 1324 terra,
471 1279 515 1316 et
533 1275 673 1316 omnis
693 1277 870 1316 ornatus
890 1277 958 1317 eo·
1016 1276 1050 1333 23¹,
1064 1276 1129 1329 ’ἃς

142 1342 248 1370 rum.
275 1330 341 1371 Et.

440 1384 588 1424 Lectio
608 1385 663 1424 iii.

230 1437 308 1479 ixit
357 1439 486 1480 etiam
527 1439 662 1480 Deus:
709 1438 960 1480 Producant

240 1506 365 1545 aquae
393 1494 548 1547 reptile
576 1494 730 1535 animae
758 1495 959 1544 vive'ntis,

143 1554 186 1591 et
203 1549 379 1592 volatile
399 1563 529 1603 super
549 1555 710 1592 terram
725 1550 805 1592 sub
820 1551 959 1592 firma-

141 1607 289 1647 mento
309 1606 420 1647 coeli.
443 1607 702 1658 Creavitque
718 1607 837 1648 Deus
853 1607 959 1648 Cete

140 1661 334 1712 grandia,
358 1667 401 1704 et
420 1674 592 1704 omnem
611 1663 797 1704 animam
816 1663 958 1705 viven-

141 1722 231 1759 tem
256 1723 387 1770 atque
411 1718 677 1768 motabilem,
706 1732 836 1771 quam
859 1732 958 1772 pro-

142 1773 356 1816 duxerant
374 1787 500 1827 aquae
518 1775 562 1815 in
585 1775 754 1827 species
773 1788 890 1824 suas,
917 1782 959 1817 et

141 1842 269 1871 omne
288 1830 465 1872 volatile
484 1830 722 1872 secundum
740 1844 875 1882 genus
892 1845 958 1873 su-

140 1899 224 1927 um.
256 1887 314 1928 Et
335 1886 443 1929 vidit
462 1887 582 1928 Deus
607 1887 725 1939 quod
750 1892 865 1929 esset
883 1887 958 1929 bo-

140 1955 254 1983 num.
310 1943 628 1995 Benedixitque
671 1943 748 1992 eis,
797 1943 958 1985 dicens:

143 1998 350 2048 Crescite,
377 2004 421 2041 et
442 1999 804 2051 multiplicamini,
829 2004 872 2041 et
894 2013 958 2041 re-

141 2053 258 2106 plete
279 2067 415 2107 aquas
434 2055 582 2096 maris:
607 2057 796 2108 avesque
819 2055 957 2097 multi-

141 2110 355 2162 plicentur
374 2124 505 2164 super
524 2116 694 2153 terram.
722 2112 778 2154 Et
796 2112 958 2154 factum

142 2171 209 2207 est
227 2169 410 2219 vespere
428 2173 471 2209 et
489 2181 630 2218 mane,
655 2168 748 2210 dies
773 2169 957 2220 quintus.

140 2222 262 2265 Dixit
281 2236 455 2276 quoque
474 2224 607 2266 Deus:
631 2223 850 2266 Producat
872 2230 955 2267 ter-

140 2291 187 2320 ra
207 2279 393 2321 animam
408 2280 623 2322 viventem
637 2281 680 2321 in
694 2282 851 2330 genere
866 2294 956 2331 suo,

140 2335 342 2385 jumenta,
363 2341 406 2377 et
424 2336 610 2389 reptilia,
631 2342 674 2378 et
692 2335 855 2378 bestias
874 2342 956 2379 ter-

140 2402 201 2431 rae
237 2391 475 2433 secundum
511 2393 680 2445 species
717 2405 829 2434 suas.
878 2394 955 2434 Fa-

141 2448 346 2498 ctumque
366 2453 432 2489 est
451 2448 521 2489 ita.
552 2448 607 2489 Et
626 2449 728 2490 fecit
747 2450 866 2490 Deus
885 2449 955 2491 be-

142 2501 245 2546 stias
274 2508 403 2544 terrae
428 2504 547 2555 juxta
576 2505 743 2556 species
771 2518 888 2554 suas,
914 2510 957 2546 et

141 2557 345 2607 jumenta,
374 2563 417 2600 et
443 2572 570 2602 omne
593 2561 747 2613 reptile
766 2566 894 2602 terrae
914 2561 957 2601 in

141 2613 299 2663 genere
331 2626 422 2656 suo.
459 2615 516 2657 Et
547 2616 657 2658 vidit
687 2617 807 2658 Deus
840 2616 958 2668 quod

143 2673 258 2710 esset
275 2668 456 2720 bonum,
482 2676 526 2712 et
545 2672 617 2713 ait:
642 2672 868 2714 Faciamus
884 2672 958 2714 ho-

140 2724 299 2766 minem
321 2725 379 2767 ad
401 2725 631 2778 imaginem
656 2733 699 2771 et
718 2728 957 2771 similitudi-

1014 329 1113 358 nem
1144 321 1351 358 nostram:
1384 322 1428 358 et
1458 318 1608 369 praesit
1639 318 1832 371 piscibus

1013 373 1162 422 maris,
1195 377 1238 414 et
1267 372 1513 414 volatilibus
1533 374 1649 423 coeli,
1687 380 1730 416 et
1760 374 1831 416 be-

1015 429 1124 478 stiis,
1143 429 1445 481 universaeque
1463 435 1607 480 terrae,
1627 433 1831 483 omnique

1012 486 1169 538 reptili,
1189 485 1307 537 quod
1325 488 1523 527 movetur
1542 487 1585 527 in
1604 492 1729 528 terra.

1070 544 1118 595 R».
1141 542 1363 583 Formavit
1381 542 1593 583 Dominus
1614 543 1831 585 hominem

1014 598 1069 640 de
1094 598 1197 639 limo
1225 603 1368 648 terrae,
1402 604 1423 626 *
1446 599 1502 640 Et
1533 599 1757 651 inspiravit
1788 601 1830 641 in

1012 654 1169 696 faciem
1189 655 1278 706 ejus
1298 655 1562 707 spiraculum
1580 655 1692 705 vitae,
1713 661 1755 697 et
1774 656 1830 697 fa-

1014 716 1108 752 ctus
1140 716 1207 752 est
1238 711 1369 752 homo
1402 712 1446 751 in
1474 712 1661 752 animam
1688 712 1830 753 viven-

1012 772 1111 808 tem.
1164 760 1210 811 Y.
1245 768 1295 808 In
1332 768 1544 820 principio
1578 768 1679 810 fecit
1711 769 1830 810 Deus

1013 823 1172 864 coelum
1192 828 1235 864 et
1252 829 1433 874 terram,
1461 829 1504 865 et
1530 824 1762 876 plasmavit
1787 826 1829 866 in

1014 892 1066 921 ea
1083 879 1314 921 hominem.
1343 880 1408 921 Et.
1444 880 1592 921 Gloria
1610 881 1737 922 Patri.
1764 882 1830 923 Et.

1246 963 1294 1001 In
1313 963 1362 1001 ΙΙ.
1383 963 1602 1002 Nocturno.

1015 1029 1083 1068 Ex
1112 1027 1223 1068 libro
1255 1026 1493 1068 Enchiridii
1525 1029 1661 1069 sancti
1688 1028 1831 1078 Augu·
1879 1043 1882 1046 ’

1252 1084 1353 1125 stini
1376 1084 1596 1136 Episcopi.

1151 1155 1241 1197 Cap.
1265 1154 1316 1188 25.
1341 1154 1391 1188 26.
1418 1160 1452 1189 ct
1476 1156 1526 1189 27.
1552 1156 1642 1189 tomi
1667 1156 1695 1189 33.

1311 1216 1460 1256 Lectio
1484 1216 1534 1254 iv.

1020 1322 1022 1327 Ι
1156 1273 1274 1314 ortis
1321 1273 1580 1325 supplicium
1615 1274 1829 1316 Dominus

1020 1333 1023 1350 ³
1041 1323 1128 1384 ists,
1156 1334 1164 1389 ξι
1185 1329 1348 1370 homini
1372 1330 1658 1371 comminatus
1678 1331 1828 1381 fuerat,

1035 1393 1047 1400 ³
1185 1386 1221 1426 si
1240 1387 1459 1437 peccaret:
1485 1386 1546 1426 sic
1567 1398 1665 1427 eum
1683 1391 1828 1428 mune-

1011 1453 1112 1481 rans
1136 1441 1273 1483 libero
1298 1441 1493 1491 arbitrio,
1521 1447 1568 1483 ut
1594 1447 1738 1484 tamen
1767 1445 1828 1484 re-

1011 1502 1132 1547 geret
1150 1498 1348 1550 imperio,
1368 1500 1563 1553 :terreret
1587 1498 1735 1539 exitio:
1770 1504 1829 1540 at-

1013 1566 1095 1605 que
1110 1554 1154 1594 in
1170 1554 1363 1606 paradisi
1378 1554 1594 1604 felicitate,
1608 1560 1829 1607 tamquam

1012 1610 1055 1649 in
1074 1609 1227 1651 umbra
1246 1611 1358 1660 vitae,
1378 1610 1492 1652 unde
1511 1611 1671 1662 justitia
1690 1616 1829 1653 custo-

1012 1665 1103 1706 dita
1125 1666 1167 1706 in
1192 1666 1371 1708 meliora
1390 1666 1719 1717 conscenderet,
1744 1668 1828 1708 col-

1010 1722 1182 1763 locavit.
1210 1723 1324 1764 Hinc
1343 1728 1446 1775 post
1462 1726 1690 1775 peccatum
1707 1724 1829 1764 exsul

1012 1778 1205 1829 effectus,
1251 1779 1431 1831 stirpem
1470 1792 1644 1831 quoque
1693 1792 1828 1829 suam,

1012 1847 1141 1886 quam
1164 1835 1388 1887 peccando
1412 1836 1455 1876 in
1477 1848 1524 1876 se
1546 1841 1767 1888 tamquam
1785 1836 1828 1876 in

1011 1890 1157 1932 radice
1182 1891 1424 1942 vitiaverat,
1452 1905 1583 1943 poena
1607 1893 1760 1934 mortis
1786 1898 1828 1934 et

1012 1946 1288 1988 damnatione
1299 1947 1543 1989 obstrinxit:
1558 1953 1605 1989 ut
1616 1948 1827 2001 quidquid

1010 2002 1145 2055 prolis
1179 2015 1232 2044 ex
1263 2003 1355 2053 illo,
1387 2009 1430 2045 et
1457 2004 1585 2046 simul
1613 2005 1827 2053 damnata,

1009 2071 1089 2111 per
1109 2071 1238 2110 quam
1253 2062 1521 2111 peccaverat,
1541 2061 1732 2112 conjuge,
1750 2074 1829 2114 per

1011 2114 1227 2156 carnalem
1246 2116 1655 2168 concupiscentiam,
1680 2117 1724 2158 in
1744 2130 1829 2169 qua

1009 2170 1314 2213 inobedientiae
1350 2185 1482 2224 poena
1521 2173 1673 2214 similis
1708 2173 1827 2215 retri-

1009 2226 1116 2268 buta
1135 2231 1215 2276 est,
1240 2230 1506 2278 nasceretur,
1531 2229 1723 2271 traheret
1746 2229 1826 2270 ori-

1009 2282 1152 2333 ginale
1182 2286 1427 2335 peccatum,
1464 2298 1550 2337 quo
1587 2285 1847 2326 traheretur-

1010 2351 1088 2390 per
1127 2341 1298 2381 errores
1335 2340 1595 2392 doloresque
1631 2341 1827 2383 diversos

1011 2393 1066 2435 ad
1084 2394 1190 2437 illud
1215 2397 1455 2438 extremum
1477 2410 1575 2438 cum
1599 2397 1825 2439 desertori-

1009 2449 1091 2491 bus
1110 2451 1284 2502 angelis,
1303 2453 1576 2494 vitiatoribus
1595 2458 1638 2495 et
1656 2466 1826 2505 posses-

1011 2506 1182 2548 soribus
1219 2512 1262 2550 et
1299 2508 1573 2550 consortibus
1609 2510 1698 2550 suis
1736 2509 1826 2550 sine

1010 2561 1095 2603 fine
1112 2563 1380 2616 supplicium.

1058 2622 1108 2672 Rz.
1144 2619 1263 2661 Tulit
1287 2620 1500 2661 Dominus
1524 2620 1758 2669 hominem,
1783 2625 1825 2661 et

1003 2675 1157 2726 ¹posuit
1176 2687 1273 2716 eum
1293 2676 1336 2716 in
1354 2676 1558 2728 paradiso
1576 2675 1825 2728 voluptatis:

1008 2734 1029 2757 *
1061 2730 1121 2773 Ut
1153 2733 1405 2785 operaretur
1436 2737 1479 2776 et
1510 2731 1748 2776 custodiret
1778 2731 1824 2773 il-
