2040 2990
734 184 937 219 Dominica
961 184 986 218 I.
1012 183 1224 218 Adventus.

1769 182 1833 218 133

184 284 256 325 Ad
290 284 461 334 Magnis.
502 283 602 324 Ant.
644 283 761 324 Ecce
790 295 951 324 nomen

126 341 303 382 Domini
330 341 353 366 *
379 341 498 382 venit
525 339 580 381 de
611 339 871 391 longinquo,
909 343 952 380 et

125 398 300 440 claritas
311 399 401 450 ejus
411 396 553 450 replet
563 395 716 438 orbem
724 397 951 437 terrarum.

470 455 631 496 Oratio.

210 511 342 562 xcita,
372 512 621 563 quaesumus
647 509 846 559 Domine,
874 522 950 562 po-

228 568 410 609 tentiam
436 571 571 617 tuam,
601 570 644 608 et
670 566 784 607 veni:
820 570 868 606 ut
896 565 950 607 ab

125 624 447 666 imminentibus
470 625 755 677 peccatorum
782 624 950 663 nostro-

126 694 222 723 rum
241 681 461 735 periculis,
479 685 524 722 te
542 682 787 722 mereamur
806 684 951 732 prote-

126 740 255 789 gente
293 738 412 791 eripi,
447 742 492 779 te
528 736 741 778 liberante
777 735 952 777 salvari:

126 795 210 846 Qui
227 795 339 836 vivis
358 799 402 836 et
419 806 575 845 regnas
595 806 695 835 cum
708 793 806 834 Deo
821 793 952 834 Patre

126 852 170 892 in
188 851 355 893 unitate
367 851 554 904 Spiritus
569 850 710 892 sancti
722 850 854 900 Deus,
873 862 953 902 per

127 909 273 950 Omnia
292 907 453 949 saecula
474 907 747 949 saeculorum.

184 965 399 1018 RAmen.

187 1026 392 1062 Commem.
425 1035 493 1059 seu
518 1025 708 1069 Suffragia
732 1025 958 1060 Sanctorum

132 1086 210 1110 non
233 1075 327 1109 fiunt
350 1084 420 1117 per
443 1077 563 1108 toturn
581 1074 762 1117 Advent.‚
787 1074 903 1108 etiam
920 1074 957 1108 in

134 1123 270 1158 Officio
301 1122 348 1157 de
378 1122 546 1163 Sanctis,
587 1133 656 1157 nec
688 1122 734 1157 de
768 1122 889 1157 Cruee
920 1123 958 1157 in

133 1171 256 1206 feriali
282 1170 429 1205 Officio.
944 1202 947 1203 γ

186 1224 230 1258 In
255 1224 437 1258 Adventu
468 1233 544 1257 non
574 1223 614 1257 fit
644 1223 690 1257 de
721 1223 852 1261 Festo,
883 1223 957 1257 nisi

132 1272 245 1307 fuerit
266 1272 379 1315 Dupl.
404 1272 468 1306 vel
493 1271 752 1315 Semiduplex.
787 1272 899 1312 Quod
925 1272 957 1305 si

133 1324 307 1355 occurrat
338 1320 376 1353 in
405 1319 532 1363 Dom.,
570 1319 617 1354 de
653 1330 697 1354 eo
736 1320 777 1354 fit
811 1324 957 1354 tantum

132 1368 338 1403 Commem.
357 1368 395 1401 in
414 1368 587 1411 utrisque
604 1368 790 1411 Vesperis
809 1372 845 1402 et
862 1368 957 1402 Lau-

133 1416 262 1451 dibus:
299 1416 454 1450 Festum
487 1420 613 1451 autern
642 1417 764 1459 majus
796 1417 859 1451 vel
892 1417 957 1450 ali-

132 1465 240 1507 cujus
256 1464 438 1499 Doctoris
463 1464 648 1499 Ecclesiae
672 1465 900 1499 transfertur
919 1465 957 1499 in
1012 1494 1024 1507 Η
1051 1473 1096 1512 <gns—³

131 1513 294 1556 primam
319 1513 421 1548 diem
437 1512 594 1556 Duplici
618 1513 680 1547 vel
705 1512 958 1556 Semidupliei
1020 1518 1029 1527 ‘¹

131 1560 247 1595 Festo
287 1571 364 1596 non
404 1561 637 1604 impeditam.
690 1561 747 1595 De
783 1561 956 1605 Simplici

132 1619 285 1653 quoque
319 1610 361 1643 fit
388 1613 535 1643 tantum
563 1609 886 1644 Commemoratio
917 1614 957 1643 ut

131 1657 170 1691 in
193 1657 372 1693 Rubricis
397 1657 661 1692 Generalibus.

457 1731 752 1758 -ᾴψθψεοᾲ-α-

220 1805 494 1857 Dominica
516 1805 556 1856 1.
577 1805 869 1855 Adventus,

286 1899 373 1940 Ad
412 1898 797 1940 matutinum.

182 1955 323 2006 Invit(
345 1966 510 2016 Regem
545 1969 776 2007 ventarum
807 1965 955 2006 Domi-

130 2034 245 2071 num,
263 2019 287 2045 *
307 2022 476 2072 Venite,
497 2021 741 2064 adoremus.

183 2085 230 2119 Et
254 2085 394 2120 dicitur
417 2085 530 2120 etiam
551 2086 589 2120 in
607 2085 740 2126 Feriis,
765 2095 887 2128 usque
906 2084 954 2118 ad

130 2133 239 2168 Dom.
263 2133 327 2168 111.
351 2134 564 2170 Adventus.

185 2186 254 2226 Ps.
273 2187 439 2238 Venite,
458 2186 735 2243 exsultemus.
753 2188 790 2228 2.

439 2247 650 2299 Hymnus.

252 2307 405 2350 erbum
423 2310 662 2361 supernum
680 2308 901 2361 prodiens,

267 2365 304 2405 E
322 2365 464 2406 Patris
484 2365 636 2406 aeterni
654 2365 750 2406 sinu

208 2421 292 2471 Qui
310 2426 437 2462 natus
457 2421 554 2463 orbi
573 2421 789 2471 subvenis,

208 2477 403 2520 Lubente
422 2490 552 2519 eursu
570 2478 794 2530 temporis.

159 2541 357 2583 Illumina
375 2555 490 2584 nunc
507 2544 701 2595 pectora,

209 2598 395 2651 Tuoque
415 2601 564 2640 amore
584 2601 830 2648 concrema3

211 2655 269 2695 Ut
288 2667 364 2695 eor
383 2655 550 2697 caduca
570 2655 777 2697 deserens

210 2711 319 2752 Coeli
339 2711 543 2764 voluptas
561 2712 755 2764 impleat:

1037 283 1102 331 Ut,
1121 294 1221 323 cum
1238 281 1428 328 tribunal
1446 282 1470 323 J
1471 282 1611 324 udicis

1080 338 1318 380 Damnabit
1336 339 1424 389 igni
1442 339 1608 389 n6xios,

1080 395 1138 436 Et
1156 407 1244 436 vox
1263 396 1402 436 amica
1422 394 1616 437 debitum

1081 451 1274 494 Vocabit
1292 451 1349 493 ad
1369 451 1528 493 coelum
1546 453 1656 504 pios.

1036 517 1132 558 Non
1154 529 1254 558 esca
1273 517 1547 558 flammarum
1565 518 1712 567 nigros

1081 573 1326 615 Volvamur
1344 574 1455 615 inter
1474 573 1680 623 turbines,

1080 630 1219 671 Vultu
1237 631 1322 672 Dei
1341 630 1419 672 sed
1438 633 1667 683 compotes

1082 687 1193 728 Coeli
1212 687 1405 728 fruamur
1424 686 1605 738 gaudiis.

1042 752 1151 793 Patri
1171 751 1386 804 simulque
1404 751 1526 801 Filio,

1083 808 1271 861 Tibique
1292 813 1441 849 sancte
1460 808 1657 861 Spiritus,

1082 866 1202 907 Sicut
1219 865 1308 915 fuit,
1328 865 1384 906 sit
1401 866 1557 919 jugiter

1083 922 1271 964 Saeclum
1293 935 1373 975 per
1398 935 1526 964 omne
1548 922 1699 973 gloria.

1318 979 1470 1020 Amen.

1258 1058 1306 1096 In
1325 1058 1354 1096 I.
1374 1058 1596 1097 Nocturno.

1068 1127 1154 1161 Ant.
1181 1132 1216 1161 et
1240 1127 1301 1161 Ps.
1327 1132 1367 1161 ut
1393 1128 1429 1161 in
1455 1128 1571 1162 Psalt.
1590 1127 1621 1161 3.

1067 1179 1162 1214 Post
1179 1175 1235 1220 V„
1262 1180 1300 1213 in
1325 1180 1499 1223 quolibet
1520 1180 1718 1214 Noeturno
1745 1180 1835 1214 diei-

1012 1234 1072 1262 tur
1086 1228 1194 1263 Pater
1208 1232 1350 1264 noster.
1376 1228 1525 1262 Deinde
1540 1228 1836 1262 Benedictiones

1012 1281 1048 1311 et
1072 1276 1351 1311 Absolutiones
1377 1282 1416 1310 ut
1440 1277 1478 1310 in
1503 1276 1701 1311 Psalterio.

1077 1346 1231 1399 Incipit
1249 1346 1359 1388 liber
1377 1347 1504 1387 Isaiae
1522 1343 1767 1397 Prophetae.

1142 1409 1291 1448 Lectio
1310 1409 1332 1447 i.
1556 1408 1655 1459 Cap.
1678 1410 1703 1446 1.

1272 1464 1399 1504 Isaiae
1424 1462 1500 1503 filii
1520 1462 1673 1511 Amos,
1703 1474 1833 1513 quam

1089 1526 1101 1565 J
1120 1517 1158 1573 {i}
1181 1520 1291 1561 vidit
1314 1532 1446 1572 super
1465 1518 1623 1560 Judam
1649 1523 1692 1559 et
1714 1518 1738 1558 J
1741 1521 1833 1559 eru—

1013 1562 1076 1606 1‘
1106 1563 1158 1606 j
1182 1577 1328 1626 salem,
1347 1576 1391 1616 in
1411 1575 1565 1618 diebus
1586 1575 1717 1625 Oziae,
1736 1575 1832 1615 Joa-

1007 1633 1128 1683 than,
1160 1633 1327 1683 Achaz,
1361 1637 1405 1674 et
1432 1631 1651 1682 Ezechiae,
1683 1644 1833 1682 regum

1007 1690 1130 1732 Juda.
1166 1690 1328 1732 Audite
1349 1689 1459 1739 coeli,
1479 1694 1523 1731 et
1542 1688 1718 1730 auribus
1738 1690 1833 1741 per-

1009 1748 1106 1800 cipe
1133 1752 1269 1797 terra,
1299 1747 1504 1799 quomam
1530 1746 1745 1786 D6minus
1773 1745 1832 1785 lo-

1009 1807 1135 1845 cutus
1169 1808 1245 1845 est.
1281 1803 1416 1844 Filios
1450 1802 1653 1851 enutrivi,
1687 1806 1730 1843 et
1763 1814 1831 1843 ex-

1009 1861 1159 1901 altavi:
1186 1860 1271 1912 ipsi
1295 1863 1440 1901 autem
1468 1860 1728 1911 spreverunt
1751 1870 1832 1898 me.

1010 1917 1226 1968 Cognovit
1251 1915 1335 1958 bos
1362 1917 1668 1968 possessorem
1697 1927 1832 1963 suum,

1010 1979 1052 2016 et
1078 1974 1224 2014 asinus
1247 1974 1449 2026 praesepe
1474 1971 1639 2014 domini
1662 1971 1746 2012 sui:
1772 1971 1832 2011 Is-

1009 2030 1099 2072 rael
1132 2034 1278 2071 autem
1309 2042 1379 2071 me
1412 2041 1500 2070 non
1533 2028 1756 2079 cognovit,
1790 2031 1832 2068 et

1008 2086 1198 2140 pepulus
1230 2088 1355 2127 meus
1384 2098 1471 2126 non
1502 2084 1722 2126 intellexit.
1763 2085 1832 2124 Tu

1009 2148 1154 2184 autem
1172 2143 1361 2184 D6mine
1379 2142 1586 2183 miserere
1605 2140 1743 2181 nobis.

1062 2201 1110 2240 R·.
1130 2200 1227 2240 Deo
1246 2199 1420 2250 gratias.

1061 2269 1124 2304 Sic
1159 2279 1310 2312 semper
1338 2269 1587 2302 terminantur
1617 2268 1828 2305 Lectiones,

1009 2318 1084 2352 nisi
1103 2318 1212 2351 aliter
1229 2317 1411 2360 signetur.

1062 2372 1111 2423 Ην.
1130 2371 1361 2423 Aspiciens
1381 2382 1406 2410 a
1425 2369 1565 2418 longe,
1586 2380 1688 2409 ecce
1703 2366 1832 2408 video

1008 2428 1092 2470 Dei
1109 2427 1351 2480 potentiam
1365 2425 1620 2474 venientem,
1640 2428 1684 2465 et
1702 2422 1831 2464 nebu-

1008 2485 1095 2525 lam
1118 2488 1256 2525 totam
1278 2487 1441 2524 terram
1458 2483 1688 2532 tegentem.
1715 2480 1735 2503 ¹⁸¹
1766 2479 1831 2519 Ite

1010 2541 1184 2582 obviam
1209 2539 1263 2589 ei,
1289 2543 1332 2580 et
1352 2537 1500 2579 dicite:
1525 2539 1546 2562 *
1578 2536 1741 2577 Nuntia
1759 2546 1831 2574 no-

1008 2597 1075 2638 bis
1096 2597 1132 2637 si
1151 2601 1199 2637 tu
1218 2608 1265 2637 es
1284 2595 1395 2647 ipse,
1420 2596 1442 2619 *
1474 2593 1557 2644 Qui
1576 2594 1830 2643 regnaturus

1010 2666 1056 2694 es
1076 2653 1119 2694 in
1137 2652 1302 2705 populo
1322 2650 1469 2692 Israel.
1490 2645 1539 2697 V.
1561 2649 1729 2699 Quique
1748 2650 1829 2686 ter-

993 2707 1190 2759 'rigenae,
1218 2713 1262 2749 et
1280 2707 1357 2748 filii
1374 2706 1615 2753 hominum,
1643 2701 1768 2743 simul
1786 2701 1828 2741 in
