2040 2990
796 206 831 239 ln
861 206 1076 249 Epiphania
1105 205 1267 238 Domini.

458 303 609 344 Lectio
633 304 714 342 viii.

174 356 271 461 Et
298 357 557 407 notandum,
587 357 707 410 quod
734 357 1000 410 Redemptc-

275 427 368 456 rem
400 420 621 464 nostrum,
658 427 757 455 cum
790 415 873 465 jam
906 426 1000 466 per-

172 472 298 513 fectae
327 476 444 512 esset
471 471 634 520 aetatis,
664 471 829 512 eisdem
854 470 1000 511 Genti-

171 528 285 570 libus
305 527 511 580 ApOstoli
529 527 787 580 praedicant,
814 530 1001 578 eumque

171 585 417 638 parvulum,
442 590 486 626 et
509 583 698 629 necdum
721 597 801 637 per
824 583 1001 624 humimi

173 642 373 695 corporis
388 641 580 683 officium
594 640 857 693 loquentem,
876 639 1002 681 stella

173 698 388 740 Gentibus
408 697 651 739 denuntiat:
681 698 781 749 quia
799 697 1002 737 nimirum

172 755 352 796 rationis
386 754 496 796 ordo
527 754 760 807 poscebat,
793 758 840 794 ut
871 758 914 794 et
940 752 1001 794 lo-

173 814 379 864 quentem
406 812 490 863 jam
508 811 745 852 Deminum
770 810 1001 862 loquentes

172 868 299 910 nobis
326 867 641 925 praedicatdres
669 868 1002 916 innotescerent,

174 930 216 967 et
261 924 449 967 necdum
493 924 747 977 loquentem
788 924 1003 967 elementa

173 987 293 1023 muta
322 981 627 1034 praedicarent.
681 980 768 1022 Sed
796 981 839 1021 in
869 981 1002 1022 Omni-

173 1038 256 1080 bus
284 1038 435 1089 signis‚
465 1050 563 1090 quae
588 1037 658 1079 vel
685 1039 891 1079 nascente
914 1038 1002 1078 Βό-

174 1095 312 1144 mino,
340 1094 410 1136 vel
437 1094 650 1135 moriente
679 1106 731 1135 eo
759 1097 1003 1136 monstrata

174 1157 296 1201 sunt,
342 1150 709 1193 considerandum
753 1150 880 1192 nobis
927 1156 1002 1201 est,

176 1213 339 1261 quanta
371 1207 501 1249 fuerit
532 1207 575 1248 in
610 1207 902 1259 quorumdam
932 1209 1002 1249 Ju-

175 1265 373 1306 dae6rum
406 1263 540 1306 corde
572 1263 751 1314 duritia,
789 1265 863 1317 qui
890 1265 1004 1307 hunc

174 1334 255 1363 nec
273 1334 352 1374 per
370 1321 617 1374 prophetiae
636 1320 810 1372 donum,
829 1335 910 1364 nec
924 1335 1004 1374 per

175 1379 385 1420 miracula
405 1380 686 1430 agnoverunt.

228 1440 279 1490 R.
295 1435 509 1477 Videntes
530 1435 702 1477 stellam
719 1435 847 1487 Magi,
866 1436 1005 1486 gavisi

176 1497 276 1533 sunt
294 1492 455 1543 gaudio
474 1505 649 1543 magno:
675 1495 696 1517 *
716 1493 772 1534 Et
791 1493 1004 1534 intrantes

177 1548 355 1590 domum
391 1549 649 1590 invenerunt
685 1552 870 1602 puerum
906 1562 1005 1590 cum

176 1605 315 1646 Maria
344 1610 483 1647 matre
511 1607 622 1656 ejuS,
654 1611 698 1647 et
725 1605 1006 1659 procidentes

178 1661 473 1703 adoraverunt
490 1675 604 1704 eum:
623 1664 644 1686 *
660 1664 717 1705 Et
737 1663 900 1716 apertis
914 1662 1005 1703 the-

178 1719 318 1760 sauris
346 1719 436 1760 suis
468 1718 719 1761 obtulerunt
747 1720 786 1761 ei
814 1723 1005 1769 munera,

178 1789 342 1826 aurum,
356 1776 468 1827 thus,
485 1781 528 1818 et
541 1777 775 1829 myrrham.
793 1772 842 1823 Y.
862 1775 1007 1826 Stella,

179 1846 309 1885 quam
348 1833 548 1876 viderant
582 1834 699 1886 Magi
735 1835 778 1875 in
817 1834 1007 1882 Oriente,

179 1890 468 1932 antecedebat
500 1904 596 1940 eos,
631 1904 770 1943 usque
803 1890 907 1932 dum
937 1892 1007 1932 ve-

179 1946 302 1988 niens
332 1951 469 1989 staret
500 1960 633 2000 supra
663 1948 738 1989 ubi
767 1952 860 1990 erat
887 1960 1007 2000 puer.

179 2002 234 2044 Et
253 2003 475 2046 intrantes.
507 2004 668 2046 Gloria.
695 2005 752 2046 Et
772 2005 947 2057 apertis.

482 2062 632 2101 Lectio
653 2061 706 2100 ix.
952 2065 955 2069 ’

265 2117 381 2157 mnia
416 2117 579 2170 quippe
613 2118 828 2159 elementa
860 2120 1007 2160 aucte-

284 2185 375 2214 rem
391 2186 518 2215 suum
532 2176 705 2216 venisse
719 2177 882 2216 testata
896 2180 1007 2217 sunt.

182 2229 239 2272 Ut
270 2230 383 2271 enim
412 2230 467 2272 de
496 2230 558 2271 eis
588 2230 796 2283 quiddam
823 2244 905 2273 usu
932 2231 1007 2274 hu-

179 2288 310 2327 mano
326 2286 496 2339 loquar:
510 2287 654 2328 Deum
666 2287 781 2328 hunc
797 2288 897 2330 coeli
912 2301 1008 2330 esse

181 2345 493 2393 cognoverunt,
508 2343 610 2395 quia
624 2344 823 2396 pretinus
839 2345 1009 2386 stellam

181 2399 400 2440 miserunt.
429 2399 550 2440 Mare
570 2401 787 2450 cognovit,
808 2402 908 2452 quia
928 2401 1008 2443 sub

181 2454 342 2508 plantis
370 2456 461 2507 ejus
491 2468 538 2497 se
571 2456 780 2498 calcabile
809 2457 1009 2509 praebuit.

182 2512 321 2553 Terra
345 2513 569 2563 cogndvit,
595 2513 696 2565 quia
720 2526 772 2554 eo
797 2514 1009 2556 moriente

183 2569 455 2610 contremuit.
491 2569 566 2611 Sol
586 2570 807 2620 cognevit,
830 2570 930 2622 quia
949 2570 1008 2611 lu·

183 2626 245 2667 cis
269 2638 359 2666 suae
383 2625 531 2667 radios
556 2625 797 2667 abscondit.
833 2627 946 2667 Saxa
967 2632 1010 2668 et

184 2685 373 2735 parietes
410 2685 729 2733 cognoverunt,
768 2683 869 2735 quia
904 2685 1008 2724 tem-

183 2752 291 2792 pore
318 2740 472 2782 mortis
501 2740 590 2792 ejus
622 2740 757 2781 scissa
786 2746 895 2782 sunt.
942 2742 1009 2782 In-

1054 300 1200 341 fernus
1223 300 1416 350 agnovit,
1441 299 1542 351 quia
1563 299 1661 350 hos,
1686 313 1797 352 quos
1820 305 1881 343 te-

1054 356 1186 398 nebat
1205 358 1414 405 mortuos,
1435 355 1638 399 reddidit.
1665 357 1721 399 Et
1735 363 1882 399 tamen

1054 413 1189 462 hunc,
1221 425 1352 465 quem
1378 413 1616 455 Deminum
1648 414 1792 455 Omnia
1822 414 1881 455 in-

1055 469 1276 511 sensibilia
1301 469 1517 512 elementa
1540 473 1785 520 senserunt,
1810 470 1882 512 ad-

1054 526 1139 568 huc
1180 526 1419 568 infidelium
1455 527 1710 569 Judaeorum
1747 527 1882 569 corda

1054 584 1197 625 Deum
1217 596 1314 625 esse
1333 583 1508 625 minime
1529 586 1816 634 cognoscunt,
1839 589 1883 626 et

1056 640 1232 681 duri6ra
1261 640 1393 690 saxis,
1422 640 1563 682 scindi
1588 639 1645 682 ad
1670 640 1882 693 poeniten-

1055 697 1159 739 dum
1178 697 1342 739 nolunt.

1108 759 1171 798 Te
1189 754 1333 795 Deum
1352 753 1593 795 laudamus.
1617 755 1676 795 14.

1319 827 1397 868 Ad
1422 826 1620 868 Laudes

1277 887 1325 916 ct
1360 893 1453 925 per
1484 882 1665 915 Horas.

1110 941 1207 978 Ant.
1231 941 1257 978 l.
1279 938 1393 979 Ante
1412 936 1640 978 luciferum
1659 935 1841 987 genitus,
1860 938 1884 964 *

1057 1000 1100 1037 et
1124 999 1223 1036 ante
1248 994 1425 1044 saecula,
1448 993 1663 1035 D6minus
1683 992 1884 1035 Salvator

1055 1058 1205 1094 noster
1223 1051 1355 1093 hodie
1374 1050 1537 1092 mundo
1559 1050 1774 1103 apparuit.

1110 1112 1265 1151 Psalm.
1301 1107 1512 1152 D6minus
1545 1106 1754 1157 regnavit.
1787 1120 1885 1147 cum

1059 1169 1247 1220 reliquis.
1278 1166 1335 1206 15.

1109 1226 1144 1265 2.
1178 1222 1306 1264 Venit
1335 1222 1483 1263 lumen
1509 1225 1633 1262 tuum
1664 1220 1688 1246 *
1715 1219 1740 1260 J
1742 1221 1886 1261 enisa-

1056 1279 1162 1329 lem,
1203 1284 1246 1321 et
1284 1278 1424 1330 glcria
1459 1277 1638 1318 Domini
1673 1289 1806 1329 super
1840 1280 1885 1317 te

1058 1341 1155 1378 orta
1179 1340 1260 1386 est,
1284 1340 1327 1377 et
1351 1333 1636 1376 ambulabunt
1654 1333 1819 1375 Gentes
1842 1332 1886 1373 in

1057 1393 1219 1434 lumine
1238 1397 1327 1442 tuo,
1355 1391 1537 1443 alleluja.

1112 1453 1146 1490 3.
1175 1449 1349 1502 Apertis
1369 1448 1595 1503 thesauris·
1605 1447 1696 1488 suis
1718 1446 1743 1472 *
1762 1445 1887 1488 obtu-

1058 1507 1200 1548 lerunt
1222 1506 1340 1557 Magi
1363 1505 1555 1546 Domino
1579 1516 1748 1552 aurum,
1773 1502 1886 1552 thus,

1059 1569 1102 1606 et
1121 1563 1354 1616 myrrham,
1383 1562 1564 1613 alleluja.

1113 1624 1149 1661 4.
1175 1620 1310 1661 Maria
1332 1623 1376 1661 et
1395 1618 1573 1660 flumina
1595 1618 1619 1644 *
1642 1616 1886 1659 benedicite

1058 1677 1265 1718 Domino:
1279 1675 1488 1728 hymnum
1499 1674 1631 1717 dicite
1645 1673 1789 1716 fontes
1798 1673 1886 1715 Do-

1058 1733 1189 1782 mino,
1209 1732 1391 1784 alleluja.

1113 1794 1149 1832 5.
1174 1789 1306 1832 Stella
1329 1789 1413 1830 ista
1436 1789 1460 1814 *
1485 1788 1597 1830 sicut
1621 1787 1796 1828 flamma
1818 1799 1887 1829 co-

1059 1850 1216 1895 ruscat,
1236 1851 1280 1888 et
1299 1846 1466 1896 Regem
1485 1857 1637 1895 regum
1652 1845 1797 1886 Deum
1816 1843 1888 1886 de-

1059 1905 1292 1944 menstrat:
1323 1902 1440 1953 Magi
1469 1914 1565 1943 eam
1593 1900 1814 1951 viderunt,
1845 1905 1888 1943 et

1058 1972 1218 2010 magno
1239 1959 1350 2011 Regi
1369 1961 1551 2000 mimera
1570 1957 1832 2000 obtulerunt.

1165 2032 1423 2084 Capitulum.
1642 2031 1695 2070 Is.
1715 2030 1785 2069 60.

1062 2097 1122 2145 (ὃ,
1133 2103 1250 2142 urge,
1265 2089 1509 2131 illuminare
1519 2088 1771 2139 Jerusalem,
1780 2088 1888 2141 vquia

1065 2151 1128 2193 339
1150 2148 1267 2189 venit
1282 2147 1428 2188 lumen
1443 2151 1576 2196 tuum,
1592 2150 1636 2188 et
1650 2145 1887 2196 gldriaDO-

1059 2204 1163 2245 mini
1182 2216 1314 2257 super
1332 2208 1376 2245 te
1396 2208 1494 2244 orta
1513 2206 1589 2244 est.

1374 2266 1583 2316 Hymnus.

1190 2329 1285 2371 sola
1302 2330 1558 2379 magnarum
1577 2327 1751 2369 urbium

1189 2386 1327 2437 Major
1346 2384 1560 2434 Bethlem,
1580 2383 1649 2426 cui
1669 2382 1850 2433 contigit

1138 2443 1307 2484 Ducem
1326 2442 1478 2483 salutis
1499 2440 1672 2482 coelitus

1138 2501 1473 2552 Incorporatum
1492 2500 1681 2549 gignere.

1089 2576 1226 2621 Quem
1244 2568 1381 2618 stella,
1402 2580 1500 2620 quae
1520 2566 1625 2608 solis
1645 2571 1788 2607 rotam

1138 2626 1286 2668 Vincit
1305 2625 1476 2674 decore,
1496 2636 1547 2665 ac
1566 2623 1743 2672 lumine;

1138 2683 1324 2725 Venisse
1343 2681 1472 2722 terris
1490 2680 1660 2721 nuntiat

1141 2741 1249 2782 Cum
1268 2750 1398 2780 carne
1416 2737 1612 2779 terrestri
1633 2736 1786 2777 Deum.
