2040 2990
781 194 982 228 Dominica
1010 194 1053 228 ΙΙ.
1081 195 1294 228 Adventus.

240 294 286 343 lx‘g.
311 288 501 335 Festina,
527 300 582 328 ne
600 287 845 329 tardaveris
865 286 1012 327 Demi-

186 358 255 386 ne:
287 350 306 372 *
342 344 396 384 Et
441 342 577 384 libera
622 342 835 395 pupulum
879 347 1012 384 tuum.

186 400 234 450 Y.
263 399 374 440 Veni
402 399 608 448 Domine,
637 404 680 440 et
707 398 795 439 noli
822 398 1012 440 tardare:

185 456 333 496 relaxa
362 455 555 496 facinora
582 454 701 507 plebi
729 459 828 495 tuae.
870 455 935 495 Et.

488 530 639 570 Lectio
662 530 713 569 ix.

255 584 311 625 ed
344 585 533 626 dimissis
565 584 746 625 Joannis
778 583 1013 636 discipulis,

270 640 375 692 quid
407 640 462 682 de
496 640 651 681 eedem
678 640 846 681 Joanne
873 639 1014 681 turbis

185 697 318 745 dicat,
355 696 594 738 audiamus.
641 695 756 746 Quid
789 696 940 737 existis
970 696 1013 736 in

186 753 408 794 desertum
427 751 600 793 videre?
621 751 894 792 Arundinem
914 765 1013 793 ven-

185 814 232 850 to
265 806 495 859 agitatam?
539 807 667 858 Quod
695 807 899 849 videlicet
926 820 1013 848 non

185 864 440 913 asserendo,
486 864 564 905 sed
610 864 812 914 negando
858 864 1014 905 intulit.

186 920 457 961 Arundinem
491 920 653 974 quippe
689 932 793 960 mox
829 924 877 960 ut
910 932 1015 960 aura

187 976 437 1026 contigerit,
501 976 544 1016 in
602 980 773 1027 partem
831 975 1015 1017 alteram

186 1032 378 1073 inflectit.
419 1032 476 1073 Et
505 1031 609 1083 quid
638 1044 718 1083 per
746 1031 1014 1081 arundinem,

186 1088 270 1128 nisi
306 1087 491 1128 carnalis
529 1088 697 1128 animus
735 1087 1013 1138 designatur?

187 1144 270 1193 Qui
290 1157 394 1185 mox
413 1148 460 1185 ut
483 1144 634 1184 favere
653 1143 723 1184 vel
743 1143 1014 1185 detractione

186 1200 393 1250 tangitur,
424 1200 571 1241 statim
598 1200 641 1240 in
668 1204 839 1252 partem
868 1202 1014 1252 quam-

188 1255 295 1297 libet
322 1254 580 1296 inclinatur?

236 1321 284 1370 R«.
328 1316 444 1357 Ecce
480 1316 695 1357 Dominus
729 1317 874 1358 veniet
917 1329 1015 1358 cum

187 1371 422 1424 splendore
465 1371 751 1422 descendens,
793 1377 837 1414 et
877 1373 1014 1414 virtus

188 1428 277 1478 ejus
305 1440 404 1469 cum
433 1440 503 1476 eo,
525 1433 546 1455 *
582 1428 775 1469 Visitare
803 1428 1015 1481 pepulum

187 1496 313 1524 suum
340 1484 382 1524 in
411 1496 537 1536 pace,
575 1488 618 1525 et
652 1485 919 1526 constituere
947 1498 1014 1527 su-

186 1552 266 1591 per
333 1552 431 1580 eum
492 1540 627 1581 vitam
693 1541 1014 1592 sempiternam.

184 1594 235 1644 Y.
264 1595 380 1636 Ecce
400 1596 615 1636 Deminus
643 1601 792 1637 noster
815 1609 913 1638 cum
932 1597 1014 1638 vir-

187 1653 281 1692 tute
300 1652 455 1693 veniet.
483 1651 687 1693 Visitare.
716 1651 868 1693 Gloria
885 1653 1014 1695 Patri.

186 1707 389 1749 Visitare.

450 1783 529 1824 Ad
554 1784 752 1826 Laudes

388 1844 438 1872 ct
476 1849 574 1881 per
612 1839 805 1873 Horas.

237 1906 335 1944 Ant.
357 1907 383 1943 l.
422 1905 536 1943 Ecce
563 1902 606 1942 in
634 1902 823 1945 nubibus
852 1904 968 1945 coeli:
991 1905 1015 1931 *

187 1954 402 1997 Deminus
452 1957 596 1999 veniet
646 1970 744 1999 cum
793 1963 1015 2012 potestate

187 2023 354 2062 magna,
381 2012 562 2065 alleluja.

239 2076 390 2114 I'salm.
433 2073 643 2114 Dominus
676 2076 883 2125 regnavit.
913 2091 1008 2118 cum

185 2129 372 2179 reliquis.
406 2128 465 2168 15.

238 2190 272 2226 2.
324 2187 435 2228 I'rbs
481 2187 747 2230 fortitudinis
787 2191 810 2216 *
851 2198 1014 2235 nostrae

187 2241 308 2291 Sion,
336 2242 538 2285 Salvator
564 2246 753 2295 ponetur
779 2246 822 2287 in
850 2260 901 2289 ea
924 2262 1014 2291 mu-

188 2309 262 2338 rus
290 2303 333 2340 et
355 2298 638 2341 antemurale:
666 2304 832 2352 aperite
853 2310 1015 2355 portas,

190 2353 291 2404 quia
310 2354 537 2396 nobiscum
556 2355 687 2404 Deus,
707 2356 888 2409 alleluja.

238 2414 271 2450 ἕί.
306 2413 416 2451 Ecce
437 2410 666 2463 apparebit
684 2412 708 2437 *
726 2411 951 2465 Deminus,
972 2422 1015 2458 et

188 2476 275 2505 non
307 2466 554 2507 mentietur:
586 2466 623 2506 si
655 2479 824 2509 moram
854 2470 1014 2522 fecerit,

189 2522 395 2572 exspecta
416 2534 530 2571 eum,
561 2522 661 2573 quia
679 2523 840 2574 veniet,
867 2531 910 2567 et
927 2540 1014 2569 non

188 2575 390 2625 tardabit,
410 2577 592 2628 alleluja.

238 2636 272 2672 4.
311 2635 478 2674 Montes
505 2638 548 2674 et
573 2634 707 2675 colles
732 2635 755 2660 *
779 2637 1015 2681 cantabunt

189 2698 337 2728 coram
351 2688 449 2730 Deo
467 2687 653 2739 laudem,
674 2695 717 2731 et
737 2693 880 2733 emnia
898 2693 1013 2745 ligna

1065 286 1273 328 silvarum
1301 286 1515 339 plaudent
1540 287 1756 329 manibus:
1790 290 1894 340 quo-

1064 343 1180 383 niam
1211 343 1357 384 veniet
1388 343 1649 384 Dominator
1676 344 1892 385 Deminus

1064 399 1106 439 in
1127 411 1308 450 regnum
1328 400 1557 448 aeternum,
1582 399 1769 452 alleluja,
1795 400 1895 442 alle-

1064 454 1162 506 luia.

1118 519 1155 556 5.
1184 518 1297 556 Ecce
1323 515 1538 556 Dominus
1565 515 1590 541 *
1617 519 1767 557 noster
1794 528 1894 557 cum

1065 571 1225 612 virtute
1245 571 1406 619 veniet,
1436 576 1479 612 et
1494 570 1770 613 -illuminabit
1797 573 1896 613 ecu-

1065 626 1132 668 los
1151 628 1380 668 servorum
1400 629 1591 676 suerum,
1610 627 1793 679 alleluja.

1172 695 1429 746 Capitulum.
1590 696 1715 736 Rom.
1734 697 1791 737 15.

1065 746 1305 852 Fratres:
1368 753 1668 806 Quaecumque
1735 754 1898 806 scripta

1162 813 1278 858 sunt,
1320 808 1377 850 ad
1413 814 1611 850 nostram
1651 809 1896 867 doctrinam

1065 863 1229 916 scripta
1248 869 1364 906 sunt:
1391 870 1440 907 ut
1457 878 1538 918 per
1556 866 1827 918 patientiam,
1854 871 1899 907 et

1066 919 1412 962 consolatiunem
1429 921 1754 974 Scripturarum
1773 933 1898 974 spem

1065 974 1316 1017 habeamus.

1378 1046 1586 1096 Hymnus.

1169 1118 1197 1146 n
1217 1105 1334 1148 clara
1353 1119 1441 1148 vox
1460 1107 1686 1158 redarguit

1187 1162 1388 1204 Obscura
1409 1176 1612 1216 quaeque,
1636 1166 1899 1216 personans:

1142 1218 1303 1260 Procul
1323 1219 1527 1270 fugentur
1547 1220 1729 1261 sumnia:

1143 1274 1214 1316 Ab
1234 1275 1324 1316 alto
1343 1275 1368 1315 J
1371 1288 1472 1317 esus
1490 1276 1718 1328 promicat.

1094 1345 1217 1385 Mens
1236 1344 1321 1395 jam
1339 1347 1540 1395 resurgat
1557 1344 1746 1397 torpida,

1144 1399 1247 1440 Non
1265 1399 1453 1452 amplius
1473 1401 1617 1452 iacens
1636 1400 1770 1442 humi:

1143 1455 1273 1496 Sidus
1293 1455 1481 1506 refulget
1498 1457 1583 1508 iam
1601 1469 1775 1506 novum,

1144 1511 1204 1553 Ut
1221 1511 1350 1553 tollat
1369 1524 1497 1553 omne
1515 1512 1708 1553 nexium.

1093 1582 1160 1621 En
1179 1581 1334 1631 Agnus
1354 1579 1411 1622 ad
1428 1593 1510 1622 nos
1529 1581 1715 1623 mittitur

1144 1636 1315 1677 Laxare
1334 1636 1470 1687 gratis
1490 1635 1700 1678 debitum:

1145 1692 1310 1733 Omnes
1331 1691 1460 1733 simul
1479 1705 1579 1733 cum
1598 1692 1788 1735 lacrimis

1144 1749 1380 1790 Precemur
1399 1747 1726 1799 indulgentiam:

1094 1822 1161 1868 Ut,
1181 1832 1281 1861 cum
1300 1817 1495 1860 secundo
1515 1818 1694 1869 fulserit,

1144 1875 1354 1927 Metuque
1370 1873 1582 1916 mundum
1601 1875 1795 1925 cinxerit,

1145 1931 1248 1973 Non
1266 1943 1349 1984 pro
1368 1931 1493 1971 reatu
1510 1931 1673 1985 puniat,

1144 1987 1233 2030 Sed
1250 2000 1331 2029 nos
1350 1986 1449 2039 pius
1468 1994 1574 2031 tunc
1593 1990 1807 2041 pretegat.

1095 2057 1255 2106 Virtus,
1274 2056 1427 2107 honor,
1446 2057 1551 2106 laus,
1569 2056 1709 2109 gloria

1143 2113 1242 2154 Deo
1262 2112 1384 2153 Patri
1403 2125 1504 2154 cum
1521 2113 1646 2162 Filio,

1144 2169 1305 2210 Sancto
1325 2168 1453 2210 simul
1471 2169 1704 2219 Paraclito,

1143 2225 1194 2265 In
1213 2223 1475 2265 saeculerum
1495 2225 1668 2266 saecula.
1696 2225 1850 2265 Amen.

1120 2290 1168 2338 V.
1214 2293 1317 2334 Vox
1357 2292 1586 2334 clamantis
1622 2293 1666 2333 in
1702 2292 1896 2341 deserto,

1067 2349 1226 2390 Parate
1257 2349 1374 2389 viam
1406 2349 1596 2390 Demini.
1648 2350 1698 2400 R.
1733 2349 1897 2390 Rectas

1067 2405 1198 2446 facite
1227 2405 1404 2446 semitas
1432 2405 1534 2456 ejus.
1748 2406 1751 2407 ’

1119 2474 1188 2514 Ad
1211 2473 1371 2513 Bened.
1403 2475 1499 2513 Ant.
1532 2474 1724 2514 Joannes
1751 2477 1897 2514 autem

1067 2530 1091 2555 *
1119 2541 1217 2570 cum
1250 2528 1446 2570 audisset
1477 2529 1520 2568 in
1547 2527 1732 2569 vinculis
1761 2530 1897 2581 epera

1069 2584 1244 2633 Christi,
1269 2584 1446 2626 mittens
1466 2583 1577 2625 duos
1597 2596 1651 2625 ex
1671 2583 1896 2636 discipulis

1068 2641 1168 2690 suis,
1187 2640 1247 2681 ait
1265 2639 1340 2680 illi:
1361 2640 1429 2680 Tu
1449 2652 1495 2680 es
1516 2640 1590 2691 qui
1607 2643 1818 2682 venturus
1839 2653 1896 2690 εδ,

1067 2709 1122 2737 an
1142 2695 1274 2737 alium
1293 2694 1624 2748 exspectamus?
