2040 2990
195 187 235 221 12
774 190 971 224 Dominica
998 191 1043 224 ad
1074 192 1306 225 Matutinum.

245 281 556 325 Clamaverunt.
574 294 654 322 nec
669 288 762 323 erat
779 283 849 334 qui
866 282 1010 323 salvos

192 336 365 376 faceret.
391 335 444 376 ad
466 337 714 378 Dominum:
733 339 755 363 *
780 351 858 378 nec
884 351 1009 378 exau-

192 390 297 431 divit
315 403 401 432 eos.

243 446 295 486 Et
310 449 598 488 comminuam
615 461 702 495 eos.
722 455 769 489 ut
786 449 1008 500 pulverem

189 507 286 541 ante
312 501 466 542 faciem
492 504 621 544 venti:
640 506 662 529 *
688 511 734 544 ut
759 504 894 545 lutum
921 505 1008 556 pla·

188 558 355 597 tearum
376 556 532 598 delebo
553 572 638 599 eos.

242 612 410 664 Eripies
430 627 498 654 me
519 613 572 654 de
593 615 1008 656 contradictionibus

187 667 351 718 populi:
380 670 402 692 *
431 672 668 711 constitues
702 684 768 711 me
803 671 844 710 in
877 677 1008 723 caput

187 721 400 763 Gentium.

237 777 441 829 Populus,
463 793 589 830 quem
606 794 690 820 non
707 782 901 829 cognovi,
921 795 1007 822 ser-

186 833 291 873 vivit
310 834 426 874 mihi:
445 836 467 859 *
487 836 528 875 in
549 836 697 877 auditu
721 837 835 877 auris
860 837 1006 878 obedi-

187 888 248 928 vit
267 888 379 928 mihi.

238 943 331 983 Filii
364 945 488 986 alieni
522 947 687 988 mentiti
720 954 818 988 sunt
846 948 963 997 mihi,
983 951 1005 973 *

185 997 258 1037 filii
283 999 407 1039 alieni
435 1001 659 1042 inveterati
686 1009 798 1050 sunt.
831 1010 874 1044 et
894 1004 1004 1044 elau-

185 1052 438 1096 dicaverunt
458 1069 482 1096 a
502 1058 664 1098 semitis
684 1059 782 1098 suis.

235 1109 354 1151 Vivit
390 1111 620 1161 Dominus,
667 1119 709 1154 et
750 1113 1005 1162 benedictus

183 1163 302 1204 Deus
334 1179 472 1215 meus,
505 1169 527 1193 *
561 1175 604 1209 et
639 1169 852 1210 exaltetur
884 1171 1004 1211 Deus

184 1219 335 1260 salutis
354 1235 473 1263 meae.

234 1274 369 1322 Deus,
395 1278 467 1328 qui
486 1278 565 1319 das
586 1280 797 1321 vindictas
817 1281 935 1329 mihi,
962 1288 1005 1323 et

182 1330 331 1371 subdis
351 1333 539 1384 populos
558 1334 639 1376 sub
655 1349 734 1383 me,
754 1337 776 1360 *
797 1335 1004 1378 liberator

182 1398 303 1426 meus
323 1386 376 1428 de
396 1388 576 1430 inimicis
595 1391 703 1431 meis
723 1392 951 1432 iracundis.

235 1441 288 1482 Et
313 1442 366 1483 ab
391 1444 709 1494 insurgentibus
733 1447 775 1487 in
800 1461 868 1488 me
889 1449 1001 1488 exal-

182 1495 295 1536 tabis
314 1510 396 1538 me:
407 1500 429 1523 *
441 1512 464 1540 a
480 1501 572 1541 viro
589 1502 736 1553 iniquo
750 1504 907 1555 eripies
921 1517 1001 1545 me.

234 1551 471 1604 Propterea
495 1556 736 1597 confitebor
761 1558 838 1599 tibi
864 1559 906 1599 in
931 1573 1001 1600 na-

182 1606 371 1648 tionibus
396 1609 596 1652 Domine:
621 1613 643 1637 *
669 1619 712 1653 et
739 1615 901 1654 nomini
925 1620 1001 1656 tuo

182 1661 394 1712 psalmum
415 1664 566 1707 dicam.

233 1717 513 1767 Magnificans
533 1722 693 1764 salutes
709 1725 823 1773 regis
838 1726 939 1776 ejus,
959 1733 1002 1768 et

182 1771 342 1813 faciens
368 1776 707 1819 misericordiam
729 1779 901 1822 Christo
921 1795 999 1822 suo
1057 1792 1103 1841 ,τᾳ-’,ζ

183 1827 338 1877 David,
362 1832 384 1855 *
410 1836 453 1872 et
484 1834 633 1874 semini
666 1835 755 1885 ejus
789 1849 926 1888 usque
958 1838 999 1878 in
1056 1849 1082 1884 ,w
1109 1850 1111 1852 ·
1137 1844 1144 1874 ⁴:

184 1883 398 1925 saeculum.

244 1940 285 1978 ln
326 1941 536 1983 Adventu.
579 1946 673 1986 Ant.
723 1949 834 1988 Ecce
871 1949 998 1989 venio

184 1992 289 2039 cito,
322 2000 365 2035 et
397 2009 562 2038 merces
594 2012 689 2040 mea
722 2014 889 2043 mecum
923 2009 999 2051 est,

183 2046 286 2088 dicit
306 2049 529 2092 Dominus:
555 2053 658 2095 dare
683 2057 910 2110 unicuique
937 2072 999 2100 se-

183 2103 371 2144 cundum
394 2108 527 2158 opera
547 2121 634 2150 sua.

230 2164 287 2232 ..V-
312 2171 470 2214 Emitte
499 2176 670 2224 Agnum
700 2178 885 2222 Domine
913 2183 999 2223 Do-

183 2228 438 2268 minatorem
458 2235 596 2271 terrae.
634 2235 678 2284 Rg.
696 2234 761 2275 Dc
782 2235 908 2277 Petra
929 2237 998 2280 de-

184 2280 286 2320 serti
305 2281 360 2322 ad
379 2291 569 2326 montem
590 2286 690 2328 filiae
709 2289 821 2330 Sion.

243 2351 320 2390 Per
360 2354 537 2392 ⁴Xnnum.
589 2358 682 2397 Ant.
732 2358 912 2407 Diligam
956 2367 999 2403 te

183 2401 367 2444 Domine
388 2405 522 2446 virtus
541 2421 646 2449 mea.

242 2471 288 2519 Y.
315 2476 526 2524 Quoniam
556 2484 601 2520 tu
628 2481 841 2525 illuminas
866 2486 999 2528 lucer-

182 2540 279 2568 nam
296 2542 435 2571 meam
453 2533 646 2576 Domine.
686 2538 729 2587 Ru
744 2539 864 2581 Deus
879 2555 999 2583 meus

182 2582 373 2625 illumina
392 2587 592 2630 tenebras
611 2604 739 2633 meas.

244 2657 364 2697 l'ater
384 2665 540 2700 noster.
564 2671 729 2702 secreto

1121 279 1166 327 Y.
1183 283 1238 324 Et
1256 295 1310 322 ne
1330 295 1411 323 nos
1429 282 1612 324 inducas
1630 284 1673 324 in
1688 286 1889 327 tentatio-

1063 351 1171 379 nem.
1205 341 1250 389 Κ.
1267 337 1355 379 Sed
1373 337 1511 380 h'b'era
1530 351 1611 380 nos
1632 353 1656 381 a
1675 340 1802 382 malo.

1359 410 1600 452 Absolutio.

1063 472 1228 575 Ipsius
1254 477 1393 527 pietas
1418 481 1461 516 et
1484 476 1784 520 misericordia
1807 493 1889 521 nos

1139 530 1329 580 adjuvet,
1359 531 1430 582 qui
1456 544 1554 572 cum
1578 533 1708 575 Patre
1734 541 1778 576 et
1796 535 1889 588 Spi-

1061 586 1144 626 ritu
1173 592 1324 626 sancto
1354 587 1459 628 vivit
1488 594 1532 628 et
1559 595 1712 639 regnat
1739 590 1783 631 in
1810 594 1888 632 sae-

1061 641 1157 681 cula
1176 641 1448 682 saeculorum.
1482 647 1529 697 Ra
1548 644 1701 686 Amen.

1116 698 1161 747 XC
1188 702 1210 741 J
1216 701 1299 743 ube
1320 701 1479 744 domne
1500 703 1772 749 benedicere.

1119 762 1273 802 Bened.
1312 764 1428 803 Deus
1452 764 1582 805 Pater
1609 769 1888 820 omnipotens

1059 816 1115 857 sit
1133 816 1259 857 nobis
1280 819 1496 870 propitius
1521 826 1564 861 et
1583 820 1785 864 clemens.

1117 873 1162 922 Ra
1189 873 1340 914 Amen.

1289 948 1370 986 Pro
1395 963 1427 987 v.
1452 950 1668 990 Lectione.

1119 1010 1273 1049 Bened.
1319 1010 1516 1053 Christus
1548 1017 1776 1067 perpetuae
1813 1016 1888 1058 det

1058 1064 1184 1105 nobis
1202 1065 1360 1114 gaudia
1381 1067 1492 1108 vitae.
1531 1071 1576 1122 [ᾖ.
1596 1071 1748 1112 Amen.

1280 1136 1360 1174 l'ro
1384 1138 1432 1175 vi.
1459 1138 1673 1179 Lectione.

1118 1199 1272 1239 Bened.
1301 1201 1443 1249 Ignem
1465 1202 1530 1242 sui
1551 1204 1713 1244 amoris
1734 1206 1884 1246 accen-

1057 1252 1133 1293 dat
1151 1254 1271 1294 Deus
1291 1255 1332 1295 in
1353 1257 1560 1299 cordibus
1580 1260 1752 1301 nostris.

1115 1310 1160 1359 Rs.
1186 1310 1338 1352 Amen.

1270 1408 1318 1445 In
1347 1409 1416 1447 III.
1446 1410 1669 1449 Nocturno.

1113 1476 1155 1513 In
1191 1476 1403 1516 Adventu.
1449 1479 1545 1518 Ant.
1592 1477 1768 1520 Gabriel
1797 1479 1884 1520 An-

1053 1526 1187 1575 gelus.

1113 1595 1193 1634 Per
1222 1596 1403 1638 Annum.
1443 1598 1541 1638 Ant.
1576 1598 1673 1638 Non
1699 1604 1800 1641 sunt
1823 1599 1883 1641 lo-

1057 1646 1207 1697 quelae.

1335 1721 1532 1761 Psalmus
1555 1723 1610 1761 18.

1278 1791 1482 1832 enarrant
1512 1791 1698 1841 gloriam
1725 1792 1828 1842 Dei,
1860 1794 1883 1820 ¹*

1056 1867 1164 1924 gv!
1184 1847 1227 1906 et
1242 1845 1376 1940 olziera
1392 1848 1600 1943 maenuum
1615 1848 1706 1899 ejus
1721 1852 1883 1891 annun-

1061 1905 1163 1925 ·12‘12
1183 1903 1262 1940 tlat
1313 1913 1452 1942 rmam
1480 1908 1613 1944 ntum.

1104 1952 1209 1993 Dies
1242 1954 1327 1996 diei
1360 1961 1531 1999 eructat
1562 1958 1763 2008 verbum,
1787 1961 1811 1987 *
1839 1966 1884 2003 et

1053 2020 1140 2047 nox
1160 2011 1277 2051 nocti
1297 2011 1459 2054 indicat
1478 2014 1714 2057 scientiam.

1104 2063 1203 2104 Non
1224 2072 1324 2108 sunt
1343 2068 1543 2120 loquelae,
1563 2084 1706 2123 neque
1720 2074 1884 2114 sermo-

1053 2131 1145 2167 nes,
1171 2122 1193 2145 *
1219 2134 1405 2173 quorum
1434 2138 1521 2166 non
1549 2126 1782 2170 audiamur
1809 2140 1881 2169 vo-

1053 2187 1126 2215 ees
1146 2188 1308 2218 eorum.

1105 2231 1154 2271 In
1187 2244 1360 2274 omnem
1394 2240 1555 2278 terram
1585 2239 1719 2280 exivit
1747 2251 1881 2281 sonus

1054 2287 1219 2327 eorum:
1251 2290 1274 2313 *
1307 2295 1351 2330 et
1382 2291 1424 2332 in
1458 2293 1567 2335 fines
1600 2293 1720 2336 orbis
1750 2300 1881 2337 terrae

1054 2341 1186 2383 verba
1207 2346 1368 2386 eorum.

1105 2398 1153 2437 In
1179 2399 1271 2440 sole
1295 2403 1442 2452 posuit
1465 2403 1795 2447 tabernaculum
1814 2419 1882 2447 su-

1054 2465 1143 2492 um:
1175 2455 1198 2478 *
1231 2461 1274 2495 et
1306 2457 1399 2508 ipse
1437 2464 1659 2511 tamquam
1693 2474 1881 2514 sponsus

1053 2509 1297 2558 procedens
1317 2512 1371 2553 de
1391 2513 1584 2557 thalamo
1604 2529 1700 2558 suo:

1105 2564 1351 2608 Exsultavit
1384 2575 1431 2610 ut
1462 2571 1584 2620 gigas
1618 2571 1675 2613 ad
1708 2575 1880 2614 curren-

1053 2617 1152 2681 dam
1165 2620 1301 2683 fiam,
1321 2624 1344 2647 *
1364 2636 1388 2664 a
1408 2638 1579 2667 summo
1604 2627 1718 2669 coelo
1739 2631 1880 2679 egres-

1053 2686 1116 2714 sio
1137 2687 1242 2725 ejus:
