2080 2990
770 212 976 244 (Iommune
1003 210 1204 243 Abbatum.

146 323 228 363 pro
243 310 468 352 Salvatere
488 309 709 359 dimiserit,
728 309 968 362 spiritualia

148 367 344 420 recipiet:
366 379 462 418 quae
483 366 810 419 comparatiene
826 370 869 407 et
882 367 967 406 me-

148 423 232 464 rito
260 423 326 464 sui
353 423 414 464 ita
438 428 577 473 erunt,
611 423 734 475 quasi
766 423 802 463 si
830 434 967 474 parvo

148 483 329 521 nnmero
345 480 618 521 centenarius
633 482 838 520 mimerus
854 491 967 519 com-

149 538 336 588 paretur.
394 538 454 578 Te
474 536 627 577 Deum.
646 537 704 576 14.

366 608 751 636 —Qffi—

322 663 383 704 11.
424 663 539 704 Alia
565 661 796 704 Romilia.

151 729 300 771 Lectio
325 730 463 770 sancti
484 728 709 780 Evangelii
731 727 970 769 secundum

429 785 694 827 Matthaeum.
870 829 875 832 ,

254 844 402 885 Lectio
424 845 488 884 vii.
638 844 739 895 Cap.
761 845 809 883 11.
830 844 867 883 d.

149 902 225 1008 In
248 902 323 944 illo
346 904 559 956 tempore:
587 901 970 954 Respondens'ffe-

223 971 297 1000 sus
325 959 447 1000 dixit:
478 959 699 1000 Confiteor
725 958 804 1000 tibi
830 959 970 1007 Pater,

149 1015 336 1057 Demine
369 1015 469 1057 coeli
502 1020 546 1058 et
570 1020 717 1066 terrae,
750 1015 850 1067 quia
877 1015 971 1056 abs-

152 1071 340 1113 condisti
355 1071 451 1114 haec
469 1085 494 1113 a
512 1071 789 1125 sapientibus,
814 1076 856 1113 et
873 1084 971 1124 pru-

152 1127 368 1179 dentibuS‚
396 1134 438 1171 et
462 1129 667 1171 revelasti
692 1141 743 1171 ea
768 1128 972 1181 parvulis.

151 1185 208 1226 Et
224 1184 400 1238 reliqua,

156 1257 341 1300 Homilia
360 1258 497 1300 sancti
512 1258 743 1309 Augustini
753 1258 972 1310 Episcopi.

235 1323 414 1357 Sermone
434 1323 489 1356 10.
508 1322 555 1355 de
573 1321 709 1356 Verbis
727 1321 890 1356 Domini.

309 1378 973 1500 {2²51iad0n3312m335ssussss1353,

164 1481 226 1521 ‘525³
247 1480 302 1521 ΞΠ
320 1492 585 1543 laboramus,
603 1492 686 1532 nisi
706 1492 806 1543 quia
827 1505 974 1533 sumus

153 1547 349 1590 hemines
366 1548 584 1599 mortales,
603 1548 788 1600 fragiles,
806 1548 974 1598 infirmi

153 1604 271 1646 lutea
293 1618 398 1646 vasa
420 1581 663 1658 portan'teS,
693 1617 790 1656 quae
814 1579 976 1645 faciunt

154 1660 339 1702 invicem
371 1661 618 1712 angnstias?
659 1660 745 1702 Sed
777 1661 814 1701 si
846 1674 975 1712 angu-

155 1717 337 1759 stiantur
347 1730 453 1759 vasa
467 1718 620 1767 carnis,
635 1717 867 1759 dilatentur
879 1719 974 1770 spa-

154 1773 215 1815 tia
233 1775 433 1816 caritatis.
470 1773 584 1825 Quid
611 1787 716 1825 ergo
745 1773 865 1824 dicit,
892 1773 975 1815 Ve-

154 1832 244 1872 nite
276 1830 333 1872 ad
362 1843 432 1872 me
465 1843 614 1872 omnes
653 1830 726 1882 qui
755 1829 976 1879 laboratis,

155 1886 239 1927 nisi
251 1891 300 1927 ut
313 1899 401 1928 non
414 1885 643 1928 laboretis?
663 1887 862 1938 Denique
877 1898 976 1939 pro-

155 1943 306 1984 missio
336 1943 425 1994 ejus
452 1943 496 1983 in
522 1947 732 1995 promptu
759 1947 839 1992 est,
874 1944 976 1994 que—

156 1999 271 2040 niam
288 1998 538 2040 laborantes
557 1999 740 2040 vocavit.
772 1999 978 2048 Quaerent

157 2054 280 2105 forte,
302 2068 386 2107 qua
403 2054 605 2096 mercede
620 2055 766 2096 vocati
784 2059 894 2095 sunt.
921 2054 978 2095 Et

159 2123 239 2162 ego
267 2124 365 2161 vos,
393 2111 551 2164 inquit,
579 2111 781 2152 reficiam.
818 2110 978 2151 Tellite

159 2168 303 2219 jugum
320 2180 465 2209 meum
488 2180 619 2220 super
637 2179 731 2217 vos,
758 2171 801 2208 et
824 2166 978 2208 discite

159 2235 186 2264 a
202 2235 286 2274 me,
309 2235 397 2265 non
414 2224 623 2265 mundum
641 2223 868 2273 fabricare,
891 2235 978 2264 non

161 2284 316 2321 cuncta
324 2279 511 2322 visibilia
526 2285 568 2321 et
577 2279 809 2321 invisibilia
819 2282 978 2330 creare,

160 2347 247 2376 non
269 2337 315 2376 in
335 2336 433 2389 ipso
455 2336 617 2378 mundo
637 2335 850 2378 mirabilia
869 2336 978 2377 face-

161 2403 219 2441 re,
239 2396 282 2433 et
299 2395 495 2434 mertuos
513 2393 738 2443 suscitare3
758 2392 846 2441 sed,
866 2393 978 2443 Que-

161 2447 276 2488 niam
293 2448 408 2490 mitis
434 2462 544 2499 sum,
571 2453 614 2490 et
636 2449 810 2490 humilis
836 2448 980 2490 corde.

218 2503 268 2554 R.
294 2504 383 2546 Iste
415 2509 481 2546 est
508 2505 580 2558 qui
606 2510 704 2547 ante
728 2506 870 2547 Deum
894 2518 979 2546 ma-

163 2571 269 2611 gnas
296 2560 477 2602 virtutes
506 2564 713 2614 operatus
742 2566 824 2612 est,
856 2565 899 2602 et
926 2560 981 2602 de

164 2616 281 2657 omni
295 2616 427 2658 corde
442 2630 520 2659 suo
530 2617 724 2659 laudavit
733 2618 981 2658 Deminum:

168 2670 190 2695 *
215 2673 316 2736 Ipse
342 2672 580 2715 intercedat
608 2686 689 2726 pro
718 2674 910 2726 peccatis
939 2675 981 2714 ό-

163 2729 327 2770 mnium
343 2729 619 2781 populorum.
649 2724 699 2772 V
715 2731 831 2772 Ecce
849 2729 981 2771 homo

322 2869 385 2895 Pars
402 2869 533 2895 Hiemalis.

1019 308 1111 349 sine
1129 308 1314 361 querela,
1332 321 1461 350 verus
1476 309 1559 350 Dei
1574 308 1725 358 cultor,
1744 307 1838 349 abs-

1018 365 1159 406 tinens
1186 377 1232 406 se
1259 364 1313 406 ab
1338 365 1454 406 omni
1479 367 1612 418 Opere
1636 364 1768 414 malo,
1798 368 1840 405 et

1019 423 1278 474 permanens
1293 421 1338 461 in
1352 421 1597 463 innocentia
1612 434 1700 462 sua.
1727 422 1839 473 Ipse.

1309 478 1453 518 Lectio
1475 479 1555 518 viii.

1020 530 1257 636 Magnus
1294 551 1390 580 esse
1417 537 1504 579 vis?
1532 550 1558 578 a
1580 538 1755 579 minimo
1781 539 1840 578 in-

1141 596 1246 648 cipe.
1284 595 1462 646 Cegitas
1489 607 1690 645 magnam
1715 594 1841 636 fabri-

1021 664 1117 693 cam
1158 655 1410 693 construere
1452 650 1741 692 celsitudinis?
1787 651 1842 692 de

1021 707 1302 749 fundamento
1339 708 1460 760 prius
1498 707 1642 758 cegita
1678 707 1841 748 humili-

1021 765 1134 805 tatis.
1162 765 1217 806 Et
1239 769 1446 817 quantam
1466 764 1649 818 quisque
1668 763 1776 813 vult,
1802 768 1844 804 et

1023 820 1216 873 dispenit
1236 821 1594 873 superimponere
1610 820 1771 861 molem
1790 832 1843 860 ae-

1022 877 1164 927 dificii,
1182 882 1343 929 quanto
1361 877 1442 919 erit
1451 877 1589 928 majus
1600 876 1844 926 aedificium,

1022 938 1142 974 tanto
1164 933 1292 974 altius
1307 933 1416 975 fodit
1430 933 1768 974 fundamentum.
1789 933 1846 973 Et

1023 990 1189 1031 fabrica
1205 989 1380 1042 quidem
1396 1003 1494 1031 cum
1508 990 1784 1039 construitur,
1802 989 1846 1029 in

1024 1048 1211 1099 superna
1229 1046 1465 1098 consurgit:
1486 1046 1559 1098 qui
1578 1050 1722 1087 autem
1736 1045 1847 1087 fodit

1023 1102 1367 1153 fundamentum,
1392 1102 1449 1144 ad
1474 1103 1559 1144 ima
1579 1102 1846 1155 deprimitur.

1023 1159 1140 1210 Ergo
1166 1163 1209 1200 et
1231 1159 1396 1201 fabrica
1420 1163 1521 1200 ante
1545 1158 1847 1200 celsitudinem

1024 1215 1284 1266 humiliatur,
1305 1220 1351 1263 et,
1360 1215 1580 1266 fastigium
1594 1220 1696 1268 post
1710 1214 1845 1256 humi-

1023 1271 1247 1313 liatienem
1265 1272 1452 1323 erigitur.

1079 1327 1128 1366 R.
1162 1328 1254 1369 Sint
1286 1327 1422 1369 lumbi
1449 1327 1583 1369 vestri
1608 1328 1845 1380 praecincti,

1027 1389 1070 1426 et
1099 1384 1288 1425 lucernae
1326 1383 1527 1425 ardentes
1566 1384 1609 1424 in
1647 1383 1846 1425 manibus

1025 1441 1197 1482 vestris:
1213 1440 1233 1461 *
1252 1441 1308 1481 Et
1324 1453 1403 1482 vos
1423 1440 1584 1481 similes
1600 1440 1846 1482 hominibus

1028 1496 1382 1549 exspectantibus
1433 1496 1656 1538 deminum
1711 1510 1847 1546 suum,

1029 1553 1202 1606 quando
1218 1555 1459 1595 revertatur
1474 1566 1499 1594 a
1514 1553 1686 1618 nuptiis.
1708 1546 1754 1596 Y
1774 1554 1847 1595 Vi-

1027 1610 1158 1661 gilate
1178 1622 1297 1660 ergo,
1318 1610 1419 1662 quia
1439 1610 1615 1651 nescitis
1636 1622 1721 1661 qua
1740 1609 1849 1651 hora

1027 1666 1241 1707 Deminus
1268 1671 1415 1708 vester
1443 1669 1650 1708 venturus
1682 1666 1748 1707 sit.
1791 1667 1847 1707 Et

1028 1735 1117 1764 vos.
1145 1722 1294 1764 Gleria
1311 1723 1441 1764 Patri.
1468 1723 1524 1764 Et
1541 1735 1632 1764 vos.

1330 1778 1478 1817 Lectio
1499 1777 1552 1816 ix.

1114 1835 1204 1877 uod.
1223 1840 1288 1877 est
1306 1835 1524 1886 fastigium
1546 1835 1848 1876 construendae

1130 1891 1322 1942 fabricae,
1349 1904 1478 1943 quam
1500 1890 1726 1933 molimur?
1762 1904 1848 1943 quo

1028 1951 1339 2000 perventurum
1353 1952 1419 1989 est
1432 1951 1639 1989 cacumen
1655 1946 1848 1989 aedificii?

1031 2004 1128 2045 Cito
1161 2003 1276 2054 dico,
1311 2017 1451 2056 usque
1484 2003 1540 2045 ad
1568 2006 1851 2056 conspectum

1029 2060 1123 2101 Dei.
1169 2059 1340 2101 Videtis
1369 2073 1499 2113 quam
1527 2060 1746 2102 excelsum
1774 2066 1851 2111 est,

1031 2120 1192 2168 quanta
1222 2129 1292 2158 res
1325 2121 1392 2158 est
1418 2119 1672 2170 conspicere
1698 2117 1851 2159 Deum.

1031 2173 1115 2222 Qui
1146 2172 1382 2223 desiderat,
1424 2177 1467 2215 et
1500 2173 1619 2225 quod
1651 2173 1768 2223 dico,
1810 2178 1852 2215 et

1032 2228 1151 2281 quod
1178 2228 1300 2270 audit
1329 2229 1540 2280 intelligit.
1580 2229 1852 2271 Promittitur

1030 2284 1157 2326 nobis
1194 2287 1454 2338 conspectus
1490 2285 1593 2335 Dei,
1630 2286 1722 2327 veri
1757 2285 1853 2335 Dei,

1032 2341 1188 2382 summi
1205 2341 1300 2383 Dei.
1332 2342 1432 2383 Hoc
1456 2341 1570 2383 enim
1591 2341 1755 2383 bonum
1775 2345 1851 2389 est,

1031 2397 1252 2439 videntem
1271 2397 1435 2441 ¹videre.
1466 2398 1580 2440 Nam
1607 2397 1679 2450 qui
1703 2397 1853 2439 colunt

1031 2453 1165 2495 falsos
1185 2453 1304 2504 deos,
1322 2454 1450 2496 facile
1468 2454 1565 2495 illos
1584 2453 1748 2495 vident:
1773 2453 1852 2495 sed

1034 2523 1109 2551 eos
1133 2510 1300 2561 vident,
1329 2510 1404 2562 qui
1428 2510 1579 2551 oeulos
1604 2509 1780 2559 habent,
1808 2513 1851 2550 et

1032 2579 1120 2607 non
1133 2566 1293 2608 vident.
1319 2566 1460 2608 Nobis
1479 2570 1624 2607 autem
1641 2565 1851 2618 promitti-

1032 2626 1103 2663 tur
1127 2623 1236 2664 visio
1254 2623 1338 2664 Dei
1361 2623 1560 2672 viventis,
1589 2626 1633 2663 et
1655 2621 1869 2663 videntis·

1093 2677 1150 2720 Te
1167 2679 1311 2720 Deum
1329 2677 1566 2719 laudamus.
1588 2678 1648 2718 14.

1241 2747 1649 2772 —ffiW—‘—
