2080 2990
894 202 1036 235 Psalmi
1062 200 1285 234 Graduales.

291 295 527 336 Venientes
569 300 714 337 autem
747 295 922 337 venient
963 308 1061 337 cum

241 351 546 401 exsultatione,
569 354 592 379 *
617 353 844 404 portantes
869 354 1072 412 manipuj

239 407 306 449 los
327 420 441 448 suos.

291 462 441 504 Gloria
459 464 589 505 Patri.

505 523 698 563 l'salmus
720 524 803 562 126.

335 576 387 616 isi
421 576 633 618 Dominus
668 576 951 618 aedificaverit
985 575 1059 616 do-

357 646 491 682 mum,
518 635 541 660 *
573 633 615 673 in
648 646 806 675 vanum
838 632 1060 674 laborave-

241 694 340 729 runt
361 689 432 741 qui
453 688 671 731 aedificant
690 702 795 731 eam.

290 744 385 786 Nisi
419 745 631 786 Dominus
671 744 928 787 custodierit
961 745 1060 786 civi-

238 803 390 850 tatem,
413 801 437 826 *
460 801 619 843 frustra
643 801 793 853 vigilat
819 801 892 854 qui
919 804 1061 844 custo-

241 855 304 898 dit
323 869 428 898 eam.

291 913 465 955 Vanum
508 920 574 955 est
615 912 738 954 vobis
780 918 879 955 ante
919 913 1060 955 lucem

239 972 432 1020 surgere:
451 971 474 995 *
494 970 657 1021 surgite
679 974 916 1023 postquam
940 970 1060 1011 sede-

239 1026 347 1075 ritis,
385 1026 459 1077 qui
492 1026 763 1068 manducatis
795 1039 953 1080 panem
986 1026 1059 1068 do-

239 1082 354 1123 loris.

294 1139 402 1180 Cum
443 1138 611 1181 dederit
651 1139 822 1181 dilectis
863 1141 953 1182 suis
995 1154 1061 1182 so-

240 1208 401 1237 mnum:
428 1197 451 1221 *
480 1208 582 1237 ecce
618 1195 851 1238 haereditas
886 1197 1062 1239 Domini

239 1250 331 1292 filii:
350 1264 526 1302 merces,
546 1252 711 1294 fructus
731 1254 906 1295 ventris.

289 1308 408 1350 Sicut
435 1310 606 1359 sagittae
632 1309 676 1350 in
700 1322 829 1351 manu
854 1311 1060 1363 potentis:

240 1366 263 1391 *
282 1365 341 1406 ita
361 1365 438 1405 filii
459 1368 754 1407 excussorum.

290 1421 454 1463 Beatus
483 1422 549 1463 vir
577 1422 650 1474 qui
673 1422 871 1476 implevit
894 1423 1061 1466 deside-

239 1476 349 1518 rium
372 1490 498 1519 suum
522 1491 575 1519 ex
595 1478 718 1531 ipsis:
737 1479 760 1504 *
778 1492 866 1521 non
886 1480 1061 1522 confun-

240 1532 367 1574 detur
399 1546 497 1575 cum
530 1534 734 1587 loquetur
760 1536 945 1578 inimicis
974 1537 1062 1578 suis

239 1589 283 1629 in
302 1595 440 1641 porta.

292 1645 442 1688 Gloria
460 1647 589 1688 Patri.

504 1705 698 1746 Psalmus
718 1705 800 1745 127.

243 1757 411 1862 Beati
439 1772 604 1810 omnes,
634 1761 707 1813 qui
734 1761 888 1804 timent
914 1762 1062 1804 Domi-

340 1829 459 1867 num,
487 1818 511 1844 *
542 1817 615 1870 qui
649 1817 872 1860 ambulant
904 1818 948 1859 in
981 1820 1062 1861 viis

240 1873 342 1924 ejus.

290 1928 484 1970 Labores
518 1932 723 1971 manuum
754 1933 928 1973 tuarum
961 1932 1063 1985 quia

240 1984 537 2083 mgnducabis:
560 1989 583 2014 *
606 1986 761 2029 beatus
789 2001 851 2038 es,
880 1993 923 2031 et
950 1988 1062 2031 bene

239 2041 272 2082 ti
304 2055 317 2082 1
337 2042 417 2083 erit

290 2097 412 2139 Uxor
431 2103 505 2140 tua
523 2099 635 2141 sicut
651 2099 751 2141 vitis
775 2101 1017 2153 abundanS,
1036 2103 1060 2129 *

238 2153 283 2194 in
300 2153 507 2196 lateribus
529 2154 685 2197 domus
703 2161 802 2199 tuae.

290 2210 386 2252 Filii
410 2211 473 2253 tui
497 2211 609 2254 sicut
632 2213 817 2255 novellae
837 2215 1061 2266 olivarum,

240 2267 324 2308 *in
342 2267 525 2309 circuitu
543 2281 706 2310 mensae
724 2274 822 2312 tuae.

292 2323 407 2366 Ecce
444 2324 507 2366 sic
540 2324 821 2368 benedicetur
856 2328 1005 2378 homo,
1037 2329 1061 2354 *

243 2379 316 2432 qui
334 2381 459 2422 timet
476 2381 722 2423 Dominum.

292 2436 530 2479 Benedicat
548 2436 628 2479 tibi
642 2437 855 2480 Dominus
875 2452 929 2481 ex
945 2441 1060 2482 Sion:

242 2493 266 2519 ¹⁸¹
287 2498 331 2535 et
355 2493 504 2535 videas
530 2493 646 2536 bona
664 2495 905 2537 Jerusalem
929 2498 1063 2538 omni-

242 2549 324 2591 bus
344 2548 497 2591 diebus
516 2551 617 2592 vitae
635 2555 734 2592 tuae.

293 2607 350 2647 Et
368 2605 516 2647 videas
536 2606 651 2648 filios
674 2607 862 2649 filiorum
880 2611 1064 2660 tuorum,

242 2664 265 2689 *
285 2675 441 2716 pacem
459 2676 590 2716 super
609 2664 756 2706 Israel.

295 2719 445 2761 Gloria
463 2720 594 2761 Patri.

1376 294 1574 334 Psalmus
1595 296 1678 335 128.

1179 361 1276 402 aepe
1296 350 1653 402 expugnaverunt
1668 361 1737 390 me
1752 361 1777 390 a
1789 347 1933 400 juven-

1193 408 1288 447 tate
1306 417 1414 454 mea,
1433 406 1457 432 *
1477 404 1593 446 dicat
1612 417 1726 446 nunc
1743 404 1890 446 Israel.

1163 461 1290 514 Saepe
1326 461 1683 514 expugnaverunt
1714 473 1784 502 me
1816 473 1842 501 a
1875 462 1933 513 ju-

1114 521 1292 559 ventute
1314 530 1426 559 mea:
1446 519 1470 545 *
1489 517 1650 558 etenim
1672 529 1760 558 non
1782 519 1933 570 potue-

1113 579 1214 615 runt
1232 573 1348 615 mihi.

1164 630 1304 683 Supra
1332 628 1516 671 dorsum
1532 642 1677 671 meum
1699 629 1934 672 fabricave-

1113 693 1213 728 runt
1230 689 1505 739 peccatores.
1522 686 1935 739 *prolongaverunt

1112 744 1383 796 iniquitatem
1403 756 1535 784 suam.

1163 800 1377 841 Dominus
1409 801 1546 852 justus
1580 798 1770 840 concidit
1802 802 1935 842 cervi-

1113 870 1187 899 ces
1222 859 1519 909 peccatorum:
1554 858 1578 883 *
1614 855 1936 898 confundantur

1115 919 1158 955 et
1183 915 1492 954 convertantur
1514 915 1753 955 retrorsum
1775 924 1937 963 omnes

1117 970 1190 1022 qui
1210 969 1396 1011 oderunt
1412 969 1526 1011 Sion.

1166 1026 1291 1067 Fiant
1318 1026 1430 1067 sicut
1459 1026 1626 1067 foenum
1651 1027 1886 1067 tectorum:
1912 1026 1936 1051 *

1115 1082 1233 1134 quod
1248 1082 1503 1135 prinsquam
1517 1081 1738 1132 evellatur,
1755 1082 1937 1124 exaruit:

1165 1139 1232 1180 De
1273 1151 1360 1191 quo
1401 1151 1489 1180 non
1527 1138 1724 1191 implevit
1762 1151 1937 1180 manum

1114 1208 1237 1237 suam
1262 1196 1336 1248 qui
1359 1196 1502 1245 metit,
1529 1196 1552 1222 *
1577 1200 1621 1236 et
1646 1194 1787 1235 sinum
1811 1207 1937 1236 suum
2018 1221 2022 1224 -

1116 1252 1190 1304 qui
1208 1252 1452 1305 manipulos
1471 1252 1648 1303 colligit.

1165 1309 1222 1350 Et
1236 1321 1323 1351 non
1339 1308 1541 1350 dixerunt
1557 1308 1630 1361 qui
1638 1307 1938 1361 praeteribant:

1115 1365 1372 1408 Benedictio
1408 1365 1585 1406 Domini
1620 1377 1752 1418 super
1784 1377 1880 1406 vos:
1913 1365 1937 1392 *

1115 1422 1415 1464 benediximus
1434 1421 1561 1464 vobis
1583 1422 1626 1463 in
1647 1421 1823 1463 nomine
1840 1421 1937 1462 Dfii.

1167 1479 1319 1521 Gloria
1337 1479 1467 1520 Patri.

1168 1541 1308 1576 Postea
1334 1541 1473 1575 dicitur
1496 1542 1606 1576 flexis
1631 1542 1795 1585 genibus

1171 1588 1302 1641 Kyrie
1330 1588 1504 1630 eleison.
1556 1587 1728 1629 Christe
1762 1586 1937 1628 eleison.

1124 1645 1250 1699 Kyrie
1269 1645 1444 1687 eleison.

1168 1703 1296 1743 Pater
1313 1705 1473 1742 noster.
1498 1707 1679 1742 secreto.

1171 1754 1219 1805 V
1234 1758 1291 1799 Et
1309 1770 1363 1799 ne
1382 1770 1463 1799 nos
1482 1756 1691 1800 inducas
1678 1748 1725 1798 ιιι
1737 1758 1937 1800 tentatio-

1115 1828 1225 1857 nem.
1257 1816 1306 1867 R.
1320 1813 1407 1856 Sed
1425 1813 1564 1856 libera
1581 1827 1664 1855 nos
1684 1827 1711 1855 a
1727 1813 1855 1856 malo.

1173 1866 1221 1917 V.
1235 1871 1455 1913 Memento
1475 1871 1826 1922 congregationis
1839 1875 1938 1913 tuae.

1120 1930 1170 1981 R.
1185 1929 1326 1997 Quam
1343 1927 1583 1980 possedisti
1601 1926 1657 1970 ab
1674 1927 1811 1969 initio.

1171 1979 1220 2030 V
1260 1984 1448 2027 Domine
1494 1983 1652 2026 exaudi
1696 1983 1939 2026 orationem

1115 2054 1267 2084 meam.
1310 2044 1359 2094 R.
1387 2041 1444 2083 Et
1471 2040 1635 2082 clamor
1660 2052 1784 2082 meus
1811 2039 1868 2082 ad
1894 2045 1939 2082 te

1115 2099 1272 2141 veniat.

1172 2149 1220 2201 V.
1258 2154 1471 2196 Dominus
1506 2153 1744 2196 vobiscum.
1800 2155 1851 2207 R.
1882 2153 1939 2196 Et

1117 2215 1497 2310 eumosffiffillllsotuo·
1674 2269 1835 2330 Oratio.

1119 2317 1298 2424 DeuS,
1318 2324 1387 2366 cui
1408 2323 1635 2377 proprium
1657 2326 1725 2364 est
1743 2322 1939 2364 misereri

1210 2393 1383 2434 semper
1402 2385 1445 2422 et
1461 2382 1658 2432 parcere:
1678 2379 1851 2432 suscipe
1866 2377 1938 2421 de-

1115 2438 1414 2492 precationem
1443 2441 1652 2486 nostram;
1686 2440 1735 2477 ut
1763 2448 1862 2485 nos,
1895 2440 1939 2477 et

1116 2508 1268 2538 omnes
1286 2493 1472 2536 famulos
1491 2498 1609 2542 tuOS,
1630 2505 1740 2544 quos
1760 2491 1937 2534 delicto-

1116 2565 1212 2594 rum
1235 2552 1389 2593 catena
1412 2549 1684 2600 constringit,
1715 2548 1937 2589 miseratio

1115 2614 1203 2650 tuae
1243 2606 1417 2660 pietatis
1458 2605 1692 2647 clementer
1728 2603 1938 2646 absolvat.

1116 2665 1200 2706 Per
1226 2663 1444 2705 Christum
1467 2661 1703 2703 Dominum
1729 2665 1938 2702 nostrum.

1176 2723 1222 2763 R».
1245 2720 1397 2762 Amen.
