2080 2990
883 213 1090 245 ‘Iommunc

416 309 503 350 111.
539 308 655 350 Alia
682 308 913 351 Romilia.

257 370 402 411 Lectio
432 370 572 412 sancti
591 370 814 422 Evangelii
838 372 1076 414 secundum

536 426 800 468 Matthaeum.

360 490 504 529 Lectio
528 491 591 529 vii.
742 492 842 541 (lap.
861 492 914 529 13³.
933 490 969 529 d.

300 558 328 585 n
352 544 427 586 illo
453 546 666 598 tempore:
693 546 816 587 Dixit
839 547 995 588 Petrus
1018 546 1075 588 ad

316 601 479 643 Jesum:
507 602 622 643 Ecce
646 614 727 643 nos
752 602 1006 654 reliquimus
1031 605 1074 645 ό-

250 657 383 708 mnia,
410 662 454 700 et
473 659 611 700 secuti
630 671 778 700 sumus
803 663 862 700 te:
888 659 992 711 quid
1011 672 1072 701 er-

250 726 307 765 go
329 714 411 756 erit
430 713 580 756 nobis?
609 715 665 756 Et
684 714 862 767 reliqua.

301 785 359 825 De
387 783 580 825 Homilia
607 782 867 825 venerabilis
895 782 1030 825 Bedae

532 839 796 892 Presbyteri.

417 902 456 934 In
484 901 610 934 Natali
636 902 669 935 5.
695 901 901 934 Benedicti.

284 958 435 1021 ‚5:353110
457 958 557 995 sunt
577 953 752 994 6rdines
770 953 1010 995 electerum
1028 953 1073 994 in

260 1014 262 1018 ’
288 1011 348 1064 >fh
364 1033 371 1061 ¹1
395 1009 554 1061 judicio
576 1010 724 1051 futuri:
752 1022 862 1050 unus
882 1009 1070 1061 judican-

260 1065 261 1071 ’
320 1062 369 1090 Α
394 1066 503 1108 tium
530 1079 628 1107 cum
655 1066 862 1116 Demino,
897 1065 952 1107 de
981 1066 1070 1118 qui-

247 1122 328 1164 bus
356 1122 441 1164 hoc
468 1122 569 1164 loco
596 1124 826 1172 memorat,
868 1122 942 1174 qui
974 1122 1070 1164 reli-

247 1181 434 1231 querunt
463 1179 624 1229 emnia,
659 1184 703 1220 et
729 1178 868 1220 secuti
896 1184 997 1220 sunt
1024 1179 1069 1220 il-

245 1235 349 1276 lum:
368 1235 478 1276 alius
490 1235 820 1287 judicandorum
832 1248 857 1276 a
866 1235 1070 1285 Demino,

246 1292 320 1343 qui
339 1305 427 1333 non
447 1290 623 1343 quidem
643 1291 789 1332 emnia
808 1305 887 1332 sua
904 1291 1069 1344 pariter

244 1348 525 1400 reliquerunt,
545 1347 624 1389 sed
643 1347 698 1389 de
716 1347 784 1388 his
803 1352 950 1389 tamen
971 1361 1069 1400 quae

243 1404 478 1454 habebant,
516 1403 793 1456 quotidianas
825 1403 930 1446 dare
959 1404 1067 1446 elee-

243 1464 448 1513 mosynas
473 1461 635 1502 Christi
657 1460 924 1513 pauperibus
948 1463 1067 1502 cura-

242 1517 363 1559 bant:
390 1517 506 1559 unde
533 1523 576 1559 et
601 1517 791 1559 audituri
817 1522 917 1559 sunt
941 1517 984 1558 in
1009 1519 1066 1569 ju-

244 1573 372 1615 dicio:
391 1574 550 1615 Venite
569 1573 790 1615 benedicti
808 1574 951 1615 Patris
969 1574 1067 1623 mei,

242 1630 468 1683 possidete
505 1632 803 1683 praeparatum
840 1629 966 1671 vobis
1003 1643 1066 1672 re-

241 1699 375 1738 gnum
394 1699 419 1727 a
439 1686 750 1728 constitutiene
769 1685 930 1727 mundi.
961 1687 1066 1727 Esu-

242 1743 323 1784 rivi
343 1743 473 1792 enim,
499 1747 542 1784 et
561 1742 745 1784 dedistis
763 1742 869 1783 mihi
887 1742 1066 1784 mandu-

243 1802 357 1841 care:
377 1800 504 1849 sitivi,
522 1803 564 1841 et
584 1799 767 1841 dedistis
786 1799 891 1839 mihi
905 1799 1067 1841 bibere.

300 1856 345 1906 Rg.
369 1857 458 1897 Iste
489 1860 555 1897 est
587 1856 660 1908 qui
686 1859 786 1897 ante
810 1856 953 1897 Deum
978 1869 1065 1897 ma-

242 1926 348 1963 gnas
376 1913 559 1954 virtutes
588 1914 795 1964 operatus
821 1916 904 1962 est,
939 1917 982 1954 et
1011 1912 1066 1954 de

242 1969 359 2010 omni
371 1968 504 2010 corde
517 1981 595 2009 suo
610 1968 805 2010 laudavit
815 1966 1065 2010 Dominum:

245 2024 266 2045 *
289 2026 391 2077 Ipse
417 2024 661 2066 intercedat
687 2037 769 2085 pro
797 2025 993 2077 peccatis
1022 2027 1065 2066 ό-

242 2082 406 2122 mnium
422 2081 698 2133 populorum.
732 2080 777 2126 ,Υ-
796 2081 913 2123 Eece
932 2081 1065 2123 homo

242 2138 332 2179 sine
352 2137 538 2189 querela,
558 2150 686 2179 verus
701 2138 784 2179 Dei
801 2137 954 2188 cultor,
969 2137 1064 2179 abs-

239 2194 382 2235 tinens
410 2206 456 2234 se
481 2193 535 2234 ab
562 2194 679 2235 omni
705 2196 838 2247 Opere
859 2194 994 2244 malo,
1023 2199 1065 2236 et

240 2252 500 2302 permanens
515 2250 558 2344 i?
573 2250 821 2292 innocentia
836 2263 924 2291 sua.
952 2251 1065 2303 Ipse.

555 2307 678 2346 recti«)
702 2308 781 2346 viii.

315 2366 369 2409 ed
395 2371 438 2408 et
466 2366 756 2420 reproborum
781 2367 892 2409 duos
919 2368 979 2410 ibi
1003 2369 1063 2410 fu-

323 2427 446 2465 turos
467 2423 644 2465 ordines
658 2423 846 2464 Domino
861 2427 1064 2466 narrante

241 2482 548 2532 comperimus:
576 2493 707 2520 unum
727 2482 893 2530 eorum,
922 2481 995 2533 qui
1018 2481 1063 2522 fi-

241 2535 313 2578 dei
353 2536 598 2577 christianae
636 2535 853 2588 mysteriis
892 2537 1063 2588 initiati,

239 2595 375 2645 Opera
403 2591 506 2634 fidei
539 2594 742 2634 exercere
771 2594 1063 2643 contemnunt,

239 2648 398 2701 quibus
427 2648 470 2689 in
499 2648 658 2699 judicio
687 2650 887 2690 testatur:
914 2649 1062 2691 Disce-

1118 213 1146 244 A
1156 212 1319 246 bbatum.

1128 305 1219 347 dite
1238 317 1263 346 a
1282 317 1352 346 me
1370 304 1591 346 maledicti
1607 304 1651 346 in
1667 305 1812 356 ignem
1826 305 1947 345 aeter-

1126 374 1245 410 num,
1274 361 1347 413 qui
1371 362 1645 414 praeparatus
1670 366 1736 402 est
1759 360 1948 409 diabolo,

1127 422 1171 459 et
1185 417 1350 469 angelis
1365 417 1469 469 ejus:
1487 417 1648 459 esurivi
1662 417 1786 467 enim,
1803 422 1846 459 et
1859 429 1948 458 non

1127 473 1308 516 dedistis
1327 473 1434 514 mihi
1451 472 1725 529 manducare.
1748 473 1948 515 Alterum

1127 532 1289 580 cerum,
1310 530 1383 582 qui
1402 529 1535 571 fidem
1554 534 1597 572 et
1610 530 1817 582 mysteria
1829 529 1946 571 Chri-

1126 587 1183 627 sti
1214 586 1283 628 vel
1319 599 1556 639 numquam
1589 587 1837 639 suscepere,
1877 585 1947 627 vel

1126 645 1373 695 susceptam
1408 655 1488 696 per
1524 643 1791 696 apostasiam
1826 641 1946 684 dese-

1126 701 1266 741 ruere:
1292 699 1347 740 de
1369 699 1526 752 quibus
1547 699 1666 741 dicit:
1694 699 1777 749 Qui
1801 702 1947 740 autem

1125 768 1212 797 non
1233 755 1385 805 credit,
1405 757 1489 808 jam
1506 755 1720 808 judicatus
1741 759 1821 796 est:
1846 754 1947 807 quia

1124 824 1211 853 non
1234 811 1372 854 credit
1394 812 1438 853 in
1461 812 1636 854 nemine
1654 811 1862 863 unigeniti
1879 811 1947 852 Fi-

1124 868 1169 909 lii
1186 869 1280 911 Dei.

1177 930 1224 982 R.
1260 929 1354 971 Sint
1385 929 1521 971 lumbi
1549 929 1685 971 vestri
1710 927 1947 982 praecincti,

1125 990 1168 1027 et
1205 985 1394 1027 lucernae
1432 985 1636 1027 ardentes
1671 986 1715 1026 in
1746 984 1946 1026 manibus

1124 1042 1295 1084 vestris:
1322 1046 1343 1067 ¹*
1374 1042 1430 1083 Et
1459 1055 1538 1083 vos
1569 1041 1732 1084 similes
1765 1041 1944 1083 homini-

1122 1097 1205 1140 bus
1237 1098 1593 1152 exspectantibus
1626 1098 1850 1140 dominum
1878 1110 1944 1138 su-

1123 1169 1213 1205 um,
1242 1154 1418 1208 quando
1445 1156 1689 1197 revertatur
1717 1167 1743 1196 a
1769 1153 1944 1207 nuptiis.

1124 1207 1171 1257 Y.
1191 1212 1382 1263 Vigilate
1402 1224 1522 1263 ergo,
1543 1212 1644 1264 quia
1662 1211 1839 1253 nescitis
1860 1223 1945 1262 qua

1122 1268 1231 1310 hora
1248 1268 1463 1309 Dominus
1483 1272 1628 1310 vester
1646 1270 1853 1310 venturus
1877 1266 1944 1308 sit.

1122 1326 1178 1367 Et
1195 1337 1286 1367 vos.
1313 1324 1464 1366 Gleria
1481 1324 1611 1366 Patri.
1635 1325 1693 1366 Et
1711 1336 1801 1365 vos.

1424 1400 1571 1440 Lectio
1594 1401 1644 1439 ix.

1211 1473 1332 1502 erum
1352 1461 1419 1502 his
1439 1474 1537 1502 cum
1550 1460 1708 1501 timere
1723 1463 1767 1500 et
1778 1459 1943 1512 pavore

1224 1517 1372 1559 debito
1392 1517 1613 1571 paulisper
1634 1516 1943 1558 commemora-

1120 1574 1191 1623 tis,
1216 1573 1272 1615 ad
1294 1573 1519 1615 laetissima
1537 1573 1684 1626 petius
1703 1572 1880 1614 Demini
1899 1575 1943 1614 et

1119 1630 1359 1672 Salvateris
1377 1630 1515 1671 nostri
1533 1632 1750 1682 promissa
1765 1641 1943 1671 conver-

1119 1689 1262 1728 tamus
1298 1686 1503 1728 auditum.
1565 1685 1805 1728 Videamus
1844 1698 1942 1738 quae

1119 1747 1252 1784 tantae
1276 1744 1416 1795 gratia
1437 1742 1627 1796 pietatis:
1657 1755 1745 1783 non
1766 1743 1942 1783 aeternae

1119 1799 1422 1842 tantummodo
1444 1799 1546 1841 vitae
1564 1799 1746 1852 praemia
1770 1798 1859 1840 suis
1878 1811 1941 1840 se-

1121 1856 1342 1908 quacibus,
1362 1855 1440 1898 sed
1460 1860 1503 1897 et
1516 1855 1746 1908 praesentis
1761 1858 1943 1896 munera

1118 1913 1350 1966 pollicetur
1383 1913 1551 1954 eximia.
1598 1912 1656 1953 Et
1688 1911 1845 1961 omnis,
1881 1911 1940 1952 in-

1121 1970 1223 2022 quit,
1244 1970 1317 2021 qui
1331 1969 1555 2022 reliquerit
1569 1968 1758 2018 domum,
1776 1967 1846 2010 vel
1859 1967 1939 2008 fra-

1118 2030 1223 2076 tres,
1252 2031 1326 2067 aut
1345 2027 1535 2076 soreres,
1562 2029 1636 2066 aut
1652 2029 1838 2078 patrem,
1866 2029 1941 2066 aut

1117 2087 1313 2132 matrem,
1333 2087 1408 2124 aut
1422 2083 1615 2131 uxerem,
1634 2086 1708 2122 aut
1722 2080 1847 2130 filios,
1867 2085 1941 2122 aut

1118 2152 1263 2190 agros,
1284 2143 1467 2192 propter
1484 2150 1643 2179 nomen
1662 2150 1820 2187 meum,
1845 2138 1939 2178 cen-

1117 2195 1286 2248 tuplum
1304 2195 1499 2247 accipiet,
1519 2198 1562 2236 et
1579 2194 1713 2235 vitam
1732 2195 1940 2235 aeternam

1115 2251 1371 2304 possidebit.
1416 2251 1500 2301 Qui
1528 2250 1642 2292 enim
1669 2250 1853 2292 terrenis
1881 2249 1938 2291 af-

1116 2307 1301 2350 fectibus
1339 2307 1431 2349 sive
1467 2306 1818 2360 possessienibus
1854 2319 1936 2359 pro

1116 2364 1276 2406 Christi
1316 2363 1578 2417 discipulatu
1618 2363 1937 2414 renuntiaverit,

1117 2433 1203 2473 quo
1235 2419 1334 2473 plus
1368 2420 1411 2461 in
1444 2420 1533 2472 ejus
1566 2422 1759 2461 amerem
1796 2419 1936 2472 profe-

1116 2477 1233 2526 cerit,
1266 2489 1319 2518 eo
1351 2476 1499 2529 plures
1531 2476 1737 2526 inveniet,
1777 2476 1851 2528 qui
1890 2488 1937 2517 se

1115 2534 1283 2575 interno
1310 2535 1532 2585 suscipere
1564 2531 1740 2581 affectu,
1773 2537 1816 2573 et
1847 2532 1936 2573 suis

1115 2588 1332 2642 gaudeant
1351 2590 1595 2630 sustentare
1616 2588 1879 2630 substantiis.

1169 2650 1230 2691 Te
1248 2651 1390 2691 Deum
1409 2649 1647 2691 laudamus.
1672 2650 1730 2690 14.

828 2733 1203 2769 —ssffzssff-
