2040 2990
158 324 306 367 divino
329 327 510 367 munere
534 330 635 367 sunt
659 326 827 375 refecti,
856 326 983 368 coele-

157 380 297 423 stibus
325 394 498 434 semper
528 383 773 424 nutriantur
801 382 983 424 auxiliis.

155 437 241 480 Per
259 438 506 480 Dominum.

341 560 526 597 Feria
563 560 800 608 Quinta.

154 616 310 659 Lectio
335 618 474 659 sancti
493 617 719 668 Evangelii
743 617 983 660 secundum

435 673 702 716 Matthaeum.

273 740 426 781 Lectio
448 740 471 780 i.
700 741 801 793 Cap.
822 743 858 781 8.

201 813 230 840 n
261 799 336 842 illo
365 802 580 853 tempore:
616 801 724 843 Cum
756 801 981 843 introisset

218 856 243 897 J
245 869 345 898 esus
365 856 686 910 Capharnaum,
715 858 901 900 accessit
923 858 980 900 ad

154 924 252 954 eum
273 913 488 964 centurio,
520 927 680 965 rogans
700 927 817 964 eum,
849 919 893 956 et
919 914 978 956 di-

153 980 270 1010 cens:
297 969 500 1020 Domine,
527 983 637 1023 puer
659 984 783 1012 meus
801 973 914 1024 jacet
933 972 978 1012 in

153 1024 285 1067 domo
305 1026 589 1079 paralyticus,
609 1033 653 1070 et
670 1027 784 1070 male
802 1030 976 1080 torque-

150 1085 232 1123 tur.
260 1082 317 1124 Et
334 1082 512 1136 reliqua.

257 1160 450 1203 Homilia
478 1162 619 1204 sancti
646 1163 880 1214 Augustini

456 1218 676 1272 Episcopi.

215 1286 297 1321 Lib.
320 1286 351 1319 2.
377 1286 423 1320 de
450 1286 650 1320 consensu
675 1286 909 1329 Evangelist.

397 1344 479 1378 cap.
504 1335 564 1369 20.
589 1339 677 1368 tom.
702 1335 731 1368 4.

163 1387 481 1447 .¹;(3„s;(1deanms,
514 1394 662 1430 utrum
689 1389 773 1431 sibi
806 1390 861 1433 de
891 1391 975 1434 1100

159 1445 195 1481 sn
212 1438 249 1481 6(ss
284 1457 412 1486 servo
444 1445 710 1487 centurionis
739 1447 974 1490 Matthaeus

147 1500 380 1554 Lucasque
414 1503 697 1544 consentiant.
738 1502 974 1546 Matthaeus

148 1556 261 1598 enim
276 1556 396 1599 dicit:
415 1559 617 1601 Accessit
635 1559 692 1601 ad
712 1572 811 1601 eum
826 1564 973 1602 eentu-

146 1613 228 1662 rio,
260 1627 421 1665 rogans
444 1628 561 1665 eum,
594 1621 638 1657 et
663 1616 828 1658 dicens:
859 1617 973 1659 Puer

145 1682 269 1712 meus
305 1672 417 1723 jacet
451 1672 495 1713 in
531 1671 664 1714 domo
695 1673 972 1725 paralyticus.

147 1726 226 1768 Cui
261 1727 434 1770 videtur
470 1731 715 1782 repugnare
757 1729 878 1782 quod
913 1731 973 1773 ait

145 1782 303 1825 Lucas:
334 1785 391 1826 Et
423 1798 523 1827 cum
555 1785 750 1827 audisset
777 1785 832 1828 de
857 1786 971 1837 Jesu,

144 1840 261 1882 misit
285 1840 342 1883 ad
367 1854 467 1883 eum
490 1842 685 1884 seniores
704 1842 730 1883 J
731 1841 971 1893 udaeorum,

144 1910 303 1950 rogans
329 1911 428 1940 eum
450 1903 500 1940 ut
518 1900 700 1949 veniret,
729 1903 773 1940 et
796 1901 972 1941 sanaret

145 1967 319 1996 servum
339 1956 440 2007 ejus.
468 1956 528 1997 At
547 1955 610 1996 illi
629 1968 728 1996 cum
747 1957 970 1998 venissent

144 2010 201 2053 ad
218 2011 243 2052 J
246 2024 384 2062 esum
412 2011 627 2063 rogabant
651 2024 750 2054 eum
774 2011 969 2062 sollicite,

144 2066 338 2110 dicentes
353 2068 407 2110 ei:
426 2068 537 2119 Quia
556 2067 712 2120 dignus
732 2073 800 2110 est
818 2073 867 2110 ut
881 2067 966 2110 1100

142 2123 203 2165 1111
233 2129 434 2177 praestes.
474 2124 613 2176 diligit
645 2124 760 2166 enim
792 2129 968 2176 gentem

142 2185 350 2230 nostram,
370 2186 414 2223 et
432 2180 729 2234 synagogam
718 2193 814 2234 1pse
834 2181 966 2222 aedifi-

143 2237 258 2279 cavit
276 2213 415 2280 nobis.
445 2238 470 2279 J
472 2251 572 2280 esus
596 2242 742 2279 autem
759 2237 851 2280 ibat
870 2251 969 2279 cum

141 2293 240 2335 illis:
265 2299 309 2336 et
333 2307 432 2336 cum
450 2296 534 2347 iam
553 2307 641 2336 non
660 2294 790 2345 longe
807 2299 923 2336 esset
943 2307 968 2336 a

142 2348 292 2400 domo,
317 2351 435 2393 misit
453 2350 511 2393 ad
529 2364 629 2392 eum
649 2351 846 2393 centurio
866 2353 967 2391 ami·

142 2418 237 2455 003,
265 2406 429 2448 dicens:
454 2407 658 2457 Domine,
686 2407 775 2449 noli
802 2407 967 2448 vexari:

141 2473 230 2502 non
260 2464 373 2505 enim
406 2463 562 2514 dignus
595 2477 692 2505 sum
723 2468 771 2505 ut
798 2463 878 2505 sub
906 2468 966 2504 10-

143 2522 262 2559 ctum
278 2531 424 2561 meum
441 2520 587 2562 intres.

195 2583 246 2635 Rz.
269 2583 472 2635 Domine,
490 2598 600 2638 puer
618 2598 742 2627 meus
761 2586 871 2637 jacet
891 2597 964 2637 pa-

142 2638 378 2691 ralyticus'
366 2654 409 2681 m
430 2640 574 2691 domo,
596 2649 640 2684 et
658 2642 772 2684 male
790 2643 964 2693 torque-

140 2700 227 2736 tur:
246 2696 269 2720 *
287 2696 429 2738 Amen
448 2696 548 2740 dico
566 2674 662 2747 '‘cibi,
682 2711 764 2749 ego
784 2698 964 2747 veniam,

141 2755 185 2792 et
219 2752 382 2794 curabo
415 2748 963 2804 011111.Υ.])ό1111110,11011

770 228 881 261 Feria
906 228 948 262 V.
972 233 1061 271 post
1086 229 1253 264 Cineres.

1799 231 1861 267 351

1037 335 1134 364 sum
1160 323 1317 375 dignus
1344 329 1393 366 ut
1419 325 1554 368 intres
1587 327 1667 369 sub
1696 333 1862 370 tectum

1035 391 1197 420 meum:
1230 381 1308 423 sed
1335 386 1505 423 tantum
1534 383 1603 425 dic
1630 384 1784 434 verbo,
1818 390 1862 427 et

1036 435 1260 478 sanabitur
1282 450 1392 490 puer
1415 451 1548 480 meus.
1585 439 1727 482 Amen
1751 440 1861 483 dico.

1350 518 1500 559 Lectio
1522 520 1559 559 ii.

1037 575 1119 682 Si
1138 576 1252 617 enim
1270 576 1356 618 hoc
1379 577 1439 618 ita
1457 583 1629 629 gestum
1648 583 1729 628 est,
1756 582 1859 631 quo-

1118 631 1252 674 modo
1285 633 1369 674 erit
1399 646 1566 684 verum,
1600 635 1719 687 quod
1753 636 1859 677 Mat-

1034 687 1176 730 thaeus
1213 694 1377 739 narrat,
1423 690 1624 732 Accessit
1664 691 1720 732 ad
1760 704 1859 733 eum

1035 744 1213 797 quidam
1227 746 1435 796 centurio,
1456 759 1554 788 cum
1572 748 1667 799 ipse
1685 761 1772 789 non
1792 762 1858 790 ac-

1036 802 1232 851 cesserit,
1267 801 1346 844 sed
1373 805 1538 845 amicos
1565 804 1744 846 miserit:
1778 805 1858 846 nisi

1035 856 1264 909 diligenter
1317 858 1595 901 advertentes
1649 860 1858 911 intelliga-

1032 927 1145 963 mus,
1188 914 1445 956 Mattha'eum
1480 929 1568 957 non
1605 916 1856 958 omnimodo

1033 969 1278 1012 deseruisse
1328 971 1535 1013 usitatum
1585 985 1753 1014 morem
1797 973 1857 1015 lo-

1033 1026 1215 1078 quendi?
1255 1027 1357 1069 Non
1390 1027 1532 1069 solum
1565 1029 1679 1070 enim
1712 1029 1856 1071 dicere

1031 1082 1236 1134 solemus,
1257 1086 1495 1126 accessisse
1516 1084 1707 1137 aliquem
1727 1086 1856 1127 etiam

1031 1140 1265 1192 antequam
1286 1141 1513 1193 perveniat
1535 1141 1654 1192 illuc,
1684 1155 1770 1195 quo
1796 1143 1855 1184 di-

1030 1195 1141 1237 citur
1169 1199 1423 1239 accessisse:
1451 1197 1566 1239 unde
1594 1198 1725 1240 etiam
1753 1199 1854 1241 dici-

1028 1265 1140 1301 mus,
1167 1253 1327 1294 Parum
1351 1254 1550 1304 accessit,
1579 1255 1648 1296 vel
1670 1255 1854 1297 multum

1028 1309 1214 1351 accessit
1230 1322 1295 1359 eo,
1315 1323 1402 1362 quo
1423 1311 1591 1364 appetit
1610 1314 1854 1363 pervenire:

1027 1378 1179 1406 verum
1198 1366 1328 1407 etiam
1351 1367 1491 1419 ipsam
1512 1368 1852 1420 perventionem,

1027 1422 1148 1474 cujus
1173 1422 1443 1475 adipiscendi
1467 1437 1598 1465 causa
1621 1424 1852 1474 acceditur,

1027 1477 1210 1520 dicimus
1251 1479 1509 1533 plerumque
1551 1481 1725 1530 factam,
1771 1482 1853 1523 etsi

1027 1547 1137 1585 eum,
1156 1535 1212 1577 ad
1233 1549 1362 1588 quem
1376 1537 1585 1589 pervenit,
1604 1550 1691 1578 non
1706 1537 1853 1579 videat

1025 1591 1097 1633 ille
1118 1593 1192 1644 qui
1211 1594 1424 1644 pervenit,
1450 1606 1548 1635 cum
1567 1606 1647 1647 per
1667 1595 1852 1635 amicum

1024 1649 1225 1700 pervenit
1243 1649 1300 1691 ad
1317 1650 1517 1703 aliquem,
1537 1651 1657 1702 cujus
1674 1651 1714 1692 ei
1727 1651 1851 1692 favor

1026 1709 1093 1746 est
1124 1707 1406 1747 necessarius.
1453 1707 1582 1757 Quod
1615 1707 1676 1748 ita
1712 1708 1851 1749 tenuit

1025 1761 1316 1812 consuetudo,
1354 1768 1401 1805 ut
1434 1764 1518 1815 jam
1556 1764 1686 1804 etiam
1717 1763 1848 1814 vulgo

1023 1821 1310 1870 perventores
1338 1819 1628 1871 appellentur,
1666 1820 1739 1872 qui
1771 1832 1847 1872 po-

1023 1874 1206 1915 tentium
1227 1875 1522 1927 quorumlibet
1545 1880 1768 1928 tamquam
1787 1876 1847 1916 in-

1023 1930 1301 1972 accessibiles
1343 1931 1527 1981 animos‚
1571 1944 1650 1984 per
1693 1944 1846 1974 conve-

1021 1986 1231 2027 nientium
1248 1990 1536 2039 personarum
1554 1988 1846 2041 interpositio-

1021 2054 1136 2092 nem,
1155 2042 1403 2085 ambitionis
1422 2049 1515 2086 arte
1533 2047 1794 2096 pertingunt.

1075 2105 1125 2156 R.
1149 2103 1267 2144 Dum
1286 2108 1431 2146 staret.
1450 2105 1544 2146 344.

1322 2183 1473 2225 Lectio
1494 2185 1547 2224 iii.

1116 2260 1173 2289 on
1214 2260 1319 2299 ergo
1363 2248 1554 2291 absurde
1595 2249 1844 2301 Matthaeus,

1123 2304 1252 2346 etiam
1273 2304 1392 2357 quod
1411 2305 1542 2357 vulgo
1564 2306 1707 2358 possit
1724 2305 1843 2347 intel·

1018 2361 1108 2412 ligi,
1131 2373 1211 2413 per
1235 2361 1344 2402 alios
1362 2361 1479 2403 facto
1499 2364 1678 2404 accessu
1698 2366 1842 2403 centu—

1018 2418 1152 2458 rionis
1192 2417 1248 2459 ad
1283 2417 1536 2468 Dominum,
1580 2417 1841 2470 compendio

1019 2473 1165 2515 dicere
1206 2474 1358 2516 voluit:
1402 2474 1603 2516 Accessit
1645 2473 1701 2516 ad
1742 2486 1840 2516 eum

1019 2530 1227 2571 centurio.
1260 2531 1576 2573 Verumtamen
1599 2543 1686 2572 non
1710 2530 1840 2582 negli-

1016 2588 1168 2636 genter
1202 2587 1408 2629 intuenda
1440 2592 1506 2629 est
1537 2588 1666 2628 etiam
1702 2586 1839 2628 sancti

1016 2642 1308 2694 Evangelistae
1335 2643 1520 2685 altitudo
1552 2643 1748 2695 mvsticae
1777 2642 1838 2683 10-

1005 2698 1468 2748 0111161113,3001111(111111
1484 2711 1613 2751 quam
1630 2699 1837 2750 seriptum

1016 2758 1084 2795 est
1110 2755 1155 2795 in
1180 2754 1371 2797 Psalmo:
1401 2754 1613 2797 Accedite
1640 2753 1696 2795 ad
1724 2766 1836 2804 eum,
