2040 2990
603 203 656 237 29.
683 203 772 236 Dec.
819 202 853 236 S.
878 202 1038 236 Thornae
1064 202 1189 245 Episc.
1215 206 1250 236 et
1275 202 1380 235 Mart.

147 298 471 341 nedictibnibus
495 298 752 340 dulcedinis:
784 297 972 350 posuisti

147 355 191 396 in
219 355 362 408 capite
390 357 481 408 ejus
505 356 714 397 corenam
742 354 797 396 de
824 352 971 411 lapide

146 411 354 464 pretieso.
381 413 448 454 Et.

442 493 593 535 Lectio
614 494 666 534 vi.

224 576 253 602 x
279 574 366 614 qua
391 561 507 612 regis
533 572 644 601 voce
669 559 821 601 nefarii
846 558 970 599 satel-
1167 567 1176 600 ἐ

241 618 340 660 lites
364 619 592 670 sperantes
615 620 789 667 gratum
812 628 859 656 se
881 614 972 666 regi

145 675 357 724 factfiros,
382 674 418 715 si
437 673 653 715 Thomam
676 685 700 714 e
722 671 867 713 medio
890 670 970 712 tol-

145 731 300 783 lerent,
325 730 436 772 clam
459 729 767 771 convenientes
785 728 969 769 Cantua-

146 788 265 838 riam,
285 789 542 840 episcopum
555 786 599 826 in
614 785 781 838 templo
796 797 970 837 vesper—

145 845 248 885 tinis
271 843 391 885 horis
418 845 598 895 operam
621 841 798 883 dantem
822 853 970 892 aggre-

146 900 333 942 diuntur.
361 899 446 950 Qui
466 898 636 940 clericis
653 897 806 950 templi
825 897 970 938 aditus

143 955 419 1010 praechidere
443 954 702 997 conantibus
726 957 970 1003 accfirrens,

146 1013 306 1055 estium
324 1012 507 1066 aperuit,
525 1011 611 1052 illis
630 1024 735 1052 usus
754 1010 900 1053 verbis
915 1010 971 1052 ad

144 1082 264 1111 suos:
290 1069 393 1111 Non
417 1073 483 1111 est
502 1068 587 1109 Dei
608 1068 806 1108 Ecclesia
829 1072 970 1108 custo-

145 1124 305 1168 dienda
316 1137 441 1166 more
456 1125 715 1166 castrorum:
733 1128 776 1166 et
792 1136 873 1174 ego
888 1136 970 1176 pro

144 1182 342 1224 Ecclesia
357 1182 443 1223 Dei
460 1181 647 1223 libenter
664 1185 853 1222 mortem
873 1179 971 1221 sub-

144 1238 229 1280 ibo.
253 1239 367 1279 Tum
382 1238 439 1280 ad
453 1237 628 1279 milites:
644 1237 739 1279 Vos
754 1237 838 1278 Dei
853 1238 972 1289 jussu

145 1296 309 1345 cavete,
327 1307 382 1336 ne
400 1294 589 1347 cuipiam
604 1295 803 1335 meorum
816 1295 971 1334 nocea-

143 1351 211 1393 tis.
238 1350 410 1392 Deinde
424 1351 550 1392 flexis
564 1349 758 1401 genibus
774 1350 883 1399 Deo,
900 1349 971 1391 be-

144 1409 230 1449 atae
248 1407 414 1457 Mariae,
440 1411 593 1448 sancto
612 1406 826 1458 Dionysio
846 1410 890 1448 et
908 1407 971 1446 re-

143 1463 275 1516 liquis
301 1463 464 1505 sanctis
489 1463 579 1515 ejus
605 1462 802 1504 ecclesiae
826 1464 972 1515 patro-

145 1519 224 1570 nis,
238 1519 482 1561 Ecclesiam
497 1524 541 1561 et
556 1521 750 1571 seipsum
764 1521 973 1560 commen-

146 1575 265 1626 dans
281 1589 454 1618 sacrum
466 1580 599 1629 caput
612 1574 767 1617 eadem
780 1577 973 1617 constan-

144 1632 222 1683 tia,
256 1646 342 1686 qua
370 1632 631 1684 iniquissimi
659 1631 774 1683 regis
802 1631 972 1682 legibus

145 1691 384 1739 restiterat,
416 1689 567 1742 impio,
584 1688 700 1730 ferro
732 1687 972 1741 praeciden-

145 1744 250 1787 dum
274 1745 450 1795 obtulit,
475 1749 633 1797 quarto
656 1744 881 1786 Kalendas
904 1744 930 1785 J
931 1757 971 1786 a-

144 1802 295 1852 nuarii,
310 1814 426 1844 anno
437 1801 616 1843 Demini
629 1801 860 1842 millesimo
876 1813 971 1842 cen-

145 1858 303 1900 tesimo
324 1857 649 1911 septuagesimo
668 1857 826 1910 primo:
851 1858 972 1909 cujus

146 1914 329 1956 cerebro
353 1916 604 1968 respersum
623 1918 688 1955 est
711 1915 848 1954 totius
865 1918 971 1954 tem-

145 1970 208 2023 pli
219 1971 529 2024 pavimentum.
550 1971 690 2021 Quem
701 1969 848 2011 multis
860 1971 973 2022 post-

146 2039 199 2069 ea
209 2027 423 2070 illlistrem
434 2026 655 2069 miraculis
665 2026 782 2068 idem
791 2026 972 2068 Alexan-

146 2081 224 2125 der
249 2083 451 2126 Pentifex
478 2083 627 2126 retulit
652 2083 695 2123 in
721 2085 972 2124 sanctorum

145 2142 383 2182 mimerum.

198 2210 249 2261 R.
271 2208 398 2251 Stola
418 2207 711 2260 jucunditatis.
739 2207 818 2260 [27]

366 2291 416 2330 In
434 2290 505 2329 ΙΙΙ.
525 2290 746 2330 Nocturno.

147 2360 299 2402 Lectio
323 2360 463 2402 sancti
483 2359 708 2411 Evangelii
733 2357 972 2400 secandum

446 2417 470 2457 J
473 2418 669 2458 oannem.

251 2482 402 2524 Lectio
423 2483 490 2523 vii.
632 2482 734 2533 Cap.
750 2483 813 2522 lo.
827 2480 868 2521 b.

147 2548 224 2654 In
241 2553 317 2596 illo
339 2557 554 2608 tempore:
582 2554 706 2595 Dixit
724 2554 749 2595 J
751 2566 850 2595 esus
869 2552 971 2605 pha-

217 2610 374 2651 risaeis:
401 2611 496 2662 Ego
523 2624 619 2652 sum
642 2615 795 2663 pastor
820 2609 973 2651 bonus.

1784 203 1847 237 211

1161 296 1350 338 Homilia
1375 297 1514 338 sancti
1540 297 1563 337 J
1567 296 1720 338 oannis

1283 352 1594 405 Chrysestomi.

1194 412 1304 447 Hom.
1328 414 1381 447 59.
1409 413 1445 446 in
1469 412 1666 446 Joannem.

1370 461 1594 513 quiddam,
1622 462 1847 504 dilectissi-

1033 528 1073 554 ἕν’
1096 517 1144 575 ³²2]—
1201 519 1277 569 mi,
1307 531 1527 569 magnum,
1559 519 1753 570 inquam,
1782 524 1848 560 est

1203 575 1413 617 Ecclesiae
1438 575 1654 628 praelatio,
1682 580 1725 617 et
1750 587 1848 626 quae

1024 633 1160 674 multa
1186 632 1351 683 indiget
1378 632 1591 684 sapientia
1616 636 1659 673 et
1682 631 1848 673 fortini-

1025 689 1145 738 dine,
1177 689 1350 741 qualem
1374 688 1573 729 Christus
1600 688 1849 740 proposuit:

1024 751 1073 787 ut
1090 746 1279 787 animam
1293 757 1375 798 pro
1392 744 1548 786 evibus
1563 746 1787 796 ponamus,
1807 748 1849 784 et

1024 815 1262 854 numquam
1278 801 1375 842 illas
1396 800 1664 842 deseramus:
1683 805 1730 841 ut
1745 800 1848 852 lupo

1024 860 1236 909 generose
1274 858 1539 899 resistamus,
1592 857 1702 897 Haec
1737 856 1850 897 enim

1024 915 1137 957 inter
1154 916 1377 967 pastorem
1393 919 1436 955 et
1452 913 1768 955 mercenarium
1784 917 1850 953 est

1025 970 1280 1013 differentia.
1303 970 1428 1011 Alter
1442 970 1644 1022 prepriae,
1660 970 1848 1010 contem-

1024 1028 1112 1080 ptis
1136 1028 1308 1069 ovibus:
1335 1026 1459 1076 alter,
1488 1039 1566 1067 sua
1590 1027 1849 1077 contempta,

1026 1085 1172 1125 ovium
1192 1097 1364 1137 semper
1384 1083 1513 1125 saltiti
1531 1082 1735 1133 invigilat.
1771 1082 1848 1122 Pa-

1026 1141 1156 1182 steris
1182 1153 1286 1192 ergo
1311 1140 1512 1192 exemplo
1537 1139 1849 1187 demonstrato,

1026 1197 1287 1250 deceptores
1321 1197 1431 1238 duos
1463 1195 1675 1244 meminit3
1712 1195 1850 1235 furem

1025 1255 1289 1299 mactantem
1318 1258 1361 1295 et
1387 1253 1628 1305 rapientem
1657 1264 1779 1300 oves,
1808 1255 1850 1291 et

1025 1311 1342 1352 mercenarium
1356 1309 1691 1362 permittentem,
1709 1319 1849 1358 neque

1026 1367 1332 1409 defendentem
1352 1367 1618 1408 commissas.

1076 1425 1126 1476 Rc,
1169 1424 1341 1465 Corona
1380 1425 1511 1463 antea
1551 1433 1683 1472 super
1719 1423 1851 1471 caput

1027 1481 1127 1532 ejus,
1149 1482 1173 1506 *
1194 1480 1415 1532 Expressa
1443 1478 1566 1528 signo
1597 1475 1850 1524 sanctitatis,

1025 1536 1164 1587 gleria
1177 1536 1368 1584 honoris,
1388 1539 1431 1576 et
1447 1547 1559 1587 opus
1575 1531 1850 1574 fortitudinis.

1023 1593 1074 1644 V.
1097 1593 1312 1643 Quoniam
1330 1589 1582 1644 praevenisti
1597 1602 1698 1630 eum
1717 1588 1759 1628 in
1778 1587 1849 1628 be-

1024 1649 1347 1691 nedictionibus
1372 1645 1630 1694 dulcedinis,
1663 1643 1850 1697 posuisti

1024 1706 1069 1746 in
1097 1706 1241 1759 capite
1269 1705 1359 1756 ejus
1388 1705 1595 1745 coronam
1621 1701 1675 1742 de
1703 1698 1850 1752 lapide

1025 1763 1233 1815 pretieso.
1260 1762 1493 1813 Expressa.

1307 1823 1458 1864 Lectio
1478 1822 1559 1862 viii.

1111 1878 1201 1920 uod
1213 1876 1428 1930 superiori
1439 1877 1638 1927 tempore
1646 1871 1849 1914 Ezechiel

1128 1935 1195 1975 his
1220 1933 1367 1975 verbis
1394 1933 1632 1973 insectatus
1659 1933 1740 1970 est:
1766 1928 1848 1970 Vae

1024 1990 1274 2044 pasteribus
1284 1988 1434 2031 Israel:
1452 1999 1595 2029 nonne
1609 1984 1850 2038 pascebant

1025 2045 1309 2099 semetipsos?
1333 2057 1475 2086 nonne
1494 2055 1649 2094 greges
1667 2043 1848 2094 pascim-

1025 2108 1096 2144 tur
1120 2116 1146 2144 a
1169 2099 1443 2155 pasteribus?
1483 2098 1571 2142 Sed
1595 2098 1656 2139 illi
1682 2098 1849 2139 contra-

1026 2159 1138 2200 rium
1156 2157 1383 2207 faciebant,
1407 2155 1526 2209 quod
1544 2155 1744 2196 maximae
1763 2165 1849 2193 ma-

1024 2215 1130 2256 litiae
1145 2227 1282 2266 genus
1298 2219 1375 2263 est,
1395 2218 1438 2255 et
1452 2212 1738 2265 plurimorum
1753 2221 1848 2250 cau—

1026 2285 1074 2312 sa
1087 2271 1313 2312 malarum.
1339 2269 1512 2311 Idcirco
1526 2267 1680 2319 inquit:
1694 2265 1849 2316 Neque

1027 2327 1147 2380 quod
1175 2327 1391 2379 abjectum
1424 2329 1533 2374 erat,
1567 2321 1849 2364 reducebant:

1025 2395 1169 2435 neque
1198 2382 1316 2435 quod
1342 2383 1550 2435 perierat,
1585 2377 1849 2430 quaerebant,

1025 2452 1167 2492 neque
1195 2439 1466 2480 confractum
1495 2434 1748 2486 alligabant,
1779 2444 1849 2472 ne-

1027 2509 1112 2548 que
1130 2495 1349 2536 infirmum
1368 2491 1717 2535 consolidabant:
1745 2489 1848 2540 quo-

1025 2552 1142 2592 niam
1177 2564 1244 2601 se,
1275 2564 1364 2592 non
1393 2561 1571 2600 gregem
1601 2544 1849 2599 pascebant.

1026 2609 1151 2650 Idem
1178 2613 1222 2649 et
1243 2606 1404 2648 Paulus
1432 2605 1527 2646 aliis
1552 2602 1698 2645 verbis
1723 2599 1847 2649 signi-

147 2666 298 2707 Bonus
330 2671 481 2718 pastor
516 2668 703 2708 animam
740 2678 863 2707 suam
899 2664 975 2706 dat
1025 2664 1144 2706 ficat:
1175 2664 1338 2705 Omnes
1363 2674 1461 2714 quae
1487 2672 1565 2700 sua
1591 2662 1706 2705 sunt,
1735 2666 1847 2706 quae-

147 2735 229 2775 pro
250 2722 406 2763 evibus
424 2723 524 2764 suis.
551 2724 608 2764 Et
626 2722 803 2774 reliqua.

994 2704 1003 2771 Ῐ
1026 2725 1138 2770 runt,
1163 2732 1251 2761 non
1270 2731 1368 2770 quae
1386 2718 1410 2758 J
1414 2729 1491 2758 esu
1510 2713 1679 2756 Christi.
