2040 2990
611 198 814 233 Dominiea
838 199 938 234 infra
963 199 1147 235 Octavam
1172 202 1412 245 Epiphaniae.

216 301 254 340 5.
281 295 416 339 Stella
438 296 522 337 ista
540 295 564 322 *
583 296 695 337 sicut
719 296 895 336 flamma
918 307 987 336 co-

162 355 319 402 ruscat,
339 356 382 394 et
401 353 569 403 Regem
586 365 739 404 regum
754 352 898 393 Deum
917 350 987 393 de-

162 411 393 451 munstrat:
425 409 542 461 Magi
570 422 666 451 eam
697 408 917 458 viderunt,
945 412 988 449 et

162 478 320 517 magno
340 466 452 517 Regi
469 469 651 508 munera
669 465 931 508 obtulerunt.

241 530 500 583 Capitulum.
714 531 838 572 Rom.
854 533 909 572 12.

161 582 394 689 Fratres:
423 587 620 629 Obsecro
646 600 727 629 vos
754 599 835 640 per
861 587 986 627 mise-

255 643 491 685 ricerdiam
521 644 622 694 Dei,
661 648 710 684 ut
744 642 986 684 exhibeatis

164 702 353 752 corpora
376 704 528 742 vestra
543 700 734 741 hestiam
758 700 987 748 viventem,

162 761 374 806 sanctam,
398 756 496 798 Deo
514 757 775 809 placentem,
800 756 986 797 rationa-

161 813 248 855 bile
268 812 529 865 obsequium
545 817 749 855 vestrum.

471 873 680 924 Hymnus.

289 925 385 967 sola
402 927 658 976 magnarum
675 925 850 967 urbium

288 982 427 1034 Major
445 982 659 1032 Bethlem,
679 982 749 1023 cui
768 981 951 1032 centigit

237 1038 408 1080 Ducem
426 1038 580 1080 salutis
600 1038 773 1080 co'elitus

235 1095 574 1148 Incorporatum
592 1097 779 1147 gignere.

189 1163 329 1212 Quem
347 1159 483 1210 stella,
505 1173 604 1213 quae
624 1160 728 1202 solis
749 1164 890 1202 rotam

236 1216 386 1258 Vincit
403 1217 575 1267 decore,
595 1230 646 1258 ac
664 1217 843 1267 lumine3

236 1273 424 1316 Venisse
442 1274 571 1315 terris
587 1274 758 1315 nuntiat

236 1330 345 1372 Cum
365 1343 495 1372 carne
515 1330 715 1372 terrestri
734 1331 887 1372 Deum.

187 1390 348 1432 Videre
368 1395 604 1444 postquam
622 1391 745 1432 illum
763 1391 890 1443 Magi,

236 1447 331 1488 an
350 1451 559 1500 promunt
575 1451 771 1489 munera:

237 1504 459 1556 Stratique
477 1504 592 1545 votis
613 1503 801 1545 offerunt

159 1607 165 1612 q
235 1559 373 1610 Thus,
404 1559 640 1612 myrrham,
670 1565 713 1602 et
741 1573 893 1602 aurum
920 1562 983 1602 re-

466 1629 596 1668 g1um.

184 1684 351 1734 Regem
368 1682 601 1734 Deumque
621 1682 877 1723 annuntiant

233 1738 496 1788 Thesaurus
516 1743 563 1787 et
577 1738 775 1789 fragrans
795 1738 906 1780 odor

234 1795 395 1837 Thuris
414 1794 567 1845 Sabaei,
587 1807 638 1836 ac
656 1794 885 1847 myrrheus

234 1851 383 1893 Pulvis
402 1850 686 1904 sepulchrum
704 1851 941 1903 praedocet.

185 1917 298 1966 Jesu,
317 1915 397 1958 tibi
417 1916 474 1958 sit
490 1915 638 1967 gloria,

235 1973 320 2023 Qui
339 1972 582 2026 apparuisti
601 1971 833 2021 Gentibus,

236 2029 346 2071 Cum
364 2029 506 2079 Patre,
527 2033 570 2070 et
590 2028 705 2069 almo
726 2027 891 2080 Spiritu

232 2086 284 2127 In
303 2085 568 2138 sempiterna
586 2085 758 2126 sa'ecula.
786 2084 939 2126 Amen.

211 2145 261 2197 V.
288 2150 486 2192 Adorate
512 2151 670 2199 Deum,
703 2149 883 2200 alleluja.
932 2148 982 2199 R.

158 2209 321 2250 Omnes
341 2206 500 2258 Angeli
519 2207 619 2258 ejus,
645 2206 826 2257 alleluja.

211 2271 283 2313 Ad
296 2272 458 2313 Bened.
477 2271 577 2311 Ant.
595 2267 820 2309 Remansit
834 2267 857 2292 *
872 2279 982 2319 puer

156 2325 181 2365 J
183 2337 282 2367 esus
301 2325 346 2365 in
364 2323 621 2375 Jerusalem,
651 2328 694 2365 et
717 2336 803 2364 non
824 2335 981 2374 cogno-

73 2403 80 2417 ·
156 2383 312 2422 verunt
330 2382 536 2434 parentes
557 2381 659 2432 ejus,
685 2380 981 2421 existimantes

156 2437 278 2478 illum
297 2450 393 2478 esse
411 2437 455 2478 in
475 2436 701 2478 comitatu:
727 2440 770 2477 et
793 2435 980 2487 require-

156 2492 263 2534 bant
288 2505 388 2534 eum
409 2493 522 2535 inter
542 2494 753 2560 cognatos
774 2497 817 2533 et
839 2496 981 2533 notos.

250 2608 339 2653 ota,
373 2553 854 2656 ᾳαεέεῗῐῖῐῗιξιεωᾙόωίηε,
883 2617 980 2655 sup-

261 2659 464 2712 plicantis
498 2660 653 2714 pepuli
688 2660 858 2702 coelesti
893 2660 980 2712 pie-

1040 299 1155 344 sunt,
1174 294 1368 345 videant,
1388 299 1431 336 et
1450 295 1507 336 ad
1523 295 1745 348 implenda
1764 308 1861 347 quae

1039 351 1235 402 viderint,
1256 351 1572 393 convalescant.
1598 352 1683 393 Per
1702 352 1827 392 Dfim.

1092 410 1241 444 Deinde
1273 410 1314 444 fit
1353 412 1662 446 commemoratio
1695 413 1741 446 dc
1773 412 1860 455 Epi—

1041 459 1194 502 phania.

1094 511 1192 551 Ant.
1226 508 1370 551 Hedie
1395 507 1563 549 coelesti
1586 521 1748 560 sponso
1773 509 1859 559 jun-

1040 569 1110 606 cta
1137 570 1203 607 est
1228 564 1443 614 Ecclesia,
1472 564 1676 615 quoniam
1701 565 1744 605 in
1769 565 1859 605 Jor-

1040 620 1152 663 dane
1179 621 1286 663 lavit
1315 620 1513 662 Christus
1547 621 1636 671 ejus
1669 621 1861 662 crimina:

1040 683 1218 719 currunt
1250 690 1350 719 cum
1382 676 1634 718 muneribus
1663 677 1778 728 Magi
1805 677 1861 718 ad

1038 735 1209 786 regales
1232 734 1423 786 nuptias,
1457 738 1500 775 et
1529 746 1582 774 ex
1606 746 1720 785 aqua
1745 733 1859 774 facto

1038 792 1140 833 vino
1159 791 1363 832 laetantur
1383 791 1591 839 convivae,
1611 789 1790 842 alleluja.

1092 852 1142 902 V.
1162 852 1325 893 Omnes
1345 851 1400 893 de
1419 851 1533 892 Saba
1552 851 1741 900 venient,
1762 850 1859 891 alle-

1038 908 1134 960 luja.
1162 913 1213 965 Re*-
1233 908 1402 949 Aurum
1421 912 1465 949 et
1483 907 1584 949 thus
1606 907 1860 956 deferentes,

1017 996 1024 1002 .
1039 964 1216 1017 alleluja.

1375 1021 1536 1062 Oratio.

1127 1091 1217 1128 euS,
1242 1077 1317 1130 qui
1334 1076 1548 1118 hodierna
1567 1076 1638 1117 die
1656 1076 1858 1127 Unigeni-

1141 1139 1234 1175 tum
1256 1139 1380 1176 tuum
1400 1132 1615 1174 Gentibus
1639 1132 1766 1174 stella
1785 1132 1858 1173 du-

1038 1203 1088 1232 ce
1107 1190 1328 1232 revelasti:
1347 1189 1540 1231 concede
1559 1189 1793 1242 propitius3
1812 1193 1860 1230 ut

1040 1248 1114 1299 qui
1132 1248 1217 1299 iam
1235 1251 1280 1288 te
1300 1259 1354 1288 ex
1371 1246 1459 1287 fide
1479 1246 1773 1297 cognovimus,
1792 1258 1858 1286 us-

1040 1316 1123 1356 que
1159 1303 1216 1345 ad
1250 1301 1633 1354 contemplandam
1669 1301 1860 1354 speciem
1908 1311 1909 1314 ’

1036 1365 1124 1402 tuae
1148 1359 1418 1401 celsitudinis
1442 1357 1743 1411 perducamur.
1775 1358 1859 1398 Per

1037 1416 1240 1458 eumdem
1257 1415 1503 1457 Dominum.

1300 1492 1367 1529 Ad
1390 1491 1588 1527 Tertiam.

1088 1551 1188 1592 Ant.
1221 1550 1347 1592 Venit
1365 1549 1511 1591 lumen
1529 1553 1662 1590 tuum.

1089 1616 1225 1668 Capit.
1259 1617 1449 1661 Fratres:
1484 1614 1680 1656 Obsecro
1700 1625 1791 1655 vos.
1813 1618 1859 1652 ut

1036 1686 1179 1725 supra.

1089 1736 1139 1787 R.
1164 1734 1226 1775 br.
1259 1733 1405 1783 Reges
1429 1731 1609 1773 Tharsis
1638 1734 1681 1772 et
1705 1729 1857 1770 insulae

1034 1793 1215 1831 munera
1229 1788 1422 1838 o'fferent,
1431 1791 1454 1817 *
1466 1786 1662 1838 Alleluia,
1678 1785 1857 1836 alleluja.

1036 1847 1191 1896 Reges.
1224 1841 1273 1893 V.
1294 1845 1438 1895 Reges
1458 1843 1655 1884 Arabum
1680 1846 1723 1883 et
1743 1841 1857 1884 Saba

1036 1901 1152 1944 dona
1175 1901 1406 1943 adducent.
1448 1899 1649 1951 Alleluja,
1678 1898 1857 1950 alleluja.

1037 1958 1187 1999 Gleria
1205 1957 1335 1998 Patri.
1362 1957 1508 2007 Reges
1527 1955 1717 1997 Tharsis.

1088 2013 1138 2066 V.
1158 2018 1320 2060 Omnes
1339 2017 1394 2059 de
1413 2016 1527 2058 Saba
1546 2016 1734 2065 venient,
1758 2014 1856 2056 alle-

1034 2076 1131 2128 luja.
1159 2076 1209 2126 Re.
1228 2075 1397 2115 Aurum
1416 2078 1460 2115 et
1478 2072 1579 2115 thus
1600 2072 1856 2120 deferentes,

1035 2131 1216 2183 alleluia.

1311 2203 1377 2240 Ad
1402 2203 1586 2239 Sextam.

1087 2262 1186 2302 Ant.
1216 2261 1392 2314 Apertis
1411 2259 1627 2301 thesauris
1646 2259 1745 2300 suis.
1805 2258 1809 2263 '

1089 2326 1346 2377 Capitulum.
1608 2325 1730 2364 Rom.
1748 2325 1803 2364 12.

1034 2374 1190 2481 Dico
1211 2379 1325 2420 enim
1343 2391 1423 2431 per
1441 2377 1625 2430 gratiam
1640 2387 1738 2427 quae
1754 2374 1855 2415 data

1136 2440 1202 2477 est
1219 2434 1340 2485 mihi,
1361 2434 1561 2476 omnibus
1583 2432 1656 2484 qui
1675 2435 1775 2472 sunt
1795 2430 1854 2470 in-

1034 2496 1101 2533 ter
1118 2504 1213 2533 vos:
1235 2491 1334 2532 Non
1357 2491 1456 2543 plus
1480 2492 1634 2542 sapere
1660 2500 1790 2540 quam
1812 2498 1853 2526 0-

1034 2549 1182 2600 portet
1209 2549 1381 2600 sapere,
1415 2546 1494 2588 sed
1522 2547 1675 2597 sapere
1705 2542 1762 2584 ad
1788 2554 1853 2582 so-

1033 2603 1275 2646 brietatem.
1823 2620 1826 2625 ,

1086 2658 1136 2709 Rz.
1160 2657 1222 2698 br.
1259 2659 1421 2700 Omnes
1449 2658 1503 2700 de
1531 2656 1646 2699 Saba
1672 2653 1853 2702 venient,

158 2719 249 2759 tate
267 2718 548 2768 prosequere:
567 2722 615 2759 ut
635 2721 678 2758 et
699 2730 795 2768 quae
814 2715 982 2767 agenda
1003 2714 1017 2774 Ι
1035 2714 1058 2739 *
1076 2715 1272 2767 Alleluia,
1292 2714 1471 2766 alleluja.
1500 2714 1672 2755 Omnes
1700 2704 1748 2755 V·
1767 2710 1852 2750 Au-
