2080 2990
570 236 643 271 Die
665 237 717 271 23.
740 238 825 272 Jan.
870 238 913 271 In
938 238 1250 281 Desponsatione
1274 238 1315 271 B.
1340 238 1386 272 M.
1412 240 1453 272 V.

210 333 277 372 Ps.
295 332 460 380 Venite⁷
486 328 764 371 exsultemus.

210 397 419 449 Hymnus.
444 398 585 447 Quem
602 397 730 434 terra,
751 393 854 445 [135]

385 484 434 523 In
457 483 487 522 Ι.
511 482 733 522 Nocturno.

211 549 428 602 Incipiunt
449 548 630 590 Cantica
651 547 932 589 canticorum.

262 620 415 661 Lectio
443 620 466 659 i.
738 620 840 671 Cap.
861 621 883 659 i.

160 677 461 755 ᾏεοωόῒιιι·
493 689 563 717 me
598 675 752 718 esculo
786 677 874 717 oris
903 677 985 718 sui:

159 711 265 797 &wli
288 733 390 785 quia
413 732 595 774 meliora
621 737 722 773 sunt
746 732 883 774 ubera
910 737 986 773 tua

163 779 265 813 *es*
286 789 408 839 vino,
462 788 701 839 fragrantia
753 789 985 839 unguentis

155 844 344 896 optimis.
400 845 558 886 Oleum
603 844 789 885 effusum
825 857 986 885 nomen

154 905 294 942 tuum:
326 901 428 943 ideo
457 899 799 942 adolescentulae
825 899 985 941 dilexe-

154 961 255 997 runt
278 961 334 998 te.
370 956 517 997 Trahe
539 968 624 997 me:
651 961 755 1008 post
777 961 822 997 te
843 957 985 997 curre-

154 1024 252 1053 mus
275 1013 319 1053 in
343 1012 528 1054 oderem
550 1014 873 1062 unguentorum
891 1013 984 1052 tue-

155 1080 262 1109 rum.
289 1067 541 1110 Introduxit
561 1080 631 1109 me
651 1080 730 1109 rex
748 1068 793 1108 in
812 1067 987 1109 cellaria

157 1137 252 1166 sua:
278 1124 594 1166 exsultabimus
614 1128 658 1165 et
677 1123 924 1165 laetabimur
942 1123 986 1163 in

155 1185 211 1230 te,
229 1181 448 1221 memores
467 1179 651 1221 uberum
664 1181 841 1221 tuorum
855 1191 988 1231 super

156 1236 319 1277 vinum:
336 1236 446 1277 recti
461 1235 646 1286 diligunt
654 1240 709 1277 te.
728 1235 865 1285 Nigra
881 1248 988 1285 sum,

156 1291 237 1333 sed
256 1292 462 1342 formasa,
480 1291 584 1332 ffliae
603 1291 857 1340 Jerusalem,
877 1291 989 1332 sicut

156 1346 440 1389 tabernacula
457 1346 611 1397 Cedar,
632 1347 744 1389 sicut
761 1346 900 1399 pelles
915 1347 987 1388 Sa-

155 1403 355 1445 lomenis.

214 1476 264 1527 152.
287 1471 435 1514 Hodje
462 1471 731 1525 desponsata
760 1477 827 1514 est
858 1472 991 1514 beata

156 1528 296 1579 Virgo
315 1529 454 1570 Maria
478 1541 533 1569 ex
556 1528 768 1581 progenie
786 1527 946 1570 David:
967 1528 990 1551 *

157 1586 242 1626 Per
263 1597 394 1636 quam
413 1583 531 1625 salus
544 1583 696 1625 mundi
711 1583 990 1625 credentibus

158 1639 991 1743 Sssiitssssszssissusistffissffliffssissgoem

157 1753 302 1795 beatae
320 1728 478 1794 Mariae·
489 1709 806 1803 Vir‘ginispgum
828 1709 991 1803 glail'ieelig

158 1808 441 1852 celebremus.
468 1809 554 1851 Per
574 1821 715 1860 quam.

469 1888 621 1929 Lectio
643 1889 681 1928 ii.

162 1949 360 2055 Nolite
370 1963 441 1992 me
450 1950 730 1992 considerare
741 1948 861 2001 quod
869 1948 991 1990 fusca

284 2007 376 2056 sim,
396 2006 496 2058 quia
517 2005 790 2048 decoloravit
812 2017 883 2045 me
909 2004 991 2046 sol:

159 2064 237 2105 filii
258 2063 410 2105 matris
433 2075 544 2104 meae
567 2063 872 2115 pugnaverunt
891 2073 991 2102 con-

158 2125 228 2162 tra
245 2132 328 2169 me,
348 2120 593 2172 posuerunt
611 2131 681 2159 me
702 2116 932 2159 custedem
949 2117 993 2156 in

159 2175 313 2218 vineis:
350 2177 524 2216 vineam
553 2187 698 2216 meam
729 2186 818 2214 non
851 2177 993 2214 custo-

159 2230 261 2274 divi.
289 2231 442 2273 Indica
459 2230 576 2281 mihi,
596 2243 727 2282 quem
747 2229 887 2279 diligit
906 2229 992 2269 ani-

159 2300 231 2329 ma
253 2300 368 2338 mea,
394 2286 470 2329 ubi
492 2299 668 2339 pascas,
698 2285 772 2327 ubi
795 2284 931 2326 cubes
949 2285 993 2324 in

159 2342 359 2393 meridie,
390 2356 446 2385 ne
472 2342 624 2393 vagari
654 2341 861 2394 incipiam
889 2345 993 2393 post

160 2412 317 2450 greges
342 2399 560 2441 sodalium
583 2400 770 2440 tuorum.
807 2397 851 2438 Si
872 2397 992 2446 igno-

161 2469 232 2497 ras
254 2460 316 2506 te,
344 2468 371 2496 o
393 2454 690 2508 pulcherrima
713 2454 826 2494 inter
844 2452 994 2493 mulie-

162 2524 249 2562 res,
278 2510 504 2562 egredere,
534 2515 577 2551 et
595 2510 668 2551 abi
687 2514 791 2562 post
810 2508 995 2558 vestigia

162 2580 355 2618 gregum,
375 2572 419 2608 et
435 2579 570 2620 pasce
583 2565 745 2608 hoedos
760 2570 861 2606 tuos
876 2565 995 2615 juxta

161 2623 446 2665 tabernacula
473 2625 714 2676 pasterum.
768 2620 995 2672 Equitatui

163 2692 263 2720 meo
286 2679 331 2719 in
349 2679 548 2721 curribus
566 2677 811 2720 Pharaenis
830 2676 993 2717 assimi-

162 2735 250 2776 lavi
278 2740 322 2777 te
350 2738 490 2776 amica
516 2748 624 2777 mea.
665 2733 869 2775 Pulchrae
895 2737 996 2773 sunt

1773 230 1865 276 [269]

1035 339 1160 378 genae
1195 330 1284 367 tuae
1321 327 1433 368 sicut
1468 327 1667 369 turturis:
1705 326 1866 368 collum

1035 389 1159 425 tuum
1180 383 1292 423 sicut
1310 382 1499 424 monilia.

1092 443 1143 493 R.
1178 439 1455 480 Beatissimae
1486 439 1681 489 Virginis
1715 439 1867 479 Mariae

1036 494 1438 547 DesponsatiOnem
1458 494 1740 536 devotissime
1757 494 1866 536 cele-

1036 551 1228 592 bremus:
1251 559 1272 578 ⁴
1290 550 1350 591 Ut
1371 550 1467 602 ipsa
1490 563 1573 602 pro
1592 550 1720 592 nobis
1738 550 1866 591 inter-

1038 605 1168 648 cedat
1204 605 1262 647 ad
1293 606 1530 647 Deminum
1565 607 1589 646 J
1592 619 1714 647 esum
1748 606 1867 647 Chri-

1038 667 1165 704 stum.
1194 661 1242 712 ,Υῆ
1260 662 1370 703 Cum
1384 661 1653 714 jucunditate
1668 662 1866 714 Despon-

1039 719 1255 759 sationem
1298 717 1443 759 beatae
1483 718 1634 758 Mariae
1674 717 1868 768 Virginis

1040 774 1324 815 devotissime
1344 773 1628 815 celebremus,
1655 773 1723 814 Ut.

1345 838 1497 879 Lectio
1518 839 1573 877 iii.

1042 888 1350 995 Murenulas
1380 891 1535 929 aureas
1554 888 1763 929 faciemus
1780 887 1870 936 tibi,

1174 944 1482 986 vermiculatas
1516 946 1709 994 argento.
1754 944 1871 984 Dum

1041 1005 1158 1043 esset
1181 1013 1259 1042 rex
1282 1001 1325 1041 in
1351 1000 1556 1042 accubitu
1582 1012 1679 1048 suo,
1708 999 1871 1040 nardus

1040 1069 1138 1098 mea
1157 1055 1280 1098 dedit
1299 1055 1484 1098 odorem
1504 1069 1640 1097 suum.
1669 1056 1870 1096 Fascicu-

1040 1112 1108 1153 lus
1144 1112 1332 1164 myrrhae
1370 1111 1556 1153 dilectus
1591 1124 1716 1152 meus
1752 1111 1871 1160 mihi,

1042 1169 1155 1209 inter
1197 1167 1335 1209 ubera
1376 1180 1475 1209 mea
1517 1167 1871 1209 commorabitur.

1041 1225 1204 1265 Botrus
1230 1224 1362 1276 Cypri
1391 1223 1576 1265 dilectus
1604 1236 1728 1264 meus
1755 1222 1872 1272 mihi,

1041 1281 1086 1320 in
1103 1280 1241 1321 vineis
1259 1279 1472 1330 Engaddi.
1497 1280 1613 1321 Ecce
1628 1284 1676 1321 tu
1689 1278 1873 1331 pulchra

1042 1349 1089 1377 es
1109 1338 1249 1377 amica
1266 1348 1380 1385 mea,
1409 1348 1512 1377 ecce
1535 1340 1583 1377 tu
1606 1335 1790 1388 pulchra
1814 1347 1872 1384 es,

1043 1392 1158 1434 oculi
1173 1392 1237 1434 tui
1252 1391 1563 1434 columbarum.
1585 1392 1703 1432 Ecce
1717 1396 1765 1432 tu
1778 1390 1872 1443 pul—

1043 1448 1146 1489 cher
1166 1461 1213 1489 es
1230 1447 1389 1489 dilecte
1407 1448 1477 1497 mi,
1498 1452 1541 1489 et
1561 1447 1759 1488 decerus.
1794 1447 1873 1487 Le-

1043 1504 1186 1546 ctulus
1205 1509 1355 1545 noster
1370 1502 1568 1545 floridus:
1586 1503 1707 1553 tigna
1722 1502 1872 1544 domo-

1042 1573 1140 1600 rum
1156 1562 1408 1601 nostrarum
1426 1559 1620 1609 cedrina,
1648 1558 1875 1610 laquearia

1043 1621 1195 1657 nostra
1213 1615 1477 1667 cypressina.

1097 1684 1148 1734 R«.
1171 1680 1389 1721 Gloriosae
1407 1679 1602 1730 Virginis
1620 1679 1771 1719 Mariae
1789 1679 1874 1719 De-

1044 1736 1375 1788 sponsationem
1394 1734 1692 1787 dignissimam
1711 1734 1874 1775 recola-

1043 1805 1157 1832 mus:
1188 1796 1210 1819 *
1246 1792 1377 1843 Cujus
1408 1792 1623 1832 Dominus
1659 1789 1874 1830 humilita-

1043 1852 1134 1888 tem
1169 1848 1382 1900 respexit,
1425 1860 1524 1898 quae
1560 1845 1732 1896 Angelo
1768 1859 1874 1886 nun-

1042 1903 1180 1944 tiante
1201 1903 1404 1955 concepit
1422 1902 1693 1944 Salvatorem
1714 1900 1875 1942 mundi.

1048 1957 1096 2007 V.
1113 1959 1389 2000 Beatissimae
1407 1958 1601 2009 Virginis
1619 1958 1771 1998 Mariae
1791 1957 1874 1998 De—

1045 2015 1373 2066 sponsationem
1389 2014 1671 2056 devotissime
1686 2012 1874 2054 celebre-

1043 2084 1152 2111 mus.
1181 2071 1323 2122 Cujus.
1352 2070 1505 2112 Gloria
1518 2069 1647 2111 Patri.
1676 2069 1819 2120 Cujus.

1276 2149 1325 2187 In
1350 2150 1401 2187 II.
1426 2150 1647 2189 Noeturno.

1083 2213 1236 2253 Sermo
1255 2212 1393 2253 sancti
1411 2210 1626 2253 Bernardi
1644 2210 1843 2251 AbbatiS.

1139 2277 1197 2311 Ex
1216 2278 1355 2313 Homil.
1372 2278 1402 2311 2.
1421 2288 1536 2320 super
1552 2276 1696 2311 Missus
1717 2279 1784 2310 est.

1350 2334 1501 2375 Lectio
1523 2334 1575 2373 iv.

1053 2401 1136 2447 {f‘fflxf
1155 2393 1371 2447 portebat
1388 2406 1414 2435 a
1427 2393 1625 2446 principe
1638 2389 1789 2432 mundi
1804 2390 1875 2430 ali-

1075 2445 1137 2501 Ἰ,ζ’,ᾶῡῖ
1157 2496 1158 2512 ¹
1183 2448 1392 2502 quamdiu
1418 2449 1550 2490 celari
1579 2446 1714 2488 divini
1739 2448 1876 2487 consi-

1181 2506 1227 2547 lii
1261 2507 1594 2547 sacramentum:
1632 2515 1720 2543 non
1757 2500 1876 2552 quod

1046 2564 1184 2613 Deus,
1213 2562 1250 2603 si
1274 2562 1421 2615 palam
1445 2573 1558 2612 opus
1584 2572 1710 2599 suum
1734 2558 1877 2598 facere

1046 2619 1196 2666 vellet,
1223 2616 1425 2670 impediri
1448 2627 1582 2668 posse
1609 2614 1664 2656 ab
1688 2613 1763 2654 illo
1790 2625 1875 2653 me-

1045 2679 1204 2717 tueret:
1236 2673 1315 2715 sed
1339 2672 1440 2724 quia
1458 2672 1572 2724 ipse,
1601 2670 1674 2721 qui
1697 2682 1784 2710 non
1808 2681 1875 2709 so-

1046 2731 1135 2772 lum
1154 2732 1374 2783 potenter,
1401 2727 1481 2769 sed
1501 2727 1632 2768 etiam
1655 2724 1874 2777 sapienter
