2080 2990
639 197 847 229 Commune
875 197 1122 229 ‹tonscsmris
1149 206 1224 228 non
1251 195 1459 228 l‘ontilicis.

254 300 376 339 Pater
394 302 558 339 noster.

247 359 488 398 Absoluta».
514 359 659 410 Ipsius
674 358 827 409 pietas.
848 354 894 404 Y.
914 354 1026 396 Jube

196 415 368 457 domne.
421 415 580 454 Bencd.
620 416 740 454 Deus
763 412 906 454 Pater.

194 493 349 533 Sermo
365 491 507 533 sancti
518 491 543 531 J
545 491 698 532 oannis
711 488 1025 542 Chrysostomi.

244 561 280 593 In
308 560 409 593 Orat.
436 559 481 593 dc
507 561 540 593 S.
564 559 809 601 Philo-aonio,
835 564 922 592 tom.
944 559 973 591 13.

497 621 647 661 Lectio
671 621 721 659 iv.

204 686 213 734 ζἸ
234 685 279 730 243,
298 681 394 722 6311
427 681 475 721 N.
510 679 624 728 dies,
661 680 781 730 cujus
815 677 1024 719 festivita-

206 745 211 784 }
230 739 299 791 ᾖξ’
323 742 414 778 16111
456 736 744 784 celebramus,
790 734 847 775 ad
887 734 1025 785 ipsius

200 816 254 818 w
273 801 301 817 μ’
324 798 445 834 recte
465 793 682 833 faeterum
703 790 1026 832 enarrationem

194 849 386 900 linguam
413 853 611 889 nostram
640 847 858 896 evocavit,
895 846 1026 898 siqui-

196 905 297 947 dem
316 905 449 946 hedie
470 904 627 945 beatus
647 904 732 944 iste
746 902 803 944 ad
817 902 1026 953 tranquil-

194 957 297 1006 lam,
327 959 557 1008 omnisque
582 954 929 1008 perturbationis
956 966 1026 995 ex-

194 1015 366 1066 pertem
398 1013 533 1054 vitam
564 1011 756 1053 transiit:
790 1013 933 1062 euque
954 1022 1027 1050 na-

195 1070 358 1121 vigium
383 1068 570 1121 appulit,
599 1067 674 1109 ubi
703 1066 912 1118 deinceps
937 1078 1027 1107 non

194 1125 361 1178 peterit
392 1127 590 1166 metuere
618 1123 910 1175 naufragium,
947 1135 1028 1163 nec

194 1182 329 1223 ullam
357 1181 489 1222 animi
518 1180 916 1233 perturbationem,
953 1183 1029 1219 aut

195 1237 407 1279 dolerem.
435 1238 491 1278 Et
512 1236 619 1288 quid
637 1236 797 1277 mirum
817 1240 895 1285 est,
912 1235 950 1276 si
967 1234 1028 1275 10-

195 1307 272 1335 6118
300 1294 375 1335 1116
402 1306 540 1346 purus
570 1297 638 1334 est
666 1292 720 1334 ab
750 1292 869 1333 omni
896 1291 1028 1332 mole-

196 1351 280 1392 stia
300 1350 448 1399 animi,
475 1362 575 1390 cum
594 1348 756 1390 Paulus
778 1347 1029 1389 hominibus

196 1406 340 1448 adhuc
373 1406 418 1446 in
447 1405 531 1446 hac
558 1405 648 1446 vita
677 1404 938 1455 degentibus
967 1403 1029 1444 10-

198 1475 336 1514 quens
366 1462 499 1503 dicat:
530 1461 714 1513 Semper
741 1460 947 1511 gaudete,
976 1459 1029 1500 si-

196 1532 251 1560 ne
271 1518 597 1560 intermissione
617 1516 762 1559 orate?

249 1581 297 1631 R.
328 1579 575 1619 Honestum
603 1578 707 1619 fecit
731 1577 855 1618 illum
880 1576 1029 1617 Demi-

197 1648 291 1685 11118,
320 1639 363 1676 61
382 1634 622 1676 custodivit
641 1646 741 1675 eum
759 1633 814 1674 ab
834 1632 1030 1680 inimicis,

199 1696 243 1733 et
270 1704 295 1731 a
321 1690 631 1732 seductoribus
658 1689 820 1731 tutavit
844 1689 981 1730 illum:
1004 1690 1026 1713 *

197 1747 255 1788 Et
288 1746 411 1788 dedit
441 1745 503 1787 illi
535 1746 781 1787 claritatem
809 1746 1031 1786 aeternam.

196 1799 246 1849 Y.
282 1803 457 1844 Justum
488 1801 672 1844 deduxit
703 1802 920 1843 Deminus
952 1813 1032 1853 per

198 1859 292 1900 vias
313 1863 468 1908 rectas,
491 1863 535 1900 61
555 1858 750 1899 ostendit
767 1858 831 1898 illi
849 1870 1032 1909 regnum

199 1916 293 1956 Dei.
336 1916 394 1956 Et
413 1914 546 1956 dedit.

254 1972 410 2011 lic-ned.
443 1971 646 2012 Christus
665 1972 907 2023 perpetuae.

512 2032 663 2071 Lectio
686 2046 720 2070 v.

200 2074 379 2197 Quod
399 2092 436 2133 si
455 2092 538 2141 hic,
558 2091 635 2132 ubi
653 2092 807 2142 morbi,
826 2092 903 2134 ubi
921 2092 1032 2134 inse-

299 2148 527 2197 ctati6nes,
540 2147 617 2189 ubi
631 2151 913 2199 praematurae
928 2160 1034 2189 mor-

201 2209 281 2253 tes,
299 2203 375 2245 ubi
396 2203 637 2252 calumniae,
656 2204 732 2245 ubi
750 2204 939 2254 invidiae,
959 2204 1034 2246 ubi

201 2259 576 2313 perturbatienes,
603 2259 680 2300 ubi
699 2260 794 2310 irae,
819 2260 895 2302 ubi
915 2261 1033 2314 cupi-

204 2316 377 2366 ditates,
397 2315 474 2357 ubi
490 2316 830 2358 innumerabiles
849 2316 1032 2366 insidiae,

205 2372 281 2414 ubi
306 2371 576 2424 quotidianae
598 2371 932 2422 sollicitudines,
958 2372 1035 2414 ubi

202 2430 419 2480 perpetua
435 2427 607 2479 sibique
623 2427 905 2469 succedentia
919 2428 1035 2469 mala

205 2488 318 2533 sunt,
338 2484 593 2525 innumeros
613 2495 667 2525 ex
683 2484 802 2524 omni
816 2489 943 2536 parte
959 2484 1035 2526 do-

204 2540 322 2581 lores
347 2539 591 2589 afferentia,
614 2539 778 2580 Paulus
803 2539 914 2582 dixit
939 2540 1036 2582 fieri

204 2608 354 2648 posse,
387 2600 435 2636 ut
468 2608 642 2648 semper
674 2594 961 2646 gaudeamus,
999 2597 1035 2637 si

207 2652 304 2704 quis
322 2651 549 2704 paululum
566 2664 621 2693 ex
637 2664 784 2693 rerum
798 2650 1035 2693 mundana-

207 2722 304 2750 rum
332 2707 540 2749 fluctibus
571 2707 761 2749 erexerit
794 2713 943 2759 caput,
975 2708 1035 2749 vi-

1079 293 1259 342 tamque
1287 302 1412 331 suam
1444 295 1565 332 recte
1594 291 1908 344 composuerit:

1079 346 1219 387 multo
1235 346 1387 398 magis,
1405 351 1644 399 postquam
1656 347 1759 389 111116
1775 347 1909 389 demi-

1079 403 1365 455 graverimus,
1405 403 1532 444 facile
1564 404 1796 455 compotes
1829 404 1908 444 eri-

1078 472 1176 500 mus
1210 460 1299 510 ejus
1330 459 1450 509 boni,
1491 471 1591 500 cum
1627 459 1724 501 haec
1764 459 1910 500 emnia

1079 514 1253 557 sublata
1275 515 1453 565 fuerint,
1478 514 1665 557 adversa
1688 515 1910 566 valetudo,

1079 571 1240 621 morbi,
1264 571 1482 624 peccandi
1498 571 1698 621 materia,
1725 566 1802 613 ubi
1820 584 1909 613 non

1080 632 1147 669 est
1165 640 1312 669 meum
1335 640 1386 669 36
1409 633 1549 677 11111111,
1576 626 1783 679 frigidum
1801 627 1911 669 illud

1079 683 1279 733 verbum,
1308 689 1352 725 et
1373 683 1590 735 quidquid
1610 688 1677 725 est
1694 683 1911 725 maletum

1079 740 1124 780 in
1149 740 1285 781 vitam
1310 745 1508 781 nostram
1534 739 1762 790 invehens,
1789 739 1910 780 innu-

1079 808 1289 848 meraque
1308 796 1492 847 gignens
1511 796 1638 837 bella.

1131 856 1181 907 R.
1204 852 1384 893 Amavit
1403 865 1504 893 eum
1523 852 1758 902 Dominus,
1781 856 1825 894 et
1844 864 1911 893 or-

1078 909 1201 950 navit
1233 921 1351 950 eum:
1393 908 1554 949 stolam
1585 908 1739 959 gleriae
1771 907 1912 950 induit

1081 978 1191 1014 eum,
1206 969 1227 991 *
1251 965 1308 1006 Et
1327 964 1383 1005 ad
1402 969 1555 1016 portas
1575 964 1771 1017 paradisi
1788 977 1911 1006 coro-

1080 1021 1201 1062 navit
1230 1034 1340 1062 611111.
1380 1018 1428 1069 Χῖ.
1458 1020 1608 1062 Induit
1635 1033 1736 1062 eum
1762 1021 1911 1062 Demi·

1079 1090 1161 1118 nus
1180 1077 1364 1118 loricam
1383 1076 1504 1125 fidei,
1533 1082 1576 1118 et
1603 1077 1776 1118 ornavit
1801 1090 1911 1118 eum.

1079 1134 1138 1175 Et
1158 1133 1215 1175 ad
1233 1138 1399 1185 portas.

1138 1192 1294 1233 Bcned.
1325 1192 1480 1240 Ignem
1499 1189 1566 1230 sui
1585 1189 1758 1230 ameris.

1387 1249 1539 1289 Lectio
1563 1247 1614 1286 vi.

1169 1301 1429 1343 uam6brem
1450 1302 1752 1355 maximepere
1771 1303 1915 1353 gratu-

1178 1358 1245 1399 lor
1264 1358 1391 1410 hujus
1407 1359 1549 1399 sancti
1562 1358 1773 1409 felicitati,
1794 1358 1915 1409 quod

1084 1427 1351 1467 quamquam
1381 1414 1621 1456 translatus
1653 1419 1738 1465 est,
1780 1418 1915 1465 atque

1082 1471 1206 1520 hanc,
1228 1483 1328 1522 quae
1347 1470 1467 1522 apud
1485 1483 1568 1512 nos
1589 1476 1667 1521 est,
1691 1470 1916 1512 civitatem

1084 1527 1276 1578 reliquit,
1305 1532 1453 1568 tamen
1477 1527 1521 1567 in
1545 1526 1729 1569 alteram
1753 1525 1916 1568 adscri-

1083 1588 1186 1635 ptus
1207 1587 1275 1624 681
1294 1583 1535 1633 civitatem,
1563 1596 1723 1636 nempe
1741 1583 1842 1625 Dei:
1871 1587 1916 1624 et

1085 1638 1309 1690 digressus
1326 1638 1381 1680 ab
1396 1638 1479 1680 hac
1493 1638 1704 1690 Ecclesia,
1724 1638 1782 1680 ad
1795 1638 1916 1679 illam

1084 1695 1296 1747 pervenit,
1317 1707 1416 1746 quae
1436 1700 1503 1736 est
1522 1695 1917 1747 primogenitemm

1085 1750 1412 1803 descriptorum
1435 1751 1482 1791 in
1506 1750 1648 1792 coelis:
1673 1763 1725 1792 36
1749 1750 1916 1792 relictis

1084 1806 1206 1848 hisce
1232 1806 1372 1856 festis,
1403 1807 1579 1848 transiit
1607 1806 1666 1848 ad
1688 1806 1917 1848 celebrita-

1084 1867 1175 1904 tem
1201 1862 1485 1914 Angelerum.
1519 1863 1696 1905 Etenim
1725 1862 1847 1914 quod
1873 1867 1918 1904 61

1086 1919 1241 1960 civitas
1263 1932 1437 1960 sursum
1460 1919 1534 1969 sit,
1562 1924 1606 1960 et
1627 1918 1844 1968 Ecclesia,
1872 1923 1917 1960 61

1085 1974 1336 2025 celebritas,
1356 1975 1460 2017 audi
1477 1975 1663 2016 Paulum
1682 1975 1917 2017 dicentem:

1085 2031 1350 2073 Accessistis
1365 2031 1423 2073 ad
1438 2032 1664 2073 civitatem
1675 2031 1761 2072 Dei
1771 2030 1916 2071 viven-

1086 2088 1158 2137 tis,
1180 2088 1426 2129 Jerusalem
1445 2087 1688 2137 coelestem,
1708 2091 1752 2128 61
1767 2086 1917 2128 Ε6616-

1088 2143 1198 2184 siam
1218 2144 1556 2196 primitivorum,
1583 2143 1659 2195 qui
1677 2143 1919 2195 conscripti

1088 2205 1191 2241 sunt
1210 2200 1254 2240 in
1273 2199 1409 2250 coelis,
1431 2204 1476 2241 et
1495 2199 1551 2241 ad
1567 2198 1807 2241 multorum
1825 2198 1917 2239 mil·

1086 2256 1193 2297 lium
1212 2255 1484 2307 Angelerum
1503 2255 1806 2308 frequentiam.

1140 2315 1189 2365 R.
1211 2312 1302 2354 Iste
1317 2311 1449 2353 homo
1464 2311 1650 2364 perfecit
1661 2311 1808 2352 emnia
1819 2323 1918 2363 quae

1085 2372 1262 2413 locutus
1294 2373 1362 2409 681
1395 2370 1435 2409 61
1466 2368 1605 2417 1)6118,
1641 2371 1685 2409 61
1719 2366 1830 2409 dixit
1862 2367 1918 2408 ad

1089 2440 1204 2469 eum:
1221 2424 1460 2476 Ingredere
1479 2424 1523 2464 in
1543 2423 1741 2475 requiem
1759 2435 1919 2464 meam:

1088 2484 1109 2506 ²⁸
1141 2482 1253 2533 Quia
1280 2485 1325 2522 te
1353 2480 1445 2521 vidi
1471 2480 1634 2532 justum
1669 2492 1820 2521 coram
1848 2492 1919 2521 me

1089 2552 1143 2581 ex
1169 2536 1372 2579 emnibus
1401 2535 1618 2587 gentibus.
1659 2531 1709 2582 Y.
1738 2536 1828 2577 Iste
1852 2540 1919 2577 est

1089 2595 1165 2647 qui
1197 2593 1463 2644 contempsit
1496 2592 1633 2634 vitam
1666 2591 1836 2642 mundi,
1875 2596 1919 2633 et

1088 2650 1291 2703 pervenit
1314 2648 1371 2690 ad
1391 2648 1591 2690 coelestia
1612 2661 1758 2699 regna.
1795 2647 1918 2698 Quia.

1090 2706 1243 2748 Gloria
1261 2705 1393 2747 Patri.
1422 2705 1545 2755 Quia.
