2080 2990
787 1101 1206 1130 ——qo-aezffim‘

217 1205 279 1246 In
303 1203 504 1254 Vigiliis
530 1203 902 1254 Apostolorum.

192 1272 369 1308 Officium
385 1274 426 1309 fit
441 1275 488 1309 de
502 1275 614 1310 Feria
632 1276 805 1319 exceptis
819 1276 920 1311 Leet.
938 1281 974 1311 et

148 1320 260 1366 Orat„
286 1333 373 1366 quae
391 1323 430 1357 in
447 1324 617 1367 propriis
634 1324 732 1359 locis
750 1329 940 1360 notantur.

189 1373 267 1409 Ubi
277 1385 370 1410 vero
383 1386 461 1410 non
475 1381 563 1412 sunt
576 1379 746 1422 propriae
756 1380 868 1423 Lect,
882 1379 974 1422 legi-

147 1425 210 1457 tur
223 1422 478 1468 Evangelium
496 1436 581 1460 cum
598 1426 771 1463 Homilia
788 1427 974 1472 sequenti.

148 1479 306 1522 Lectio
326 1480 478 1578 sanct}
490 1478 715 1578 {vangelii
736 1477 976 1520 secundum

480 1549 506 1578 0
537 1548 678 1577 nnem.

224 1600 378 1642 Lectio
398 1602 422 1643 i.
662 1605 765 1657 Cap.
782 1606 839 1646 15.
858 1606 897 1647 b.

148 1656 226 1764 In
254 1657 330 1700 illo
359 1660 574 1712 tempore:
600 1658 732 1699 -Dixit
758 1657 886 1699 Jesus
915 1655 975 1697 di-

224 1714 405 1767 scipulis
440 1716 545 1757 suis:
580 1715 681 1756 Hoc
716 1719 783 1756 est
814 1714 977 1766 praece-

148 1774 274 1823 ptum
294 1785 456 1823 meum,
482 1777 531 1814 ut
559 1771 751 1822 diligetis
779 1770 975 1820 invicem,

149 1827 263 1869 sieut
282 1827 415 1870 dilexi
434 1841 524 1870 vos.
552 1829 610 1870 Et
628 1827 810 1879 reliqua.

243 1902 437 1947 Homilia
455 1902 494 1943 S.
515 1901 719 1952 Gregorii
736 1901 881 1953 Papae.

292 1970 463 2005 Homilia
479 1971 531 2006 27.
548 1972 588 2006 in
603 1972 828 2017 Evangelia.

207 2063 224 2074 -
380 2030 382 2033 ’
397 2030 471 2060 um
486 2023 644 2060 cuncta
659 2031 784 2060 sacra
802 2017 976 2070 eloquia

300 2075 314 2082 ⁴
426 2075 670 2117 Dominicis
714 2075 845 2128 plena
891 2074 976 2115 sint

188 2103 197 2123 ,s
235 2106 248 2120 (r
264 2105 274 2113 ‘¹
309 2103 335 2125 Ὺ,

184 2124 188 2134 ’
230 2110 352 2184 '5⁵
426 2132 682 2185 praeceptis,
746 2131 852 2184 quid
910 2135 976 2172 est

185 2211 222 2248 {Q
239 2181 359 2244 (ῧξῗῗῗ
430 2189 550 2241 quod
612 2188 667 2230 de
730 2188 976 2237 dilectione,

429 2245 554 2298 quasi
569 2245 624 2287 de
639 2245 847 2296 singulari
859 2257 975 2286 man-

151 2300 268 2352 dato,
285 2302 502 2343 Dominus
522 2301 638 2352 dicit,
663 2302 762 2343 Hoc
782 2307 849 2343 est
867 2314 976 2354 prae-

152 2358 327 2410 ceptum
340 2372 496 2409 meum,
511 2363 559 2400 ut
574 2358 762 2410 diligatis
776 2358 977 2400 invicem:

73 2413 75 2415 ’
152 2414 235 2455 nisi
254 2415 355 2467 quia
375 2428 504 2457 omne
522 2414 778 2456 mandatum
799 2414 854 2457 de
883 2414 977 2456 sola

153 2469 385 2513 dilectione
401 2477 481 2514 est:
501 2476 544 2514 et
559 2472 704 2513 omnia
719 2484 853 2513 unum
867 2484 976 2524 prae-

153 2528 329 2579 ceptum
347 2526 469 2570 sunt?
497 2528 599 2581 quia
627 2528 840 2581 quidquid
866 2541 976 2581 prae-

153 2583 322 2636 cipitur,
348 2584 394 2625 in
421 2585 516 2627 sola
543 2586 726 2627 caritate
754 2584 976 2627 solidatur.

152 2639 212 2681 Ut
227 2640 342 2681 enim
360 2641 485 2683 multi
504 2642 674 2683 arboris
693 2642 802 2683 rami
821 2655 875 2683 ex
892 2654 977 2682 una

153 2696 301 2738 radice
325 2697 559 2750 prodeunt:
587 2699 651 2740 sic
673 2699 822 2740 multae
846 2698 975 2739 virtu-

152 2757 219 2795 tes
235 2766 289 2795 ex
303 2767 389 2796 una
404 2755 584 2798 caritate
598 2755 977 2807 generanturNec

306 2897 370 2923 Pars
385 2898 519 2924 Hiemalis.

1031 1198 1164 1239 habet
1174 1195 1339 1248 aliquid
1350 1195 1582 1237 viriditatis
1593 1207 1739 1236 ramus
1751 1193 1856 1234 boni

1032 1254 1195 1308 operis,
1223 1253 1260 1294 si
1287 1265 1375 1294 non
1393 1257 1541 1294 manet
1558 1252 1602 1292 in
1621 1250 1769 1293 radice
1789 1263 1855 1291 ca-

1031 1311 1183 1353 ritetis.

1076 1376 1155 1420 ER„
1174 1376 1221 1411 de
1239 1377 1350 1411 Feria
1366 1387 1436 1421 pro
1455 1380 1636 1420 tempore.

1338 1439 1489 1481 Lectio
1519 1440 1557 1479 ii.

1118 1498 1312 1549 raecepta
1327 1507 1431 1546 ergo
1446 1494 1677 1536 Dominica
1692 1499 1735 1536 et
1750 1493 1856 1536 mul-

1133 1558 1179 1595 ta
1206 1558 1322 1603 sunt,
1358 1557 1402 1594 et
1429 1565 1578 1593 unum:
1614 1552 1750 1593 multa
1778 1565 1857 1605 per

1031 1610 1332 1652 diversitatem
1361 1609 1523 1662 operiS,
1558 1621 1693 1650 unum
1721 1609 1765 1649 in
1792 1622 1856 1649 ra-

1031 1666 1128 1708 dice
1166 1666 1421 1708 dilectionis.
1475 1665 1671 1716 Qualiter
1711 1670 1856 1707 autem

1029 1723 1114 1764 ista
1133 1722 1309 1765 dilectio
1332 1722 1521 1764 tenenda
1541 1722 1611 1773 sit,
1640 1722 1734 1774 ipse
1758 1722 1855 1763 insi-

1030 1784 1156 1829 nuat,
1194 1780 1267 1832 qui
1293 1780 1338 1820 in
1370 1779 1591 1832 plerisque
1618 1779 1856 1831 Scripturae

1030 1850 1122 1878 suae
1139 1836 1378 1885 sententiis,
1409 1840 1452 1876 et
1474 1837 1638 1876 amicos
1657 1834 1776 1886 jubet
1796 1834 1855 1876 di-

1029 1893 1105 1944 ligi
1129 1893 1173 1933 in
1199 1905 1262 1942 se,
1298 1897 1342 1934 et
1365 1892 1563 1933 inimicos
1589 1896 1770 1944 propter
1798 1904 1855 1933 se.

1029 1949 1110 1991 Ille
1138 1949 1252 1990 enim
1280 1948 1494 1990 vereciter
1525 1948 1751 1989 caritatem
1783 1948 1854 1989 ha-

1029 2005 1120 2055 bet,
1150 2006 1224 2058 qui
1250 2010 1292 2046 et
1315 2007 1503 2046 amicum
1528 2004 1667 2056 diligit
1684 2005 1728 2045 in
1747 2005 1854 2055 Deo,

1031 2067 1074 2104 et
1092 2062 1315 2103 inimicum
1340 2061 1480 2112 diligit
1500 2067 1684 2114 propter
1702 2062 1855 2103 Deum.

1028 2119 1144 2160 Nam
1176 2123 1276 2160 sunt
1307 2117 1520 2170 nonnulli,
1567 2118 1641 2171 qui
1672 2118 1856 2169 diligunt

1028 2175 1265 2228 proximos,
1285 2174 1364 2216 sed
1382 2188 1462 2228 per
1479 2175 1684 2217 affectum
1700 2188 1854 2227 cogna-

1028 2232 1159 2273 tionis
1187 2236 1231 2273 et
1259 2231 1418 2273 carnis:
1453 2232 1610 2284 quibus
1638 2236 1784 2274 tamen
1811 2233 1855 2273 in

1029 2288 1112 2330 hac
1144 2288 1379 2330 dilectione
1411 2301 1535 2330 sacra
1565 2289 1739 2342 eloquia
1768 2302 1855 2330 non

1031 2345 1351 2387 contradicunt:
1388 2345 1467 2386 sed
1494 2345 1612 2387 eliud
1640 2350 1707 2387 est
1736 2345 1855 2398 quod

1030 2406 1189 2454 sponte
1216 2401 1483 2454 impenditur
1514 2405 1700 2453 naturae,
1737 2402 1855 2443 eliud

1032 2458 1152 2511 quod
1170 2458 1406 2511 praeceptis
1421 2459 1661 2500 Dominicis
1677 2472 1730 2500 ex
1750 2459 1854 2500 cari—

1030 2516 1121 2557 tate
1141 2514 1326 2557 debetur
1344 2514 1616 2557 obedientiae.

1326 2581 1477 2623 Lectio
1505 2581 1559 2621 iii.

1030 2633 1140 2739 Hi
1171 2642 1373 2684 nimirum
1405 2646 1448 2683 et
1482 2641 1731 2694 proximum
1763 2640 1852 2681 dssi-

1149 2703 1272 2750 gunt,
1310 2704 1354 2740 et
1380 2703 1526 2740 tamen
1552 2697 1626 2738 illa
1653 2696 1853 2738 sublimia

1031 2754 1276 2796 dilectionis
1301 2755 1484 2808 praemia
1503 2766 1592 2796 non
1617 2755 1852 2805 assequun-
