2040 2990
243 303 349 353 Quia
378 301 519 342 anima
547 300 637 351 eius
674 300 716 340 in
750 299 838 340 vita
874 298 1010 351 ipsius

191 358 486 401 benedicetur:
496 358 519 381 *
530 355 806 398 confitebitur
819 354 898 397 tibi
914 367 1010 395 cum

193 414 458 457 benefeceris
479 414 528 454 ei.

242 470 444 512 Introibit
462 482 600 522 usque
620 469 662 509 in
685 467 916 521 progenies
938 480 1011 519 pa-

191 534 304 570 trum
330 529 524 573 suorum,
543 527 566 551 *
592 531 635 567 et
659 537 796 577 usque
822 524 864 564 in
889 525 1010 565 aeter-

191 597 293 626 num
312 597 403 625 non
420 582 584 624 videbit
602 582 755 623 lumen.

243 641 400 689 Homo,
416 653 512 681 cum
532 639 573 679 in
595 638 761 679 honore
781 642 908 686 esset,
924 649 1011 677 non

190 696 414 738 intellexit:
431 697 453 721 *
474 697 750 748 comparatus
769 699 835 735 est
854 694 1011 745 jumen-

191 753 247 795 tis
275 751 595 805 insipientibus,
624 758 666 792 et
694 750 844 791 similis
873 750 1011 791 faetus

193 815 259 851 est
277 809 372 850 illis,

250 871 280 908 A
289 876 343 908 nt.
375 867 551 915 Magnus
571 864 782 905 Dominus
805 868 847 904 et
866 861 1012 903 lauda-

193 922 291 965 bilis
314 922 450 963 nimis.

251 982 344 1020 Ant.
376 980 491 1019 Deus
520 977 712 1019 deorum.

466 1036 658 1076 psalmus
678 1038 742 1074 49.

197 1089 356 1193 Deus
385 1093 565 1134 deorum
594 1092 805 1133 Dominus
841 1091 1012 1133 locutus

304 1155 387 1192 est:
411 1151 434 1176 *
454 1155 497 1191 et
520 1149 693 1190 vocavit
714 1154 885 1190 terram.

248 1207 286 1246 A
309 1206 413 1247 solis
433 1211 531 1247 ortu
557 1218 694 1258 usque
714 1204 769 1246 ad
791 1206 1014 1245 occasum:

196 1263 218 1288 *
237 1275 291 1304 ex
309 1262 411 1303 Sion
431 1262 598 1314 species
619 1261 789 1303 decoris
813 1261 912 1313 ejus.

247 1319 366 1360 Deus
399 1318 624 1360 manifeste
656 1318 813 1359 veniet:
840 1319 863 1343 *
889 1318 1015 1376 'Deus

196 1381 343 1417 noster
363 1381 405 1416 et
424 1388 511 1416 non
532 1374 684 1416 silebit.

248 1432 365 1482 Ignis
390 1432 432 1472 in
459 1433 696 1484 conspectu
723 1431 812 1482 ejus
838 1430 1015 1472 exarde-

198 1493 309 1529 scet:
336 1489 358 1512 *
388 1494 430 1529 et
457 1488 499 1528 in
528 1488 708 1529 circuitu
737 1488 826 1539 ejus
854 1489 1015 1539 tempe-

198 1550 288 1585 stas
307 1544 459 1585 valida.

251 1599 499 1642 Advocabit
515 1600 672 1641 coelum
688 1599 963 1641 desursumz*
975 1607 1017 1642 et

198 1661 358 1698 terram
377 1656 624 1698 discernere
649 1656 859 1708 pepulum
884 1670 1017 1698 suum.

251 1712 524 1763 Congregate
557 1712 618 1753 illi
653 1718 827 1754 sanctos
857 1714 965 1764 ejus:
993 1716 1016 1740 *

200 1769 270 1820 qui
322 1768 521 1810 ordinant
571 1771 877 1811 testamentum
926 1771 1015 1821 ejus

201 1837 330 1877 super
355 1825 576 1866 sacrificia.

251 1881 304 1922 Et
336 1881 647 1923 annuntiabunt
681 1882 781 1923 coeli
814 1883 1017 1933 justitiam

201 1937 306 1987 ejus:
328 1940 350 1963 *
372 1938 572 1989 queniam
596 1938 713 1979 Deus
735 1938 863 1989 judex
885 1946 961 1981 est.

252 1992 364 2034 Audi
393 1993 581 2046 populus
608 2007 747 2043 meuS,
776 2001 818 2036 et
846 1995 1018 2048 loquar:

201 2048 350 2097 Israel,
381 2055 422 2091 et
446 2050 717 2091 testificabor
740 2051 836 2092 tibi:
855 2054 878 2078 *
901 2053 1018 2094 Deus

203 2104 320 2146 Deus
342 2111 440 2147 tuus
461 2119 542 2156 ego
564 2119 668 2147 sum.

252 2161 349 2202 Non
387 2162 429 2202 in
469 2162 692 2203 sacrificiis
723 2163 807 2204 tuis
843 2166 1019 2214 arguam

202 2222 263 2258 te:
283 2220 305 2243 *
325 2218 578 2260 holocausta
598 2225 741 2260 autem
760 2226 832 2260 tua
859 2221 900 2260 in
921 2234 1019 2262 con-

204 2276 355 2326 spectu
373 2287 471 2316 meo
494 2281 592 2317 sunt
612 2287 795 2327 semper.

255 2330 351 2371 Non
372 2332 581 2383 accipiam
601 2330 655 2372 de
676 2331 808 2372 domo
827 2338 898 2373 tua
917 2336 1020 2374 vitu-

205 2385 462 2439 los:*neque
478 2387 532 2428 de
548 2386 751 2437 gregibus
766 2388 851 2429 tuis
868 2388 1021 2431 hircos

258 2444 466 2491 Quoniam
490 2456 599 2485 meae
627 2450 724 2485 sunt
747 2457 896 2485 omnes
921 2446 1021 2487 ferae

207 2498 454 2547 silvarum*
474 2500 660 2550 jumenta
680 2500 721 2539 in
741 2500 959 2542 montibus
981 2508 1023 2544 et

206 2553 352 2595 boves

259 2611 453 2660 Cognovi
478 2612 621 2652 omnia
647 2611 836 2652 volatilia
865 2612 982 2662 coeli:
1001 2616 1023 2641 *

208 2671 250 2707 et
269 2666 546 2717 pulchritudo
567 2668 658 2716 agri
679 2680 847 2708 mecum
871 2675 946 2710 est.

259 2722 302 2763 Si
337 2724 546 2771 esuriero,
584 2736 669 2764 non
709 2723 849 2765 dicam
880 2724 974 2766 tibi:
1002 2728 1023 2753 *

756 203 861 236 Feriu
888 203 996 236 tertia
1024 202 1070 235 ad
1099 202 1331 235 Matutinum.

1063 310 1185 338 meus
1206 302 1273 338 est
1293 296 1407 337 enim
1427 295 1546 338 orbis
1565 299 1717 344 terrae,
1737 299 1781 336 et
1799 294 1887 347 ple-

1063 353 1216 395 nitudo
1238 353 1339 404 ejus.

1114 409 1337 462 Numquid
1399 407 1674 449 manducabo
1735 420 1888 450 carnes

1063 465 1310 508 taurorum?
1330 467 1353 492 *
1373 470 1446 506 aut
1475 465 1730 515 sanguinem
1749 463 1889 506 hirco—

1065 537 1158 564 rum
1177 522 1368 575 potabo?

1114 579 1254 620 Iffiola
1273 579 1369 620 Deo
1399 577 1660 619 sacrificium
1685 577 1846 620 laudis:
1865 580 1889 605 *

1065 642 1108 678 et
1128 635 1263 677 redde
1284 635 1510 677 Altissimo
1530 639 1634 676 vota
1653 640 1739 676 tua.

1116 693 1171 734 Et
1210 694 1364 733 invoca
1404 704 1474 732 me
1518 691 1562 732 in
1604 691 1674 732 die
1713 691 1889 733 tribula·

1064 750 1209 791 tionis:
1236 751 1259 775 *
1287 751 1435 790 eruam
1467 753 1526 798 te,
1559 753 1603 790 et
1631 747 1889 790 honorifica-

1064 806 1132 848 bis
1159 819 1240 847 me.

1116 862 1344 904 Peccatori
1377 867 1522 903 autem
1556 860 1666 903 dixit
1695 861 1836 903 Deus:
1865 865 1890 888 *

1066 921 1209 970 Quare
1228 924 1276 961 tu
1296 920 1473 960 enarras
1493 917 1676 969 justitias
1695 930 1828 968 meas,
1847 924 1890 960 et

1066 976 1250 1017 assumis
1284 977 1594 1017 testamentum
1629 987 1774 1016 meum
1809 987 1890 1028 per

1069 1046 1118 1074 os
1139 1032 1285 1074 tuum?

1118 1090 1187 1131 Tu
1207 1102 1314 1130 vero
1335 1088 1465 1130 odisti
1492 1087 1781 1141 disciplinam:
1799 1090 1824 1115 *
1847 1093 1891 1130 et

1066 1146 1288 1199 projecisti
1321 1147 1545 1187 sermones
1577 1157 1701 1186 meos
1734 1147 1893 1187 retror-

1068 1217 1180 1244 sum:

1120 1260 1163 1301 Si
1183 1258 1363 1300 videbas
1386 1258 1542 1308 furem,
1569 1257 1776 1300 currebas
1795 1271 1894 1300 cum

1069 1329 1141 1358 eo:
1161 1318 1184 1343 *
1212 1321 1256 1357 et
1284 1328 1382 1356 cum
1410 1314 1619 1357 adulteris
1646 1315 1895 1368 portionem

1067 1379 1187 1415 tuam
1205 1371 1413 1425 ponebas.

1121 1429 1182 1471 Os
1207 1434 1329 1471 tuum
1354 1427 1592 1470 abundavit
1609 1427 1791 1470 malitia:
1808 1430 1832 1456 *
1853 1433 1896 1470 et

1069 1487 1214 1537 lingua
1231 1491 1306 1527 tua
1326 1484 1616 1527 concinnabat
1635 1484 1774 1527 dolos„

1121 1542 1286 1585 Sedens
1318 1541 1530 1584 adversus
1560 1541 1739 1584 fratrem
1772 1548 1896 1585 tuum

1068 1599 1337 1652 loquebaris,
1360 1604 1403 1640 et
1423 1597 1634 1640 adversus
1653 1598 1791 1640 filium
1807 1613 1895 1642 ma-

1070 1657 1148 1698 tris
1162 1662 1249 1698 tuae
1265 1655 1462 1709 ponebas
1477 1654 1750 1697 scandalum:
1761 1657 1785 1683 *
1799 1655 1897 1698 haec

1071 1713 1221 1761 fecisti,
1242 1718 1285 1754 et
1304 1712 1431 1754 tacui.

1123 1769 1392 1811 Existimasti
1414 1769 1562 1821 inique
1588 1768 1707 1822 quod
1733 1781 1808 1810 ero
1832 1769 1896 1811 tui

1071 1826 1239 1867 similis:
1262 1828 1285 1853 *
1321 1828 1501 1877 arguam
1531 1830 1596 1875 te,
1630 1830 1674 1867 et
1706 1827 1895 1868 statuam

1072 1888 1222 1924 contra
1245 1883 1399 1924 faciem
1417 1888 1548 1924 tuam.
1930 1891 1932 1894 ·

1123 1939 1356 1989 Intelligite
1380 1939 1475 1981 haec
1499 1939 1572 1992 qui
1592 1938 1895 1980 obliviscimini

1075 1996 1231 2037 Deum:
1249 1998 1272 2022 *
1299 1996 1532 2048 nequando
1558 1995 1716 2048 rapiat,
1740 1999 1783 2037 et
1808 2008 1895 2037 non

1072 2053 1127 2094 sit
1148 2052 1221 2104 qui
1242 2053 1406 2105 eripiat.

1122 2109 1390 2150 Sacrificium
1419 2109 1559 2151 laudis
1588 2108 1896 2151 honorificabit

1072 2178 1160 2206 me:
1181 2167 1204 2191 *
1234 2170 1276 2206 et
1303 2165 1390 2206 illic
1420 2167 1520 2215 iter,
1551 2179 1638 2218 quo
1668 2165 1896 2207 ostendam

1074 2221 1133 2262 illi
1154 2221 1343 2262 salutare
1367 2223 1458 2264 Dei.

1345 2279 1541 2320 l'salmus
1570 2281 1628 2319 51.

1073 2317 1229 2439 Quid
1266 2334 1535 2389 gloriarisstn
1564 2335 1745 2384 malitia,
1773 2338 1796 2362 *
1826 2336 1898 2388 qui

1187 2396 1344 2442 potens
1365 2404 1410 2431 es
1430 2392 1472 2432 in
1492 2391 1744 2444 iniquitate?

1126 2447 1241 2488 Tota
1285 2446 1354 2488 die
1400 2448 1650 2499 injustitiam
1691 2448 1899 2499 cogitavit

1075 2503 1218 2552 lingua
1240 2508 1333 2544 tua:
1352 2506 1374 2530 *
1395 2504 1506 2546 sicut
1532 2505 1745 2547 novacula
1771 2508 1898 2547 acuta

1076 2559 1214 2600 fecisti
1236 2558 1394 2599 dolum.

1128 2614 1328 2656 Dilexisti
1343 2615 1550 2657 malitiam
1566 2630 1696 2669 super
1707 2617 1898 2668 benigni-

1076 2673 1229 2712 tatem:
1253 2673 1276 2697 *
1303 2671 1574 2723 iniquitatem
1602 2674 1740 2725 magis
1770 2687 1899 2727 quam

1077 2727 1196 2779 loqui
1226 2728 1486 2779 aequitatem.
