2080 2990
611 211 820 245 Commune
847 211 1093 245 Confessoris
1119 221 1193 244 non
1220 211 1428 244 Pontiticis.

381 312 430 350 In
455 312 525 351 ΙΙΙ.
555 312 778 351 Nocturno.

220 376 319 416 Ant.
353 374 555 423 Domine,
578 373 705 414 *iste
729 377 907 414 sanctus
926 371 998 412 ha-

169 431 329 474 bitabit
353 431 398 471 in
419 429 706 471 tabernaculo
725 433 821 478 tuo,
848 429 999 480 opera-

170 493 241 530 tus
287 491 354 529 est
394 486 622 538 justitiam,
664 485 912 536 requiescet
955 484 1000 524 in

169 548 319 586 monte
348 547 503 584 sancto
532 546 620 583 tuo.

439 612 636 651 Psalmus
665 613 722 651 14.

185 676 448 739 ''Ffissss-‘qumine
483 675 580 727 quis
611 674 830 716 habitabit
863 674 907 714 in
938 678 1000 715 ta-

207 732 271 787 }{'²'*
292 742 296 771 j
321 731 560 774 bernaculo
594 729 696 772 tuo?
732 730 755 756 *
793 734 868 771 aut
903 730 1000 781 quis

207 794 213 802 ”
317 788 567 840 requiescet
593 787 638 828 in
665 790 816 828 monte
845 790 998 827 sancto

171 849 268 886 tuo.

224 900 310 950 Qui
327 899 570 951 ingreditur
595 899 689 940 sine
707 898 895 947 macula,
914 899 938 925 *
958 902 1001 939 et

172 958 381 1008 operatur
400 955 624 1008 justitiam:

223 1012 308 1062 Qui
330 1011 526 1064 loquitur
545 1011 779 1052 veritatem
802 1011 847 1051 in
866 1010 1000 1051 corde

171 1080 270 1118 suo,
289 1068 313 1094 *
334 1068 409 1120 qui
437 1080 526 1109 non
552 1067 645 1118 'egit
674 1066 825 1108 dolum
852 1067 896 1107 in
924 1066 1001 1106 lin-

170 1137 257 1175 gua
275 1137 368 1165 sua:

221 1180 317 1222 Nec
336 1179 440 1221 fecit
459 1179 663 1231 proximo
684 1191 765 1220 suo
785 1178 960 1227 malum,
978 1179 1002 1204 ¹⁸¹

171 1241 215 1278 et
236 1235 527 1289 opprobrium
545 1248 634 1277 non
658 1235 831 1287 accepit
850 1234 1000 1275 adver-

171 1304 245 1334 sus
263 1292 492 1345 proximos
513 1303 627 1332 suos.

223 1348 296 1390 Ad
314 1347 497 1389 nihilum
516 1347 734 1389 deductus
756 1351 822 1388 est
842 1347 886 1387 in
902 1359 1001 1387 con-

172 1406 328 1457 spectu
361 1404 452 1455 ejus
484 1403 718 1455 malignus:
745 1405 769 1430 *
796 1403 1002 1444 timentes

172 1465 320 1502 autem
338 1459 578 1501 Deminum
596 1459 830 1510 glorificat:

226 1516 311 1566 Qui
336 1517 448 1568 jurat
475 1515 680 1568 proximo
710 1528 808 1565 suo,
842 1520 886 1556 et
913 1527 1002 1556 non

174 1571 351 1624 decipit,
370 1573 394 1599 *
415 1571 489 1624 qui
511 1571 745 1623 pecliniam
769 1584 894 1612 suam
914 1583 1002 1612 non

174 1627 297 1670 dedit
316 1627 373 1669 ad
390 1631 580 1677 usuram,
604 1632 648 1669 et
667 1630 850 1668 munera
870 1639 1002 1679 super

172 1684 450 1725 innocentem
467 1695 556 1725 non
575 1684 759 1736 accepit:

226 1740 312 1790 Qui
335 1739 439 1781 facit
464 1739 578 1789 haec,
597 1740 621 1765 *
639 1752 729 1781 non
753 1738 1002 1781 movebitur

173 1796 218 1836 in
237 1797 461 1837 aeternum.

225 1858 325 1897 Ant.
354 1856 559 1905 D6mine,
585 1856 669 1897 iste
688 1860 864 1897 sanctus
883 1855 1002 1897 habi-

173 1911 286 1954 tabit
305 1912 350 1952 in
368 1911 654 1953 tabernaculo
673 1916 768 1962 tuo,
793 1914 1002 1964 operatus

175 1973 243 2010 est
268 1968 494 2020 justitiam,
519 1968 767 2020 requiescet
789 1969 834 2009 in
852 1973 1002 2009 monte

175 2029 328 2066 sancto
349 2028 438 2065 tuo.

224 2085 323 2125 Ant.
359 2085 507 2125 Vitam
530 2085 658 2137 petiit
677 2086 701 2111 *
720 2097 745 2125 a
771 2089 831 2134 te,
861 2090 905 2126 et
930 2085 1003 2125 tri-

175 2140 310 2182 buisti
336 2141 376 2182 ei
398 2141 604 2181 Demine:
631 2140 817 2192 gloriam
845 2145 890 2182 et
916 2153 1003 2181 ma-

175 2209 309 2247 gnum
345 2196 552 2238 decorem
586 2197 836 2248 imposuisti
874 2209 1005 2249 super

177 2265 291 2294 eum:
314 2252 504 2305 posuisti
528 2253 572 2293 in
597 2253 742 2304 capite
768 2253 858 2303 ejus
882 2254 1005 2293 coro-

176 2321 278 2350 nam
296 2307 352 2350 de
370 2308 519 2361 lapide
536 2308 748 2361 pretieso.

440 2378 638 2418 Psalmus
659 2378 728 2416 20.

265 2437 410 2478 omine
435 2437 480 2478 in
505 2437 668 2479 virtute
691 2442 768 2478 tua
786 2437 1006 2479 laetabitur

280 2504 373 2533 rex:
391 2494 416 2520 *
436 2498 480 2534 et
506 2505 638 2544 super
665 2493 857 2535 salutare
882 2498 1007 2535 tuum

179 2547 415 2589 exsultabit
434 2548 726 2590 vehementer.

230 2602 510 2644 Desiderium
533 2604 681 2646 cordis
706 2605 796 2656 ejus
816 2603 1007 2645 tribuisti

180 2659 234 2700 ei:
268 2660 291 2686 *
323 2663 367 2700 et
398 2659 626 2701 voluntate
662 2660 879 2702 labiorum
916 2660 1007 2710 ejus

178 2727 265 2755 non
284 2713 498 2756 fraudasti
519 2727 630 2756 eum.

1104 304 1320 356 Queniam
1346 303 1598 356 praevenisti
1624 316 1723 344 eum
1743 302 1788 342 in
1806 302 1879 343 be-

1051 360 1377 403 nedictienibus
1409 359 1670 401 dulcedinis:
1698 361 1722 386 *
1749 371 1879 410 posu-

1051 418 1123 459 isti
1147 418 1192 458 in
1215 417 1360 469 capite
1385 417 1475 467 ejus
1502 417 1713 457 corenam
1739 414 1795 456 de
1821 414 1879 455 la-

1050 473 1156 526 pide
1174 474 1384 526 pretieso.

1102 530 1253 571 Vitam
1276 529 1404 581 petiit
1432 541 1457 569 a
1483 533 1541 569 te:
1568 529 1591 554 *
1618 532 1661 568 et
1686 526 1880 568 tribuisti

1053 587 1091 628 ei
1119 584 1439 637 longitudinem
1473 584 1642 625 dierum
1675 583 1719 623 in
1747 585 1880 623 saecu-

1052 643 1153 692 lum,
1174 647 1218 684 et
1237 642 1281 682 in
1301 640 1511 682 saeculum
1530 639 1691 680 saeculi.

1104 699 1262 750 Magna
1282 702 1350 739 est
1368 697 1508 748 gloria
1529 697 1619 748 ejus
1638 695 1683 735 in
1700 693 1881 734 salutari

1052 760 1145 797 tuo:
1169 756 1193 782 *
1215 754 1401 805 gloriam
1437 757 1480 794 et
1512 764 1719 802 magnum
1753 749 1880 791 deco-

1052 824 1146 853 rem
1164 812 1364 863 impones
1384 822 1516 861 super
1537 821 1646 849 eum.

1108 867 1326 916 Quoniam
1354 865 1479 907 dabis
1509 877 1609 905 eum
1636 863 1681 903 in
1705 861 1881 903 benedi-

1056 925 1247 966 ctionem
1274 922 1318 962 in
1345 921 1556 962 saeculum
1580 918 1745 960 saeculi:
1765 920 1787 945 *
1811 917 1881 957 lae-

1053 979 1244 1022 tificabis
1271 991 1370 1019 eum
1393 978 1437 1018 in
1456 976 1618 1028 gaudio
1639 988 1738 1016 cum
1758 973 1882 1014 vultu

1053 1041 1143 1077 tuo.

1106 1092 1324 1142 Quoniam
1343 1103 1421 1132 rex
1441 1093 1589 1142 sperat
1612 1088 1657 1128 in
1676 1086 1883 1128 Domino:

1054 1151 1077 1176 *
1098 1153 1142 1190 et
1165 1148 1209 1188 in
1232 1144 1537 1188 misericerdia
1556 1142 1773 1185 Altissimi
1794 1154 1883 1182 non

1055 1203 1416 1246 commovebitur.

1106 1260 1361 1301 Inveniatur
1393 1270 1548 1298 manus
1576 1261 1651 1297 tua
1680 1253 1883 1296 Omnibus

1054 1316 1239 1358 inimicis
1267 1315 1373 1356 tuis:
1400 1317 1423 1339 *
1453 1313 1635 1355 dextera
1664 1316 1740 1352 tua
1768 1311 1883 1351 inve-

1054 1374 1145 1414 niat
1165 1384 1328 1420 omnes,
1349 1371 1422 1423 qui
1441 1375 1486 1411 te
1505 1368 1703 1410 oderunt.

1106 1429 1250 1470 Pones
1278 1440 1355 1468 eos
1383 1431 1431 1467 ut
1459 1425 1678 1466 clibanum
1702 1423 1814 1473 ignis
1839 1422 1884 1462 in

1054 1487 1256 1537 tempore
1279 1483 1426 1524 vultus
1451 1482 1530 1523 tui:
1551 1483 1575 1507 *
1599 1479 1815 1520 Dominus
1841 1479 1885 1518 in

1054 1543 1119 1582 ira
1139 1553 1217 1581 sua
1236 1538 1516 1581 conturbabit
1536 1549 1624 1586 eOS‚
1644 1541 1688 1577 et
1703 1534 1883 1577 devora-

1053 1597 1120 1639 bit
1141 1610 1217 1638 eos
1236 1595 1359 1647 ignis.

1105 1653 1315 1694 Fructum
1335 1653 1487 1693 eerum
1507 1649 1562 1690 de
1578 1654 1696 1690 terra
1710 1647 1886 1699 perdes:

1055 1712 1079 1737 *
1094 1714 1138 1751 et
1158 1721 1306 1750 semen
1325 1709 1478 1749 eorum
1493 1719 1517 1746 a
1532 1705 1632 1746 filiis
1647 1704 1884 1745 hominum.

1108 1765 1326 1815 Quoniam
1375 1762 1704 1804 declinaverunt
1752 1759 1796 1799 in
1840 1764 1884 1799 te

1056 1821 1184 1862 mala:
1202 1823 1226 1848 *
1246 1820 1549 1871 cogitaverunt
1568 1815 1760 1865 consilia,
1786 1827 1884 1867 quae

1055 1890 1144 1919 non
1163 1878 1401 1929 potuerunt
1420 1873 1628 1915 stabilire.

1109 1933 1326 1983 Quoniam
1358 1943 1499 1983 pones
1532 1941 1608 1970 eos
1642 1927 1833 1969 dorsum:
1860 1927 1884 1952 *

1055 1990 1100 2030 in
1132 1988 1328 2040 reliquiis
1365 1987 1452 2028 tuis
1490 1983 1764 2038 praeparabis
1794 1983 1883 2024 vul-

1055 2051 1149 2087 tum
1173 2046 1335 2086 eorum.

1106 2100 1316 2141 Exaltare
1335 2099 1524 2140 Domine
1543 2097 1589 2138 in
1607 2096 1770 2138 virtute
1795 2100 1885 2136 tua:

1056 2158 1080 2184 *
1108 2155 1381 2198 cantabimus
1414 2159 1458 2196 et
1485 2153 1724 2206 psallemus
1753 2153 1884 2193 virtu-

1055 2217 1123 2254 tes
1144 2217 1253 2254 tuas.

1108 2269 1206 2308 Ant.
1235 2268 1386 2309 Vitam
1405 2267 1534 2320 petiit
1560 2279 1586 2307 a
1603 2270 1663 2315 te,
1689 2269 1733 2306 et
1752 2263 1885 2305 tribu-

1056 2325 1128 2365 isti
1144 2324 1183 2366 ei
1196 2323 1400 2365 Domine:
1419 2323 1602 2374 gleriam
1623 2326 1667 2362 et
1681 2333 1886 2371 magnum

1058 2380 1266 2421 decorem
1276 2379 1524 2432 imposuisti
1539 2390 1670 2430 super
1682 2389 1795 2417 eum:
1809 2389 1885 2428 po-

1059 2436 1185 2477 suisti
1215 2436 1260 2476 in
1293 2436 1438 2488 capite
1472 2435 1561 2486 ejus
1593 2435 1802 2475 coronam
1830 2432 1885 2473 de

1058 2491 1205 2544 lapide
1223 2492 1435 2544 pretieso.

1109 2550 1207 2589 Ant.
1251 2548 1332 2588 Hic
1357 2547 1544 2599 accipiet
1570 2546 1594 2571 *
1618 2543 1884 2586 benedictio-

1058 2615 1159 2644 nem
1186 2616 1212 2644 a
1235 2604 1441 2653 Domino,
1470 2607 1514 2643 et
1540 2599 1886 2642 misericordiam

1059 2672 1085 2700 a
1111 2659 1208 2700 Deo
1238 2659 1416 2700 salutari
1446 2671 1541 2699 suo:
1570 2658 1670 2709 quia
1697 2656 1793 2697 haec
1820 2659 1886 2696 est

1059 2715 1285 2765 generatio
1306 2715 1594 2767 quaerentium
1613 2713 1859 2754 Deminum.
