2080 2990
192 225 263 270 [32]

766 223 975 255 Commune
1004 221 1115 255 unius
1142 221 1331 263 Martyris.

195 322 421 363 cutienum
448 321 667 361 tormenta
695 321 923 360 sustineat:
953 318 1026 370 qui

194 377 301 418 nihil
342 376 556 428 rapuerit,
603 375 771 416 nullum
807 375 1025 416 violentus

195 432 478 485 oppresserit,
508 431 668 472 nullius
688 432 945 483 sanguinem
965 431 1025 471 fti-

195 489 319 538 derit,
339 488 498 529 nullius
517 493 663 529 torum
685 487 908 540 putaverit
928 499 1026 528 esse

195 545 466 586 violandum:
508 545 582 596 qui
614 544 719 585 nihil
751 543 921 595 legibus
955 542 1026 584 de-

194 601 313 650 beat,
349 606 393 642 et
419 601 622 652 graviera
650 600 871 642 latronum
901 599 1026 640 susti-

194 660 298 699 nere
318 659 503 709 cogatur
523 657 753 710 supplicia:
783 656 856 708 qui
875 655 1026 708 loqua-

194 719 265 756 tur
285 715 408 766 juste,
438 718 481 755 et
507 726 595 754 non
620 712 838 754 audiatur:
868 712 941 764 qui
967 712 1026 753 lo-

196 772 355 823 quatur
378 770 508 822 plena
532 769 701 819 salutis,
736 773 779 810 et
802 769 1027 821 impugne-

195 832 281 868 tur:
308 832 358 868 ut
380 826 523 879 possit
548 825 711 874 dicere,
744 825 854 866 Cum
878 824 1028 876 loque-

195 883 275 924 bar
301 883 401 931 illis,
437 881 755 934 impugnabant
783 894 854 922 me
879 881 1028 931 gratis.

196 939 345 980 Gratis
373 939 505 989 igitur
532 938 888 990 persecutic'mem
917 937 1028 990 pati-

195 1000 276 1044 tur,
306 995 381 1047 qui
404 995 687 1047 impugnatur
712 994 804 1035 sine
830 994 1029 1035 crimine:

196 1052 479 1104 impugnatur
503 1056 551 1092 ut
576 1051 749 1100 nexius,
778 1063 878 1091 cum
903 1050 960 1091 sit
986 1050 1029 1090 in

197 1108 275 1149 tali
304 1107 579 1149 confessiene
608 1106 860 1148 laudabilis:
892 1107 1029 1159 impu-

197 1166 354 1215 gnatur
381 1164 503 1216 quasi
528 1162 760 1212 veneficus,
790 1163 865 1214 qui
887 1163 932 1202 in
956 1163 1030 1203 no-

197 1221 312 1261 mine
331 1219 510 1260 Demini
529 1219 754 1270 gloriatur,
774 1231 874 1260 cum
887 1220 1031 1271 pietas

198 1277 409 1318 virtutum
456 1276 651 1316 emnium
698 1274 1031 1316 fundamentum

198 1333 266 1374 sit.

255 1414 301 1465 [ἐς.
334 1410 583 1451 Honestum
607 1409 711 1450 fecit
738 1408 862 1450 illum
880 1408 1030 1449 Demi-

198 1480 290 1515 nus,
315 1471 359 1507 et
378 1465 619 1507 custodivit
639 1478 739 1507 eum
759 1464 814 1507 ab
835 1464 1031 1514 inimicis,

199 1528 242 1564 et
267 1536 293 1563 a
321 1522 631 1563 seducteribus
658 1521 818 1563 tutavit
845 1521 982 1562 illum:
1006 1526 1029 1550 *

198 1580 255 1620 Et
284 1577 406 1620 dedit
438 1578 499 1618 illi
533 1578 779 1619 claritatem
811 1579 1031 1618 aeternam.

199 1633 249 1684 Y.
285 1634 616 1686 Descenditque
649 1647 749 1675 curn
785 1633 862 1674 illo
894 1634 938 1674 in
970 1633 1031 1674 fo-

198 1704 335 1740 veam,
359 1695 402 1732 et
422 1691 464 1731 in
484 1690 669 1731 vinculis
688 1702 777 1731 non
797 1689 1031 1741 dereliquit

198 1761 309 1789 eum.
353 1747 411 1788 Et
439 1746 562 1788 dedit
585 1746 658 1787 illi.

512 1857 663 1897 Lectio
682 1870 717 1895 V.

199 1939 365 2044 Vere
402 1947 566 1988 frustra
607 1947 908 1999 impugnatur,
958 1945 1032 1997 qui

316 2003 436 2055 apud
454 2003 613 2056 impios
635 2010 678 2044 et
697 2002 858 2044 infidos
882 2002 1032 2055 impie-

200 2059 305 2100 tatis
331 2059 583 2108 arcessitur,
612 2072 711 2100 cum
735 2059 840 2100 fidei
864 2059 921 2099 sit
945 2071 1031 2099 ma-

198 2117 346 2166 gister.
374 2116 540 2156 Verum
557 2116 631 2167 qui
650 2116 786 2166 gratis
805 2115 1032 2168 impugna-

200 2177 286 2220 tur,
315 2171 442 2212 fortis
468 2171 601 2213 debet
625 2184 722 2213 esse
749 2176 793 2213 et
812 2177 1033 2213 constans.

201 2227 437 2278 Quemodo
475 2240 580 2278 ergo
624 2227 868 2269 subtexuit:
914 2228 971 2269 Et
1008 2240 1033 2268 a

202 2283 347 2324 verbis
375 2283 463 2324 tuis
492 2283 733 2336 trepidavit
761 2297 838 2325 cor
862 2282 1032 2325 meum?

201 2338 446 2392 Trepidare
465 2339 730 2381 infirmitatis
750 2345 832 2390 est,
861 2340 1032 2381 timeris

201 2401 334 2448 atque
352 2395 608 2437 formidinis.
638 2396 725 2438 Sed
741 2401 808 2437 est
823 2396 956 2437 etiam
972 2396 1032 2437 in-

201 2452 387 2493 firmitas
415 2451 472 2493 ad
500 2452 702 2502 salutem,
739 2457 806 2493 est
826 2452 958 2493 etiam
982 2452 1032 2493 ti·

201 2520 298 2548 mor
313 2509 579 2549 sanctarum.
598 2508 769 2549 Timete
783 2508 1032 2558 Deminum,

203 2576 356 2605 omnes
379 2564 520 2604 sancti
543 2564 650 2615 ejus:
679 2569 737 2614 et,
765 2564 931 2605 Beatus
955 2565 1032 2613 vir,

203 2620 278 2672 qui
302 2620 427 2661 timet
451 2620 702 2661 Deminum.
739 2621 837 2670 Qua
863 2620 1032 2661 ratiene

201 2675 382 2717 beatus?
418 2676 529 2726 Quia
548 2676 591 2717 in
612 2675 831 2717 mandatis
852 2676 942 2727 ejus
963 2689 1032 2717 cu-

202 2732 268 2784 pit
290 2732 429 2773 nimis.

1135 321 1183 371 R'·
1220 317 1501 359 Desiderium
1529 317 1687 358 animae
1715 317 1807 368 ejus
1835 316 1908 358 tri-

1080 373 1212 414 buisti
1246 373 1285 414 ei
1316 373 1524 423 Demine,
1550 377 1573 400 *
1598 373 1656 414 Et
1682 373 1910 415 voluntate

1079 429 1297 470 labiorum
1324 429 1415 480 ejus
1441 442 1530 470 non
1557 428 1770 470 fraudasti
1799 442 1910 470 eum.

1081 484 1129 535 ,Ῡῖ
1150 485 1370 535 Queniam
1387 485 1644 538 praevenisti
1658 497 1757 526 eum
1775 485 1819 526 in
1837 484 1909 526 be-

1080 541 1406 583 nedictienibus
1431 540 1690 582 dulcedinis:
1722 540 1911 594 posuisti

1081 598 1124 638 in
1153 598 1296 650 capite
1326 599 1417 650 ejus
1442 599 1653 639 coronam
1681 597 1736 639 de
1764 595 1911 649 lapide

1080 654 1289 706 pretioso.
1317 654 1384 695 Et.

1380 734 1532 774 Lectio
1557 733 1606 772 vi.

1080 793 1247 899 Pone
1273 813 1378 852 ergo
1402 801 1642 853 Martyrem
1666 800 1778 841 inter
1802 800 1912 852 peri-

1186 857 1283 898 cula
1320 857 1624 906 constitutum,
1671 869 1771 897 cum
1811 854 1914 896 inde

1081 913 1330 954 immanitas
1355 913 1597 955 bestiarum
1622 912 1678 954 ad
1704 911 1914 953 incutien-

1083 969 1188 1011 dum
1223 971 1440 1011 terrerem
1475 970 1694 1018 infremat,
1739 967 1914 1009 aliunde

1083 1025 1245 1067 stridor
1265 1025 1547 1067 candentium
1567 1025 1843 1074 laminarum,
1872 1028 1916 1065 et

1084 1083 1260 1123 flamma
1274 1082 1466 1124 fornacis
1482 1081 1676 1123 ardentis
1689 1083 1915 1129 exaestuet,

1084 1151 1139 1180 ex
1153 1143 1279 1191 parte
1295 1138 1379 1179 alia
1392 1140 1632 1191 personent
1645 1142 1814 1179 tractus
1828 1138 1916 1188 gra-

1083 1195 1202 1236 vium
1218 1197 1481 1244 catenarum,
1503 1194 1606 1236 hinc
1621 1193 1815 1235 carnifex
1830 1204 1917 1234 cru-

1085 1252 1211 1292 entus
1231 1253 1423 1292 assistat:
1453 1263 1587 1303 pone,
1614 1250 1808 1302 inquam,
1838 1248 1916 1290 cir—

1084 1309 1459 1360 cumspectantem
1487 1306 1635 1348 emnia
1661 1305 1792 1358 plena
1815 1317 1915 1357 sup-

1083 1364 1239 1416 pliciis,
1253 1363 1412 1405 deinde
1428 1363 1696 1415 cogitantem
1709 1360 1916 1402 mandata

1085 1420 1251 1469 divina,
1297 1419 1420 1461 illum
1456 1419 1603 1471 ignem
1642 1418 1916 1471 perpetuum,

1084 1476 1193 1518 illud
1223 1476 1316 1517 sine
1342 1476 1429 1517 fine
1452 1474 1704 1517 incendium
1727 1472 1916 1527 perfido-

1084 1546 1198 1582 rum,
1235 1532 1355 1573 illam
1386 1545 1532 1585 poenae
1565 1530 1916 1579 recrudescentis

1085 1592 1343 1630 aerumnam:
1387 1587 1614 1641 trepidare
1656 1586 1811 1636 corde,
1851 1598 1917 1635 ne,

1086 1645 1191 1686 dum
1210 1644 1504 1697 praesentibus
1525 1643 1664 1693 cedat,
1691 1642 1917 1696 perpetuis

1085 1714 1133 1742 se
1153 1701 1287 1742 dedat
1305 1700 1463 1742 exitiis:
1490 1699 1741 1753 perturbari
1758 1698 1917 1747 animo,

1086 1757 1191 1799 dum
1218 1757 1352 1799 futuri
1376 1756 1523 1808 judicii
1547 1755 1850 1809 rhomphaeam
1870 1753 1916 1795 il-

1084 1813 1173 1855 lam
1189 1813 1432 1855 terribilem
1448 1811 1639 1865 quadam
1653 1812 1917 1864 conspectus

1086 1870 1233 1922 specie
1262 1871 1504 1911 contuetur.
1539 1868 1697 1910 Nonne
1723 1866 1780 1909 ad
1804 1867 1919 1908 hanc

1084 1925 1425 1979 trepidatienem
1438 1924 1612 1966 fidaeiae
1629 1924 1710 1966 viri
1725 1924 1919 1966 constan·

1084 1983 1156 2032 tis,
1184 1982 1368 2034 aequalis
1394 1981 1439 2022 in
1468 1980 1673 2023 eumdem
1697 1979 1918 2022 concurrit

1086 2038 1290 2080 effectum
1318 2036 1583 2079 confidentia
1614 2035 1829 2089 cupientis
1861 2047 1916 2076 ae-

1084 2096 1219 2144 terna,
1248 2099 1292 2136 et
1311 2094 1460 2135 divina
1477 2090 1762 2146 trepidantis?

1138 2158 1187 2209 R.
1214 2159 1336 2201 Stola
1355 2156 1648 2210 jucunditatis.
1675 2156 1756 2209 [27]

1298 2240 1347 2278 In
1375 2239 1446 2278 III.
1474 2238 1698 2278 Nocturno.

1084 2315 1238 2357 Lectio
1265 2313 1404 2355 sancti
1422 2312 1648 2363 Evangelii
1675 2310 1916 2354 secandum
1994 2358 2007 2369 .

1365 2369 1636 2411 Matthaeum.

1188 2436 1339 2478 Lectio
1360 2436 1428 2476 vii.
1576 2435 1678 2487 Cap.
1694 2436 1753 2474 16.
1770 2434 1809 2475 d.

1084 2503 1160 2609 In
1186 2507 1260 2549 illo
1288 2509 1505 2559 tempore:
1548 2506 1670 2548 Dixit
1697 2507 1826 2549 Jesus
1854 2507 1914 2550 di-

1157 2563 1334 2616 scipulis
1360 2563 1464 2604 suis:
1499 2562 1543 2604 Si
1571 2563 1668 2615 quis
1692 2563 1788 2605 vult
1811 2569 1915 2617 post

1085 2632 1155 2661 me
1170 2621 1329 2668 venire,
1346 2618 1535 2669 abneget
1555 2622 1850 2672 semetipsum,
1870 2625 1915 2662 et

1084 2676 1211 2717 tollat
1242 2687 1417 2716 crucem
1452 2687 1595 2725 suam,
1635 2680 1680 2717 et
1706 2678 1916 2729 sequatur

1084 2745 1167 2774 me.
1192 2731 1250 2773 Et
1267 2731 1447 2783 reliqua.
