2080 2990
197 191 267 237 [46]

250 289 469 341 Dirupisti
490 289 664 331 vincula
686 303 801 332 mea:
821 291 844 317 *
864 291 945 333 tibi
967 305 1031 333 sa-

200 344 408 386 crificabo
428 345 621 387 hestiam
635 346 791 397 laudis,
811 353 855 390 et
871 361 1031 390 nomen

199 401 378 441 Demini
397 401 627 443 invocabo.

250 457 370 498 Vota
406 470 503 499 mea
539 458 732 500 Demino
770 459 954 502 reddam
987 461 1030 501 in

198 515 440 566 conspectu
482 515 624 556 omnis
667 516 822 568 populi
865 518 972 568 ejus:
1006 517 1029 541 *

198 569 241 609 in
270 570 392 611 atriis
422 570 579 612 domus
597 572 790 622 Demini‚
818 572 862 613 in
882 572 1030 614 medio

200 626 264 666 tui
291 626 546 668 Jerusalem.

248 694 372 737 Capit.
400 701 434 728 ct
464 694 599 737 llymn.
626 698 663 727 ut
688 694 724 727 in
753 694 777 727 1.
796 694 910 736 N'csp.
940 693 1008 736 [35]

248 745 623 796 Y.Exsu1tabunt
651 749 792 790 sancti
818 749 861 789 in
880 749 1030 800 gleria.

197 808 245 859 R.
274 804 561 847 Laetabuntur
579 805 624 846 in
644 805 860 847 eubilibus
881 806 980 847 suis.

248 867 318 908 Ad
340 868 513 919 Magnif.
537 870 635 909 Ant.
656 866 862 909 Gaudent
880 867 923 907 in
943 880 1030 908 coe-

196 920 249 961 lis
269 922 292 946 *
313 922 469 963 animae
490 924 754 973 sanctorum,
775 923 848 975 qui
869 923 1029 965 Christi

196 978 380 1028 vestigia
408 983 510 1019 sunt
541 979 699 1020 secuti:
740 984 784 1021 et
813 980 914 1032 quia
946 993 1029 1033 pro

196 1035 287 1085 ejus
312 1036 462 1077 amore
484 1035 742 1086 sanguinem
763 1049 890 1077 suum
909 1036 1028 1078 fude-

194 1095 312 1140 runt,
349 1090 450 1133 ideo
477 1104 576 1133 cum
602 1091 778 1134 Christo
808 1093 1029 1135 exsultant

195 1147 288 1188 sine
316 1147 413 1189 fine.

450 1216 487 1218 ,r
504 1217 543 1219 Ὗ
553 1204 764 1230 „qm—-

356 1290 419 1331 11.
447 1290 576 1332 Aliae
596 1290 858 1333 Lectiones

249 1365 342 1403 pro
373 1351 609 1402 pluribus
640 1350 967 1401 Martyribus.

414 1434 463 1471 In
491 1434 540 1473 II.
571 1433 794 1473 Nocturno.

190 1506 344 1547 Sermo
371 1506 511 1547 sancti
534 1506 558 1546 J
561 1506 684 1548 oanis
709 1506 1024 1559 Chrysostomi.

497 1637 649 1679 Lectio
670 1638 722 1677 iv.

301 1573 417 1606 Scrm.
447 1573 472 1606 1.
499 1572 545 1606 dc
571 1571 725 1614 Martyr.
751 1571 860 1606 Tom.
884 1574 913 1605 3.

195 1709 239 1748 ‘p
259 1710 309 1778 5212!
327 1709 426 1739 emo
454 1702 522 1739 est
549 1698 623 1749 qui
648 1698 830 1748 nesciat,
863 1699 1023 1752 Marty-

199 1713 313 1824 hij
352 1767 448 1796 rum
480 1753 642 1805 glorias
675 1754 731 1796 ad
759 1754 845 1796 hoc
874 1755 1023 1798 divino

196 1806 315 1832 *ssss
352 1810 536 1852 consilio
567 1823 592 1851 a
619 1811 703 1852 Dei
731 1812 908 1864 pepulis
941 1813 1022 1854 fre-

190 1867 406 1918 quentari,
434 1872 483 1909 ut
507 1871 552 1908 et
576 1866 662 1908 illis
683 1866 857 1909 debitus
881 1868 1023 1911 honor

188 1922 374 1973 dicetur,
403 1929 447 1966 et
466 1923 594 1965 nobis
614 1923 788 1966 virtutis
810 1926 1022 1979 exempla,

188 1979 362 2022 favente
391 1980 582 2031 Christo,
619 1983 934 2024 monstrentur:
975 1987 1023 2025 ut

189 2034 294 2077 dum
308 2036 405 2078 haec
419 2037 479 2079 ita
493 2037 708 2079 celebrari
720 2039 1022 2091 perspicimus,

189 2095 509 2143 cognoscamus
553 2099 715 2146 quanta
759 2107 837 2136 eos
882 2095 1023 2146 gloria

188 2150 364 2191 maneat
382 2150 426 2190 in
446 2149 586 2199 coelis,
616 2163 804 2202 quorum
826 2152 1022 2194 natalitia

187 2204 335 2247 taliter
368 2205 646 2248 celebrantur
678 2207 722 2248 in
750 2209 898 2250 terris:
934 2222 1021 2262 quo

189 2264 410 2314 possimus
430 2263 562 2304 etiam
580 2263 665 2315 ipsi
682 2263 844 2306 talibus
862 2279 1021 2318 provo-

190 2318 281 2359 cari
305 2319 535 2371 exemplis,
563 2320 724 2362 virtute
748 2321 860 2373 pari,
890 2322 1021 2364 devo-

188 2375 308 2416 tione
332 2375 548 2417 consimili
571 2388 623 2417 ac
648 2376 754 2418 fide:
778 2382 827 2419 ut
846 2378 1021 2420 Christo

189 2434 450 2484 praestante,
503 2431 712 2474 dimicare
756 2438 800 2475 et
846 2437 1021 2477 vincere

188 2488 363 2530 hostem
377 2491 612 2541 possimus:
627 2493 676 2531 ut
690 2494 817 2541 parta
827 2491 1021 2541 victoria,

189 2557 288 2586 cum
307 2544 464 2586 iisdem
484 2545 646 2587 sanctis
665 2545 708 2586 in
728 2546 873 2597 regnis
893 2548 1021 2589 coele-

188 2600 328 2643 stibus
347 2601 677 2654 triumphemus.

240 2659 292 2711 Ru
328 2657 475 2699 Sancti
507 2658 570 2699 tui
599 2658 788 2700 Demine
822 2659 1021 2701 mirabile

190 2714 415 2757 consecufi
431 2720 531 2757 sunt
546 2715 639 2764 iter,
655 2715 897 2758 servientes
911 2729 1020 2768 prae-

687 203 898 236 Commune
925 202 1176 246 plurinwrum
1204 201 1423 245 Martyrum.

1086 292 1225 344 ceptis
1253 292 1355 342 tuis,
1391 298 1440 335 ut
1468 293 1765 337 invenirentur
1792 296 1919 338 illaesi

1084 348 1128 389 in
1154 348 1280 400 aquis
1303 348 1476 390 validis:
1501 355 1524 379 *
1550 350 1690 393 Terra
1714 353 1919 404 apparuit

1085 403 1223 445 arida:
1258 409 1303 446 et
1334 404 1377 446 in
1408 405 1521 447 Mari
1552 405 1686 449 rubro
1720 408 1790 450 via
1825 409 1917 451 sine

1085 460 1412 513 impedimento.
1435 462 1483 513 Y.
1506 463 1722 512 Qu6niam
1739 469 1917 517 percus-

1085 517 1141 559 sit
1164 523 1352 569 petram,
1387 523 1431 560 et
1456 518 1675 562 fluxerunt
1698 533 1842 572 aquae,
1874 527 1918 565 et

1084 575 1304 615 torrentes
1324 574 1655 618 inundaverunt.
1683 577 1832 619 Terra.

1393 654 1545 694 Lectio
1567 668 1602 693 v.

1170 712 1236 753 uis
1257 717 1324 754 est
1344 713 1469 762 enim,
1500 714 1574 766 qui
1593 716 1746 756 eorum
1765 715 1918 757 volens

1178 769 1336 810 merito
1352 769 1566 821 copulari3
1584 770 1666 811 nisi
1681 771 1802 823 prius
1818 784 1917 814 con-

1083 825 1289 866 stantiam
1326 827 1478 866 eerum
1515 828 1681 877 teneat,
1725 830 1918 870 sectetur

1083 880 1228 931 fidem,
1247 881 1440 923 imitetur
1457 882 1666 924 virtutem
1684 884 1918 936 passienis3

1084 939 1236 979 eorum
1256 937 1443 989 gleriam
1466 938 1647 991 paribus
1667 940 1770 982 vitae
1788 940 1918 983 linea-

1082 994 1240 1036 mentis
1265 999 1341 1036 aut
1363 995 1565 1046 inveniat,
1594 1001 1670 1038 aut
1693 996 1918 1049 exquirat?

1082 1050 1167 1101 Qui
1204 1051 1286 1093 etsi
1327 1052 1538 1104 martyrio
1577 1065 1659 1105 par
1696 1065 1794 1095 esse
1830 1066 1919 1096 non

1080 1107 1239 1159 possit:
1268 1112 1416 1149 tamen
1440 1109 1634 1150 muneris
1653 1109 1763 1152 tanti
1783 1109 1918 1162 digni-

1079 1165 1171 1206 tate
1199 1176 1247 1205 se
1277 1164 1462 1216 quisque
1493 1164 1622 1207 bonis
1650 1165 1821 1208 actibus
1855 1166 1916 1208 di-

1079 1232 1213 1270 gnum
1245 1219 1456 1272 praebeat.
1510 1220 1653 1263 Adest
1685 1221 1801 1264 enim
1832 1222 1915 1265 cle-

1079 1276 1375 1318 mentissimus
1398 1277 1535 1327 Deus,
1571 1278 1646 1330 qui
1665 1277 1915 1320 desideran-

1078 1332 1196 1374 tibus
1221 1333 1311 1374 suis
1335 1337 1411 1374 aut
1428 1334 1686 1386 martyrium
1705 1334 1914 1387 praebeat,

1079 1394 1154 1431 aut
1171 1389 1264 1431 sine
1283 1390 1495 1442 martyrio
1512 1403 1612 1432 cum
1626 1391 1789 1433 sanctis
1803 1394 1915 1445 pra'e-

1078 1446 1165 1487 mia
1185 1445 1332 1488 divina
1350 1446 1575 1489 retribuat.

1134 1511 1183 1562 R'-
1197 1506 1398 1548 Verbera
1413 1508 1668 1550 carnificum
1682 1521 1771 1550 non
1785 1507 1910 1551 timu-

1078 1564 1204 1605 erunt
1239 1564 1379 1605 sancti
1414 1564 1513 1614 Dei,
1554 1564 1792 1607 morientes
1829 1578 1913 1618 pro

1078 1619 1239 1661 Christi
1263 1620 1454 1662 nomine:
1485 1624 1507 1647 *
1532 1621 1593 1662 Ut
1611 1620 1813 1663 haeredes
1837 1621 1912 1663 fie-

1077 1681 1174 1718 rent
1192 1676 1235 1717 in
1256 1675 1389 1717 domo
1409 1676 1598 1717 Domini.
1630 1674 1680 1726 V.
1699 1677 1909 1719 Tradide-

1077 1737 1177 1774 runt
1192 1734 1381 1785 corpora
1400 1745 1479 1774 sua
1495 1738 1680 1786 propter
1693 1733 1838 1775 Deum
1853 1733 1911 1776 ad

1076 1788 1303 1841 supplicia.
1333 1789 1401 1831 Ut.
1431 1842 1437 1847 .

1383 1861 1534 1902 Lectio
1555 1862 1607 1901 vi.

1166 1927 1185 1964 t
1205 1922 1320 1964 enim
1340 1922 1588 1965 infirmatur
1606 1926 1818 1976 peccator
1836 1924 1910 1967 ad-

1179 1979 1329 2029 versis,
1357 1979 1420 2021 ita
1438 1980 1576 2032 justus
1594 1980 1909 2023 tentationibus

1075 2034 1322 2077 roboretur.
1367 2036 1438 2078 Sic
1467 2035 1730 2080 dimicarunt
1756 2037 1908 2079 adver-

1075 2105 1149 2133 sus
1176 2094 1409 2145 peccatum
1437 2093 1592 2135 sancti:
1629 2093 1692 2134 sic
1718 2098 1762 2135 et
1788 2093 1908 2136 labo-

1075 2148 1215 2190 rando
1235 2148 1440 2190 fortieres
1461 2154 1505 2191 et
1523 2148 1753 2191 moriendo
1773 2150 1909 2192 victo-

1075 2218 1145 2246 res
1182 2204 1327 2247 effecti
1363 2210 1474 2247 sunt.
1532 2204 1689 2247 Nullus
1721 2205 1908 2248 athletes

1074 2261 1167 2303 sine
1188 2261 1426 2303 certamine
1450 2261 1606 2303 fortior
1631 2261 1731 2313 dici,
1763 2262 1907 2304 nullus

1074 2317 1168 2358 sine
1226 2317 1411 2359 victeria
1472 2317 1636 2370 peterit
1694 2319 1907 2360 coronari.

1073 2374 1217 2415 Nemo
1251 2373 1377 2415 miles
1415 2373 1508 2415 sine
1542 2373 1697 2426 praelio
1733 2374 1907 2417 hostem

1074 2430 1272 2482 subjecit:
1305 2442 1434 2471 nemo
1459 2430 1552 2471 sine
1578 2430 1696 2472 bello
1721 2431 1907 2484 impera-

1073 2488 1217 2528 torem
1234 2486 1488 2539 promeruit.
1525 2486 1686 2537 Habes,
1712 2486 1907 2530 christia-

1074 2556 1144 2593 ne,
1173 2542 1468 2595 competentia
1486 2555 1624 2593 arma,
1654 2543 1812 2595 quibus
1830 2543 1906 2585 ho-

1075 2604 1189 2641 stem
1221 2602 1463 2652 expugnes:
1503 2598 1640 2641 habes
1669 2600 1907 2642 fortissima

1074 2656 1173 2706 tela,
1203 2655 1359 2708 quibus
1379 2655 1600 2696 inimicum
1621 2655 1827 2698 debelles.

1127 2716 1176 2767 R.
1204 2716 1450 2768 Tamquam
1469 2729 1632 2758 aurum.
1660 2717 1738 2768 [41]
