2080 2990
904 194 1129 228 Benedictio
1154 194 1307 228 Mensae.

470 290 550 330 Vel
572 290 767 330 Psalmus
790 291 867 330 116.

325 347 485 390 audate
516 348 753 390 D6minum
786 362 935 392 omnes
970 351 1083 393 Gen-

292 461 349 503 ur
364 410 446 446 tes:
465 405 489 431 *
508 404 684 448 laudate
708 405 806 448 eum
830 419 981 450 omnes
1006 409 1084 461 po-

260 475 289 515 p
338 475 369 502 1:
407 483 412 489 ·

308 518 523 571 Quoniam
559 519 815 561 confirmata
850 525 916 562 est
953 533 1084 574 super

259 588 339 616 nos
358 574 659 618 misericordia
682 577 787 628 ejus:
809 577 833 602 *
857 582 901 618 et
923 578 1083 619 veritas

259 632 435 673 D6mini
454 637 598 674 manet
618 633 661 673 in
680 635 901 674 aeternum.

311 688 463 730 Gloria
481 689 612 730 Patri.
636 689 757 731 Sicut
776 694 877 731 erat.

310 750 445 802 Kyrie
480 750 653 792 eleison.
697 750 872 792 Christe
909 751 1084 793 eleison.

261 806 395 858 Kyrie
418 806 592 849 eleison.

311 864 525 905 Sacerdos
554 864 632 905 dic.
668 866 797 905 Pater
827 869 988 907 noster.
1015 879 1075 905 se-

256 926 386 961 creto.

307 972 356 1023 V
393 976 451 1018 Et
477 988 532 1018 ne
559 988 640 1017 nos
667 976 849 1019 inducas
876 978 919 1018 in
946 982 1083 1020 tenta-

259 1032 434 1074 tionem.
464 1035 510 1086 R'·
539 1032 627 1075 Sed
648 1033 786 1075 h'bera
807 1047 889 1076 nos
912 1048 937 1076 a
955 1035 1082 1078 malo.

307 1087 354 1137 X'.
391 1089 623 1143 Dispersit,
657 1088 779 1132 dedit
805 1091 1082 1145 pauperibus,

261 1149 305 1198 Rg.
335 1146 360 1186 J
362 1146 511 1188 ustitia
533 1148 625 1199 ejus
647 1151 794 1189 manet
812 1148 856 1188 in
875 1148 1083 1191 se'eculum

258 1202 417 1244 saeculi.

308 1255 355 1306 V
379 1258 645 1302 Benedicam
655 1260 891 1302 D6minum
906 1261 949 1302 in
966 1263 1082 1303 omni

260 1317 470 1369 tempore.
506 1318 551 1369 K'·
589 1316 771 1370 Semper
793 1317 888 1359 laus
921 1318 1010 1370 ejus
1039 1319 1082 1360 in

260 1385 336 1415 ore
354 1385 465 1414 meo.

308 1424 356 1475 X.
388 1430 438 1471 In
456 1429 647 1471 D6mino
671 1429 922 1473 laudabitur
941 1432 1083 1474 Anima

257 1499 364 1528 mea.
396 1486 444 1537 Rg.
475 1486 668 1529 Andiant
685 1489 914 1539 mansueti,
943 1493 987 1531 et
1011 1489 1082 1531 lae-

257 1545 412 1585 tentur.

308 1593 355 1644 X'-
404 1600 681 1651 Magnificate
721 1601 957 1643 Dominum
996 1615 1082 1644 me-

258 1669 367 1699 cum.
398 1658 447 1709 Rv.
476 1657 533 1698 Et
555 1657 795 1699 exaltemus
813 1671 972 1701 nomen
993 1660 1083 1711 ejus

257 1714 301 1754 in
319 1712 520 1767 idipsum.

306 1763 354 1815 V.
399 1770 464 1812 Sit
499 1783 659 1812 nomen
694 1771 871 1812 Domini
907 1770 1083 1814 benedi-

257 1831 386 1869 ctum.
417 1827 466 1878 Ru
492 1826 559 1868 Ex
578 1826 664 1869 hoe
686 1841 800 1870 nunc
820 1833 864 1870 et
881 1841 1021 1881 usque
1041 1829 1084 1870 in

255 1883 475 1926 saeculum.

304 1940 453 1975 Deinde
478 1941 560 1975 sine
596 1940 767 1978 Oremus.

252 1990 560 2096 Retribuere
600 1992 780 2046 dignare
815 1995 1002 2038 Domine
1040 1998 1083 2038 ό-

360 2050 532 2092 mnibus
549 2050 677 2093 nobis
695 2050 811 2094 bona
825 2052 1083 2096 facientibus

257 2112 440 2160 propter
468 2120 626 2149 nomen
651 2112 775 2149 tuum
800 2109 934 2151 vitam
959 2112 1081 2152 aeter-

256 2176 368 2205 nam.
417 2163 463 2214 Rs„
498 2163 649 2205 Amen.

306 2213 353 2264 XV.
371 2219 689 2262 Benedicamus
699 2221 900 2264 D6mino.
918 2223 966 2273 Rv.
983 2224 1080 2267 Deo

255 2276 429 2329 greitias.

307 2327 354 2377 Υ.
392 2332 607 2375 Fidelium
635 2334 789 2376 {inimae
813 2349 893 2389 per
918 2338 1080 2380 miseri—

256 2390 451 2432 cerdiam
478 2390 561 2432 Dei
587 2390 863 2443 requiescant
889 2394 932 2434 in
960 2407 1080 2447 pace.

256 2445 303 2496 Ιζ.
325 2447 477 2488 Amen.

316 2501 439 2545 l’ater
455 2508 617 2545 noster.
632 2511 810 2543 secreto.

305 2568 387 2620 Quo
415 2566 529 2601 linito.
557 2567 649 2601 dicit
673 2568 877 2601 Sacerdos:

255 2675 287 2713 R
307 2617 352 2662 Υ.
385 2620 505 2662 Deus
529 2620 604 2663 det
623 2621 749 2664 nobis
770 2634 892 2663 suam
914 2636 1078 2676 pacem.

325 2677 476 2719 Amen.

1377 290 1497 327 Ante
1521 290 1714 329 Coenam.

1187 349 1376 384 Sacerdos
1405 348 1678 385 benedicturus
1707 361 1877 387 mensam
1903 353 1956 388 in-

1134 402 1227 445 cipit
1248 395 1514 439 Benedicite.
1536 406 1573 438 et
1592 404 1659 438 alii
1679 409 1854 448 repetunt
1876 400 1958 441 Be·

1134 452 1334 495 nedicite.

1186 514 1334 550 Deinde
1360 517 1550 551 Sacerdos
1579 518 1715 562 incipit
1739 514 1799 559 Xs’..
1829 523 1867 554 et
1889 520 1956 554 alii

1135 568 1433 607 prosequuntur:

1224 620 1328 664 dent
1335 625 1565 675 pauperes,
1581 626 1625 664 et
1642 621 1961 672 saturabuntur,

1232 683 1275 720 et
1289 677 1530 720 laudabunt
1543 679 1790 729 Dominum,
1805 679 1879 731 qui
1895 692 1959 722 re-

1136 738 1310 788 quirunt
1339 748 1452 776 eum:
1478 735 1626 777 vivent
1649 734 1786 778 corda
1809 737 1960 778 eorum

1134 793 1177 834 in
1197 792 1405 834 saeculum
1423 791 1583 834 saeculi.

1187 849 1338 891 Gloria
1355 848 1486 890 Patri.
1514 848 1634 890 Sicut
1653 852 1757 890 erat.

1186 909 1320 962 Kyrie
1354 909 1529 951 eleison.
1582 907 1756 950 Christe
1785 909 1961 952 eleison.

1135 965 1270 1019 Kyrie
1286 966 1460 1008 eleison.
1491 967 1618 1008 Pater
1631 970 1792 1007 noster.
1806 973 1958 1009 secret.

1184 1016 1233 1067 Y.
1268 1023 1325 1064 Et
1352 1035 1406 1064 ne
1434 1035 1514 1064 nos
1542 1022 1724 1064 inducas
1751 1022 1795 1063 in
1822 1026 1959 1064 tenta-

1134 1080 1309 1122 tionem.
1340 1080 1390 1131 K.
1416 1079 1504 1122 Sed
1527 1079 1665 1122 libera
1687 1091 1768 1121 nos
1787 1092 1814 1121 a
1831 1078 1960 1121 malo.

1449 1141 1646 1182 Oremus.

1218 1196 1370 1239 enedic
1386 1197 1573 1239 Demine
1594 1211 1686 1247 nos,
1707 1201 1750 1238 et
1768 1196 1865 1238 haec
1885 1201 1960 1238 tua

1238 1253 1365 1304 dona,
1383 1266 1482 1306 quae
1502 1253 1558 1295 de
1577 1258 1650 1296 tua
1670 1253 1873 1304 largitate
1893 1266 1959 1295 su-

1134 1323 1230 1352 mus
1253 1311 1479 1363 sumpturi.
1519 1311 1603 1352 Per
1627 1310 1849 1352 Christum
1871 1310 1959 1352 Do-

1134 1368 1300 1409 minum
1318 1372 1527 1409 nostrum.
1574 1369 1623 1419 Et·
1653 1367 1805 1408 Amen.

1187 1418 1236 1469 ΥΤ.
1263 1423 1375 1467 Jube
1395 1423 1555 1466 domne
1573 1423 1844 1466 benedicere.

1187 1483 1346 1526 Bened.
1375 1484 1448 1527 Ad
1472 1497 1643 1527 coenam
1661 1485 1764 1527 vitae
1783 1485 1960 1526 aetemae

1135 1542 1350 1596 perducat
1373 1554 1454 1583 nos
1477 1542 1575 1583 Rex
1598 1543 1775 1583 aeternae
1797 1540 1960 1592 gloriae.

1187 1598 1236 1637 Ru
1255 1598 1407 1640 Amen.

1384 1659 1432 1696 In
1455 1659 1537 1695 fine
1561 1659 1710 1695 Coenae

1134 1712 1290 1755 dicitur
1315 1707 1364 1760 ΥΤ.
1391 1715 1649 1758 Memoriam
1667 1715 1769 1757 fecit
1788 1714 1960 1757 mirabi-

1134 1773 1239 1814 lium
1259 1774 1437 1814 suorum
1455 1771 1702 1813 misericors
1723 1776 1767 1814 et
1785 1771 1959 1813 misera-

1135 1835 1206 1872 tor
1226 1829 1450 1870 D6minus.

1184 1883 1234 1934 Κ.
1264 1886 1424 1928 Escam
1442 1884 1565 1927 dedit
1582 1883 1834 1927 timentibus
1853 1896 1911 1926 se.

1188 1942 1341 1985 Gloria
1357 1943 1488 1985 Patri.
1514 1942 1634 1984 Sicut
1654 1946 1758 1984 erat.

1375 2008 1565 2044 Sacerdos
1587 2009 1705 2044 dicat:

1132 2054 1444 2160 Benedictus
1472 2066 1593 2107 Deus
1625 2065 1669 2106 in
1699 2063 1826 2107 donis
1858 2065 1958 2115 suis,

1239 2127 1283 2164 et
1315 2127 1489 2164 sanctus
1522 2122 1565 2162 in
1592 2121 1792 2164 omnibus
1819 2121 1959 2174 operi-

1134 2177 1217 2221 bus
1232 2179 1335 2220 suis:
1358 2179 1441 2229 Qui
1459 2179 1566 2221 vivit
1585 2183 1629 2220 et
1647 2182 1799 2230 regnat
1818 2177 1862 2219 in
1880 2179 1958 2219 se'e-

1135 2235 1232 2277 cula
1250 2235 1521 2277 saeculorum.
1544 2231 1593 2283 R·-
1619 2234 1770 2276 Amen.

1184 2294 1333 2330 Deinde
1362 2295 1579 2330 alternatim
1606 2296 1746 2332 dieitur
1773 2299 1834 2334 Ps.
1858 2299 1958 2335 Lau-

1134 2348 1222 2384 date
1246 2348 1453 2384 Dominum
1481 2358 1615 2384 omnes
1643 2348 1797 2383 Gentes.
1832 2351 1869 2382 et
1897 2359 1953 2384 re-

1130 2393 1246 2436 liqua,
1272 2396 1313 2426 ut
1336 2401 1461 2434 supra.

1182 2440 1344 2481 Quando
1385 2441 1502 2474 semel
1543 2441 1772 2484 comeditur,
1824 2445 1951 2478 omnia

1130 2490 1309 2524 dicuntur
1332 2492 1372 2522 ut
1397 2488 1435 2522 in
1459 2499 1580 2523 coena.

1180 2537 1394 2572 l'raedictus
1417 2537 1556 2571 modus
1576 2538 1830 2574 benedicendi
1851 2550 1951 2574 men—

1130 2597 1227 2625 sam,
1252 2590 1289 2620 et
1309 2585 1449 2629 agendi
1466 2586 1625 2628 gratiaS,
1651 2590 1827 2622 servatur
1848 2588 1951 2622 omni

1130 2640 1300 2678 tempore
1329 2634 1442 2674 huius
1470 2634 1596 2668 Partis
1620 2634 1823 2678 Hiemalis,
1855 2645 1950 2679 prae-
1973 2631 1979 2639 '

1129 2687 1303 2726 terquam
1332 2682 1469 2716 diebus
1504 2682 1778 2726 infrascriptis,
1810 2684 1949 2727 quibus

1130 2726 1212 2772 ΥΥ.
1238 2735 1274 2765 ct
1297 2730 1357 2764 Ps.
1382 2734 1528 2764 tantum
1553 2731 1760 2766 variantur.
