2040 2990
696 218 893 251 Uominica
924 218 962 251 Υ.

182 331 266 366 um,
286 319 306 339 *
327 317 385 358 Et
400 316 613 367 refugium
631 329 786 358 meum.
815 311 862 362 Y'.
883 315 1008 357 Libe-

183 376 303 415 rator
336 386 474 422 meuS,
506 373 628 414 Deus
662 385 800 422 meus,
835 372 1008 424 adjutor

182 443 315 471 meus.
346 430 402 471 Et
421 429 646 481 refugium.

483 496 631 537 Lectio
654 496 703 535 vi.

264 573 414 602 rorsus
460 572 675 612 nusquam
722 560 784 601 sic
824 560 1009 612 apparet

280 617 525 669 benignitas
553 617 721 667 gratiae,
755 621 798 657 et
824 615 1009 656 liberali-

182 681 249 716 tas
269 674 598 726 omnipotentiae
614 673 706 722 Dei,
728 685 858 725 quam
875 672 919 712 in
934 671 1009 713 ho-

182 731 297 772 mine
323 730 565 772 mediatore
593 730 675 771 Dei
704 734 748 771 et
775 729 1009 777 heminum,

182 788 358 829 homine
387 787 561 829 Christo
589 787 614 828 J
617 799 704 828 esu.
746 785 861 836 Quid
893 785 1008 827 enim

183 845 385 894 dicimus,
420 844 576 886 fratres
604 843 715 885 mei?
748 843 797 883 In
826 842 913 883 fide
942 854 1008 883 ca-

182 901 346 942 thelica
369 901 541 942 nutritis
566 900 743 952 loquor,
772 899 842 940 vel
868 899 910 939 in
934 911 1007 951 pa-

129 1010 130 1013 *
183 971 279 999 cem
298 957 557 999 catholicam
576 956 767 998 lucratis.
794 955 1007 997 Novimus

182 1020 227 1056 et
259 1016 474 1062 tenemus,
519 1012 808 1055 mediatorem
843 1012 927 1053 Dei
965 1017 1008 1053 et

182 1070 422 1121 heminum,
451 1070 672 1112 hominem
697 1069 917 1110 Christum
940 1069 964 1110 J
967 1082 1006 1110 e-

182 1140 294 1177 sum,
322 1128 365 1168 in
389 1132 599 1179 quantum
622 1126 754 1168 homo
779 1130 888 1175 erat,
917 1127 1007 1178 ejus

183 1197 279 1226 esse
306 1187 492 1233 naturae,
521 1184 641 1236 cujus
669 1189 712 1225 et
740 1195 820 1224 nos
847 1195 1007 1223 sumus.

180 1241 280 1282 Non
300 1241 413 1282 enim
432 1240 611 1282 alterius
627 1243 796 1281 naturae
816 1252 918 1281 caro
933 1252 1006 1280 no-

181 1302 282 1347 stra,
304 1302 347 1338 et
367 1310 469 1338 caro
489 1297 620 1338 illius:
638 1310 718 1339 nec
738 1296 916 1338 alterius
935 1310 1006 1337 na-

181 1358 291 1396 turae
312 1354 455 1395 anima
473 1359 639 1404 nostra,
659 1359 702 1395 et
722 1354 864 1395 anima
882 1353 1007 1394 illius.

180 1412 308 1453 Hanc
327 1411 519 1464 suscepit
536 1415 752 1459 naturam,
777 1423 907 1463 quam
927 1410 1007 1451 sal-

182 1468 370 1510 vandam
390 1481 487 1509 esse
507 1467 724 1520 judicavit.

231 1524 280 1575 Rg.
310 1525 488 1566 Demini
512 1529 579 1566 est
602 1530 735 1574 terra,
762 1529 805 1566 et
823 1523 1007 1577 plenitu-

182 1579 239 1622 do
265 1582 370 1633 ejus:
387 1582 408 1603 *
433 1580 562 1622 Orbis
586 1583 820 1631 terrarum,
850 1586 894 1623 et
918 1581 1007 1623 uni-

181 1637 296 1678 versi
322 1638 395 1690 qui
418 1637 654 1679 habitant
643 1651 687 1678 m
716 1650 780 1679 eo
813 1614 868 1682 Y.
904 1637 1007 1690 Ipse

182 1706 315 1746 super
362 1694 501 1735 maria
546 1693 746 1735 fundavit
797 1707 912 1742 eam,
964 1699 1007 1735 et

182 1763 314 1803 super
354 1750 531 1791 flumina
568 1751 836 1803 praeparavit
877 1750 1007 1791 illam.

130 1869 131 1874 Ἰ
182 1806 324 1848 Orbis.
356 1807 507 1848 Gloria
526 1807 657 1848 Patri.
686 1807 826 1849 Orbis.

392 1889 440 1927 In
468 1887 539 1926 ΙΙΙ.
567 1886 789 1926 Nocturno.

182 1947 333 1988 Lectio
360 1947 498 1988 sancti
517 1946 741 1997 Evangelii
767 1945 1006 1988 secandum

456 2003 725 2045 Matthaeum.

259 2065 409 2106 Lectio
429 2066 498 2105 vii.
701 2065 802 2116 Cap.
822 2064 877 2103 13.
893 2076 926 2103 c.

229 2133 257 2160 n
280 2119 356 2160 illo
380 2120 593 2172 tempore:
621 2120 743 2161 Dixit
767 2121 790 2160 J
795 2134 895 2162 esus
919 2126 1006 2162 tur-

246 2175 313 2217 bis
337 2175 594 2228 parabolam
619 2176 745 2218 hanc:
772 2177 922 2219 Simile
948 2178 1006 2218 fa·

182 2238 300 2274 ctum
321 2237 387 2274 est
405 2245 585 2283 regnum
605 2233 817 2274 coelorum
831 2234 1006 2283 homini,

183 2289 256 2341 qui
299 2289 530 2330 seminavit
575 2289 739 2331 bonum
778 2303 926 2332 semen
963 2291 1006 2331 in

181 2358 286 2396 agro
307 2357 399 2386 suo.
427 2345 483 2385 Et
501 2345 679 2397 reliqua.

285 2412 475 2455 Homilia
503 2413 643 2454 sancti
668 2414 901 2465 Augustini

484 2469 704 2522 Episcopi.

279 2534 358 2567 lib
384 2536 523 2573 (hizest
547 2534 689 2570 'fer-mv.
718 2534 752 2566 in
780 2533 908 2567 Yl'xtth.

432 2592 512 2624 c'lp.
543 2583 588 2615 ll
614 2589 700 2615 tom.
726 2583 754 2615 4

184 2639 291 2701 ff
290 2647 368 2675 um
391 2634 678 2685 negligentius
699 2637 876 2685 agerent
897 2649 1005 2688 prae-

206 2688 225 2739 s,
218 2671 291 2750 <33
309 2691 442 2744 p0s1t1
456 2690 677 2739 heclesiae
698 2696 772 2732 aut
792 2704 890 2732 cum
909 2691 1005 2733 dor-

187 2733 289 2772 *λ’
308 2747 535 2789 mitionem
568 2747 721 2788 mortis
755 2750 1005 2800 acciperent

991 224 1077 260 post
1103 218 1370 260 Epiphaniam.

1061 293 1278 367 Apostoli,
1297 316 1417 357 venit
1435 315 1648 366 diabolus,
1672 321 1716 358 et
1736 329 1884 369 super-

1061 372 1292 413 seminavit
1323 384 1417 422 eos,
1455 384 1566 425 quos
1596 372 1735 415 malos
1770 372 1885 414 filios

1059 428 1276 469 Dominus
1299 428 1622 482 interpretatur.
1658 429 1746 472 Sed
1769 431 1885 481 quae-

1061 485 1180 533 ritur,
1199 489 1346 525 utrum
1365 484 1559 527 haeretici
1578 485 1675 536 sint,
1699 498 1754 527 an
1771 485 1886 527 male

1061 541 1258 582 viventes
1287 540 1516 583 catholici?
1548 542 1739 584 Possunt
1771 542 1886 584 enim

1061 597 1148 639 dici
1168 598 1245 640 filii
1270 598 1371 639 mali
1399 599 1530 640 etiam
1548 598 1759 651 haeretici,
1784 599 1886 651 quia

1062 667 1115 696 ex
1157 654 1313 696 eodem
1349 655 1578 706 Evangelii
1619 656 1798 706 semine,
1843 660 1887 697 et

1061 711 1223 753 Christi
1257 712 1433 754 nomine
1466 713 1704 764 procreati,
1738 712 1886 765 pravis

1062 768 1343 820 opinionibus
1362 768 1418 810 ad
1438 768 1546 810 falsa
1565 769 1773 820 dogmata
1787 781 1887 810 con·

1061 828 1298 866 vertuntur.

1112 882 1160 933 R».
1181 881 1253 922 Ad
1271 887 1316 924 te
1331 882 1519 924 Domine
1538 882 1681 924 levavi
1700 882 1888 924 animam

1063 950 1221 979 meam:
1239 940 1260 962 *
1283 939 1404 980 Deus
1427 952 1550 980 meus
1574 939 1618 979 in
1635 943 1679 980 te
1699 938 1887 988 confido,

1063 1007 1150 1036 non
1183 994 1450 1036 erubescam.
1498 990 1547 1042 Υ.
1584 994 1768 1037 Custodi
1800 995 1886 1036 ani-

1062 1065 1178 1092 mam
1195 1064 1356 1101 meam,
1381 1058 1425 1094 et
1443 1052 1563 1105 eripe
1582 1064 1664 1093 me.
1696 1052 1828 1094 Deus.

1348 1110 1497 1150 Lectio
1518 1110 1601 1150 viii.

1133 1166 1188 1208 ed
1213 1165 1334 1218 quod
1359 1165 1464 1207 dicit
1487 1178 1564 1208 eos
1589 1165 1634 1206 in
1651 1164 1798 1207 medio
1816 1167 1887 1206 tria

1149 1223 1225 1264 tici
1251 1222 1506 1271 seminatos,
1535 1222 1661 1274 quasi
1686 1221 1888 1264 videntur

1062 1280 1124 1320 illi
1152 1279 1405 1330 significari,
1439 1279 1513 1331 qui
1543 1281 1670 1320 unius
1698 1291 1886 1320 commu-

1062 1337 1205 1377 nionis
1223 1341 1333 1377 sunt.
1352 1335 1667 1377 Verumtamen
1682 1335 1888 1387 quoniam

1062 1393 1276 1434 Deminus
1295 1405 1448 1444 agrum
1462 1392 1618 1445 ipsum,
1636 1404 1726 1433 non
1740 1391 1887 1433 Eccle-

1061 1450 1188 1499 siam,
1213 1449 1292 1490 sed
1317 1449 1431 1490 hunc
1452 1448 1662 1490 mundum
1680 1449 1888 1502 interpre-

1060 1508 1177 1547 tatus
1197 1511 1279 1547 est:
1302 1505 1415 1547 bene
1434 1505 1735 1557 intelliguntur
1754 1504 1888 1546 haere-

1060 1563 1153 1612 tici,
1183 1562 1285 1615 quia
1309 1575 1397 1604 non
1422 1562 1634 1604 societate
1657 1564 1784 1603 unius
1807 1562 1887 1602 Ec·

1061 1619 1222 1668 clesiae,
1252 1618 1323 1661 vel
1346 1621 1474 1660 unius
1500 1618 1622 1668 fidei,
1650 1618 1730 1660 sed
1753 1618 1888 1660 socie-

1061 1678 1152 1717 tate
1190 1675 1326 1717 solius
1363 1675 1552 1717 neminis
1588 1675 1814 1716 christiani
1844 1675 1887 1715 in

1061 1732 1146 1774 hoc
1186 1731 1350 1773 mundo
1390 1732 1707 1784 permiscentur
1750 1730 1888 1773 bonis.

1061 1789 1122 1830 At
1135 1788 1207 1838 illi,
1228 1789 1302 1841 qui
1321 1789 1365 1829 in
1385 1788 1540 1830 eadem
1555 1788 1644 1830 fide
1657 1787 1761 1829 mali
1775 1793 1888 1837 sunt,

1059 1845 1187 1898 palea
1218 1845 1368 1898 petius
1401 1858 1531 1898 quam
1563 1845 1730 1886 zizania
1759 1857 1884 1898 repu-

1059 1905 1221 1944 tantur:
1267 1902 1368 1955 quia
1407 1902 1537 1955 palea
1572 1902 1704 1944 etiam
1735 1900 1885 1943 funda-

1059 1961 1253 2001 mentum
1271 1959 1417 2012 ipsum
1435 1958 1568 2000 habet
1587 1971 1687 2000 cum
1699 1958 1884 1999 frumen-

1060 2021 1120 2066 to,
1136 2015 1416 2067 radicemque
1435 2017 1721 2057 communem.

1113 2074 1162 2125 Rg.
1188 2073 1288 2114 Duo
1306 2072 1534 2125 Seraphim
1557 2071 1804 2113 clamAbant
1826 2070 1883 2112 al-

1061 2134 1128 2171 ter
1149 2128 1205 2170 ad
1223 2129 1422 2170 alterum:
1438 2130 1460 2153 *
1482 2129 1677 2177 Sanctus,
1697 2132 1884 2177 sanctus,

1061 2190 1238 2226 sanctus
1258 2185 1473 2226 Dominus
1492 2185 1614 2226 Deus
1632 2183 1844 2226 ὃέιδειοῒὴ·
1860 2182 1882 2205 *

1060 2242 1194 2284 Plena
1218 2247 1285 2283 est
1310 2241 1450 2282 omnis
1474 2247 1591 2283 terra
1615 2241 1755 2292 gloria
1783 2242 1883 2293 ejus.

1063 2297 1111 2344 V.
1128 2299 1239 2340 Tres
1259 2303 1359 2340 sunt
1377 2298 1450 2350 qui
1465 2298 1763 2339 testimonium
1778 2296 1884 2338 dant

1059 2356 1102 2396 in
1123 2354 1251 2396 coelo:
1278 2355 1425 2404 Pater,
1450 2353 1662 2403 Verbum,
1689 2358 1733 2395 et
1750 2354 1882 2406 Spiri-

1059 2417 1130 2453 tus
1150 2415 1341 2452 sanctus:
1371 2415 1415 2452 et
1438 2410 1482 2451 hi
1506 2415 1594 2452 tres
1619 2423 1752 2451 unum
1771 2414 1882 2451 sunt.

1058 2468 1255 2509 Sanctus.
1284 2466 1435 2507 Gloria
1454 2466 1585 2508 Patri.
1613 2466 1748 2507 Plena
1767 2471 1845 2507 est.

1360 2523 1509 2563 Lectio
1531 2523 1582 2562 ix.

1107 2595 1134 2622 n
1154 2580 1226 2621 illa
1245 2580 1374 2633 plane
1398 2581 1573 2630 sagena,
1601 2592 1686 2632 qua
1709 2579 1880 2622 conclu-

1124 2637 1286 2679 duntur
1319 2642 1362 2678 et
1393 2636 1493 2677 mali
1523 2641 1566 2677 et
1594 2635 1698 2677 boni
1724 2636 1880 2689 pisces,

1058 2707 1146 2736 non
1165 2692 1354 2734 absurde
1378 2692 1481 2733 mali
1505 2692 1709 2734 cathelici
1728 2691 1880 2733 intelli-

1057 2754 1226 2801 guntur.
1251 2748 1384 2790 Aliud
1399 2754 1466 2790 est
1481 2749 1596 2790 enim
1611 2761 1742 2798 mare,
1761 2746 1880 2801 quod

2032 2709 2040 2714 n
2025 2628 2040 2698 ΔΙ
