2080 2990
458 237 635 271 Officium
660 236 835 270 votivum
860 235 907 268 de
931 234 988 270 Ss.
1011 233 1266 267 Eucharistiae
1290 234 1548 267 sacramento.

147 334 228 370 tur.
265 324 316 377 V.
340 329 437 379 Ego
464 340 561 368 sum
585 327 711 380 panis
738 326 878 376 vivus,
905 326 980 378 qui

149 385 205 426 de
227 385 342 426 coelo
369 383 593 426 descendi:
620 384 658 424 si
681 383 778 435 quis
801 382 978 424 mandu-

152 441 318 482 caverit
337 453 392 482 ex
406 440 492 481 1100
511 452 637 492 pane,
656 439 774 480 vivet
792 439 837 479 in
855 440 979 480 aeter-

149 510 264 538 num.
292 497 389 538 Hic.
417 495 570 537 Gleria
588 495 718 537 Patri.
745 495 842 536 Hic.

175 582 387 623 Mensibus
414 581 618 622 «Ianuario
647 582 690 621 et,
717 580 954 621 Februario.

149 647 303 688 Sermo
331 646 471 688 sancti
493 645 643 687 Joafiis
667 645 981 697 Chrysostomi.

292 712 463 747 Homilia
486 712 537 746 61.
564 711 613 745 ad
637 722 726 754 pop.
754 712 839 745 Ant.

452 767 605 808 Lectio
626 766 678 806 iv.

175 838 189 873 1,
218 836 250 877 >52:22
275 821 548 864 ecessarium
581 826 667 870 est,
701 820 981 870 dilectissimi,

182 888 187 895 ⁴
223 879 244 906 ’ἱ
298 877 609 930 mysterierum
649 876 818 918 discere
856 877 981 917 mira—

160 954 164 955 *
299 934 455 983 culum,
480 931 703 985 quodnam
725 932 791 981 sit,
816 938 859 974 et
880 945 981 984 qua-

150 1002 200 1031 re
223 990 280 1031 sit
299 989 460 1038 datum,
485 994 529 1030 et
552 1001 650 1040 quae
676 989 766 1040 ejus
790 988 854 1029 rei
872 988 981 1029 utili-

150 1050 231 1087 tas.
258 1046 404 1088 Unum
423 1057 585 1096 corpus
605 1043 830 1085 efficimur:
849 1057 981 1085 mem-

151 1101 250 1152 bra,
282 1101 441 1153 inquit,
474 1113 528 1142 ex
557 1112 687 1142 carne
716 1100 826 1152 ejus,
858 1104 901 1141 et
929 1113 983 1141 ex

152 1157 326 1199 essibus
351 1158 457 1209 ejus:
484 1158 719 1208 sequamur
741 1160 887 1197 autem
905 1156 981 1196 ini-

151 1213 258 1263 tiati,
278 1225 377 1265 quae
397 1212 612 1254 dicuntur.
648 1212 707 1253 Ut
725 1213 874 1263 itaque
894 1225 983 1253 non

151 1273 321 1311 tantum
345 1282 425 1322 per
455 1269 683 1310 caritatem
707 1267 792 1308 hoc
816 1267 983 1316 fiamus,

153 1337 306 1366 verum
331 1325 463 1366 etiam
486 1324 583 1376 ipsa
607 1336 669 1373 re,
697 1324 741 1364 in
767 1323 886 1371 illam
907 1324 982 1364 mi-

154 1383 353 1422 sceamur
376 1392 565 1422 carnem:
590 1379 676 1421 hoc
695 1391 884 1430 namque
903 1392 983 1432 per

154 1449 300 1478 escam
325 1436 527 1485 efficitur,
554 1448 686 1487 quam
709 1435 892 1485 largitus
918 1440 984 1476 est

152 1492 300 1542 nobis,
342 1491 496 1534 volens
537 1491 772 1533 ostendere
815 1490 983 1532 deside-

151 1549 265 1590 rium
293 1547 415 1600 quod
443 1560 546 1598 erga
572 1559 655 1588 nos
682 1546 826 1588 habet.
879 1547 983 1588 Pro-

152 1606 307 1657 pterea
331 1606 616 1655 semetipsum
636 1602 765 1644 nobis
785 1603 983 1652 imiscuit‚

153 1664 197 1701 et
221 1672 381 1713 corpus
407 1672 534 1700 suum
558 1659 602 1699 in
625 1671 707 1700 nos
732 1664 983 1711 contempe-

153 1716 284 1766 ravit,
321 1720 370 1757 ut
402 1728 536 1756 unum
569 1714 675 1767 quid
710 1715 844 1756 simus
876 1720 983 1756 tam-

155 1784 286 1823 quam
329 1784 491 1824 corpus
534 1771 669 1823 capiti
711 1774 983 1823 coaptatum:

154 1827 359 1869 ardenter
378 1828 493 1869 enim
513 1827 752 1868 amantium
771 1827 858 1869 hoc
876 1832 953 1870 est.

209 1887 258 1937 R*-
285 1882 571 1924 Coenantibus
589 1882 685 1923 illis.
713 1883 823 1935 [226]

464 1947 616 1988 Lectio
636 1961 674 1987 v.

237 2015 442 2055 amquam
480 2002 633 2044 leenes
671 2001 802 2052 igitur
839 2002 986 2052 ignem

258 2059 477 2112 spirantes
505 2057 560 2100 ab
588 2057 663 2098 illa
689 2070 841 2099 mensa
867 2070 984 2099 rece-

155 2115 326 2164 damus,
350 2115 454 2156 facti
478 2113 657 2155 diabolo
681 2113 915 2164 terribiles,
942 2119 986 2155 et

155 2176 288 2224 caput
310 2175 510 2212 nostrum
531 2173 677 2210 mente
697 2169 985 2220 revolventes,
1044 2177 1117 2206 ³³⁷³:-

157 2233 200 2269 et
219 2227 449 2269 caritatem
469 2239 600 2277 quam
619 2238 724 2276 erga
742 2238 823 2266 nos
844 2228 985 2267 osten-

157 2283 232 2324 dit.
283 2283 399 2324 Nam
435 2283 642 2335 parentes
680 2281 857 2332 quidem
892 2282 986 2322 aliis

157 2352 278 2392 saepe
310 2338 424 2380 filios
455 2337 635 2379 tradunt
667 2337 867 2378 alendos:
904 2350 986 2388 ego

157 2401 319 2444 autem,
347 2394 504 2447 inquit,
531 2407 621 2435 non
644 2393 720 2443 ita,
747 2392 827 2434 sed
851 2394 987 2434 carni-

156 2451 240 2493 bus
270 2450 379 2492 meis
411 2450 502 2499 alo,
538 2454 582 2492 et
613 2451 830 2501 meipsum
861 2449 988 2490 vobis

158 2509 348 2559 appeno,
366 2518 448 2548 vos
468 2519 619 2548 omnes
636 2507 875 2556 generesos
891 2517 987 2546 esse

158 2562 323 2612 volens,
348 2567 392 2604 et
416 2575 541 2614 spem
564 2562 726 2604 bonam
752 2561 807 2602 de
831 2560 987 2602 futuris

158 2617 287 2660 vobis
314 2618 538 2670 praebens:
567 2618 730 2670 quippe
760 2617 834 2668 qui
862 2616 988 2658 vobis

159 2674 230 2714 hic
253 2673 664 2726 meipsumtradidi,
687 2673 825 2714 multo
848 2673 987 2723 magis

160 2728 206 2770 id
233 2729 278 2769 in
303 2729 451 2770 futuro
479 2729 648 2771 faciam.
692 2729 827 2770 Velui
854 2728 989 2769 frater

1770 228 1862 272 [227]

1032 331 1180 368 vester
1206 326 1321 375 fieri,
1355 325 1475 367 carni
1501 329 1683 377 propter
1710 337 1790 366 vos
1820 329 1863 365 et

1033 382 1232 433 sanguini
1269 381 1605 424 communicavi:
1643 380 1770 422 vobis
1791 380 1861 421 .νί-

1033 439 1180 480 01881111
1216 438 1359 491 ipsam
1400 450 1575 479 carnem
1613 441 1657 478 et
1694 437 1862 487 sangui-

1033 507 1144 544 nem,
1170 507 1250 546 per
1275 506 1374 545 quae
1400 495 1613 544 cognatus
1636 497 1782 534 vester
1805 493 1862 533 fa-

1034 556 1130 592 ctus
1150 563 1257 599 sum,
1281 549 1421 591 trado.

1087 618 1136 669 R.
1163 614 1348 666 Accepit
1366 613 1391 654 J
1394 625 1503 654 esus.
1532 613 1642 665 [226]

1338 690 1489 730 Lectio
1511 689 1561 729 vi.

1113 752 1365 794 ttendamus
1401 753 1549 803 itaque
1586 750 1712 791 nobis
1746 752 1864 803 ipsis,

1157 807 1446 856 dilectissimi,
1478 807 1640 848 talibus
1672 807 1864 849 fruentes

1034 865 1178 906 bonis:
1204 869 1247 906 et
1267 877 1366 905 cum
1386 862 1551 914 aliquid
1570 867 1698 915 turpe
1719 862 1864 905 dicere

1034 921 1313 969 voluerimus,
1339 919 1409 960 vel
1432 931 1514 959 1108
1539 918 1594 959 ab
1617 918 1681 959 ira
1706 919 1866 971 cerripi

1035 976 1284 1026 viderimuS,
1304 975 1374 1017 vel
1392 975 1477 1015 alio
1499 974 1708 1026 qu6piam
1723 975 1866 1027 hujus-

1035 1032 1156 1074 modi
1187 1032 1315 1081 vitio,
1348 1029 1676 1072 consideremus
1708 1030 1866 1082 quibus

1036 1088 1139 1129 facti
1162 1100 1310 1128 sumus
1332 1086 1464 1137 digni:
1490 1085 1678 1137 talisque
1704 1087 1865 1137 cogita-

1036 1146 1098 1186 tio
1126 1144 1251 1185 nobis
1280 1141 1642 1184 irrationabilium
1668 1145 1866 1183 metuum

1037 1201 1092 1242 sit
1116 1199 1344 1241 correctio.
1385 1199 1614 1249 Quotquot
1636 1198 1768 1249 igitur
1791 1198 1866 1238 hu-

1036 1257 1101 1308 jus
1134 1255 1372 1308 participes
1410 1253 1611 1305 corporis
1645 1253 1866 1303 efficimur,

1038 1315 1257 1363 quotquot
1286 1310 1542 1361 sanguinem
1568 1308 1866 1360 degustamus,

1037 1368 1290 1418 cogitemus,
1317 1365 1437 1418 quod
1461 1365 1583 1406 illum
1607 1378 1779 1406 sursum
1803 1378 1866 1406 se-

1037 1422 1232 1472 dentem,
1264 1422 1338 1474 qui
1365 1421 1420 1463 ab
1450 1420 1629 1471 Angelis
1657 1420 1867 1462 adoratur

1037 1477 1358 1531 incorruptibili
1377 1478 1545 1519 vicinus
1565 1477 1729 1526 virtfiti,
1753 1476 1868 1518 hunc

1038 1535 1332 1585 degustamus.
1360 1533 1446 1575 Hei
1465 1532 1579 1582 mihi,
1600 1538 1709 1584 quot
1728 1532 1784 1574 ad
1804 1546 1867 1573 sa-

1038 1591 1174 1631 lutem
1187 1589 1315 1631 nobis
1330 1589 1430 1631 viae!
1455 1589 1550 1630 Nos
1566 1601 1727 1640 corpus
1743 1602 1869 1629 suum

1038 1645 1198 1688 effecit:
1225 1645 1353 1687 nobis
1380 1658 1506 1686 suum
1532 1644 1870 1685 communicavit

1037 1714 1214 1756 corpus:
1235 1707 1278 1743 et
1297 1701 1456 1742 horum
1474 1713 1555 1741 nos
1574 1700 1681 1740 nihil
1700 1713 1725 1741 a
1744 1700 1869 1741 malis

1037 1758 1205 1799 avertit.

1093 1823 1142 1862 R.
1167 1821 1264 1871 Ego
1284 1834 1382 1862 sum
1399 1820 1537 1872 panis.
1565 1819 1675 1871 [226]

1248 1911 1424 1951 Mense
1456 1910 1661 1950 Martio.

1042 1982 1195 2022 Sermo
1223 1980 1361 2021 sancti
1383 1979 1408 2019 J
1410 1978 1533 2020 oafiis
1557 1977 1869 2029 Chrysestomi.

1176 2042 1346 2076 Homilia
1370 2042 1429 2075 60.
1456 2041 1504 2074 ad
1530 2050 1618 2082 pop.
1644 2040 1731 2073 Ant.

1342 2101 1494 2141 Lectio
1515 2100 1567 2139 iv.

1080 2210 1083 2213 .
1136 2168 1347 2209 ueniam
1377 2166 1576 2209 Verbum
1612 2164 1736 2209 dicit:
1771 2167 1870 2207 Hoc

1045 2273 1046 2277 Ἰ
1189 2229 1256 2265 est
1281 2236 1442 2276 corpus
1468 2236 1630 2265 meum:
1659 2228 1703 2265 et
1726 2235 1869 2264 assen-

1045 2285 1066 2299 “ss
1084 2276 1112 2304 ἵ
1143 2267 1163 2302 '²³¹
1188 2280 1365 2329 tiamur,
1393 2283 1437 2321 et
1463 2279 1711 2328 credamus,
1740 2283 1783 2319 et
1808 2278 1868 2318 in-

1040 2335 1364 2378 tellectualibus
1383 2336 1527 2388 ipsum
1547 2335 1685 2376 0011118
1706 2335 1868 2375 intuea-

1039 2405 1146 2433 mur.
1199 2391 1320 2433 Nihil
1355 2392 1470 2433 enim
1506 2390 1709 2432 sensibile
1742 2389 1869 2430 nobis

1041 2447 1240 2489 Christus
1263 2447 1461 2489 tradidit:
1488 2446 1566 2488 sed
1591 2444 1869 2487 sensibilibus

1041 2504 1219 2556 quidem
1237 2503 1379 2553 rebus,
1399 2507 1444 2544 at
1462 2502 1606 2543 emnia
1623 2500 1867 2551 intelligibi-

1039 2559 1107 2600 lia.
1151 2559 1312 2602 Itidem
1340 2564 1384 2601 et
1412 2559 1456 2599 in
1480 2558 1762 2611 baptismate:
1790 2569 1870 2609 per

1039 2629 1134 2657 rem
1151 2629 1310 2668 nempe
1331 2614 1581 2657 sensibilem
1601 2626 1770 2665 aquam,
1794 2611 1868 2654 do-

1039 2685 1143 2712 num
1180 2672 1419 2713 confertur:
1456 2668 1726 2720 intelligibile
1762 2680 1868 2709 vero

1041 2726 1162 2779 quod
1179 2727 1414 2780 perficitur,
1437 2725 1660 2776 generatio
1683 2729 1726 2766 et
1743 2736 1866 2765 reno-
