<?xml version="1.0" encoding="UTF-8"?>
<!DOCTYPE html PUBLIC "-//W3C//DTD XHTML 1.0 Transitional//EN"
    "http://www.w3.org/TR/xhtml1/DTD/xhtml1-transitional.dtd">
<html xmlns="http://www.w3.org/1999/xhtml" xml:lang="en" lang="en">
 <head>
  <title>
</title>
<meta http-equiv="Content-Type" content="text/html;charset=utf-8" />
  <meta name='ocr-system' content='tesseract 3.04.00' />
  <meta name='ocr-capabilities' content='ocr_page ocr_carea ocr_par ocr_line ocrx_word'/>
</head>
<body>
  <div class='ocr_page' id='page_1' title='image "./p1breviariumroma00cathuoft_0596.png"; bbox 0 0 2080 2990; ppageno 0'>
   <div class='ocr_carea' id='block_1_1' title="bbox 773 225 1342 267">
    <p class='ocr_par' dir='ltr' id='par_1_1' title="bbox 773 225 1342 267">
     <span class='ocr_line' id='line_1_1' title="bbox 773 225 1342 267; baseline -0.002 -7"><span class='ocrx_word' id='word_1_1' title='bbox 773 226 984 260; x_wconf 77' lang='lat' dir='ltr'>Commune</span> <span class='ocrx_word' id='word_1_2' title='bbox 1012 225 1124 259; x_wconf 79' lang='lat' dir='ltr'>unius</span> <span class='ocrx_word' id='word_1_3' title='bbox 1150 225 1342 267; x_wconf 82' lang='lat' dir='ltr'>Martyris.</span> 
     </span>
    </p>
   </div>
   <div class='ocr_carea' id='block_1_2' title="bbox 200 321 1028 471">
    <p class='ocr_par' dir='ltr' id='par_1_2' title="bbox 200 321 1028 471">
     <span class='ocr_line' id='line_1_2' title="bbox 232 321 999 373; baseline -0.004 -9"><span class='ocrx_word' id='word_1_4' title='bbox 232 323 421 365; x_wconf 88' lang='lat' dir='ltr'>Homilia</span> <span class='ocrx_word' id='word_1_5' title='bbox 442 322 583 364; x_wconf 91' lang='lat' dir='ltr'>sancti</span> <span class='ocrx_word' id='word_1_6' title='bbox 602 321 761 363; x_wconf 89' lang='lat' dir='ltr'>Hilarii</span> <span class='ocrx_word' id='word_1_7' title='bbox 777 321 999 373; x_wconf 81' lang='lat' dir='ltr'>Episcopi.</span> 
     </span>
     <span class='ocr_line' id='line_1_3' title="bbox 200 388 1028 430; baseline -0.001 -9"><span class='ocrx_word' id='word_1_8' title='bbox 200 390 410 422; x_wconf 75' lang='lat' dir='ltr'>Commcnt.</span> <span class='ocrx_word' id='word_1_9' title='bbox 431 389 466 422; x_wconf 83' lang='lat' dir='ltr'>in</span> <span class='ocrx_word' id='word_1_10' title='bbox 486 388 726 425; x_wconf 79' lang='lat' dir='ltr'>Matthaeum,</span> <span class='ocrx_word' id='word_1_11' title='bbox 753 399 833 422; x_wconf 78' lang='lat' dir='ltr'>can.</span> <span class='ocrx_word' id='word_1_12' title='bbox 861 388 915 421; x_wconf 78' lang='lat' dir='ltr'>lo.</span> <span class='ocrx_word' id='word_1_13' title='bbox 941 392 1028 430; x_wconf 76' lang='lat' dir='ltr'>post</span> 
     </span>
     <span class='ocr_line' id='line_1_4' title="bbox 524 437 702 471; baseline 0 0"><span class='ocrx_word' id='word_1_14' title='bbox 524 437 702 471; x_wconf 74' lang='lat' dir='ltr'>medium.</span> 
     </span>
    </p>
   </div>
   <div class='ocr_carea' id='block_1_3' title="bbox 194 488 1029 1499">
    <p class='ocr_par' dir='ltr' id='par_1_3' title="bbox 194 488 1029 1499">
     <span class='ocr_line' id='line_1_5' title="bbox 332 488 1029 541; baseline -0.004 -10.124"><span class='ocrx_word' id='word_1_15' title='bbox 332 490 506 531; x_wconf 92' lang='lat' dir='ltr'>ominus</span> <span class='ocrx_word' id='word_1_16' title='bbox 526 490 644 531; x_wconf 91' lang='lat' dir='ltr'>diem</span> <span class='ocrx_word' id='word_1_17' title='bbox 659 489 808 541; x_wconf 87' lang='lat' dir='ltr'>judicii</span> <span class='ocrx_word' id='word_1_18' title='bbox 823 488 1029 537; x_wconf 86' lang='lat' dir='ltr'>ostendit,</span> 
     </span>
     <span class='ocr_line' id='line_1_6' title="bbox 211 544 1029 603; baseline -0.01 -11"><span class='ocrx_word' id='word_1_19' title='bbox 211 553 324 603; x_wconf 45' lang='lat'>1142&amp;</span> <span class='ocrx_word' id='word_1_20' title='bbox 358 559 457 599; x_wconf 88' lang='lat' dir='ltr'>quae</span> <span class='ocrx_word' id='word_1_21' title='bbox 500 546 749 588; x_wconf 82' lang='lat' dir='ltr'>abstrusam</span> <span class='ocrx_word' id='word_1_22' title='bbox 789 544 1029 586; x_wconf 88' lang='lat' dir='ltr'>voluntatis</span> 
     </span>
     <span class='ocr_line' id='line_1_7' title="bbox 210 601 1028 653; baseline -0.006 -8"><span class='ocrx_word' id='word_1_23' title='bbox 210 601 318 629; x_wconf 39' lang='grc' dir='ltr'><em>Ἀ</em></span> <span class='ocrx_word' id='word_1_24' title='bbox 356 607 522 644; x_wconf 89' lang='lat' dir='ltr'>nostrae</span> <span class='ocrx_word' id='word_1_25' title='bbox 568 601 882 644; x_wconf 89' lang='lat' dir='ltr'>conscientiam</span> <span class='ocrx_word' id='word_1_26' title='bbox 930 612 1028 653; x_wconf 93' lang='lat' dir='ltr'>pro-</span> 
     </span>
     <span class='ocr_line' id='line_1_8' title="bbox 197 656 1028 711; baseline -0.006 -10"><span class='ocrx_word' id='word_1_27' title='bbox 197 659 288 702; x_wconf 85' lang='lat' dir='ltr'><strong>det:</strong></span> <span class='ocrx_word' id='word_1_28' title='bbox 317 664 361 701; x_wconf 90' lang='lat' dir='ltr'>et</span> <span class='ocrx_word' id='word_1_29' title='bbox 389 672 440 701; x_wconf 88' lang='lat' dir='ltr'>ea</span> <span class='ocrx_word' id='word_1_30' title='bbox 470 672 569 711; x_wconf 81' lang='lat' dir='ltr'>quae</span> <span class='ocrx_word' id='word_1_31' title='bbox 597 671 712 700; x_wconf 91' lang='lat' dir='ltr'>nunc</span> <span class='ocrx_word' id='word_1_32' title='bbox 738 657 913 699; x_wconf 81' lang='lat' dir='ltr'>occulta</span> <span class='ocrx_word' id='word_1_33' title='bbox 942 656 1028 698; x_wconf 81' lang='lat' dir='ltr'>exi-</span> 
     </span>
     <span class='ocr_line' id='line_1_9' title="bbox 196 713 1027 766; baseline -0.006 -9"><span class='ocrx_word' id='word_1_34' title='bbox 196 716 448 765; x_wconf 87' lang='lat' dir='ltr'>stimantur,</span> <span class='ocrx_word' id='word_1_35' title='bbox 501 715 599 757; x_wconf 91' lang='lat' dir='ltr'>luce</span> <span class='ocrx_word' id='word_1_36' title='bbox 640 713 907 766; x_wconf 89' lang='lat' dir='ltr'>cognitionis</span> <span class='ocrx_word' id='word_1_37' title='bbox 951 715 1027 765; x_wconf 80' lang='lat' dir='ltr'>pu-</span> 
     </span>
     <span class='ocr_line' id='line_1_10' title="bbox 195 769 1028 822; baseline -0.006 -8"><span class='ocrx_word' id='word_1_38' title='bbox 195 772 324 814; x_wconf 85' lang='lat' dir='ltr'>blicae</span> <span class='ocrx_word' id='word_1_39' title='bbox 353 771 543 822; x_wconf 87' lang='lat' dir='ltr'>deteget.</span> <span class='ocrx_word' id='word_1_40' title='bbox 590 771 731 822; x_wconf 86' lang='lat' dir='ltr'><strong>Igitur</strong></span> <span class='ocrx_word' id='word_1_41' title='bbox 759 782 848 811; x_wconf 92' lang='lat' dir='ltr'>non</span> <span class='ocrx_word' id='word_1_42' title='bbox 876 769 1028 818; x_wconf 90' lang='lat' dir='ltr'>minas,</span> 
     </span>
     <span class='ocr_line' id='line_1_11' title="bbox 195 825 1028 879; baseline -0.004 -9"><span class='ocrx_word' id='word_1_43' title='bbox 195 841 285 870; x_wconf 92' lang='lat' dir='ltr'>non</span> <span class='ocrx_word' id='word_1_44' title='bbox 309 828 510 877; x_wconf 88' lang='lat' dir='ltr'>consilia,</span> <span class='ocrx_word' id='word_1_45' title='bbox 537 839 624 868; x_wconf 92' lang='lat' dir='ltr'>non</span> <span class='ocrx_word' id='word_1_46' title='bbox 648 828 897 879; x_wconf 89' lang='lat' dir='ltr'>potestates</span> <span class='ocrx_word' id='word_1_47' title='bbox 917 825 1028 867; x_wconf 90' lang='lat' dir='ltr'>inse-</span> 
     </span>
     <span class='ocr_line' id='line_1_12' title="bbox 196 881 1028 927; baseline -0.006 0"><span class='ocrx_word' id='word_1_48' title='bbox 196 885 410 927; x_wconf 88' lang='lat' dir='ltr'>ctantium</span> <span class='ocrx_word' id='word_1_49' title='bbox 440 889 592 926; x_wconf 90' lang='lat' dir='ltr'>monet</span> <span class='ocrx_word' id='word_1_50' title='bbox 626 896 723 925; x_wconf 88' lang='lat' dir='ltr'>esse</span> <span class='ocrx_word' id='word_1_51' title='bbox 752 881 1028 923; x_wconf 87' lang='lat' dir='ltr'>metuendas:</span> 
     </span>
     <span class='ocr_line' id='line_1_13' title="bbox 197 938 1029 994; baseline -0.005 -11"><span class='ocrx_word' id='word_1_52' title='bbox 197 942 300 994; x_wconf 93' lang='lat' dir='ltr'>quia</span> <span class='ocrx_word' id='word_1_53' title='bbox 326 941 421 983; x_wconf 86' lang='lat' dir='ltr'>dies</span> <span class='ocrx_word' id='word_1_54' title='bbox 446 940 594 992; x_wconf 86' lang='lat' dir='ltr'>judicii</span> <span class='ocrx_word' id='word_1_55' title='bbox 618 940 738 981; x_wconf 91' lang='lat' dir='ltr'>nulla</span> <span class='ocrx_word' id='word_1_56' title='bbox 762 939 858 980; x_wconf 88' lang='lat' dir='ltr'>haec</span> <span class='ocrx_word' id='word_1_57' title='bbox 883 938 1029 988; x_wconf 88' lang='lat' dir='ltr'>fuisse,</span> 
     </span>
     <span class='ocr_line' id='line_1_14' title="bbox 195 994 1029 1050; baseline -0.005 -11"><span class='ocrx_word' id='word_1_58' title='bbox 195 1003 329 1050; x_wconf 90' lang='lat' dir='ltr'>atque</span> <span class='ocrx_word' id='word_1_59' title='bbox 365 997 512 1038; x_wconf 91' lang='lat' dir='ltr'>inania</span> <span class='ocrx_word' id='word_1_60' title='bbox 546 996 771 1038; x_wconf 84' lang='lat' dir='ltr'>revelabit.</span> <span class='ocrx_word' id='word_1_61' title='bbox 823 996 880 1036; x_wconf 89' lang='lat' dir='ltr'>Et</span> <span class='ocrx_word' id='word_1_62' title='bbox 907 994 1029 1047; x_wconf 89' lang='lat' dir='ltr'>quod</span> 
     </span>
     <span class='ocr_line' id='line_1_15' title="bbox 197 1051 1028 1101; baseline -0.006 -5"><span class='ocrx_word' id='word_1_63' title='bbox 197 1054 298 1096; x_wconf 92' lang='lat' dir='ltr'>dico</span> <span class='ocrx_word' id='word_1_64' title='bbox 328 1053 455 1095; x_wconf 86' lang='lat' dir='ltr'>vobis</span> <span class='ocrx_word' id='word_1_65' title='bbox 489 1053 532 1093; x_wconf 91' lang='lat' dir='ltr'>in</span> <span class='ocrx_word' id='word_1_66' title='bbox 565 1052 778 1101; x_wconf 88' lang='lat' dir='ltr'>tenebris,</span> <span class='ocrx_word' id='word_1_67' title='bbox 816 1051 950 1093; x_wconf 86' lang='lat' dir='ltr'>dicite</span> <span class='ocrx_word' id='word_1_68' title='bbox 984 1051 1028 1091; x_wconf 94' lang='lat' dir='ltr'>in</span> 
     </span>
     <span class='ocr_line' id='line_1_16' title="bbox 195 1107 1028 1161; baseline -0.006 -9"><span class='ocrx_word' id='word_1_69' title='bbox 195 1111 377 1152; x_wconf 81' lang='lat' dir='ltr'>lumine:</span> <span class='ocrx_word' id='word_1_70' title='bbox 419 1115 462 1151; x_wconf 91' lang='lat' dir='ltr'>et</span> <span class='ocrx_word' id='word_1_71' title='bbox 492 1109 612 1161; x_wconf 89' lang='lat' dir='ltr'>quod</span> <span class='ocrx_word' id='word_1_72' title='bbox 644 1109 689 1149; x_wconf 92' lang='lat' dir='ltr'>in</span> <span class='ocrx_word' id='word_1_73' title='bbox 720 1121 826 1149; x_wconf 88' lang='lat' dir='ltr'>aure</span> <span class='ocrx_word' id='word_1_74' title='bbox 855 1107 1028 1157; x_wconf 89' lang='lat' dir='ltr'>auditis,</span> 
     </span>
     <span class='ocr_line' id='line_1_17' title="bbox 194 1163 1027 1220; baseline -0.006 -12"><span class='ocrx_word' id='word_1_75' title='bbox 194 1166 436 1220; x_wconf 80' lang='lat' dir='ltr'>praedicate</span> <span class='ocrx_word' id='word_1_76' title='bbox 462 1178 594 1218; x_wconf 89' lang='lat' dir='ltr'>super</span> <span class='ocrx_word' id='word_1_77' title='bbox 622 1169 751 1207; x_wconf 86' lang='lat' dir='ltr'>tecta.</span> <span class='ocrx_word' id='word_1_78' title='bbox 795 1164 899 1205; x_wconf 92' lang='lat' dir='ltr'>Non</span> <span class='ocrx_word' id='word_1_79' title='bbox 924 1163 1027 1214; x_wconf 88' lang='lat' dir='ltr'>legi-</span> 
     </span>
     <span class='ocr_line' id='line_1_18' title="bbox 194 1220 1028 1264; baseline -0.005 0"><span class='ocrx_word' id='word_1_80' title='bbox 194 1237 292 1264; x_wconf 91' lang='lat' dir='ltr'>mus</span> <span class='ocrx_word' id='word_1_81' title='bbox 314 1222 553 1264; x_wconf 91' lang='lat' dir='ltr'>Dominum</span> <span class='ocrx_word' id='word_1_82' title='bbox 582 1221 761 1263; x_wconf 85' lang='lat' dir='ltr'>solitum</span> <span class='ocrx_word' id='word_1_83' title='bbox 791 1220 927 1261; x_wconf 88' lang='lat' dir='ltr'>fuisse</span> <span class='ocrx_word' id='word_1_84' title='bbox 953 1222 1028 1260; x_wconf 90' lang='lat' dir='ltr'>no-</span> 
     </span>
     <span class='ocr_line' id='line_1_19' title="bbox 195 1277 1028 1328; baseline -0.005 -7"><span class='ocrx_word' id='word_1_85' title='bbox 195 1279 340 1321; x_wconf 89' lang='lat' dir='ltr'>ctibus</span> <span class='ocrx_word' id='word_1_86' title='bbox 370 1278 673 1328; x_wconf 88' lang='lat' dir='ltr'>sermocinari,</span> <span class='ocrx_word' id='word_1_87' title='bbox 709 1282 752 1319; x_wconf 87' lang='lat' dir='ltr'>et</span> <span class='ocrx_word' id='word_1_88' title='bbox 781 1277 1028 1318; x_wconf 83' lang='lat' dir='ltr'>doctrinam</span> 
     </span>
     <span class='ocr_line' id='line_1_20' title="bbox 194 1332 1029 1385; baseline -0.005 -8"><span class='ocrx_word' id='word_1_89' title='bbox 194 1336 238 1376; x_wconf 93' lang='lat' dir='ltr'>in</span> <span class='ocrx_word' id='word_1_90' title='bbox 274 1335 470 1377; x_wconf 89' lang='lat' dir='ltr'>tenebris</span> <span class='ocrx_word' id='word_1_91' title='bbox 507 1334 764 1376; x_wconf 80' lang='lat' dir='ltr'>tradidisse:</span> <span class='ocrx_word' id='word_1_92' title='bbox 811 1333 891 1375; x_wconf 93' lang='lat' dir='ltr'>sed</span> <span class='ocrx_word' id='word_1_93' title='bbox 927 1332 1029 1385; x_wconf 92' lang='lat' dir='ltr'>quia</span> 
     </span>
     <span class='ocr_line' id='line_1_21' title="bbox 195 1390 1027 1443; baseline -0.005 -9"><span class='ocrx_word' id='word_1_94' title='bbox 195 1393 338 1434; x_wconf 89' lang='lat' dir='ltr'>omnis</span> <span class='ocrx_word' id='word_1_95' title='bbox 364 1404 509 1434; x_wconf 91' lang='lat' dir='ltr'>sermo</span> <span class='ocrx_word' id='word_1_96' title='bbox 531 1392 622 1443; x_wconf 90' lang='lat' dir='ltr'>ejus</span> <span class='ocrx_word' id='word_1_97' title='bbox 641 1390 891 1432; x_wconf 88' lang='lat' dir='ltr'>carnalibus</span> <span class='ocrx_word' id='word_1_98' title='bbox 910 1391 1027 1431; x_wconf 88' lang='lat' dir='ltr'>tene-</span> 
     </span>
     <span class='ocr_line' id='line_1_22' title="bbox 194 1445 1028 1499; baseline -0.005 -9"><span class='ocrx_word' id='word_1_99' title='bbox 194 1449 287 1490; x_wconf 89' lang='lat' dir='ltr'>brae</span> <span class='ocrx_word' id='word_1_100' title='bbox 313 1453 424 1498; x_wconf 91' lang='lat' dir='ltr'>sunt,</span> <span class='ocrx_word' id='word_1_101' title='bbox 452 1453 495 1490; x_wconf 90' lang='lat' dir='ltr'>et</span> <span class='ocrx_word' id='word_1_102' title='bbox 519 1447 704 1489; x_wconf 82' lang='lat' dir='ltr'>verbum</span> <span class='ocrx_word' id='word_1_103' title='bbox 730 1448 822 1499; x_wconf 89' lang='lat' dir='ltr'>ejus</span> <span class='ocrx_word' id='word_1_104' title='bbox 846 1445 1028 1487; x_wconf 85' lang='lat' dir='ltr'>infideli-</span> 
     </span>
    </p>
   </div>
   <div class='ocr_carea' id='block_1_4' title="bbox 194 1505 483 1547">
    <p class='ocr_par' dir='ltr' id='par_1_4' title="bbox 194 1505 483 1547">
     <span class='ocr_line' id='line_1_23' title="bbox 194 1505 483 1547; baseline -0.007 0"><span class='ocrx_word' id='word_1_105' title='bbox 194 1505 277 1547; x_wconf 92' lang='lat' dir='ltr'>bus</span> <span class='ocrx_word' id='word_1_106' title='bbox 297 1518 385 1546; x_wconf 84' lang='lat' dir='ltr'>nox</span> <span class='ocrx_word' id='word_1_107' title='bbox 406 1510 483 1546; x_wconf 89' lang='lat' dir='ltr'>est.</span> 
     </span>
    </p>
   </div>
   <div class='ocr_carea' id='block_1_5' title="bbox 233 497 291 617">
    <p class='ocr_par' dir='ltr' id='par_1_5' title="bbox 233 497 291 617">
     <span class='ocr_line' id='line_1_24' title="bbox 234 497 291 540; baseline 0 0"><span class='ocrx_word' id='word_1_108' title='bbox 234 497 291 540; x_wconf 56' lang='lat' dir='ltr'>{saf-</span> 
     </span>
     <span class='ocr_line' id='line_1_25' title="bbox 235 567 286 587; baseline 0 -4"><span class='ocrx_word' id='word_1_109' title='bbox 235 567 246 583; x_wconf 57' lang='lat' dir='ltr'>e</span> <span class='ocrx_word' id='word_1_110' title='bbox 261 570 270 587; x_wconf 56' lang='grc' dir='ltr'>ζ,</span> <span class='ocrx_word' id='word_1_111' title='bbox 284 573 286 576; x_wconf 90' lang='grc'><em>·</em></span> 
     </span>
     <span class='ocr_line' id='line_1_26' title="bbox 233 606 240 617; baseline 0 0"><span class='ocrx_word' id='word_1_112' title='bbox 233 606 240 617; x_wconf 64' lang='grc' dir='ltr'>λ</span> 
     </span>
    </p>
   </div>
   <div class='ocr_carea' id='block_1_6' title="bbox 195 1566 1031 2592">
    <p class='ocr_par' dir='ltr' id='par_1_6' title="bbox 195 1566 1029 1957">
     <span class='ocr_line' id='line_1_27' title="bbox 251 1566 1028 1618; baseline -0.005 -12"><span class='ocrx_word' id='word_1_113' title='bbox 251 1567 301 1618; x_wconf 64' lang='lat' dir='ltr'>Rr.</span> <span class='ocrx_word' id='word_1_114' title='bbox 339 1566 513 1606; x_wconf 88' lang='lat' dir='ltr'>Corona</span> <span class='ocrx_word' id='word_1_115' title='bbox 550 1568 683 1606; x_wconf 80' lang='lat' dir='ltr'>aurea</span> <span class='ocrx_word' id='word_1_116' title='bbox 723 1576 856 1616; x_wconf 92' lang='lat' dir='ltr'>super</span> <span class='ocrx_word' id='word_1_117' title='bbox 894 1566 1028 1615; x_wconf 91' lang='lat' dir='ltr'>caput</span> 
     </span>
     <span class='ocr_line' id='line_1_28' title="bbox 196 1619 1028 1674; baseline -0.006 -10"><span class='ocrx_word' id='word_1_118' title='bbox 196 1624 302 1674; x_wconf 90' lang='lat' dir='ltr'>ejus:</span> <span class='ocrx_word' id='word_1_119' title='bbox 330 1624 351 1646; x_wconf 85' lang='lat'>*</span> <span class='ocrx_word' id='word_1_120' title='bbox 379 1622 603 1674; x_wconf 74' lang='lat' dir='ltr'>Expressa</span> <span class='ocrx_word' id='word_1_121' title='bbox 621 1621 747 1672; x_wconf 88' lang='lat' dir='ltr'>signo</span> <span class='ocrx_word' id='word_1_122' title='bbox 769 1619 1028 1668; x_wconf 65' lang='lat' dir='ltr'>sanctitatis,</span> 
     </span>
     <span class='ocr_line' id='line_1_29' title="bbox 195 1674 1029 1730; baseline -0.006 -10"><span class='ocrx_word' id='word_1_123' title='bbox 195 1679 336 1730; x_wconf 89' lang='lat' dir='ltr'>gloria</span> <span class='ocrx_word' id='word_1_124' title='bbox 350 1678 542 1727; x_wconf 80' lang='lat' dir='ltr'>honoris,</span> <span class='ocrx_word' id='word_1_125' title='bbox 556 1683 599 1719; x_wconf 91' lang='lat' dir='ltr'>et</span> <span class='ocrx_word' id='word_1_126' title='bbox 615 1689 730 1729; x_wconf 91' lang='lat' dir='ltr'>opus</span> <span class='ocrx_word' id='word_1_127' title='bbox 747 1674 1029 1718; x_wconf 80' lang='lat' dir='ltr'>fortitudinis.</span> 
     </span>
     <span class='ocr_line' id='line_1_30' title="bbox 199 1731 1029 1786; baseline -0.006 -9"><span class='ocrx_word' id='word_1_128' title='bbox 199 1731 250 1783; x_wconf 64' lang='lat' dir='ltr'>V.</span> <span class='ocrx_word' id='word_1_129' title='bbox 288 1735 507 1786; x_wconf 90' lang='lat' dir='ltr'>Quoniam</span> <span class='ocrx_word' id='word_1_130' title='bbox 546 1733 803 1786; x_wconf 77' lang='lat' dir='ltr'>praevenisti</span> <span class='ocrx_word' id='word_1_131' title='bbox 843 1745 943 1774; x_wconf 90' lang='lat' dir='ltr'>eum</span> <span class='ocrx_word' id='word_1_132' title='bbox 985 1731 1029 1772; x_wconf 91' lang='lat' dir='ltr'>in</span> 
     </span>
     <span class='ocr_line' id='line_1_31' title="bbox 195 1789 1028 1841; baseline -0.007 -7"><span class='ocrx_word' id='word_1_133' title='bbox 195 1790 580 1834; x_wconf 67' lang='lat' dir='ltr'>benedictionibus</span> <span class='ocrx_word' id='word_1_134' title='bbox 601 1789 858 1838; x_wconf 90' lang='lat' dir='ltr'>dulcedinis,</span> <span class='ocrx_word' id='word_1_135' title='bbox 881 1790 1028 1841; x_wconf 87' lang='lat' dir='ltr'>posui-</span> 
     </span>
     <span class='ocr_line' id='line_1_32' title="bbox 197 1844 1028 1900; baseline -0.006 -10"><span class='ocrx_word' id='word_1_136' title='bbox 197 1849 254 1890; x_wconf 91' lang='lat' dir='ltr'>sti</span> <span class='ocrx_word' id='word_1_137' title='bbox 281 1849 324 1889; x_wconf 90' lang='lat' dir='ltr'>in</span> <span class='ocrx_word' id='word_1_138' title='bbox 353 1847 498 1900; x_wconf 88' lang='lat' dir='ltr'>capite</span> <span class='ocrx_word' id='word_1_139' title='bbox 527 1847 617 1898; x_wconf 89' lang='lat' dir='ltr'>ejus</span> <span class='ocrx_word' id='word_1_140' title='bbox 647 1848 858 1888; x_wconf 89' lang='lat' dir='ltr'>coronam</span> <span class='ocrx_word' id='word_1_141' title='bbox 885 1845 941 1886; x_wconf 92' lang='lat' dir='ltr'>de</span> <span class='ocrx_word' id='word_1_142' title='bbox 969 1844 1028 1885; x_wconf 90' lang='lat' dir='ltr'>la-</span> 
     </span>
     <span class='ocr_line' id='line_1_33' title="bbox 196 1903 795 1957; baseline -0.007 -10"><span class='ocrx_word' id='word_1_143' title='bbox 196 1905 301 1957; x_wconf 82' lang='lat' dir='ltr'>pide</span> <span class='ocrx_word' id='word_1_144' title='bbox 320 1904 532 1956; x_wconf 90' lang='lat' dir='ltr'>pretioso.</span> <span class='ocrx_word' id='word_1_145' title='bbox 560 1903 795 1956; x_wconf 85' lang='lat' dir='ltr'>Expressa.</span> 
     </span>
    </p>

    <p class='ocr_par' dir='ltr' id='par_1_7' title="bbox 487 1975 746 2016">
     <span class='ocr_line' id='line_1_34' title="bbox 487 1975 746 2016; baseline -0.004 0"><span class='ocrx_word' id='word_1_146' title='bbox 487 1975 640 2016; x_wconf 80' lang='lat' dir='ltr'>Lectio</span> <span class='ocrx_word' id='word_1_147' title='bbox 661 1976 746 2015; x_wconf 82' lang='lat' dir='ltr'>viii.</span> 
     </span>
    </p>

    <p class='ocr_par' dir='ltr' id='par_1_8' title="bbox 196 2032 1031 2592">
     <span class='ocr_line' id='line_1_35' title="bbox 244 2032 1030 2086; baseline -0.005 -10"><span class='ocrx_word' id='word_1_148' title='bbox 244 2039 377 2086; x_wconf 88' lang='lat' dir='ltr'>taque</span> <span class='ocrx_word' id='word_1_149' title='bbox 405 2034 450 2075; x_wconf 92' lang='lat' dir='ltr'>id</span> <span class='ocrx_word' id='word_1_150' title='bbox 480 2034 601 2086; x_wconf 92' lang='lat' dir='ltr'>quod</span> <span class='ocrx_word' id='word_1_151' title='bbox 630 2046 655 2074; x_wconf 91' lang='lat' dir='ltr'>a</span> <span class='ocrx_word' id='word_1_152' title='bbox 684 2046 732 2074; x_wconf 89' lang='lat' dir='ltr'>se</span> <span class='ocrx_word' id='word_1_153' title='bbox 760 2032 927 2074; x_wconf 91' lang='lat' dir='ltr'>dictum</span> <span class='ocrx_word' id='word_1_154' title='bbox 952 2036 1030 2081; x_wconf 92' lang='lat' dir='ltr'>est,</span> 
     </span>
     <span class='ocr_line' id='line_1_36' title="bbox 281 2088 1030 2132; baseline -0.003 -1"><span class='ocrx_word' id='word_1_155' title='bbox 281 2104 381 2132; x_wconf 90' lang='lat' dir='ltr'>cum</span> <span class='ocrx_word' id='word_1_156' title='bbox 411 2090 617 2132; x_wconf 88' lang='lat' dir='ltr'>libertate</span> <span class='ocrx_word' id='word_1_157' title='bbox 648 2089 755 2131; x_wconf 88' lang='lat' dir='ltr'>fidei</span> <span class='ocrx_word' id='word_1_158' title='bbox 787 2094 831 2131; x_wconf 92' lang='lat' dir='ltr'>et</span> <span class='ocrx_word' id='word_1_159' title='bbox 864 2088 1030 2130; x_wconf 89' lang='lat' dir='ltr'>confes-</span> 
     </span>
     <span class='ocr_line' id='line_1_37' title="bbox 198 2144 1030 2197; baseline -0.004 -9"><span class='ocrx_word' id='word_1_160' title='bbox 198 2147 336 2188; x_wconf 84' lang='lat' dir='ltr'>sionis</span> <span class='ocrx_word' id='word_1_161' title='bbox 369 2146 463 2188; x_wconf 89' lang='lat' dir='ltr'>vult</span> <span class='ocrx_word' id='word_1_162' title='bbox 502 2159 600 2187; x_wconf 88' lang='lat' dir='ltr'>esse</span> <span class='ocrx_word' id='word_1_163' title='bbox 635 2145 917 2197; x_wconf 90' lang='lat' dir='ltr'>loquendum.</span> <span class='ocrx_word' id='word_1_164' title='bbox 962 2144 1030 2186; x_wconf 91' lang='lat' dir='ltr'>Id-</span> 
     </span>
     <span class='ocr_line' id='line_1_38' title="bbox 198 2201 1031 2255; baseline -0.005 -10"><span class='ocrx_word' id='word_1_165' title='bbox 198 2206 317 2245; x_wconf 88' lang='lat' dir='ltr'>circo</span> <span class='ocrx_word' id='word_1_166' title='bbox 347 2215 446 2255; x_wconf 87' lang='lat' dir='ltr'>quae</span> <span class='ocrx_word' id='word_1_167' title='bbox 479 2202 523 2243; x_wconf 93' lang='lat' dir='ltr'>in</span> <span class='ocrx_word' id='word_1_168' title='bbox 556 2202 751 2243; x_wconf 89' lang='lat' dir='ltr'>tenebris</span> <span class='ocrx_word' id='word_1_169' title='bbox 783 2201 901 2244; x_wconf 90' lang='lat' dir='ltr'>dicta</span> <span class='ocrx_word' id='word_1_170' title='bbox 929 2206 1031 2243; x_wconf 91' lang='lat' dir='ltr'>sunt</span> 
     </span>
     <span class='ocr_line' id='line_1_39' title="bbox 196 2258 1030 2313; baseline -0.004 -12"><span class='ocrx_word' id='word_1_171' title='bbox 196 2259 431 2313; x_wconf 80' lang='lat' dir='ltr'>praedicari</span> <span class='ocrx_word' id='word_1_172' title='bbox 450 2258 575 2310; x_wconf 90' lang='lat' dir='ltr'>jussit</span> <span class='ocrx_word' id='word_1_173' title='bbox 594 2258 638 2298; x_wconf 92' lang='lat' dir='ltr'>in</span> <span class='ocrx_word' id='word_1_174' title='bbox 656 2258 836 2300; x_wconf 77' lang='lat' dir='ltr'>lumine:</span> <span class='ocrx_word' id='word_1_175' title='bbox 860 2263 909 2299; x_wconf 89' lang='lat' dir='ltr'>ut</span> <span class='ocrx_word' id='word_1_176' title='bbox 930 2270 1030 2310; x_wconf 89' lang='lat' dir='ltr'>quae</span> 
     </span>
     <span class='ocr_line' id='line_1_40' title="bbox 198 2315 1030 2364; baseline -0.004 -6"><span class='ocrx_word' id='word_1_177' title='bbox 198 2317 372 2358; x_wconf 86' lang='lat' dir='ltr'>secreto</span> <span class='ocrx_word' id='word_1_178' title='bbox 419 2315 590 2356; x_wconf 80' lang='lat' dir='ltr'>aurium</span> <span class='ocrx_word' id='word_1_179' title='bbox 631 2317 868 2355; x_wconf 90' lang='lat' dir='ltr'>commissa</span> <span class='ocrx_word' id='word_1_180' title='bbox 919 2319 1030 2364; x_wconf 81' lang='lat' dir='ltr'>sunt,</span> 
     </span>
     <span class='ocr_line' id='line_1_41' title="bbox 198 2370 1030 2425; baseline -0.004 -11"><span class='ocrx_word' id='word_1_181' title='bbox 198 2385 332 2425; x_wconf 88' lang='lat' dir='ltr'>super</span> <span class='ocrx_word' id='word_1_182' title='bbox 348 2375 478 2420; x_wconf 90' lang='lat' dir='ltr'>tecta,</span> <span class='ocrx_word' id='word_1_183' title='bbox 498 2370 545 2412; x_wconf 93' lang='lat' dir='ltr'>id</span> <span class='ocrx_word' id='word_1_184' title='bbox 561 2375 639 2419; x_wconf 90' lang='lat' dir='ltr'>est,</span> <span class='ocrx_word' id='word_1_185' title='bbox 660 2371 835 2412; x_wconf 86' lang='lat' dir='ltr'>excelso</span> <span class='ocrx_word' id='word_1_186' title='bbox 850 2371 1030 2423; x_wconf 89' lang='lat' dir='ltr'>loquen-</span> 
     </span>
     <span class='ocr_line' id='line_1_42' title="bbox 196 2426 1030 2480; baseline -0.005 -9"><span class='ocrx_word' id='word_1_187' title='bbox 196 2429 308 2471; x_wconf 91' lang='lat' dir='ltr'>tium</span> <span class='ocrx_word' id='word_1_188' title='bbox 347 2427 573 2480; x_wconf 79' lang='lat' dir='ltr'>praeconio</span> <span class='ocrx_word' id='word_1_189' title='bbox 614 2426 860 2468; x_wconf 87' lang='lat' dir='ltr'>audiantur.</span> <span class='ocrx_word' id='word_1_190' title='bbox 920 2427 1030 2468; x_wconf 90' lang='lat' dir='ltr'>Con·</span> 
     </span>
     <span class='ocr_line' id='line_1_43' title="bbox 197 2483 1030 2534; baseline -0.004 -7"><span class='ocrx_word' id='word_1_191' title='bbox 197 2487 364 2527; x_wconf 87' lang='lat' dir='ltr'>stanter</span> <span class='ocrx_word' id='word_1_192' title='bbox 399 2484 514 2526; x_wconf 91' lang='lat' dir='ltr'>enim</span> <span class='ocrx_word' id='word_1_193' title='bbox 546 2483 631 2524; x_wconf 93' lang='lat' dir='ltr'>Dei</span> <span class='ocrx_word' id='word_1_194' title='bbox 665 2483 902 2534; x_wconf 86' lang='lat' dir='ltr'>ingerenda</span> <span class='ocrx_word' id='word_1_195' title='bbox 930 2496 1030 2533; x_wconf 90' lang='lat' dir='ltr'>cog-</span> 
     </span>
     <span class='ocr_line' id='line_1_44' title="bbox 197 2538 1030 2592; baseline -0.004 -9"><span class='ocrx_word' id='word_1_196' title='bbox 197 2541 306 2583; x_wconf 86' lang='lat' dir='ltr'>m&#39;tio</span> <span class='ocrx_word' id='word_1_197' title='bbox 332 2545 415 2590; x_wconf 90' lang='lat' dir='ltr'>est,</span> <span class='ocrx_word' id='word_1_198' title='bbox 450 2545 494 2582; x_wconf 90' lang='lat' dir='ltr'>et</span> <span class='ocrx_word' id='word_1_199' title='bbox 520 2538 789 2592; x_wconf 83' lang='lat' dir='ltr'>profundum</span> <span class='ocrx_word' id='word_1_200' title='bbox 816 2540 1030 2582; x_wconf 81' lang='lat' dir='ltr'>doctrinae</span> 
     </span>
    </p>
   </div>
   <div class='ocr_carea' id='block_1_7' title="bbox 959 2679 1036 2693">
    <p class='ocr_par' dir='ltr' id='par_1_9' title="bbox 959 2679 1036 2693">
     <span class='ocr_line' id='line_1_45' title="bbox 959 2679 1036 2693; baseline 0 0"><span class='ocrx_word' id='word_1_201' title='bbox 959 2679 1036 2693; x_wconf 65' lang='lat'>⁴—59</span> 
     </span>
    </p>
   </div>
   <div class='ocr_carea' id='block_1_8' title="bbox 1082 319 1918 2579">
    <p class='ocr_par' dir='ltr' id='par_1_10' title="bbox 1083 319 1918 766">
     <span class='ocr_line' id='line_1_46' title="bbox 1086 319 1918 371; baseline -0.002 -10"><span class='ocrx_word' id='word_1_202' title='bbox 1086 319 1353 371; x_wconf 82' lang='lat' dir='ltr'>evangelicae</span> <span class='ocrx_word' id='word_1_203' title='bbox 1402 321 1623 361; x_wconf 89' lang='lat' dir='ltr'>secretum</span> <span class='ocrx_word' id='word_1_204' title='bbox 1665 319 1710 360; x_wconf 93' lang='lat' dir='ltr'>in</span> <span class='ocrx_word' id='word_1_205' title='bbox 1753 319 1918 360; x_wconf 81' lang='lat' dir='ltr'>lumine</span> 
     </span>
     <span class='ocr_line' id='line_1_47' title="bbox 1086 375 1917 428; baseline -0.001 -11"><span class='ocrx_word' id='word_1_206' title='bbox 1086 375 1417 428; x_wconf 69' lang='lat' dir='ltr'>praedicationis</span> <span class='ocrx_word' id='word_1_207' title='bbox 1443 375 1703 428; x_wconf 81' lang='lat' dir='ltr'>apostolicae</span> <span class='ocrx_word' id='word_1_208' title='bbox 1722 375 1917 417; x_wconf 89' lang='lat' dir='ltr'>revelan-</span> 
     </span>
     <span class='ocr_line' id='line_1_48' title="bbox 1086 431 1918 484; baseline -0.002 -10"><span class='ocrx_word' id='word_1_209' title='bbox 1086 431 1209 474; x_wconf 90' lang='lat' dir='ltr'>dum:</span> <span class='ocrx_word' id='word_1_210' title='bbox 1253 445 1342 473; x_wconf 92' lang='lat' dir='ltr'>non</span> <span class='ocrx_word' id='word_1_211' title='bbox 1374 431 1581 473; x_wconf 89' lang='lat' dir='ltr'>timentes</span> <span class='ocrx_word' id='word_1_212' title='bbox 1613 443 1709 482; x_wconf 88' lang='lat' dir='ltr'>eos,</span> <span class='ocrx_word' id='word_1_213' title='bbox 1755 431 1918 484; x_wconf 90' lang='lat' dir='ltr'>quibus</span> 
     </span>
     <span class='ocr_line' id='line_1_49' title="bbox 1086 488 1918 541; baseline -0.001 -11"><span class='ocrx_word' id='word_1_214' title='bbox 1086 501 1186 530; x_wconf 90' lang='lat' dir='ltr'>cum</span> <span class='ocrx_word' id='word_1_215' title='bbox 1206 488 1262 529; x_wconf 93' lang='lat' dir='ltr'>sit</span> <span class='ocrx_word' id='word_1_216' title='bbox 1280 488 1459 529; x_wconf 90' lang='lat' dir='ltr'>licentia</span> <span class='ocrx_word' id='word_1_217' title='bbox 1476 488 1521 529; x_wconf 94' lang='lat' dir='ltr'>in</span> <span class='ocrx_word' id='word_1_218' title='bbox 1542 490 1742 541; x_wconf 90' lang='lat' dir='ltr'>corpora,</span> <span class='ocrx_word' id='word_1_219' title='bbox 1768 493 1918 529; x_wconf 89' lang='lat' dir='ltr'>tamen</span> 
     </span>
     <span class='ocr_line' id='line_1_50' title="bbox 1085 543 1917 596; baseline -0.001 -11"><span class='ocrx_word' id='word_1_220' title='bbox 1085 545 1129 585; x_wconf 90' lang='lat' dir='ltr'>in</span> <span class='ocrx_word' id='word_1_221' title='bbox 1155 545 1346 586; x_wconf 89' lang='lat' dir='ltr'>animam</span> <span class='ocrx_word' id='word_1_222' title='bbox 1371 546 1438 596; x_wconf 90' lang='lat' dir='ltr'>jus</span> <span class='ocrx_word' id='word_1_223' title='bbox 1462 544 1631 585; x_wconf 89' lang='lat' dir='ltr'>nullum</span> <span class='ocrx_word' id='word_1_224' title='bbox 1657 549 1741 586; x_wconf 87' lang='lat' dir='ltr'>est:</span> <span class='ocrx_word' id='word_1_225' title='bbox 1769 543 1850 586; x_wconf 91' lang='lat' dir='ltr'>sed</span> <span class='ocrx_word' id='word_1_226' title='bbox 1867 544 1917 585; x_wconf 90' lang='lat' dir='ltr'>ti-</span> 
     </span>
     <span class='ocr_line' id='line_1_51' title="bbox 1084 599 1918 653; baseline 0 -12"><span class='ocrx_word' id='word_1_227' title='bbox 1084 602 1255 643; x_wconf 78' lang='lat' dir='ltr'>mentes</span> <span class='ocrx_word' id='word_1_228' title='bbox 1280 601 1430 653; x_wconf 88' lang='lat' dir='ltr'>potius</span> <span class='ocrx_word' id='word_1_229' title='bbox 1450 601 1611 650; x_wconf 88' lang='lat' dir='ltr'>Deum,</span> <span class='ocrx_word' id='word_1_230' title='bbox 1640 601 1711 642; x_wconf 90' lang='lat' dir='ltr'>cui</span> <span class='ocrx_word' id='word_1_231' title='bbox 1732 599 1918 653; x_wconf 90' lang='lat' dir='ltr'>perden-</span> 
     </span>
     <span class='ocr_line' id='line_1_52' title="bbox 1085 657 1917 709; baseline 0 -11"><span class='ocrx_word' id='word_1_232' title='bbox 1085 657 1154 699; x_wconf 82' lang='lat' dir='ltr'>dae</span> <span class='ocrx_word' id='word_1_233' title='bbox 1173 658 1217 698; x_wconf 89' lang='lat' dir='ltr'>in</span> <span class='ocrx_word' id='word_1_234' title='bbox 1235 657 1436 707; x_wconf 79' lang='lat' dir='ltr'>gehenna</span> <span class='ocrx_word' id='word_1_235' title='bbox 1456 662 1500 699; x_wconf 92' lang='lat' dir='ltr'>et</span> <span class='ocrx_word' id='word_1_236' title='bbox 1520 657 1678 698; x_wconf 88' lang='lat' dir='ltr'>animae</span> <span class='ocrx_word' id='word_1_237' title='bbox 1698 661 1742 698; x_wconf 91' lang='lat' dir='ltr'>et</span> <span class='ocrx_word' id='word_1_238' title='bbox 1762 658 1917 709; x_wconf 91' lang='lat' dir='ltr'>corpo-</span> 
     </span>
     <span class='ocr_line' id='line_1_53' title="bbox 1083 714 1450 766; baseline 0 -11"><span class='ocrx_word' id='word_1_239' title='bbox 1083 714 1143 755; x_wconf 92' lang='lat' dir='ltr'>ris</span> <span class='ocrx_word' id='word_1_240' title='bbox 1163 714 1220 755; x_wconf 91' lang='lat' dir='ltr'>sit</span> <span class='ocrx_word' id='word_1_241' title='bbox 1238 716 1450 766; x_wconf 90' lang='lat' dir='ltr'>potestas.</span> 
     </span>
    </p>

    <p class='ocr_par' dir='ltr' id='par_1_11' title="bbox 1083 769 1918 1274">
     <span class='ocr_line' id='line_1_54' title="bbox 1140 769 1916 823; baseline 0 -13"><span class='ocrx_word' id='word_1_242' title='bbox 1140 772 1187 823; x_wconf 58' lang='lat' dir='ltr'>lit-</span> <span class='ocrx_word' id='word_1_243' title='bbox 1214 771 1301 812; x_wconf 89' lang='lat' dir='ltr'>Hic</span> <span class='ocrx_word' id='word_1_244' title='bbox 1322 775 1389 812; x_wconf 91' lang='lat' dir='ltr'>est</span> <span class='ocrx_word' id='word_1_245' title='bbox 1408 783 1512 812; x_wconf 87' lang='lat' dir='ltr'>vere</span> <span class='ocrx_word' id='word_1_246' title='bbox 1531 770 1710 822; x_wconf 89' lang='lat' dir='ltr'>Martyr,</span> <span class='ocrx_word' id='word_1_247' title='bbox 1740 769 1816 821; x_wconf 83' lang='lat' dir='ltr'>qui</span> <span class='ocrx_word' id='word_1_248' title='bbox 1834 781 1916 822; x_wconf 91' lang='lat' dir='ltr'>pro</span> 
     </span>
     <span class='ocr_line' id='line_1_55' title="bbox 1084 826 1918 877; baseline -0.001 -10"><span class='ocrx_word' id='word_1_249' title='bbox 1084 826 1248 868; x_wconf 90' lang='lat' dir='ltr'>Christi</span> <span class='ocrx_word' id='word_1_250' title='bbox 1283 827 1460 868; x_wconf 90' lang='lat' dir='ltr'>nomine</span> <span class='ocrx_word' id='word_1_251' title='bbox 1498 826 1756 877; x_wconf 89' lang='lat' dir='ltr'>sanguinem</span> <span class='ocrx_word' id='word_1_252' title='bbox 1788 838 1918 866; x_wconf 89' lang='lat' dir='ltr'>suum</span> 
     </span>
     <span class='ocr_line' id='line_1_56' title="bbox 1084 882 1917 934; baseline -0.001 -11"><span class='ocrx_word' id='word_1_253' title='bbox 1084 882 1214 924; x_wconf 88' lang='lat' dir='ltr'>fudit:</span> <span class='ocrx_word' id='word_1_254' title='bbox 1241 885 1263 909; x_wconf 86' lang='lat'>*</span> <span class='ocrx_word' id='word_1_255' title='bbox 1300 884 1385 934; x_wconf 91' lang='lat' dir='ltr'>Qui</span> <span class='ocrx_word' id='word_1_256' title='bbox 1420 883 1562 924; x_wconf 87' lang='lat' dir='ltr'>minas</span> <span class='ocrx_word' id='word_1_257' title='bbox 1598 882 1792 934; x_wconf 80' lang='lat' dir='ltr'>judicum</span> <span class='ocrx_word' id='word_1_258' title='bbox 1827 894 1917 923; x_wconf 92' lang='lat' dir='ltr'>non</span> 
     </span>
     <span class='ocr_line' id='line_1_57' title="bbox 1083 937 1917 990; baseline 0 -11"><span class='ocrx_word' id='word_1_259' title='bbox 1083 940 1244 990; x_wconf 88' lang='lat' dir='ltr'>timuit,</span> <span class='ocrx_word' id='word_1_260' title='bbox 1272 953 1355 982; x_wconf 90' lang='lat' dir='ltr'>nec</span> <span class='ocrx_word' id='word_1_261' title='bbox 1372 942 1560 981; x_wconf 81' lang='lat' dir='ltr'>terrenae</span> <span class='ocrx_word' id='word_1_262' title='bbox 1581 939 1808 990; x_wconf 88' lang='lat' dir='ltr'>dignitatis</span> <span class='ocrx_word' id='word_1_263' title='bbox 1825 937 1917 989; x_wconf 89' lang='lat' dir='ltr'>glo-</span> 
     </span>
     <span class='ocr_line' id='line_1_58' title="bbox 1084 995 1917 1049; baseline -0.001 -13"><span class='ocrx_word' id='word_1_264' title='bbox 1084 995 1194 1037; x_wconf 86' lang='lat' dir='ltr'>riam</span> <span class='ocrx_word' id='word_1_265' title='bbox 1214 997 1428 1049; x_wconf 89' lang='lat' dir='ltr'>quaesivit‚</span> <span class='ocrx_word' id='word_1_266' title='bbox 1456 996 1536 1038; x_wconf 94' lang='lat' dir='ltr'>sed</span> <span class='ocrx_word' id='word_1_267' title='bbox 1555 995 1613 1037; x_wconf 90' lang='lat' dir='ltr'>ad</span> <span class='ocrx_word' id='word_1_268' title='bbox 1632 995 1831 1037; x_wconf 87' lang='lat' dir='ltr'>coelestia</span> <span class='ocrx_word' id='word_1_269' title='bbox 1852 1007 1917 1036; x_wconf 90' lang='lat' dir='ltr'>re-</span> 
     </span>
     <span class='ocr_line' id='line_1_59' title="bbox 1083 1049 1916 1106; baseline 0 -13"><span class='ocrx_word' id='word_1_270' title='bbox 1083 1065 1169 1103; x_wconf 89' lang='lat' dir='ltr'>gna</span> <span class='ocrx_word' id='word_1_271' title='bbox 1196 1054 1409 1106; x_wconf 84' lang='lat' dir='ltr'>pervenit.</span> <span class='ocrx_word' id='word_1_272' title='bbox 1450 1049 1498 1100; x_wconf 64' lang='lat' dir='ltr'>V.</span> <span class='ocrx_word' id='word_1_273' title='bbox 1528 1053 1704 1094; x_wconf 84' lang='lat' dir='ltr'>Justum</span> <span class='ocrx_word' id='word_1_274' title='bbox 1733 1051 1916 1094; x_wconf 77' lang='lat' dir='ltr'>deduxit</span> 
     </span>
     <span class='ocr_line' id='line_1_60' title="bbox 1084 1108 1917 1163; baseline -0.001 -14"><span class='ocrx_word' id='word_1_275' title='bbox 1084 1108 1300 1151; x_wconf 81' lang='lat' dir='ltr'>Dominus</span> <span class='ocrx_word' id='word_1_276' title='bbox 1318 1122 1398 1163; x_wconf 88' lang='lat' dir='ltr'>per</span> <span class='ocrx_word' id='word_1_277' title='bbox 1418 1110 1512 1150; x_wconf 90' lang='lat' dir='ltr'>vias</span> <span class='ocrx_word' id='word_1_278' title='bbox 1531 1114 1688 1159; x_wconf 88' lang='lat' dir='ltr'>rectas,</span> <span class='ocrx_word' id='word_1_279' title='bbox 1709 1113 1754 1150; x_wconf 93' lang='lat' dir='ltr'>et</span> <span class='ocrx_word' id='word_1_280' title='bbox 1773 1110 1917 1150; x_wconf 90' lang='lat' dir='ltr'>osten·</span> 
     </span>
     <span class='ocr_line' id='line_1_61' title="bbox 1084 1164 1918 1217; baseline 0 -12"><span class='ocrx_word' id='word_1_281' title='bbox 1084 1164 1148 1206; x_wconf 90' lang='lat' dir='ltr'>dit</span> <span class='ocrx_word' id='word_1_282' title='bbox 1179 1166 1241 1207; x_wconf 90' lang='lat' dir='ltr'>illi</span> <span class='ocrx_word' id='word_1_283' title='bbox 1273 1179 1458 1217; x_wconf 88' lang='lat' dir='ltr'>regnum</span> <span class='ocrx_word' id='word_1_284' title='bbox 1489 1166 1583 1207; x_wconf 89' lang='lat' dir='ltr'>Dei.</span> <span class='ocrx_word' id='word_1_285' title='bbox 1625 1165 1721 1216; x_wconf 92' lang='lat' dir='ltr'>Qui.</span> <span class='ocrx_word' id='word_1_286' title='bbox 1763 1164 1918 1206; x_wconf 81' lang='lat' dir='ltr'>Gloria</span> 
     </span>
     <span class='ocr_line' id='line_1_62' title="bbox 1083 1223 1350 1274; baseline 0.004 -11"><span class='ocrx_word' id='word_1_287' title='bbox 1083 1223 1216 1264; x_wconf 90' lang='lat' dir='ltr'>Patri.</span> <span class='ocrx_word' id='word_1_288' title='bbox 1254 1223 1350 1274; x_wconf 90' lang='lat' dir='ltr'>Qui.</span> 
     </span>
    </p>

    <p class='ocr_par' dir='ltr' id='par_1_12' title="bbox 1085 1288 1918 1459">
     <span class='ocr_line' id='line_1_63' title="bbox 1388 1288 1615 1329; baseline -0.009 0"><span class='ocrx_word' id='word_1_289' title='bbox 1388 1288 1542 1329; x_wconf 92' lang='lat' dir='ltr'>Lectio</span> <span class='ocrx_word' id='word_1_290' title='bbox 1560 1289 1615 1328; x_wconf 83' lang='lat' dir='ltr'>ix.</span> 
     </span>
     <span class='ocr_line' id='line_1_64' title="bbox 1085 1341 1918 1449; baseline -0.004 -58"><span class='ocrx_word' id='word_1_291' title='bbox 1085 1341 1285 1449; x_wconf 86' lang='lat' dir='ltr'>Nolite</span> <span class='ocrx_word' id='word_1_292' title='bbox 1312 1350 1467 1391; x_wconf 86' lang='lat' dir='ltr'>timere</span> <span class='ocrx_word' id='word_1_293' title='bbox 1495 1361 1573 1391; x_wconf 87' lang='lat' dir='ltr'>eos</span> <span class='ocrx_word' id='word_1_294' title='bbox 1603 1348 1678 1400; x_wconf 92' lang='lat' dir='ltr'>qui</span> <span class='ocrx_word' id='word_1_295' title='bbox 1707 1347 1918 1390; x_wconf 87' lang='lat' dir='ltr'>occidunt</span> 
     </span>
     <span class='ocr_line' id='line_1_65' title="bbox 1200 1405 1915 1459; baseline -0.003 -11"><span class='ocrx_word' id='word_1_296' title='bbox 1200 1419 1374 1459; x_wconf 91' lang='lat' dir='ltr'>corpus.</span> <span class='ocrx_word' id='word_1_297' title='bbox 1418 1405 1579 1447; x_wconf 90' lang='lat' dir='ltr'>Nullus</span> <span class='ocrx_word' id='word_1_298' title='bbox 1602 1405 1735 1457; x_wconf 88' lang='lat' dir='ltr'>igitur</span> <span class='ocrx_word' id='word_1_299' title='bbox 1760 1406 1915 1458; x_wconf 91' lang='lat' dir='ltr'>corpo-</span> 
     </span>
    </p>

    <p class='ocr_par' dir='ltr' id='par_1_13' title="bbox 1082 1461 1917 2522">
     <span class='ocr_line' id='line_1_66' title="bbox 1082 1461 1916 1514; baseline 0 -11"><span class='ocrx_word' id='word_1_300' title='bbox 1082 1475 1180 1503; x_wconf 90' lang='lat' dir='ltr'>rum</span> <span class='ocrx_word' id='word_1_301' title='bbox 1199 1465 1455 1504; x_wconf 91' lang='lat' dir='ltr'>nostrorum</span> <span class='ocrx_word' id='word_1_302' title='bbox 1475 1475 1604 1504; x_wconf 88' lang='lat' dir='ltr'>casus</span> <span class='ocrx_word' id='word_1_303' title='bbox 1625 1466 1692 1503; x_wconf 90' lang='lat' dir='ltr'>est</span> <span class='ocrx_word' id='word_1_304' title='bbox 1711 1461 1916 1514; x_wconf 88' lang='lat' dir='ltr'>pertime-</span> 
     </span>
     <span class='ocr_line' id='line_1_67' title="bbox 1083 1517 1916 1571; baseline -0.001 -11"><span class='ocrx_word' id='word_1_305' title='bbox 1083 1519 1290 1569; x_wconf 89' lang='lat' dir='ltr'>scendus,</span> <span class='ocrx_word' id='word_1_306' title='bbox 1318 1532 1462 1571; x_wconf 90' lang='lat' dir='ltr'>neque</span> <span class='ocrx_word' id='word_1_307' title='bbox 1480 1519 1596 1560; x_wconf 87' lang='lat' dir='ltr'>ullus</span> <span class='ocrx_word' id='word_1_308' title='bbox 1614 1517 1916 1560; x_wconf 84' lang='lat' dir='ltr'>interimendae</span> 
     </span>
     <span class='ocr_line' id='line_1_68' title="bbox 1083 1573 1917 1617; baseline -0.001 -1"><span class='ocrx_word' id='word_1_309' title='bbox 1083 1576 1226 1617; x_wconf 89' lang='lat' dir='ltr'>carnis</span> <span class='ocrx_word' id='word_1_310' title='bbox 1287 1575 1584 1617; x_wconf 90' lang='lat' dir='ltr'>admittendus</span> <span class='ocrx_word' id='word_1_311' title='bbox 1644 1579 1712 1616; x_wconf 90' lang='lat' dir='ltr'>est</span> <span class='ocrx_word' id='word_1_312' title='bbox 1769 1573 1917 1616; x_wconf 89' lang='lat' dir='ltr'>dolor:</span> 
     </span>
     <span class='ocr_line' id='line_1_69' title="bbox 1085 1632 1916 1685; baseline -0.001 -12"><span class='ocrx_word' id='word_1_313' title='bbox 1085 1632 1261 1684; x_wconf 92' lang='lat' dir='ltr'>quando</span> <span class='ocrx_word' id='word_1_314' title='bbox 1277 1645 1359 1685; x_wconf 91' lang='lat' dir='ltr'>pro</span> <span class='ocrx_word' id='word_1_315' title='bbox 1379 1635 1549 1674; x_wconf 81' lang='lat' dir='ltr'>naturae</span> <span class='ocrx_word' id='word_1_316' title='bbox 1569 1645 1661 1673; x_wconf 78' lang='lat' dir='ltr'>suae</span> <span class='ocrx_word' id='word_1_317' title='bbox 1681 1635 1815 1683; x_wconf 87' lang='lat' dir='ltr'>atque</span> <span class='ocrx_word' id='word_1_318' title='bbox 1834 1633 1916 1672; x_wconf 91' lang='lat' dir='ltr'>ori-</span> 
     </span>
     <span class='ocr_line' id='line_1_70' title="bbox 1082 1687 1917 1740; baseline -0.001 -10"><span class='ocrx_word' id='word_1_319' title='bbox 1082 1689 1195 1740; x_wconf 84' lang='lat' dir='ltr'>ginis</span> <span class='ocrx_word' id='word_1_320' title='bbox 1218 1688 1473 1730; x_wconf 91' lang='lat' dir='ltr'>conditione</span> <span class='ocrx_word' id='word_1_321' title='bbox 1497 1688 1711 1738; x_wconf 81' lang='lat' dir='ltr'>resoluta,</span> <span class='ocrx_word' id='word_1_322' title='bbox 1745 1688 1790 1728; x_wconf 91' lang='lat' dir='ltr'>in</span> <span class='ocrx_word' id='word_1_323' title='bbox 1817 1687 1917 1737; x_wconf 82' lang='lat' dir='ltr'>sub-</span> 
     </span>
     <span class='ocr_line' id='line_1_71' title="bbox 1084 1743 1916 1798; baseline -0.001 -12"><span class='ocrx_word' id='word_1_324' title='bbox 1084 1746 1290 1787; x_wconf 80' lang='lat' dir='ltr'>stantiam</span> <span class='ocrx_word' id='word_1_325' title='bbox 1318 1745 1557 1798; x_wconf 84' lang='lat' dir='ltr'>spiritualis</span> <span class='ocrx_word' id='word_1_326' title='bbox 1585 1744 1743 1786; x_wconf 89' lang='lat' dir='ltr'>animae</span> <span class='ocrx_word' id='word_1_327' title='bbox 1774 1743 1916 1786; x_wconf 82' lang='lat' dir='ltr'>refun-</span> 
     </span>
     <span class='ocr_line' id='line_1_72' title="bbox 1084 1799 1917 1854; baseline -0.001 -11"><span class='ocrx_word' id='word_1_328' title='bbox 1084 1802 1223 1843; x_wconf 89' lang='lat' dir='ltr'>datur.</span> <span class='ocrx_word' id='word_1_329' title='bbox 1267 1803 1325 1844; x_wconf 90' lang='lat' dir='ltr'>Et</span> <span class='ocrx_word' id='word_1_330' title='bbox 1361 1802 1463 1854; x_wconf 90' lang='lat' dir='ltr'>quia</span> <span class='ocrx_word' id='word_1_331' title='bbox 1507 1801 1720 1843; x_wconf 89' lang='lat' dir='ltr'>doctrinis</span> <span class='ocrx_word' id='word_1_332' title='bbox 1752 1799 1917 1842; x_wconf 89' lang='lat' dir='ltr'>talibus</span> 
     </span>
     <span class='ocr_line' id='line_1_73' title="bbox 1084 1857 1916 1911; baseline -0.002 -11"><span class='ocrx_word' id='word_1_333' title='bbox 1084 1859 1371 1900; x_wconf 90' lang='lat' dir='ltr'>confirmatos</span> <span class='ocrx_word' id='word_1_334' title='bbox 1396 1860 1576 1911; x_wconf 79' lang='lat' dir='ltr'>oportet</span> <span class='ocrx_word' id='word_1_335' title='bbox 1602 1857 1788 1900; x_wconf 87' lang='lat' dir='ltr'>liberam</span> <span class='ocrx_word' id='word_1_336' title='bbox 1816 1869 1916 1899; x_wconf 92' lang='lat' dir='ltr'>con-</span> 
     </span>
     <span class='ocr_line' id='line_1_74' title="bbox 1084 1913 1917 1963; baseline -0.001 -7"><span class='ocrx_word' id='word_1_337' title='bbox 1084 1915 1236 1957; x_wconf 88' lang='lat' dir='ltr'>fitendi</span> <span class='ocrx_word' id='word_1_338' title='bbox 1272 1915 1358 1957; x_wconf 89' lang='lat' dir='ltr'>Dei</span> <span class='ocrx_word' id='word_1_339' title='bbox 1403 1915 1567 1956; x_wconf 88' lang='lat' dir='ltr'>habere</span> <span class='ocrx_word' id='word_1_340' title='bbox 1613 1913 1917 1963; x_wconf 77' lang='lat' dir='ltr'>constantiam,</span> 
     </span>
     <span class='ocr_line' id='line_1_75' title="bbox 1084 1971 1916 2024; baseline -0.002 -11"><span class='ocrx_word' id='word_1_341' title='bbox 1084 1972 1216 2013; x_wconf 90' lang='lat' dir='ltr'>etiam</span> <span class='ocrx_word' id='word_1_342' title='bbox 1256 1971 1576 2022; x_wconf 88' lang='lat' dir='ltr'>conditionem,</span> <span class='ocrx_word' id='word_1_343' title='bbox 1627 1983 1714 2024; x_wconf 91' lang='lat' dir='ltr'>qua</span> <span class='ocrx_word' id='word_1_344' title='bbox 1749 1972 1916 2012; x_wconf 87' lang='lat' dir='ltr'>tenere-</span> 
     </span>
     <span class='ocr_line' id='line_1_76' title="bbox 1083 2027 1917 2080; baseline -0.002 -10"><span class='ocrx_word' id='word_1_345' title='bbox 1083 2041 1201 2079; x_wconf 90' lang='lat' dir='ltr'>mur,</span> <span class='ocrx_word' id='word_1_346' title='bbox 1238 2027 1415 2080; x_wconf 88' lang='lat' dir='ltr'>adjecit:</span> <span class='ocrx_word' id='word_1_347' title='bbox 1450 2030 1712 2080; x_wconf 78' lang='lat' dir='ltr'>negaturum</span> <span class='ocrx_word' id='word_1_348' title='bbox 1739 2039 1788 2068; x_wconf 86' lang='lat' dir='ltr'>se</span> <span class='ocrx_word' id='word_1_349' title='bbox 1816 2039 1917 2068; x_wconf 90' lang='lat' dir='ltr'>eum</span> 
     </span>
     <span class='ocr_line' id='line_1_77' title="bbox 1083 2082 1916 2136; baseline -0.004 -10"><span class='ocrx_word' id='word_1_350' title='bbox 1083 2085 1207 2126; x_wconf 89' lang='lat' dir='ltr'>Patri</span> <span class='ocrx_word' id='word_1_351' title='bbox 1234 2085 1279 2125; x_wconf 92' lang='lat' dir='ltr'>in</span> <span class='ocrx_word' id='word_1_352' title='bbox 1308 2085 1448 2135; x_wconf 87' lang='lat' dir='ltr'>coelis,</span> <span class='ocrx_word' id='word_1_353' title='bbox 1486 2084 1562 2136; x_wconf 81' lang='lat' dir='ltr'>qui</span> <span class='ocrx_word' id='word_1_354' title='bbox 1589 2096 1638 2125; x_wconf 91' lang='lat' dir='ltr'>se</span> <span class='ocrx_word' id='word_1_355' title='bbox 1663 2082 1916 2125; x_wconf 91' lang='lat' dir='ltr'>hominibus</span> 
     </span>
     <span class='ocr_line' id='line_1_78' title="bbox 1085 2139 1916 2193; baseline -0.004 -11"><span class='ocrx_word' id='word_1_356' title='bbox 1085 2142 1129 2182; x_wconf 93' lang='lat' dir='ltr'>in</span> <span class='ocrx_word' id='word_1_357' title='bbox 1155 2146 1275 2183; x_wconf 88' lang='lat' dir='ltr'>terra</span> <span class='ocrx_word' id='word_1_358' title='bbox 1302 2143 1523 2193; x_wconf 88' lang='lat' dir='ltr'>negasset:</span> <span class='ocrx_word' id='word_1_359' title='bbox 1556 2153 1656 2182; x_wconf 92' lang='lat' dir='ltr'>eum</span> <span class='ocrx_word' id='word_1_360' title='bbox 1679 2151 1815 2192; x_wconf 91' lang='lat' dir='ltr'>porro</span> <span class='ocrx_word' id='word_1_361' title='bbox 1841 2139 1916 2191; x_wconf 90' lang='lat' dir='ltr'>qui</span> 
     </span>
     <span class='ocr_line' id='line_1_79' title="bbox 1085 2195 1916 2243; baseline -0.005 -3"><span class='ocrx_word' id='word_1_362' title='bbox 1085 2199 1314 2240; x_wconf 89' lang='lat' dir='ltr'>confessus</span> <span class='ocrx_word' id='word_1_363' title='bbox 1338 2210 1489 2239; x_wconf 91' lang='lat' dir='ltr'>coram</span> <span class='ocrx_word' id='word_1_364' title='bbox 1511 2195 1762 2238; x_wconf 91' lang='lat' dir='ltr'>hominibus</span> <span class='ocrx_word' id='word_1_365' title='bbox 1786 2208 1835 2243; x_wconf 91' lang='lat' dir='ltr'>se</span> <span class='ocrx_word' id='word_1_366' title='bbox 1854 2195 1916 2236; x_wconf 91' lang='lat' dir='ltr'>fu-</span> 
     </span>
     <span class='ocr_line' id='line_1_80' title="bbox 1085 2251 1917 2304; baseline -0.006 -7"><span class='ocrx_word' id='word_1_367' title='bbox 1085 2258 1208 2304; x_wconf 86' lang='lat' dir='ltr'>isset,</span> <span class='ocrx_word' id='word_1_368' title='bbox 1245 2267 1271 2296; x_wconf 94' lang='lat' dir='ltr'>a</span> <span class='ocrx_word' id='word_1_369' title='bbox 1297 2267 1345 2296; x_wconf 93' lang='lat' dir='ltr'>se</span> <span class='ocrx_word' id='word_1_370' title='bbox 1373 2254 1417 2295; x_wconf 92' lang='lat' dir='ltr'>in</span> <span class='ocrx_word' id='word_1_371' title='bbox 1446 2253 1571 2295; x_wconf 89' lang='lat' dir='ltr'>coelis</span> <span class='ocrx_word' id='word_1_372' title='bbox 1600 2251 1917 2294; x_wconf 89' lang='lat' dir='ltr'>confitendum:</span> 
     </span>
     <span class='ocr_line' id='line_1_81' title="bbox 1086 2309 1917 2365; baseline -0.005 -12"><span class='ocrx_word' id='word_1_373' title='bbox 1086 2311 1326 2365; x_wconf 76' lang='lat' dir='ltr'>qualesque</span> <span class='ocrx_word' id='word_1_374' title='bbox 1353 2323 1435 2352; x_wconf 89' lang='lat' dir='ltr'>nos</span> <span class='ocrx_word' id='word_1_375' title='bbox 1462 2309 1652 2351; x_wconf 89' lang='lat' dir='ltr'>nominis</span> <span class='ocrx_word' id='word_1_376' title='bbox 1678 2309 1746 2350; x_wconf 90' lang='lat' dir='ltr'>sui</span> <span class='ocrx_word' id='word_1_377' title='bbox 1778 2313 1917 2350; x_wconf 88' lang='lat' dir='ltr'>testes</span> 
     </span>
     <span class='ocr_line' id='line_1_82' title="bbox 1084 2365 1917 2415; baseline -0.005 -6"><span class='ocrx_word' id='word_1_378' title='bbox 1084 2367 1336 2409; x_wconf 88' lang='lat' dir='ltr'>hominibus</span> <span class='ocrx_word' id='word_1_379' title='bbox 1368 2367 1621 2415; x_wconf 89' lang='lat' dir='ltr'>fuissemus,</span> <span class='ocrx_word' id='word_1_380' title='bbox 1657 2365 1735 2406; x_wconf 90' lang='lat' dir='ltr'>tali</span> <span class='ocrx_word' id='word_1_381' title='bbox 1766 2377 1847 2406; x_wconf 93' lang='lat' dir='ltr'>nos</span> <span class='ocrx_word' id='word_1_382' title='bbox 1876 2377 1917 2406; x_wconf 93' lang='lat' dir='ltr'>a-</span> 
     </span>
     <span class='ocr_line' id='line_1_83' title="bbox 1084 2421 1916 2477; baseline -0.006 -11"><span class='ocrx_word' id='word_1_383' title='bbox 1084 2423 1177 2477; x_wconf 91' lang='lat' dir='ltr'>pud</span> <span class='ocrx_word' id='word_1_384' title='bbox 1190 2424 1335 2465; x_wconf 90' lang='lat' dir='ltr'>Deum</span> <span class='ocrx_word' id='word_1_385' title='bbox 1353 2423 1531 2464; x_wconf 91' lang='lat' dir='ltr'>Patrem</span> <span class='ocrx_word' id='word_1_386' title='bbox 1550 2421 1805 2464; x_wconf 89' lang='lat' dir='ltr'>testimonio</span> <span class='ocrx_word' id='word_1_387' title='bbox 1826 2421 1916 2473; x_wconf 83' lang='lat' dir='ltr'>ejus</span> 
     </span>
     <span class='ocr_line' id='line_1_84' title="bbox 1085 2483 1255 2522; baseline -0.006 0"><span class='ocrx_word' id='word_1_388' title='bbox 1085 2483 1255 2522; x_wconf 78' lang='lat' dir='ltr'>usuros.</span> 
     </span>
    </p>

    <p class='ocr_par' dir='ltr' id='par_1_14' title="bbox 1144 2535 1708 2579">
     <span class='ocr_line' id='line_1_85' title="bbox 1144 2535 1708 2579; baseline -0.002 -2"><span class='ocrx_word' id='word_1_389' title='bbox 1144 2537 1204 2579; x_wconf 91' lang='lat' dir='ltr'>Te</span> <span class='ocrx_word' id='word_1_390' title='bbox 1222 2537 1367 2578; x_wconf 91' lang='lat' dir='ltr'>Deum</span> <span class='ocrx_word' id='word_1_391' title='bbox 1387 2535 1630 2578; x_wconf 89' lang='lat' dir='ltr'>laudamus.</span> <span class='ocrx_word' id='word_1_392' title='bbox 1649 2537 1708 2576; x_wconf 86' lang='lat'>14.</span> 
     </span>
    </p>
   </div>
   <div class='ocr_carea' id='block_1_9' title="bbox 139 164 1977 2848">
    <p class='ocr_par' dir='ltr' id='par_1_15' title="bbox 139 164 1977 2848">
     <span class='ocr_line' id='line_1_86' title="bbox 139 164 1977 2848; baseline 0 0"><span class='ocrx_word' id='word_1_393' title='bbox 139 164 1977 2848; x_wconf 95' lang='lat' dir='ltr'> </span> 
     </span>
    </p>
   </div>
  </div>
 </body>
</html>
