2080 2990
541 238 609 270 Dic
639 237 687 269 ¹³.
716 236 803 268 Dec.

296 330 487 371 llomilia
516 329 777 371 venerabilis
805 330 941 371 Bedae

485 386 748 438 Presby‘teri.

371 445 412 478 ln
439 444 583 483 Evang.
608 443 697 475 Luc.
723 442 815 483 Cup.
844 442 870 474 l.

216 510 334 535 *s*
359 498 388 539 d
406 499 588 539 Mariam
607 498 833 548 Virginem
853 498 1032 539 Gabriel

216 550 221 585 f
245 591 308 614 4
326 558 343 579 θ’
375 554 576 603 mittitur,
608 554 681 605 qui
708 554 791 595 Dei
820 552 1031 596 fortitudo

238 633 241 634 ν
375 610 638 651 nominetur:
696 610 817 651 illum
869 610 1032 661 quippe

203 666 402 706 nuntiare
435 665 652 715 veniebat,
693 666 766 716 qui
798 666 855 707 ad
888 665 1032 706 debel-

205 720 359 762 landas
396 723 546 762 aereas
582 724 826 773 potestates
858 721 1032 761 humilis

205 778 418 829 apparere
438 775 642 826 dignatus
662 783 738 818 est.
767 778 833 817 De
852 790 938 828 quo
954 789 1034 828 per

204 832 481 873 Psalmistam
509 832 681 873 dicitur:
708 832 923 873 Dominus
949 832 1032 873 for-

205 888 262 929 tis
288 893 331 929 et
356 894 530 939 potens,
563 888 776 929 Deminus
803 894 963 940 potens
991 889 1034 928 in

205 943 371 996 praelio.
413 944 469 984 Et
496 957 682 984 rursum:
710 944 924 985 Deminus
952 944 1033 985 vir-

205 1002 347 1040 tntum
366 999 460 1051 ipse
477 1005 543 1040 est
558 1000 654 1040 Rex
669 999 831 1049 gleriae.
853 1000 937 1040 Per
951 1000 1034 1040 Dei

206 1066 311 1103 ergo
330 1054 630 1095 fortitudinem
649 1054 914 1096 nuntiandus
932 1061 1035 1105 erat,

207 1110 281 1160 qui
309 1110 517 1150 virtutum
545 1110 774 1159 Dominus,
807 1115 850 1151 et
877 1115 1035 1162 potens

207 1165 249 1204 in
268 1165 434 1217 praelio,
454 1171 606 1207 contra
623 1168 868 1218 potestates
885 1168 1036 1207 aereas

208 1219 264 1261 ad
281 1220 395 1261 bella
410 1221 622 1262 veniebat.
642 1222 698 1262 Et
712 1222 933 1271 ingressus
949 1222 1035 1262 An-

206 1276 329 1326 gelus
358 1275 414 1317 ad
442 1289 554 1326 eam,
589 1276 712 1318 dixit:
750 1279 864 1327 Ave,
896 1278 1037 1327 gratia

207 1331 351 1383 plena,
377 1332 592 1373 Dominus
617 1338 778 1373 tecum:
805 1333 1037 1375 benedicta

206 1392 254 1428 tu
273 1387 315 1426 in
334 1387 598 1429 mulieribus.
618 1389 737 1429 Bene
753 1389 893 1438 gratia
907 1389 1038 1441 plena

207 1444 406 1492 vocatur,
460 1456 558 1495 quae
607 1444 809 1485 nimirum
853 1445 1038 1494 gratiam

210 1510 339 1548 quam
358 1498 474 1539 nulla
494 1499 577 1539 elia
595 1503 825 1549 meruerat,
847 1501 1037 1551 assequi-

207 1557 292 1593 tur:
315 1558 363 1594 ut
381 1554 525 1605 ipsum
544 1554 749 1596 videlicet
766 1556 919 1605 gratiae
939 1568 1037 1597 con-

211 1607 343 1659 cipiat
363 1613 406 1649 et
423 1611 602 1658 generet
620 1613 855 1651 auctorem.

259 1666 308 1715 R·.
338 1664 434 1705 Ave
453 1665 605 1715 Maria,
625 1666 765 1716 gretia
782 1666 930 1718 plena,
950 1667 1038 1707 Do-

209 1718 351 1760 minus
388 1724 549 1762 tecum:
578 1723 599 1746 *
636 1722 822 1774 Spiritus
862 1728 1038 1764 sanctus

210 1776 488 1826 superveniet
515 1777 558 1817 in
585 1783 646 1827 te,
675 1783 719 1819 et
745 1779 883 1820 virtus
908 1778 1039 1820 Altis-

209 1830 305 1871 simi
336 1831 616 1875 obumbrabit
643 1834 739 1875 tibi:
772 1834 893 1885 quod
925 1835 1038 1876 enim

210 1898 263 1926 ex
282 1891 325 1927 te
343 1890 544 1929 nascetur
562 1889 783 1939 Sanctum,
808 1889 1039 1931 vocabitur

209 1941 344 1982 Filius
364 1943 457 1984 Dei.
483 1940 533 1989 Y.
560 1945 793 1995 Quomodo
814 1946 890 1987 fiet
908 1946 1038 1996 istud,

211 1998 415 2047 quoniam
435 2000 575 2040 virum
597 2013 685 2041 non
709 2000 954 2051 cognesco?
983 2002 1039 2043 Et

210 2053 481 2114 respendens
500 2056 712 2106 Angelus,
732 2056 842 2098 dixit
862 2058 912 2098 ei.
945 2058 1038 2110 Spi-

210 2112 317 2148 ntus
336 2116 522 2151 sanctus.

494 2172 646 2211 Lectio
670 2173 752 2210 viii.

210 2221 368 2325 Ecce
395 2222 615 2274 concipies
642 2223 684 2263 in
712 2226 857 2273 utero,
889 2230 932 2266 et
963 2228 1037 2277 pei-

313 2275 398 2317 ries
426 2276 572 2326 filium,
601 2284 643 2319 et
671 2279 851 2320 vocabis
879 2293 1038 2322 nomen

211 2332 302 2382 ejus
330 2331 490 2372 Jesum.
544 2334 690 2383 Jesus,
717 2334 919 2376 Salvator
947 2337 1038 2378 sive

211 2386 412 2427 saluteris
449 2388 773 2441 interpretatur:
818 2392 938 2442 cujus
975 2405 1039 2432 sa-

212 2444 477 2483 cramentum
503 2445 690 2484 neminis
717 2445 943 2497 alloquens
967 2448 992 2487 J
995 2460 1038 2488 0-

211 2496 321 2548 seph
340 2498 534 2547 Angelus
555 2500 772 2551 expesuit:
798 2502 900 2552 Ipse
925 2503 1039 2543 enim

211 2552 440 2603 (inquiens)
473 2554 641 2595 salvum
668 2555 798 2596 faciet
826 2557 1038 2608 pepulum

211 2619 336 2648 suum
365 2622 389 2649 a
416 2610 612 2660 peccetis
641 2612 802 2651 eerum.
839 2611 940 2652 Non
968 2613 1037 2662 ait,

210 2663 423 2715 pepulum
448 2665 598 2714 Israel,
628 2666 706 2706 sed
732 2666 945 2718 populum
971 2681 1038 2708 su—

211 2730 298 2758 um:
326 2718 410 2760 hoc
434 2725 514 2768 est,
543 2720 585 2759 in
614 2721 825 2762 unitatem
852 2722 955 2763 fidei
984 2736 1038 2764 ex

852 235 890 267 In
919 234 1215 276 Exspccmtionc
1244 232 1381 265 Partus
1408 231 1446 264 13.
1474 230 1518 264 M.
1547 230 1587 263 V.

1083 328 1302 381 praeputio
1341 331 1385 369 et
1421 326 1750 368 circumcisione
1785 327 1913 367 voce—

1083 390 1190 425 tum:
1219 383 1378 435 quibus
1407 395 1461 424 ex
1487 381 1662 423 diversa
1687 386 1814 433 parte
1839 394 1913 422 vo-

1085 440 1210 488 catis,
1238 439 1364 480 fieret
1387 450 1500 479 unus
1522 442 1692 489 pastor,
1720 442 1764 478 et
1781 450 1915 477 unum

1085 496 1211 537 ovile.
1256 495 1341 535 Hic
1369 494 1451 535 erit
1477 506 1678 544 magnus,
1711 497 1755 533 et
1781 492 1916 533 Filius

1085 551 1299 592 Altissimi
1331 548 1579 597 vocabitur,
1621 553 1664 589 et
1698 547 1820 589 dabit
1854 547 1917 588 illi

1085 607 1300 647 Deminus
1328 606 1450 647 Deus
1485 604 1636 645 sedem
1663 603 1808 645 David
1841 616 1916 656 pa-

1085 663 1163 704 tris
1184 664 1285 714 ejus.
1317 661 1443 703 Idem
1467 672 1572 710 ergo
1590 660 1726 700 Filius
1746 659 1917 701 Altissi-

1085 719 1155 768 mi,
1175 718 1249 769 qui
1263 718 1307 757 in
1321 721 1447 759 utero
1463 715 1663 766 virginali
1678 717 1918 767 conceptus

1087 779 1130 815 et
1156 779 1286 814 natus
1315 778 1392 814 est.
1437 771 1562 813 Idem
1585 770 1719 812 homo
1745 771 1789 811 in
1812 772 1919 812 tem-

1086 842 1196 882 pore
1225 832 1398 870 creatus
1427 841 1482 869 ex
1508 833 1662 877 matre,
1696 827 1771 878 qui
1798 827 1920 868 Deus

1090 890 1157 927 est
1184 890 1284 926 ante
1311 887 1514 936 tempora
1541 888 1670 924 natus
1698 895 1753 923 ex
1778 883 1920 923 Patre.

1089 941 1133 982 Si
1153 946 1298 982 autem
1316 940 1434 982 idem
1450 940 1595 989 homo,
1616 939 1690 990 qui
1704 939 1826 979 Deus
1842 943 1920 987 est,

1089 999 1263 1038 omittat
1271 996 1505 1038 Nes-terius
1517 995 1740 1037 hominem
1751 999 1922 1036 tantum

1090 1052 1235 1094 dicere
1255 1065 1310 1093 ex
1326 1052 1508 1102 Virgine
1527 1056 1688 1092 natum.

1142 1113 1191 1163 R.
1209 1108 1393 1160 suscipe
1412 1107 1596 1148 verbum
1614 1107 1753 1156 Virgo
1772 1106 1922 1154 Maria,

1091 1165 1212 1215 quod
1235 1164 1316 1206 tibi
1342 1177 1367 1205 a
1389 1163 1580 1204 Domino
1605 1175 1685 1215 per
1705 1161 1922 1212 Angelum

1089 1222 1394 1261 transmissum
1419 1224 1502 1260 est:
1531 1218 1753 1270 concipies
1779 1222 1823 1259 et
1845 1220 1921 1270 pei-

1090 1276 1176 1317 ries
1199 1276 1342 1316 Deum
1369 1275 1534 1327 periter
1562 1279 1606 1315 et
1634 1273 1870 1315 hominem:
1897 1277 1920 1301 *

1090 1332 1149 1373 Ut
1179 1330 1414 1373 benedicta
1442 1330 1602 1372 dicaris
1630 1330 1743 1371 inter
1771 1342 1923 1371 omnes

1090 1387 1305 1429 mulieres.
1332 1386 1383 1435 V
1409 1387 1559 1427 Peries
1580 1385 1758 1438 quidem
1776 1385 1924 1435 filium,

1092 1449 1135 1485 et
1166 1443 1426 1493 virginitatis
1458 1455 1547 1483 non
1579 1442 1760 1494 patieris
1793 1440 1923 1483 detri-

1091 1501 1298 1540 mentum:
1324 1498 1527 1540 efficieris
1545 1496 1744 1548 gravida,
1771 1502 1815 1539 et
1839 1497 1923 1538 eris

1091 1560 1230 1596 mater
1254 1567 1427 1607 semper
1451 1554 1625 1595 intacta.
1661 1553 1722 1595 Ut
1747 1551 1924 1594 benedi-

1092 1617 1172 1652 cta.
1201 1611 1355 1652 Gloria
1372 1611 1503 1652 Patri.
1530 1610 1589 1651 Ut
1605 1608 1852 1651 benedicta.

1394 1667 1546 1707 Lectio
1566 1667 1619 1706 ix.

1141 1722 1314 1773 deoque
1344 1726 1387 1763 et
1417 1720 1537 1773 quod
1564 1722 1770 1762 nascetur
1799 1733 1854 1761 ex
1881 1725 1925 1761 te

1165 1779 1384 1827 Sanctum,
1411 1777 1642 1819 vocabitur
1670 1776 1806 1817 Filius
1830 1776 1927 1817 Dei.

1094 1833 1166 1875 Ad
1191 1834 1517 1875 distinctiOnem
1539 1837 1703 1874 nostrae
1722 1832 1924 1873 sanctita-

1092 1890 1165 1939 tis,
1193 1890 1320 1930 Jesus
1348 1894 1524 1931 sanctus
1550 1888 1826 1938 singulariter
1852 1900 1924 1928 na-

1093 1946 1282 1987 sciturus
1297 1945 1516 1986 asseritur.
1534 1944 1630 1985 Nos
1647 1944 1824 1996 quippe,
1843 1943 1926 1985 etsi

1093 2002 1233 2042 sancti
1252 2000 1480 2051 efficimur,
1507 2013 1595 2042 non
1619 2004 1766 2041 tamen
1788 1999 1926 2039 nesci-

1092 2070 1203 2106 mur;
1220 2057 1322 2108 quia
1335 2057 1432 2108 ipsa
1446 2059 1615 2098 naturae
1631 2054 1925 2107 corruptienis

1094 2112 1346 2154 conditione
1375 2112 1731 2162 constringimur,
1760 2115 1813 2166 <ut
1839 2112 1926 2151 me-

1093 2168 1177 2209 rito
1206 2182 1306 2210 cum
1333 2167 1559 2220 Propheta
1590 2168 1814 2217 gementes
1843 2168 1924 2206 sin-

1093 2224 1183 2276 guli
1202 2223 1414 2266 dicamus:
1437 2224 1554 2265 Ecce
1578 2224 1693 2264 enim
1710 2222 1754 2262 in
1772 2221 1925 2273 iniqui-

1092 2280 1258 2321 tatibus
1283 2281 1524 2331 conceptus
1548 2292 1662 2328 sum,
1688 2283 1731 2319 et
1753 2278 1796 2318 in
1821 2277 1925 2319 deli-

1094 2336 1175 2377 ctis
1209 2335 1383 2387 peperit
1414 2347 1484 2375 me
1518 2340 1658 2375 mater
1691 2346 1800 2375 mea.
1846 2332 1925 2373 Ille

1094 2396 1239 2432 autem
1263 2390 1383 2431 solus
1407 2390 1621 2431 veraciter
1645 2394 1822 2430 sanctus
1848 2394 1924 2439 est,

1094 2447 1168 2498 qui
1194 2451 1243 2487 ut
1266 2447 1408 2498 ipsam
1433 2445 1729 2486 conditionem
1754 2448 1924 2485 naturae

1093 2501 1391 2554 corruptibilis
1406 2503 1611 2549 vinceret,
1629 2513 1683 2541 ex
1699 2500 1923 2541 comixtio-

1092 2570 1146 2598 ne
1170 2557 1356 2598 carnalis
1380 2556 1552 2608 copulae
1576 2557 1817 2607 conceptus
1836 2567 1925 2596 non

1093 2618 1169 2654 est.
1198 2613 1419 2660 Sanctum,
1438 2612 1589 2663 inquit,
1608 2611 1839 2652 vocabitur
1857 2611 1893 2651 F
1894 2613 1924 2651 i-

1092 2668 1174 2709 lius
1193 2668 1287 2709 Dei.
1321 2666 1437 2717 Quid
1455 2666 1526 2707 hie
1546 2666 1674 2715 dicis,
1699 2666 1923 2708 Nestori-4-

1091 2736 1156 2773 ne,
1177 2724 1252 2775 qui
1270 2723 1447 2765 beatam
1460 2723 1644 2763 Mariam
1658 2722 1742 2763 Dei
1758 2734 1923 2773 negans
