2080 2990
538 206 604 239 l)ie
628 207 678 239 215.
698 206 785 239 alan.
833 208 866 239 S.
895 205 1104 249 Haymundi
1132 206 1177 238 de
1205 205 1381 238 l'efiafort
1405 205 1511 239 (lons.

181 301 232 342 tii
251 301 418 342 animus
432 303 456 343 J
459 315 536 344 esu
551 302 711 345 Christi
729 303 815 344 fide
835 315 1001 355 speque

181 360 369 399 munitus
388 358 491 400 vicit
511 359 668 400 omnia:
689 365 732 401 et
749 360 871 410 ignis,
891 359 1001 408 ferri,

182 416 398 455 torterum
415 415 680 457 immanitate
700 418 917 468 superata,
943 415 1002 457 vi-

183 474 279 511 ctor
311 470 368 512 ad
400 471 623 513 coelestem
653 472 848 525 martyrii
881 474 1003 513 coro-

182 539 282 567 nam
313 526 549 579 advolavit,
584 528 814 570 undecimo
845 528 1003 569 Kalen-

182 581 263 624 das
281 582 517 624 Februarii.
554 584 683 637 Cujus
706 598 881 637 corpus,
906 597 1004 626 cum

183 640 427 691 projectum
454 645 570 682 esset
595 641 878 691 inhumatum,
911 653 1003 682 cor-

184 708 263 736 vus
293 700 335 737 et
362 709 388 736 a
411 696 661 738 volucribus
687 703 730 739 et
753 710 778 738 a
800 697 905 750 lupo
929 700 1003 738 un-

185 751 358 802 guibus,
381 757 541 803 rostro,
566 753 645 794 alis
662 753 915 795 mirabiliter
934 753 1004 795 de-

186 807 332 849 fendit.
375 809 470 859 Qua
495 822 542 850 re
571 810 759 860 cognita,
787 810 1005 851 Dacianus

185 863 292 906 illud
310 865 354 905 in
373 865 507 906 altum
523 878 642 907 mare
666 865 857 917 demergi
875 866 1006 918 jubet:

187 919 266 961 sed
296 917 397 962 inde
430 922 560 962 etiam
593 921 796 964 divinitus
825 924 1007 975 ejectum

186 974 243 1017 ad
261 975 392 1027 littus,
413 977 645 1019 Christiani
663 978 887 1031 sepeliunt.
927 1025 929 1027 ,

237 1049 286 1099 R.
326 1045 524 1088 Verbera
559 1048 809 1089 carnificum
839 1061 926 1089 non
957 1048 1005 1090 ti-

185 1103 386 1143 muerunt
405 1103 542 1145 sancti
560 1104 653 1153 Dei,
672 1105 906 1146 morientes
925 1117 1006 1157 pro

188 1157 347 1200 Christi
372 1159 561 1210 nemine,
576 1161 597 1182 *
623 1160 682 1202 Ut
708 1160 906 1202 haeredes
934 1161 1006 1202 fie-

186 1219 282 1256 rent
300 1215 343 1256 in
363 1215 495 1257 domo
515 1217 701 1258 Demini.
724 1209 774 1260 Y·
798 1216 1006 1259 Tradide-

186 1276 286 1313 runt
305 1273 492 1325 cerpora
509 1286 586 1314 sua
599 1278 780 1326 propter
794 1274 937 1315 Deum
952 1273 1008 1315 ad

187 1327 411 1380 supplicia.
442 1329 500 1371 Ut
516 1329 727 1372 haeredes.

482 1409 632 1450 Lectio
654 1409 705 1449 vi.

186 1474 479 1579 Anastasius
492 1482 638 1533 Persa,
655 1482 904 1532 menachus
923 1482 1008 1523 He-

295 1537 429 1579 raclio
465 1538 744 1591 imperatere,
782 1552 879 1580 cum
915 1552 1008 1580 san-

189 1598 304 1635 ctam
328 1594 699 1647 Jerosolymorum
725 1600 885 1637 terram
912 1595 1008 1637 visi-

186 1652 340 1700 tasset,
382 1650 440 1692 ad
480 1651 725 1693 Caesaream
763 1651 1008 1693 Palaestinae

186 1718 268 1758 pro
307 1706 465 1748 Christi
509 1707 716 1759 religione
759 1707 931 1749 vincula
967 1713 1010 1750 et

187 1761 371 1804 verbera
395 1766 646 1806 constanter
673 1766 908 1817 perpessus
933 1770 1009 1806 est.

187 1818 293 1860 Mox
316 1832 343 1860 a
359 1819 506 1861 Persis
531 1820 588 1862 ob
613 1820 812 1862 eamdem
835 1833 1010 1862 causam

187 1874 319 1916 variis
344 1875 605 1919 cruciatibus
630 1877 827 1927 affectus,
855 1890 880 1918 a
907 1890 1009 1927 rege

190 1929 386 1973 Chesroa
403 1946 489 1974 una
507 1946 606 1975 cum
624 1935 898 1986 septuaginta
915 1933 1010 1975 aliis

190 1987 444 2030 Christianis
471 1990 613 2031 securi
635 1990 886 2043 percutitur.
928 1990 1008 2031 Cu-

189 2044 253 2096 jus
277 2044 472 2096 reliquiae
490 2047 676 2099 primum
692 2047 717 2087 J
719 2046 1010 2098 eroselymam

191 2098 248 2141 ad
272 2102 599 2153 monasterium,
625 2103 668 2143 in
694 2115 781 2154 quo
806 2102 1008 2143 monasti-

191 2168 286 2197 cam
309 2157 444 2199 vitam
467 2159 690 2211 professus
715 2163 824 2209 erat,
852 2158 1009 2200 deinde

189 2211 377 2254 Romam
395 2213 568 2265 delatae,
595 2215 822 2257 collocatae
846 2219 944 2256 sunt
966 2214 1009 2255 in

189 2270 453 2312 monasterio
473 2270 530 2313 ad
549 2271 699 2324 Aquas
718 2271 894 2313 Salvias.

242 2328 291 2379 Βι-
318 2333 563 2387 Tamquam
581 2348 743 2378 aurum.
768 2335 844 2388 [41]

243 2410 284 2445 In
306 2411 370 2445 111.
391 2411 588 2447 Nocturno
614 2411 782 2446 Homilia
808 2412 845 2445 in
864 2411 1006 2453 Evang.

194 2457 289 2498 Cum
321 2460 530 2501 audigritis
562 2460 608 2494 de
642 2460 774 2494 eodem
808 2457 1007 2494 Communi

193 2506 220 2539 1.
244 2505 340 2539 loco.
363 2512 432 2556 [43]

236 2562 426 2606 ·Vesperae
448 2574 478 2598 ·a
509 2563 631 2608 Capit.
659 2565 711 2599 rde
742 2574 845 2608 sequ.
876 2574 1007 2598 comm.

191 2610 355 2653 praeced‘.
394 2614 430 2645 et
462 2610 496 2646 S.
529 2612 807 2647 Emerentianae
838 2612 941 2653 Virg.
975 2615 1010 2645 et
1073 2600 1164 2663 {hs

192 2658 298 2694 Mart.

499 2738 518 2745 rx

346 2862 410 2887 Pars
425 2862 558 2888 Hiemalis.

1270 303 1353 344 Die
1371 303 1435 344 23.
1453 303 1476 343 J
1479 303 1653 344 anuarii.

1053 368 1096 408 S.
1115 366 1399 418 Raymundi
1419 366 1478 408 de
1496 366 1731 409 Pefiafort
1751 367 1839 403 (lon
1848 366 1869 404 f.

1337 425 1592 467 Semiduplcx.

1107 477 1239 510 Omnia
1265 477 1310 510 de
1329 478 1527 511 Communi
1547 479 1652 511 (jons.
1671 489 1744 511 non
1765 480 1869 512 l'ont.

1056 525 1125 569 [67]
1156 531 1292 567 praeter
1317 535 1421 568 sequ.
1453 525 1512 568 (m.
1535 529 1560 561 t.
1580 526 1629 568 v.)

1387 579 1546 619 Oratio.

1055 630 1238 736 DeuS,
1267 633 1341 685 qui
1365 633 1543 676 beatum
1569 634 1875 686 Raymundum

1160 690 1428 742 poenitentiae
1477 691 1732 732 sacramenti
1778 691 1874 733 insi-

1055 758 1183 797 gnem
1217 746 1458 788 ministrum
1494 747 1677 798 elegisti,
1720 753 1762 789 et
1797 761 1876 800 per

1056 802 1186 843 maris
1204 801 1343 844 undas
1362 803 1613 846 mirabiliter
1632 803 1876 845 traduxisti:

1058 859 1265 910 concede3
1292 865 1340 901 ut
1367 861 1457 912 ejus
1482 860 1790 902 intercessione
1816 860 1875 902 di-

1057 928 1166 966 gnos
1185 915 1453 968 poenitentiae
1472 916 1636 958 fructus
1655 917 1813 966 facere,
1834 922 1878 958 et

1059 971 1115 1013 ad
1143 974 1317 1013 aeternae
1344 972 1495 1014 salutis
1526 979 1701 1025 portum
1727 985 1876 1025 perve-

1058 1029 1150 1069 nire
1169 1028 1401 1070 valeamus.
1428 1029 1512 1071 Per
1530 1030 1775 1071 Deminum.

1111 1092 1256 1125 Deinde
1282 1091 1321 1125 fit
1345 1100 1537 1125 commem.
1564 1088 1723 1131 pneced.

1112 1144 1209 1184 Ant.
1252 1144 1456 1188 Gaudent
1490 1146 1534 1186 in
1570 1145 1692 1187 coelis
1725 1146 1877 1187 animae

1059 1203 1324 1252 sanctorum,
1376 1202 1449 1253 qui
1495 1201 1654 1244 Christi
1696 1202 1878 1253 vestigia

1060 1262 1158 1298 sunt
1177 1258 1328 1299 secuti:
1350 1263 1392 1300 et
1412 1258 1512 1310 quia
1529 1271 1610 1311 pro
1627 1259 1716 1310 ejus
1732 1261 1878 1300 amere

1060 1314 1313 1364 sanguinem
1354 1328 1478 1356 suum
1514 1315 1732 1365 fuderunt,
1776 1314 1877 1356 ideo

1060 1382 1159 1411 cum
1178 1370 1352 1413 Christo
1372 1370 1589 1413 exsultant
1608 1371 1699 1412 sine
1717 1371 1813 1412 fine.

1111 1422 1159 1470 V·
1191 1426 1482 1469 Exsultabunt
1505 1428 1642 1469 sancti
1664 1427 1707 1467 in
1730 1427 1877 1478 gloria.

1061 1481 1108 1532 Rs.
1128 1482 1412 1525 Laetabuntur
1430 1483 1473 1524 in
1493 1483 1706 1526 cubilibus
1727 1484 1827 1525 suis.
1870 1497 1874 1502 ·

1114 1537 1274 1577 Oratio.
1307 1539 1473 1582 Adesto
1493 1540 1688 1582 Demine.
1711 1541 1805 1581 444.

1110 1601 1249 1634 Postea
1263 1601 1297 1634 S.
1312 1599 1588 1634 Emerentianae
1602 1599 1704 1639 virg.
1720 1602 1755 1632 ct
1768 1598 1873 1631 Mart.

1114 1654 1212 1693 Ant·
1253 1652 1357 1698 Veni
1381 1670 1542 1711 sponsa
1567 1657 1742 1707 Christi,
1771 1658 1879 1699 acci-

1061 1724 1118 1764 pe
1146 1714 1368 1764 coronam‚
1404 1726 1533 1765 quam
1560 1713 1639 1755 tibi
1667 1714 1878 1755 Deminus

1062 1769 1326 1821 praeparavit
1343 1770 1386 1810 in
1406 1772 1623 1811 aeternum.

1111 1818 1160 1868 V·
1197 1826 1352 1877 Specie
1385 1831 1459 1867 tua
1491 1831 1533 1868 et
1559 1824 1879 1878 pulchritudine

1060 1885 1145 1922 tua.
1170 1879 1219 1930 R:-
1240 1881 1431 1932 Intende,
1450 1884 1661 1934 prespere
1675 1880 1876 1934 procede,

1062 1941 1105 1978 et
1123 1949 1266 1988 regna·
1387 1959 1547 2000 Oratio.

1060 2018 1404 2124 Indulgentiam
1442 2023 1585 2071 nobis,
1631 2025 1879 2075 quaesumus

1141 2079 1346 2129 Domine,
1399 2079 1530 2121 beata
1576 2079 1879 2132 Emerentiana

1062 2135 1198 2186 Virgo
1241 2140 1284 2177 et
1318 2135 1482 2188 Martyr
1521 2135 1740 2188 imploret:
1781 2148 1878 2187 quae

1060 2190 1139 2232 tibi
1172 2197 1295 2242 grata
1327 2204 1499 2244 semper
1531 2191 1694 2233 exstitit
1725 2196 1768 2232 et
1794 2193 1878 2232 me-

1060 2247 1144 2289 rito
1171 2248 1396 2298 castitatis,
1425 2253 1468 2290 et
1494 2252 1582 2290 tuae
1609 2247 1879 2300 professiene

1061 2303 1242 2346 virtutis.
1281 2304 1365 2346 Per
1387 2304 1631 2346 Dominum.

1117 2362 1154 2395 In
1172 2361 1199 2395 Ι.
1217 2361 1325 2395 Noct.
1347 2360 1446 2394 Lect.
1468 2359 1513 2394 de
1536 2359 1668 2403 Script.
1693 2368 1832 2391 occurs.

1284 2426 1331 2464 In
1358 2426 1408 2465 11.
1436 2425 1656 2464 Noeturno.

1362 2486 1511 2526 Lectio
1532 2485 1583 2524 iv.

1073 2570 1080 2596 z
1097 2555 1145 2601 30]
1164 2553 1294 2593 catus
1343 2548 1626 2603 Raymundus
1674 2548 1876 2591 Barcino-

1187 2607 1347 2658 nensis,
1384 2620 1437 2649 ex
1468 2606 1603 2648 nebili
1633 2605 1791 2647 familia
1823 2604 1877 2646 de

1188 2664 1410 2714 Pefiafort,
1436 2662 1683 2705 christianae
1710 2661 1876 2712 religio-

1060 2720 1128 2762 nis
1138 2720 1395 2762 rudimentis
1408 2718 1611 2768 imbutuS,
1627 2717 1768 2760 adhuc
1781 2717 1877 2769 par-

1611 2847 1676 2882 29*
