2040 2990
800 192 859 225 Ad
885 190 1197 233 Complctorium.

200 282 333 323 Scuto
346 281 634 323 circumdabit
643 286 687 323 te
698 282 858 323 veritas
871 282 975 333 ejus:

149 339 172 364 *
192 351 278 380 non
298 338 471 380 timebis
491 351 516 379 a
534 339 690 380 timore
709 342 937 387 nocturno,

202 397 242 436 A
262 397 419 446 sagitta
439 394 614 436 volante
634 395 677 435 in
698 394 779 444 die,
800 408 826 435 a
844 397 973 445 nego-

149 454 210 495 tio
229 450 561 505 perambulante
584 452 627 492 in
651 451 856 492 tenebris:
875 452 899 477 *
919 451 973 492 ab

148 511 335 558 incursu,
355 512 399 549 et
418 507 636 549 daemonio
656 507 908 549 meridiano.

202 564 369 607 Cadent
388 577 413 605 a
431 564 568 606 latere
587 569 663 605 tuo
683 564 814 613 mille,
841 569 884 606 et
903 564 973 606 de-

149 636 244 665 cem
271 621 404 662 millia
432 634 457 662 a
486 620 651 662 dextris
679 621 780 662 tuis:
799 622 822 646 *
847 621 902 662 ad
930 627 974 663 te

149 684 294 721 autem
311 690 399 718 non
420 677 802 730 appropinquabit.

199 736 512 777 Verumtamen
529 734 667 775 oculis
681 734 766 775 tuis
778 733 973 775 conside-

149 792 281 834 rabis:
299 792 323 817 *
343 795 386 832 et
414 790 743 832 retributionem
772 794 973 843 peccato-

148 862 244 890 rum
263 847 444 889 videbis.

201 905 416 956 Quoniam
430 909 477 945 tu
492 917 539 945 es
550 904 738 945 Domine
751 917 853 956 spes
862 917 974 945 mea:

148 963 172 988 *
213 961 486 1010 Altissimum
530 962 715 1013 posuisti
760 961 974 1011 refugium

147 1023 280 1061 tuum.

199 1076 301 1117 Non
330 1074 511 1116 accedet
539 1073 594 1115 ad
622 1078 664 1115 te
692 1074 869 1115 malum:
888 1075 911 1099 *
933 1079 976 1115 et

149 1132 367 1183 flagellum
395 1144 482 1172 non
513 1130 887 1183 appropinquabit
914 1135 974 1171 ta-

147 1188 385 1231 bernaculo
404 1193 493 1229 tuo.

201 1245 415 1295 Quoniam
435 1243 614 1294 Angelis
640 1244 728 1284 suis
752 1243 976 1285 mandavit

149 1300 204 1343 de
226 1306 284 1342 te:
302 1302 326 1327 *
346 1306 394 1342 ut
422 1299 672 1342 custodiant
698 1304 741 1341 te
770 1300 813 1340 in
842 1301 975 1341 omni-

147 1357 230 1399 bus
249 1358 329 1398 viis
349 1357 446 1398 tuis.

199 1414 249 1454 In
282 1412 484 1454 manibus
516 1412 757 1465 portabunt
790 1417 848 1453 te:
874 1413 897 1437 *
921 1426 976 1453 ne

149 1470 262 1511 forte
290 1468 488 1511 offendas
516 1468 572 1510 ad
600 1467 792 1521 lapidem
816 1468 976 1521 pedem

149 1531 283 1567 tuum.

201 1583 341 1636 Super
379 1581 596 1634 aspidem,
647 1586 690 1622 et
725 1580 977 1623 basiliscum

149 1638 410 1680 ambulabis:
440 1638 464 1663 *
497 1642 540 1679 et
577 1637 856 1679 conculcabis
889 1638 976 1679 leo-

148 1708 249 1737 nem
269 1699 313 1737 et
331 1694 578 1736 draconem.

201 1751 419 1802 Quoniam
437 1751 480 1791 in
500 1764 570 1792 me
591 1751 798 1803 speravit,
823 1750 976 1793 libera-

148 1807 208 1850 bo
225 1821 337 1849 eum:
355 1808 378 1833 *
397 1809 628 1860 protegam
643 1821 753 1857 eum,
771 1808 977 1860 quoniam

151 1864 358 1915 cognovit
375 1876 536 1905 nomen
555 1877 711 1905 meum.

203 1920 418 1962 Clamabit
449 1919 506 1961 ad
539 1933 624 1969 me,
660 1925 703 1962 et
735 1932 816 1971 ego
849 1923 976 1961 exau-

151 1976 268 2018 diam
292 1990 405 2018 eum:
424 1977 447 2002 *
474 1989 573 2018 cum
595 1977 693 2029 ipso
721 1990 816 2018 sum
839 1977 882 2016 in
904 1977 975 2017 tri-

150 2032 390 2074 bulatione:
420 2033 601 2086 eripiam
627 2046 726 2075 eum
751 2037 794 2075 et
817 2033 976 2084 glorifi-

152 2088 263 2131 cabo
284 2102 394 2131 eum.

201 2145 494 2197 Longitudine
561 2146 729 2187 dierum
795 2145 976 2198 replebo

152 2215 264 2243 eum:
292 2202 315 2228 *
344 2207 388 2244 et
423 2202 653 2244 ostendam
690 2202 750 2243 illi
786 2202 976 2244 salutare

150 2271 305 2300 meum.

415 2313 608 2353 psalmus
633 2315 714 2352 133.

148 2367 311 2473 Ecce
330 2383 444 2412 nunc
462 2370 708 2412 benedicite
728 2371 976 2419 Dominum,

244 2426 268 2451 *
290 2440 441 2468 omnes
461 2427 574 2468 servi
593 2427 784 2468 Domini:

204 2482 287 2531 Qui
310 2483 435 2524 statis
458 2483 501 2524 in
527 2483 660 2524 domo
679 2483 870 2533 Domini,
890 2483 914 2508 *
933 2483 975 2523 in

153 2538 273 2579 atriis
293 2538 449 2580 domus
468 2540 551 2581 Dei
570 2539 720 2588 nostri,

203 2594 254 2633 In
271 2594 473 2637 noctibus
504 2595 698 2637 extollite
725 2607 878 2636 manus
906 2606 976 2634 ve-

151 2654 265 2714 stras
284 2650 327 2690 in
346 2656 507 2702 sancta,
526 2653 549 2678 *
570 2657 613 2694 et
629 2651 874 2694 benedicite
889 2650 975 2691 Do-

152 2719 326 2747 minum.

1789 185 1852 220 129

1080 281 1320 323 Benedicat
1347 287 1391 323 te
1414 282 1628 323 Dominus
1660 295 1713 323 ex
1738 283 1852 331 Sion,

1028 338 1051 364 *
1073 338 1145 391 qui
1165 338 1267 380 fecit
1286 338 1445 379 coelum
1466 343 1508 379 et
1526 344 1698 379 terram.

1084 402 1182 441 Ant.
1216 399 1425 440 Miserere
1449 400 1550 440 mihi
1574 400 1777 448 Domine,
1810 404 1853 440 et

1029 454 1185 497 exaudi
1206 456 1447 498 orationem
1466 470 1618 499 meam.

1336 533 1544 583 Hymnus.

1106 607 1129 636 e
1148 595 1258 636 lucis
1277 600 1376 637 ante
1395 596 1636 641 terminum,

1130 651 1295 692 Rerum
1317 652 1498 694 Creator
1517 652 1749 704 poscimus,

1078 709 1137 750 Ut
1156 722 1237 761 pro
1258 714 1331 749 tua
1351 709 1578 750 clementia

1079 765 1146 806 Sis
1166 765 1328 818 praesul
1349 770 1392 806 et
1412 765 1622 806 custodia.

1031 834 1190 875 Procul
1210 834 1418 875 recedant
1437 835 1615 883 somnia,

1080 891 1135 931 Et
1155 891 1349 931 noctium
1368 890 1690 943 phantasmata:

1080 947 1354 998 Hostemque
1380 952 1591 997 nostrum,
1603 948 1852 1000 comprime⁷

1079 1003 1147 1044 Ne
1167 1003 1417 1056 polluantur
1437 1007 1635 1056 corpora.

1029 1073 1206 1121 Praesta,
1225 1074 1355 1114 Pater
1374 1074 1578 1125 piissime,

1079 1129 1286 1181 Patrique
1307 1143 1488 1182 compar
1507 1130 1653 1179 Unice,

1085 1186 1193 1227 Cum
1212 1186 1376 1238 Spiritu
1395 1186 1612 1227 Paraclito

1080 1243 1287 1293 Regnans
1307 1255 1386 1295 per
1406 1255 1533 1283 omne
1558 1242 1776 1283 saeculum.

1339 1299 1492 1340 Amen.

1082 1374 1339 1424 Capitulum.
1511 1374 1665 1413 Jerein.
1689 1374 1742 1412 14.
1765 1373 1800 1412 b.

1029 1433 1135 1540 Tu
1154 1443 1299 1479 autem
1319 1438 1361 1478 in
1380 1437 1507 1478 nobis
1528 1451 1574 1479 es
1594 1437 1791 1485 Domine,
1813 1441 1855 1477 et

1125 1507 1283 1535 nomen
1315 1498 1510 1535 sanctum
1537 1498 1658 1534 tuum
1682 1493 1854 1533 invoca-

1029 1555 1121 1591 tum
1141 1555 1208 1592 est
1227 1564 1359 1603 super
1378 1564 1473 1599 nos,
1501 1564 1554 1591 ne
1579 1549 1856 1600 derelinquas

1029 1620 1111 1648 nos
1130 1607 1317 1648 Domine
1337 1607 1458 1648 Deus
1477 1612 1636 1648 noster.

1083 1667 1130 1717 Rg.
1160 1664 1257 1705 Deo
1277 1664 1451 1715 gratias.

1084 1732 1129 1782 Rg.
1157 1730 1216 1770 br.
1250 1729 1300 1769 In
1325 1742 1478 1769 manus
1502 1733 1600 1769 tuas
1624 1729 1810 1769 Domine
1830 1732 1849 1751 *

1030 1784 1300 1826 Commendo
1343 1784 1541 1836 spiritum
1579 1797 1734 1825 meum.
1793 1784 1854 1823 In.

1029 1838 1077 1889 V.
1116 1841 1357 1882 Redemisti
1394 1852 1475 1880 nos
1511 1840 1698 1881 Domine
1732 1841 1852 1881 Deus

1029 1898 1236 1939 veritatis.
1274 1896 1554 1938 Commendo.
1600 1896 1747 1937 (iloria
1774 1897 1852 1937 Pa—

1028 1954 1095 1995 tri.
1122 1954 1183 1993 In.

1079 2008 1129 2060 V.
1169 2013 1350 2055 Custodi
1378 2027 1459 2055 nos
1486 2014 1674 2055 Domine
1701 2018 1749 2054 ut
1775 2026 1851 2065 pu-

1028 2070 1178 2123 pillam
1194 2070 1319 2111 oculi.
1343 2071 1391 2121 Rq.
1415 2070 1503 2112 Sub
1520 2070 1673 2111 umbra
1687 2070 1852 2110 alarum

1028 2129 1201 2168 tuarum
1222 2129 1405 2179 protege
1425 2139 1516 2168 nos.

1080 2187 1112 2226 Α
1122 2192 1176 2226 nt.
1205 2187 1335 2230 Salva
1354 2201 1445 2230 nos.

1200 2257 1421 2296 Canticum
1452 2256 1676 2295 simeonis.

1339 2318 1426 2350 Luc.
1451 2318 1480 2349 2.
1506 2326 1535 2350 c,

1123 2383 1207 2411 unc
1227 2370 1406 2411 dimittis
1432 2383 1604 2411 servum
1624 2375 1746 2411 tuum
1765 2370 1851 2410 Do-

1140 2427 1265 2475 mine,
1285 2427 1308 2452 *
1329 2426 1566 2468 secundum
1586 2426 1766 2467 verbum
1789 2430 1850 2466 tu-

1027 2496 1102 2523 um
1119 2483 1162 2523 in
1183 2495 1308 2535 pace:

1080 2539 1190 2588 Quia
1218 2538 1419 2580 viderunt
1448 2538 1561 2580 oculi
1585 2539 1669 2579 mei
1693 2538 1716 2563 *
1742 2537 1848 2578 salu-

1028 2597 1122 2636 tare
1141 2599 1274 2636 tuum.

1081 2650 1210 2700 Quod
1243 2652 1408 2703 parasti
1434 2651 1457 2676 *
1486 2655 1585 2692 ante
1617 2650 1771 2691 faciem
1804 2650 1846 2690 ό-

1028 2707 1191 2747 mnium
1210 2706 1488 2762 populorum:
