<?xml version="1.0" encoding="UTF-8"?>
<!DOCTYPE html PUBLIC "-//W3C//DTD XHTML 1.0 Transitional//EN"
    "http://www.w3.org/TR/xhtml1/DTD/xhtml1-transitional.dtd">
<html xmlns="http://www.w3.org/1999/xhtml" xml:lang="en" lang="en">
 <head>
  <title>
</title>
<meta http-equiv="Content-Type" content="text/html;charset=utf-8" />
  <meta name='ocr-system' content='tesseract 3.04.00' />
  <meta name='ocr-capabilities' content='ocr_page ocr_carea ocr_par ocr_line ocrx_word'/>
</head>
<body>
  <div class='ocr_page' id='page_1' title='image "./p1breviariumroma00cathuoft_0330.png"; bbox 0 0 2040 2990; ppageno 0'>
   <div class='ocr_carea' id='block_1_1' title="bbox 170 198 236 234">
    <p class='ocr_par' dir='ltr' id='par_1_1' title="bbox 170 198 236 234">
     <span class='ocr_line' id='line_1_1' title="bbox 170 198 236 234; baseline 0 0"><span class='ocrx_word' id='word_1_1' title='bbox 170 198 236 234; x_wconf 78' lang='lat'>276</span> 
     </span>
    </p>
   </div>
   <div class='ocr_carea' id='block_1_2' title="bbox 172 291 999 789">
    <p class='ocr_par' dir='ltr' id='par_1_2' title="bbox 172 291 999 789">
     <span class='ocr_line' id='line_1_2' title="bbox 174 291 997 345; baseline -0.006 -8"><span class='ocrx_word' id='word_1_2' title='bbox 174 295 365 337; x_wconf 91' lang='lat' dir='ltr'>cundum</span> <span class='ocrx_word' id='word_1_3' title='bbox 383 306 559 335; x_wconf 89' lang='lat' dir='ltr'>carnem</span> <span class='ocrx_word' id='word_1_4' title='bbox 576 294 818 345; x_wconf 76' lang='lat' dir='ltr'>parentum,</span> <span class='ocrx_word' id='word_1_5' title='bbox 843 291 917 343; x_wconf 90' lang='lat' dir='ltr'>qui</span> <span class='ocrx_word' id='word_1_6' title='bbox 934 303 997 332; x_wconf 91' lang='lat' dir='ltr'>se-</span> 
     </span>
     <span class='ocr_line' id='line_1_3' title="bbox 174 347 998 400; baseline -0.006 -8"><span class='ocrx_word' id='word_1_7' title='bbox 174 351 363 393; x_wconf 89' lang='lat' dir='ltr'>cundum</span> <span class='ocrx_word' id='word_1_8' title='bbox 397 362 571 391; x_wconf 89' lang='lat' dir='ltr'>carnem</span> <span class='ocrx_word' id='word_1_9' title='bbox 604 349 755 400; x_wconf 88' lang='lat' dir='ltr'>utique</span> <span class='ocrx_word' id='word_1_10' title='bbox 785 347 998 400; x_wconf 78' lang='lat' dir='ltr'>sapientia</span> 
     </span>
     <span class='ocr_line' id='line_1_4' title="bbox 173 405 998 459; baseline -0.006 -10"><span class='ocrx_word' id='word_1_11' title='bbox 173 408 256 449; x_wconf 93' lang='lat' dir='ltr'>Dei</span> <span class='ocrx_word' id='word_1_12' title='bbox 275 406 538 459; x_wconf 87' lang='lat' dir='ltr'>implebatur</span> <span class='ocrx_word' id='word_1_13' title='bbox 558 411 601 447; x_wconf 88' lang='lat' dir='ltr'>et</span> <span class='ocrx_word' id='word_1_14' title='bbox 619 405 775 457; x_wconf 87' lang='lat' dir='ltr'>gratia,</span> <span class='ocrx_word' id='word_1_15' title='bbox 798 409 903 457; x_wconf 92' lang='lat' dir='ltr'>post</span> <span class='ocrx_word' id='word_1_16' title='bbox 926 406 998 445; x_wconf 92' lang='lat' dir='ltr'>tri-</span> 
     </span>
     <span class='ocr_line' id='line_1_5' title="bbox 174 461 999 516; baseline -0.005 -11"><span class='ocrx_word' id='word_1_17' title='bbox 174 464 308 505; x_wconf 92' lang='lat' dir='ltr'>duum</span> <span class='ocrx_word' id='word_1_18' title='bbox 327 465 544 516; x_wconf 88' lang='lat' dir='ltr'>reperitur</span> <span class='ocrx_word' id='word_1_19' title='bbox 562 463 605 503; x_wconf 90' lang='lat' dir='ltr'>in</span> <span class='ocrx_word' id='word_1_20' title='bbox 619 461 800 515; x_wconf 89' lang='lat' dir='ltr'>templo:</span> <span class='ocrx_word' id='word_1_21' title='bbox 819 466 867 502; x_wconf 94' lang='lat' dir='ltr'>ut</span> <span class='ocrx_word' id='word_1_22' title='bbox 882 464 999 501; x_wconf 88' lang='lat' dir='ltr'>esset</span> 
     </span>
     <span class='ocr_line' id='line_1_6' title="bbox 173 517 996 572; baseline -0.006 -10"><span class='ocrx_word' id='word_1_23' title='bbox 173 520 353 569; x_wconf 89' lang='lat' dir='ltr'>indicio,</span> <span class='ocrx_word' id='word_1_24' title='bbox 383 520 485 572; x_wconf 91' lang='lat' dir='ltr'>quia</span> <span class='ocrx_word' id='word_1_25' title='bbox 509 523 612 572; x_wconf 92' lang='lat' dir='ltr'>post</span> <span class='ocrx_word' id='word_1_26' title='bbox 633 518 826 560; x_wconf 88' lang='lat' dir='ltr'>triduum</span> <span class='ocrx_word' id='word_1_27' title='bbox 850 517 996 558; x_wconf 91' lang='lat' dir='ltr'>trium-</span> 
     </span>
     <span class='ocr_line' id='line_1_7' title="bbox 172 573 997 630; baseline -0.005 -12"><span class='ocrx_word' id='word_1_28' title='bbox 172 577 316 630; x_wconf 88' lang='lat' dir='ltr'>phalis</span> <span class='ocrx_word' id='word_1_29' title='bbox 335 576 448 618; x_wconf 90' lang='lat' dir='ltr'>illius</span> <span class='ocrx_word' id='word_1_30' title='bbox 467 576 702 628; x_wconf 91' lang='lat' dir='ltr'>passionis,</span> <span class='ocrx_word' id='word_1_31' title='bbox 726 575 769 615; x_wconf 93' lang='lat' dir='ltr'>in</span> <span class='ocrx_word' id='word_1_32' title='bbox 788 573 893 615; x_wconf 91' lang='lat' dir='ltr'>sede</span> <span class='ocrx_word' id='word_1_33' title='bbox 913 586 997 614; x_wconf 90' lang='lat' dir='ltr'>coe-</span> 
     </span>
     <span class='ocr_line' id='line_1_8' title="bbox 173 630 998 684; baseline -0.006 -9"><span class='ocrx_word' id='word_1_34' title='bbox 173 634 283 684; x_wconf 82' lang='lat' dir='ltr'>lesti,</span> <span class='ocrx_word' id='word_1_35' title='bbox 303 638 346 675; x_wconf 90' lang='lat' dir='ltr'>et</span> <span class='ocrx_word' id='word_1_36' title='bbox 360 633 529 674; x_wconf 87' lang='lat' dir='ltr'>honore</span> <span class='ocrx_word' id='word_1_37' title='bbox 543 632 701 681; x_wconf 90' lang='lat' dir='ltr'>divino,</span> <span class='ocrx_word' id='word_1_38' title='bbox 717 630 820 672; x_wconf 91' lang='lat' dir='ltr'>fidei</span> <span class='ocrx_word' id='word_1_39' title='bbox 834 634 998 671; x_wconf 85' lang='lat' dir='ltr'>nostrae</span> 
     </span>
     <span class='ocr_line' id='line_1_9' title="bbox 174 687 999 739; baseline -0.007 -7"><span class='ocrx_word' id='word_1_40' title='bbox 174 703 221 732; x_wconf 89' lang='lat' dir='ltr'>se</span> <span class='ocrx_word' id='word_1_41' title='bbox 242 690 476 731; x_wconf 91' lang='lat' dir='ltr'>suscitatus</span> <span class='ocrx_word' id='word_1_42' title='bbox 497 689 684 737; x_wconf 81' lang='lat' dir='ltr'>offerret,</span> <span class='ocrx_word' id='word_1_43' title='bbox 707 687 780 739; x_wconf 91' lang='lat' dir='ltr'>qui</span> <span class='ocrx_word' id='word_1_44' title='bbox 798 688 999 727; x_wconf 90' lang='lat' dir='ltr'>mortuus</span> 
     </span>
     <span class='ocr_line' id='line_1_10' title="bbox 175 746 447 789; baseline -0.011 0"><span class='ocrx_word' id='word_1_45' title='bbox 175 746 447 789; x_wconf 87' lang='lat' dir='ltr'>credebatur.</span> 
     </span>
    </p>
   </div>
   <div class='ocr_carea' id='block_1_3' title="bbox 173 807 1000 1249">
    <p class='ocr_par' dir='ltr' id='par_1_3' title="bbox 173 807 1000 1249">
     <span class='ocr_line' id='line_1_11' title="bbox 228 807 1000 865; baseline -0.008 -12"><span class='ocrx_word' id='word_1_46' title='bbox 228 814 277 865; x_wconf 61' lang='lat' dir='ltr'>Rv.</span> <span class='ocrx_word' id='word_1_47' title='bbox 307 811 456 860; x_wconf 83' lang='lat' dir='ltr'>Stella,</span> <span class='ocrx_word' id='word_1_48' title='bbox 489 823 619 863; x_wconf 91' lang='lat' dir='ltr'>quam</span> <span class='ocrx_word' id='word_1_49' title='bbox 651 808 851 850; x_wconf 90' lang='lat' dir='ltr'>viderant</span> <span class='ocrx_word' id='word_1_50' title='bbox 884 807 1000 857; x_wconf 86' lang='lat' dir='ltr'>Magi</span> 
     </span>
     <span class='ocr_line' id='line_1_12' title="bbox 173 864 1000 917; baseline -0.006 -8"><span class='ocrx_word' id='word_1_51' title='bbox 173 869 216 909; x_wconf 95' lang='lat' dir='ltr'>in</span> <span class='ocrx_word' id='word_1_52' title='bbox 237 868 425 917; x_wconf 85' lang='lat' dir='ltr'>Oriente,</span> <span class='ocrx_word' id='word_1_53' title='bbox 445 865 732 909; x_wconf 84' lang='lat' dir='ltr'>antecedebat</span> <span class='ocrx_word' id='word_1_54' title='bbox 750 877 839 914; x_wconf 82' lang='lat' dir='ltr'>eOS,</span> <span class='ocrx_word' id='word_1_55' title='bbox 859 864 1000 905; x_wconf 89' lang='lat' dir='ltr'>donec</span> 
     </span>
     <span class='ocr_line' id='line_1_13' title="bbox 176 921 999 973; baseline -0.007 -7"><span class='ocrx_word' id='word_1_56' title='bbox 176 927 375 966; x_wconf 88' lang='lat' dir='ltr'>venirent</span> <span class='ocrx_word' id='word_1_57' title='bbox 399 923 455 965; x_wconf 92' lang='lat' dir='ltr'>ad</span> <span class='ocrx_word' id='word_1_58' title='bbox 474 923 635 971; x_wconf 89' lang='lat' dir='ltr'>locum,</span> <span class='ocrx_word' id='word_1_59' title='bbox 663 921 738 962; x_wconf 93' lang='lat' dir='ltr'>ubi</span> <span class='ocrx_word' id='word_1_60' title='bbox 763 933 872 973; x_wconf 91' lang='lat' dir='ltr'>puer</span> <span class='ocrx_word' id='word_1_61' title='bbox 896 924 999 962; x_wconf 86' lang='lat' dir='ltr'>erat.</span> 
     </span>
     <span class='ocr_line' id='line_1_14' title="bbox 176 977 1000 1029; baseline -0.007 -6"><span class='ocrx_word' id='word_1_62' title='bbox 176 982 198 1006; x_wconf 85' lang='lat'>*</span> <span class='ocrx_word' id='word_1_63' title='bbox 218 981 432 1023; x_wconf 82' lang='lat' dir='ltr'>Videntes</span> <span class='ocrx_word' id='word_1_64' title='bbox 452 984 598 1022; x_wconf 89' lang='lat' dir='ltr'>autem</span> <span class='ocrx_word' id='word_1_65' title='bbox 617 991 723 1028; x_wconf 91' lang='lat' dir='ltr'>eam,</span> <span class='ocrx_word' id='word_1_66' title='bbox 743 977 881 1029; x_wconf 84' lang='lat' dir='ltr'>gavisi</span> <span class='ocrx_word' id='word_1_67' title='bbox 900 980 1000 1018; x_wconf 90' lang='lat' dir='ltr'>sunt</span> 
     </span>
     <span class='ocr_line' id='line_1_15' title="bbox 175 1030 998 1089; baseline -0.006 -10"><span class='ocrx_word' id='word_1_68' title='bbox 175 1037 335 1089; x_wconf 90' lang='lat' dir='ltr'>gaudio</span> <span class='ocrx_word' id='word_1_69' title='bbox 352 1049 521 1088; x_wconf 87' lang='lat' dir='ltr'>magno.</span> <span class='ocrx_word' id='word_1_70' title='bbox 549 1030 599 1083; x_wconf 64' lang='lat' dir='ltr'>V.</span> <span class='ocrx_word' id='word_1_71' title='bbox 617 1035 673 1076; x_wconf 90' lang='lat' dir='ltr'>Et</span> <span class='ocrx_word' id='word_1_72' title='bbox 691 1035 903 1075; x_wconf 87' lang='lat' dir='ltr'>intrantes</span> <span class='ocrx_word' id='word_1_73' title='bbox 925 1032 998 1074; x_wconf 92' lang='lat' dir='ltr'>do-</span> 
     </span>
     <span class='ocr_line' id='line_1_16' title="bbox 173 1089 999 1145; baseline -0.007 -9"><span class='ocrx_word' id='word_1_74' title='bbox 173 1108 303 1144; x_wconf 90' lang='lat' dir='ltr'>mum,</span> <span class='ocrx_word' id='word_1_75' title='bbox 322 1094 580 1135; x_wconf 80' lang='lat' dir='ltr'>invenerunt</span> <span class='ocrx_word' id='word_1_76' title='bbox 599 1096 784 1145; x_wconf 91' lang='lat' dir='ltr'>puerum</span> <span class='ocrx_word' id='word_1_77' title='bbox 798 1103 898 1132; x_wconf 91' lang='lat' dir='ltr'>cum</span> <span class='ocrx_word' id='word_1_78' title='bbox 911 1089 999 1130; x_wconf 91' lang='lat' dir='ltr'>Ma-</span> 
     </span>
     <span class='ocr_line' id='line_1_17' title="bbox 175 1145 999 1202; baseline -0.006 -10"><span class='ocrx_word' id='word_1_79' title='bbox 175 1154 240 1192; x_wconf 89' lang='lat' dir='ltr'>ria</span> <span class='ocrx_word' id='word_1_80' title='bbox 259 1156 397 1192; x_wconf 91' lang='lat' dir='ltr'>matre</span> <span class='ocrx_word' id='word_1_81' title='bbox 418 1151 524 1202; x_wconf 79' lang='lat' dir='ltr'>erS,</span> <span class='ocrx_word' id='word_1_82' title='bbox 555 1154 598 1191; x_wconf 92' lang='lat' dir='ltr'>et</span> <span class='ocrx_word' id='word_1_83' title='bbox 622 1147 902 1202; x_wconf 81' lang='lat' dir='ltr'>procidentes</span> <span class='ocrx_word' id='word_1_84' title='bbox 927 1145 999 1187; x_wconf 89' lang='lat' dir='ltr'>ad-</span> 
     </span>
     <span class='ocr_line' id='line_1_18' title="bbox 175 1206 794 1249; baseline -0.006 0"><span class='ocrx_word' id='word_1_85' title='bbox 175 1209 414 1249; x_wconf 81' lang='lat' dir='ltr'>oraverunt</span> <span class='ocrx_word' id='word_1_86' title='bbox 433 1220 541 1248; x_wconf 91' lang='lat' dir='ltr'>eum.</span> <span class='ocrx_word' id='word_1_87' title='bbox 569 1206 794 1248; x_wconf 81' lang='lat' dir='ltr'>Videntes.</span> 
     </span>
    </p>
   </div>
   <div class='ocr_carea' id='block_1_4' title="bbox 177 1289 1000 1466">
    <p class='ocr_par' dir='ltr' id='par_1_4' title="bbox 177 1289 1000 1466">
     <span class='ocr_line' id='line_1_19' title="bbox 464 1289 718 1330; baseline -0.008 0"><span class='ocrx_word' id='word_1_88' title='bbox 464 1289 615 1330; x_wconf 81' lang='lat' dir='ltr'>Lectio</span> <span class='ocrx_word' id='word_1_89' title='bbox 636 1289 718 1329; x_wconf 79' lang='lat' dir='ltr'>viii.</span> 
     </span>
     <span class='ocr_line' id='line_1_20' title="bbox 177 1341 1000 1466; baseline -0.006 -69"><span class='ocrx_word' id='word_1_90' title='bbox 177 1341 332 1466; x_wconf 74' lang='lat' dir='ltr'>Quid</span> <span class='ocrx_word' id='word_1_91' title='bbox 364 1359 431 1396; x_wconf 90' lang='lat' dir='ltr'>est</span> <span class='ocrx_word' id='word_1_92' title='bbox 466 1353 586 1407; x_wconf 91' lang='lat' dir='ltr'>quod</span> <span class='ocrx_word' id='word_1_93' title='bbox 617 1365 687 1394; x_wconf 92' lang='lat' dir='ltr'>me</span> <span class='ocrx_word' id='word_1_94' title='bbox 714 1351 1000 1404; x_wconf 81' lang='lat' dir='ltr'>quaerebatis?</span> 
     </span>
    </p>
   </div>
   <div class='ocr_carea' id='block_1_5' title="bbox 174 1409 1007 2777">
    <p class='ocr_par' dir='ltr' id='par_1_5' title="bbox 174 1409 1007 2424">
     <span class='ocr_line' id='line_1_21' title="bbox 273 1409 1001 1460; baseline -0.005 -7"><span class='ocrx_word' id='word_1_95' title='bbox 273 1413 384 1453; x_wconf 85' lang='lat' dir='ltr'>Duae</span> <span class='ocrx_word' id='word_1_96' title='bbox 414 1416 514 1452; x_wconf 89' lang='lat' dir='ltr'>sunt</span> <span class='ocrx_word' id='word_1_97' title='bbox 546 1411 590 1451; x_wconf 94' lang='lat' dir='ltr'>in</span> <span class='ocrx_word' id='word_1_98' title='bbox 619 1409 796 1451; x_wconf 86' lang='lat' dir='ltr'>Christo</span> <span class='ocrx_word' id='word_1_99' title='bbox 824 1421 1001 1460; x_wconf 88' lang='lat' dir='ltr'>genera-</span> 
     </span>
     <span class='ocr_line' id='line_1_22' title="bbox 174 1467 1002 1520; baseline -0.006 -10"><span class='ocrx_word' id='word_1_100' title='bbox 174 1469 333 1511; x_wconf 88' lang='lat' dir='ltr'>tiones:</span> <span class='ocrx_word' id='word_1_101' title='bbox 369 1481 453 1509; x_wconf 94' lang='lat' dir='ltr'>una</span> <span class='ocrx_word' id='word_1_102' title='bbox 484 1472 551 1509; x_wconf 89' lang='lat' dir='ltr'>est</span> <span class='ocrx_word' id='word_1_103' title='bbox 577 1467 776 1520; x_wconf 79' lang='lat' dir='ltr'>paterna,</span> <span class='ocrx_word' id='word_1_104' title='bbox 805 1467 1002 1506; x_wconf 84' lang='lat' dir='ltr'>materna</span> 
     </span>
     <span class='ocr_line' id='line_1_23' title="bbox 176 1521 1001 1571; baseline -0.006 -5"><span class='ocrx_word' id='word_1_105' title='bbox 176 1525 324 1567; x_wconf 88' lang='lat' dir='ltr'>altera.</span> <span class='ocrx_word' id='word_1_106' title='bbox 364 1525 553 1566; x_wconf 77' lang='lat' dir='ltr'>Paterna</span> <span class='ocrx_word' id='word_1_107' title='bbox 581 1523 654 1564; x_wconf 91' lang='lat' dir='ltr'>illa</span> <span class='ocrx_word' id='word_1_108' title='bbox 680 1521 882 1571; x_wconf 83' lang='lat' dir='ltr'>divini0r3</span> <span class='ocrx_word' id='word_1_109' title='bbox 915 1534 1001 1562; x_wconf 88' lang='lat' dir='ltr'>ma-</span> 
     </span>
     <span class='ocr_line' id='line_1_24' title="bbox 176 1578 1001 1633; baseline -0.005 -10"><span class='ocrx_word' id='word_1_110' title='bbox 176 1584 300 1623; x_wconf 83' lang='lat' dir='ltr'>terna</span> <span class='ocrx_word' id='word_1_111' title='bbox 320 1594 441 1631; x_wconf 91' lang='lat' dir='ltr'>vero,</span> <span class='ocrx_word' id='word_1_112' title='bbox 470 1593 569 1633; x_wconf 84' lang='lat' dir='ltr'>quae</span> <span class='ocrx_word' id='word_1_113' title='bbox 594 1580 638 1620; x_wconf 90' lang='lat' dir='ltr'>in</span> <span class='ocrx_word' id='word_1_114' title='bbox 661 1583 860 1620; x_wconf 87' lang='lat' dir='ltr'>nostrum</span> <span class='ocrx_word' id='word_1_115' title='bbox 883 1578 1001 1620; x_wconf 89' lang='lat' dir='ltr'>labo-</span> 
     </span>
     <span class='ocr_line' id='line_1_25' title="bbox 174 1634 1001 1689; baseline -0.004 -10"><span class='ocrx_word' id='word_1_116' title='bbox 174 1651 268 1680; x_wconf 89' lang='lat' dir='ltr'>rem</span> <span class='ocrx_word' id='word_1_117' title='bbox 294 1641 508 1689; x_wconf 90' lang='lat' dir='ltr'>usumque</span> <span class='ocrx_word' id='word_1_118' title='bbox 537 1635 775 1678; x_wconf 84' lang='lat' dir='ltr'>descendit.</span> <span class='ocrx_word' id='word_1_119' title='bbox 817 1635 874 1676; x_wconf 87' lang='lat' dir='ltr'>Et</span> <span class='ocrx_word' id='word_1_120' title='bbox 900 1634 1001 1676; x_wconf 90' lang='lat' dir='ltr'>ideo</span> 
     </span>
     <span class='ocr_line' id='line_1_26' title="bbox 178 1693 1002 1748; baseline -0.005 -12"><span class='ocrx_word' id='word_1_121' title='bbox 178 1708 275 1748; x_wconf 87' lang='lat' dir='ltr'>quae</span> <span class='ocrx_word' id='word_1_122' title='bbox 291 1707 423 1747; x_wconf 90' lang='lat' dir='ltr'>supra</span> <span class='ocrx_word' id='word_1_123' title='bbox 437 1697 649 1742; x_wconf 89' lang='lat' dir='ltr'>naturam,</span> <span class='ocrx_word' id='word_1_124' title='bbox 666 1704 799 1745; x_wconf 87' lang='lat' dir='ltr'>supra</span> <span class='ocrx_word' id='word_1_125' title='bbox 814 1693 1002 1741; x_wconf 81' lang='lat' dir='ltr'>aetatem,</span> 
     </span>
     <span class='ocr_line' id='line_1_27' title="bbox 178 1748 1002 1804; baseline -0.006 -11"><span class='ocrx_word' id='word_1_126' title='bbox 178 1764 310 1804; x_wconf 89' lang='lat' dir='ltr'>supra</span> <span class='ocrx_word' id='word_1_127' title='bbox 344 1749 706 1792; x_wconf 91' lang='lat' dir='ltr'>consuetudinem</span> <span class='ocrx_word' id='word_1_128' title='bbox 747 1748 873 1797; x_wconf 92' lang='lat' dir='ltr'>fiunt,</span> <span class='ocrx_word' id='word_1_129' title='bbox 915 1760 1002 1789; x_wconf 90' lang='lat' dir='ltr'>non</span> 
     </span>
     <span class='ocr_line' id='line_1_28' title="bbox 176 1803 1004 1858; baseline -0.005 -9"><span class='ocrx_word' id='word_1_130' title='bbox 176 1808 376 1849; x_wconf 90' lang='lat' dir='ltr'>humanis</span> <span class='ocrx_word' id='word_1_131' title='bbox 388 1805 651 1858; x_wconf 86' lang='lat' dir='ltr'>assignanda</span> <span class='ocrx_word' id='word_1_132' title='bbox 662 1804 909 1854; x_wconf 88' lang='lat' dir='ltr'>virtutibus,</span> <span class='ocrx_word' id='word_1_133' title='bbox 924 1803 1004 1846; x_wconf 92' lang='lat' dir='ltr'>sed</span> 
     </span>
     <span class='ocr_line' id='line_1_29' title="bbox 180 1861 1003 1914; baseline -0.006 -8"><span class='ocrx_word' id='word_1_134' title='bbox 180 1865 338 1907; x_wconf 91' lang='lat' dir='ltr'>divinis</span> <span class='ocrx_word' id='word_1_135' title='bbox 375 1862 604 1906; x_wconf 78' lang='lat' dir='ltr'>referenda</span> <span class='ocrx_word' id='word_1_136' title='bbox 641 1866 742 1903; x_wconf 91' lang='lat' dir='ltr'>sunt</span> <span class='ocrx_word' id='word_1_137' title='bbox 777 1861 1003 1914; x_wconf 90' lang='lat' dir='ltr'>potestati-</span> 
     </span>
     <span class='ocr_line' id='line_1_30' title="bbox 178 1918 1004 1963; baseline -0.005 -1"><span class='ocrx_word' id='word_1_138' title='bbox 178 1921 270 1963; x_wconf 85' lang='lat' dir='ltr'><strong>bus.</strong></span> <span class='ocrx_word' id='word_1_139' title='bbox 321 1920 439 1962; x_wconf 86' lang='lat' dir='ltr'>Alibi</span> <span class='ocrx_word' id='word_1_140' title='bbox 481 1933 580 1962; x_wconf 92' lang='lat' dir='ltr'>eum</span> <span class='ocrx_word' id='word_1_141' title='bbox 621 1918 678 1960; x_wconf 91' lang='lat' dir='ltr'>ad</span> <span class='ocrx_word' id='word_1_142' title='bbox 717 1918 1004 1959; x_wconf 86' lang='lat' dir='ltr'>ministerium</span> 
     </span>
     <span class='ocr_line' id='line_1_31' title="bbox 179 1974 1004 2030; baseline -0.006 -11"><span class='ocrx_word' id='word_1_143' title='bbox 179 1982 319 2019; x_wconf 88' lang='lat' dir='ltr'>mater</span> <span class='ocrx_word' id='word_1_144' title='bbox 339 1977 534 2030; x_wconf 80' lang='lat' dir='ltr'>impellit,</span> <span class='ocrx_word' id='word_1_145' title='bbox 552 1976 623 2017; x_wconf 89' lang='lat' dir='ltr'>hic</span> <span class='ocrx_word' id='word_1_146' title='bbox 640 1980 779 2017; x_wconf 90' lang='lat' dir='ltr'>mater</span> <span class='ocrx_word' id='word_1_147' title='bbox 798 1974 1004 2025; x_wconf 88' lang='lat' dir='ltr'>arguitur,</span> 
     </span>
     <span class='ocr_line' id='line_1_32' title="bbox 182 2032 1005 2086; baseline -0.005 -11"><span class='ocrx_word' id='word_1_148' title='bbox 182 2034 284 2086; x_wconf 90' lang='lat' dir='ltr'>quia</span> <span class='ocrx_word' id='word_1_149' title='bbox 304 2033 447 2075; x_wconf 91' lang='lat' dir='ltr'>adhuc</span> <span class='ocrx_word' id='word_1_150' title='bbox 471 2046 569 2085; x_wconf 89' lang='lat' dir='ltr'>quae</span> <span class='ocrx_word' id='word_1_151' title='bbox 589 2032 779 2073; x_wconf 87' lang='lat' dir='ltr'>humana</span> <span class='ocrx_word' id='word_1_152' title='bbox 796 2035 912 2081; x_wconf 88' lang='lat' dir='ltr'>sunt,</span> <span class='ocrx_word' id='word_1_153' title='bbox 936 2032 1005 2072; x_wconf 82' lang='lat' dir='ltr'>ex-</span> 
     </span>
     <span class='ocr_line' id='line_1_33' title="bbox 179 2087 1005 2141; baseline -0.005 -9"><span class='ocrx_word' id='word_1_154' title='bbox 179 2091 279 2141; x_wconf 88' lang='lat' dir='ltr'>igat.</span> <span class='ocrx_word' id='word_1_155' title='bbox 320 2090 406 2132; x_wconf 86' lang='lat' dir='ltr'>Sed</span> <span class='ocrx_word' id='word_1_156' title='bbox 439 2103 537 2132; x_wconf 91' lang='lat' dir='ltr'>cum</span> <span class='ocrx_word' id='word_1_157' title='bbox 569 2089 639 2131; x_wconf 89' lang='lat' dir='ltr'>hic</span> <span class='ocrx_word' id='word_1_158' title='bbox 673 2087 906 2130; x_wconf 92' lang='lat' dir='ltr'>duodecim</span> <span class='ocrx_word' id='word_1_159' title='bbox 935 2087 1005 2129; x_wconf 89' lang='lat' dir='ltr'>de-</span> 
     </span>
     <span class='ocr_line' id='line_1_34' title="bbox 181 2143 1005 2197; baseline -0.005 -9"><span class='ocrx_word' id='word_1_160' title='bbox 181 2147 396 2189; x_wconf 90' lang='lat' dir='ltr'>scribatur</span> <span class='ocrx_word' id='word_1_161' title='bbox 416 2149 638 2195; x_wconf 92' lang='lat' dir='ltr'>annorum,</span> <span class='ocrx_word' id='word_1_162' title='bbox 658 2145 746 2186; x_wconf 92' lang='lat' dir='ltr'>illic</span> <span class='ocrx_word' id='word_1_163' title='bbox 766 2143 1005 2197; x_wconf 84' lang='lat' dir='ltr'>discipulos</span> 
     </span>
     <span class='ocr_line' id='line_1_35' title="bbox 180 2199 1006 2253; baseline -0.005 -8"><span class='ocrx_word' id='word_1_164' title='bbox 180 2203 342 2245; x_wconf 85' lang='lat' dir='ltr'>habere</span> <span class='ocrx_word' id='word_1_165' title='bbox 369 2203 554 2253; x_wconf 85' lang='lat' dir='ltr'>dicatur;</span> <span class='ocrx_word' id='word_1_166' title='bbox 582 2201 706 2243; x_wconf 89' lang='lat' dir='ltr'>vides</span> <span class='ocrx_word' id='word_1_167' title='bbox 733 2206 917 2243; x_wconf 88' lang='lat' dir='ltr'>matrem</span> <span class='ocrx_word' id='word_1_168' title='bbox 945 2199 1006 2242; x_wconf 89' lang='lat' dir='ltr'>di-</span> 
     </span>
     <span class='ocr_line' id='line_1_36' title="bbox 182 2256 1005 2308; baseline -0.005 -7"><span class='ocrx_word' id='word_1_169' title='bbox 182 2259 340 2302; x_wconf 88' lang='lat' dir='ltr'>dicisse</span> <span class='ocrx_word' id='word_1_170' title='bbox 363 2273 387 2300; x_wconf 92' lang='lat' dir='ltr'>a</span> <span class='ocrx_word' id='word_1_171' title='bbox 414 2259 521 2305; x_wconf 86' lang='lat' dir='ltr'>filio,</span> <span class='ocrx_word' id='word_1_172' title='bbox 549 2271 603 2300; x_wconf 90' lang='lat' dir='ltr'>ne</span> <span class='ocrx_word' id='word_1_173' title='bbox 629 2260 824 2308; x_wconf 81' lang='lat' dir='ltr'>exigeret</span> <span class='ocrx_word' id='word_1_174' title='bbox 851 2270 876 2298; x_wconf 91' lang='lat' dir='ltr'>a</span> <span class='ocrx_word' id='word_1_175' title='bbox 903 2256 1005 2298; x_wconf 89' lang='lat' dir='ltr'>vali-</span> 
     </span>
     <span class='ocr_line' id='line_1_37' title="bbox 182 2313 1007 2366; baseline -0.004 -9"><span class='ocrx_word' id='word_1_176' title='bbox 182 2316 305 2358; x_wconf 88' lang='lat' dir='ltr'>diore</span> <span class='ocrx_word' id='word_1_177' title='bbox 331 2315 635 2364; x_wconf 81' lang='lat' dir='ltr'>ministerium,</span> <span class='ocrx_word' id='word_1_178' title='bbox 669 2327 767 2366; x_wconf 89' lang='lat' dir='ltr'>quae</span> <span class='ocrx_word' id='word_1_179' title='bbox 800 2313 1007 2366; x_wconf 77' lang='lat' dir='ltr'>stupebat</span> 
     </span>
     <span class='ocr_line' id='line_1_38' title="bbox 182 2371 698 2424; baseline -0.004 -11"><span class='ocrx_word' id='word_1_180' title='bbox 182 2373 226 2413; x_wconf 92' lang='lat' dir='ltr'>in</span> <span class='ocrx_word' id='word_1_181' title='bbox 245 2372 410 2424; x_wconf 89' lang='lat' dir='ltr'>juniore</span> <span class='ocrx_word' id='word_1_182' title='bbox 428 2371 698 2413; x_wconf 71' lang='lat' dir='ltr'>miraculum.</span> 
     </span>
    </p>

    <p class='ocr_par' dir='ltr' id='par_1_6' title="bbox 182 2439 1007 2777">
     <span class='ocr_line' id='line_1_39' title="bbox 229 2439 1006 2496; baseline -0.005 -13"><span class='ocrx_word' id='word_1_183' title='bbox 229 2446 279 2496; x_wconf 72' lang='lat' dir='ltr'>R.</span> <span class='ocrx_word' id='word_1_184' title='bbox 319 2441 532 2483; x_wconf 80' lang='lat' dir='ltr'>Videntes</span> <span class='ocrx_word' id='word_1_185' title='bbox 565 2440 737 2481; x_wconf 90' lang='lat' dir='ltr'>stellam</span> <span class='ocrx_word' id='word_1_186' title='bbox 769 2439 901 2490; x_wconf 85' lang='lat' dir='ltr'>Magi,</span> <span class='ocrx_word' id='word_1_187' title='bbox 935 2451 1006 2489; x_wconf 88' lang='lat' dir='ltr'>ga·</span> 
     </span>
     <span class='ocr_line' id='line_1_40' title="bbox 182 2496 1006 2548; baseline -0.005 -8"><span class='ocrx_word' id='word_1_188' title='bbox 182 2498 263 2540; x_wconf 90' lang='lat' dir='ltr'>visi</span> <span class='ocrx_word' id='word_1_189' title='bbox 295 2503 395 2539; x_wconf 91' lang='lat' dir='ltr'>sunt</span> <span class='ocrx_word' id='word_1_190' title='bbox 426 2496 587 2548; x_wconf 88' lang='lat' dir='ltr'>gaudio</span> <span class='ocrx_word' id='word_1_191' title='bbox 619 2503 834 2547; x_wconf 82' lang='lat' dir='ltr'>magnoz*</span> <span class='ocrx_word' id='word_1_192' title='bbox 866 2496 922 2537; x_wconf 89' lang='lat' dir='ltr'>Et</span> <span class='ocrx_word' id='word_1_193' title='bbox 947 2496 1006 2536; x_wconf 92' lang='lat' dir='ltr'>in-</span> 
     </span>
     <span class='ocr_line' id='line_1_41' title="bbox 182 2554 1005 2604; baseline -0.005 -8"><span class='ocrx_word' id='word_1_194' title='bbox 182 2557 347 2597; x_wconf 87' lang='lat' dir='ltr'>trantes</span> <span class='ocrx_word' id='word_1_195' title='bbox 364 2554 543 2595; x_wconf 91' lang='lat' dir='ltr'>domum</span> <span class='ocrx_word' id='word_1_196' title='bbox 555 2554 812 2594; x_wconf 83' lang='lat' dir='ltr'>invenerunt</span> <span class='ocrx_word' id='word_1_197' title='bbox 823 2555 1005 2604; x_wconf 92' lang='lat' dir='ltr'>puerum</span> 
     </span>
     <span class='ocr_line' id='line_1_42' title="bbox 183 2608 1006 2661; baseline -0.006 -9"><span class='ocrx_word' id='word_1_198' title='bbox 183 2625 282 2653; x_wconf 92' lang='lat' dir='ltr'>cum</span> <span class='ocrx_word' id='word_1_199' title='bbox 311 2611 447 2651; x_wconf 87' lang='lat' dir='ltr'>Maria</span> <span class='ocrx_word' id='word_1_200' title='bbox 478 2615 617 2651; x_wconf 88' lang='lat' dir='ltr'>matre</span> <span class='ocrx_word' id='word_1_201' title='bbox 654 2611 760 2661; x_wconf 87' lang='lat' dir='ltr'>ejus,</span> <span class='ocrx_word' id='word_1_202' title='bbox 792 2614 835 2650; x_wconf 91' lang='lat' dir='ltr'>et</span> <span class='ocrx_word' id='word_1_203' title='bbox 867 2608 1006 2660; x_wconf 91' lang='lat' dir='ltr'>proci-</span> 
     </span>
     <span class='ocr_line' id='line_1_43' title="bbox 184 2665 1007 2710; baseline -0.006 -1"><span class='ocrx_word' id='word_1_204' title='bbox 184 2667 338 2710; x_wconf 80' lang='lat' dir='ltr'>dentes</span> <span class='ocrx_word' id='word_1_205' title='bbox 384 2666 677 2708; x_wconf 83' lang='lat' dir='ltr'>adoraverunt</span> <span class='ocrx_word' id='word_1_206' title='bbox 721 2678 839 2706; x_wconf 89' lang='lat' dir='ltr'>eum:</span> <span class='ocrx_word' id='word_1_207' title='bbox 877 2670 898 2693; x_wconf 86' lang='lat'>*</span> <span class='ocrx_word' id='word_1_208' title='bbox 952 2665 1007 2705; x_wconf 89' lang='lat' dir='ltr'>Et</span> 
     </span>
     <span class='ocr_line' id='line_1_44' title="bbox 183 2720 1007 2777; baseline -0.005 -11"><span class='ocrx_word' id='word_1_209' title='bbox 183 2724 347 2777; x_wconf 85' lang='lat' dir='ltr'>apertis</span> <span class='ocrx_word' id='word_1_210' title='bbox 379 2723 596 2764; x_wconf 78' lang='lat' dir='ltr'>thesauris</span> <span class='ocrx_word' id='word_1_211' title='bbox 634 2722 724 2763; x_wconf 90' lang='lat' dir='ltr'>suis</span> <span class='ocrx_word' id='word_1_212' title='bbox 757 2720 1007 2763; x_wconf 81' lang='lat' dir='ltr'>obtulerunt</span> 
     </span>
    </p>
   </div>
   <div class='ocr_carea' id='block_1_6' title="bbox 624 197 1423 241">
    <p class='ocr_par' dir='ltr' id='par_1_7' title="bbox 624 197 1423 241">
     <span class='ocr_line' id='line_1_45' title="bbox 624 197 1423 241; baseline -0.004 -7"><span class='ocrx_word' id='word_1_213' title='bbox 624 201 825 234; x_wconf 77' lang='lat' dir='ltr'>Dominica</span> <span class='ocrx_word' id='word_1_214' title='bbox 851 200 948 233; x_wconf 74' lang='lat' dir='ltr'>infra</span> <span class='ocrx_word' id='word_1_215' title='bbox 974 200 1158 233; x_wconf 81' lang='lat' dir='ltr'>Octavam</span> <span class='ocrx_word' id='word_1_216' title='bbox 1182 197 1423 241; x_wconf 82' lang='lat' dir='ltr'>Epiphaniae.</span> 
     </span>
    </p>
   </div>
   <div class='ocr_carea' id='block_1_7' title="bbox 1050 289 1874 625">
    <p class='ocr_par' dir='ltr' id='par_1_8' title="bbox 1050 289 1874 625">
     <span class='ocr_line' id='line_1_46' title="bbox 1051 289 1871 341; baseline -0.002 -10"><span class='ocrx_word' id='word_1_217' title='bbox 1051 290 1091 331; x_wconf 91' lang='lat' dir='ltr'>ei</span> <span class='ocrx_word' id='word_1_218' title='bbox 1108 293 1303 341; x_wconf 90' lang='lat' dir='ltr'>munera,</span> <span class='ocrx_word' id='word_1_219' title='bbox 1331 303 1500 339; x_wconf 91' lang='lat' dir='ltr'>aurum,</span> <span class='ocrx_word' id='word_1_220' title='bbox 1525 289 1642 340; x_wconf 89' lang='lat' dir='ltr'>thus,</span> <span class='ocrx_word' id='word_1_221' title='bbox 1671 293 1715 331; x_wconf 92' lang='lat' dir='ltr'>et</span> <span class='ocrx_word' id='word_1_222' title='bbox 1737 301 1871 341; x_wconf 92' lang='lat' dir='ltr'>myrr-</span> 
     </span>
     <span class='ocr_line' id='line_1_47' title="bbox 1050 340 1874 398; baseline -0.001 -11"><span class='ocrx_word' id='word_1_223' title='bbox 1050 346 1161 387; x_wconf 88' lang='lat' dir='ltr'>ham.</span> <span class='ocrx_word' id='word_1_224' title='bbox 1221 340 1271 393; x_wconf 67' lang='lat' dir='ltr'>V.</span> <span class='ocrx_word' id='word_1_225' title='bbox 1310 346 1460 396; x_wconf 88' lang='lat' dir='ltr'>Stella,</span> <span class='ocrx_word' id='word_1_226' title='bbox 1507 358 1637 398; x_wconf 90' lang='lat' dir='ltr'>quam</span> <span class='ocrx_word' id='word_1_227' title='bbox 1673 344 1874 387; x_wconf 92' lang='lat' dir='ltr'>viderant</span> 
     </span>
     <span class='ocr_line' id='line_1_48' title="bbox 1050 402 1872 454; baseline -0.001 -11"><span class='ocrx_word' id='word_1_228' title='bbox 1050 402 1166 454; x_wconf 87' lang='lat' dir='ltr'>Magi</span> <span class='ocrx_word' id='word_1_229' title='bbox 1186 403 1229 443; x_wconf 94' lang='lat' dir='ltr'>in</span> <span class='ocrx_word' id='word_1_230' title='bbox 1254 402 1450 453; x_wconf 77' lang='lat' dir='ltr'>Oriente,</span> <span class='ocrx_word' id='word_1_231' title='bbox 1474 402 1760 444; x_wconf 72' lang='lat' dir='ltr'>antecedebat</span> <span class='ocrx_word' id='word_1_232' title='bbox 1785 414 1872 451; x_wconf 81' lang='lat' dir='ltr'>eOS,</span> 
     </span>
     <span class='ocr_line' id='line_1_49' title="bbox 1050 459 1874 511; baseline -0.002 -11"><span class='ocrx_word' id='word_1_233' title='bbox 1050 471 1189 511; x_wconf 90' lang='lat' dir='ltr'>usque</span> <span class='ocrx_word' id='word_1_234' title='bbox 1224 459 1328 501; x_wconf 92' lang='lat' dir='ltr'>dum</span> <span class='ocrx_word' id='word_1_235' title='bbox 1358 459 1537 501; x_wconf 78' lang='lat' dir='ltr'>veniens</span> <span class='ocrx_word' id='word_1_236' title='bbox 1574 463 1710 501; x_wconf 90' lang='lat' dir='ltr'>staret</span> <span class='ocrx_word' id='word_1_237' title='bbox 1741 470 1874 510; x_wconf 90' lang='lat' dir='ltr'>supra</span> 
     </span>
     <span class='ocr_line' id='line_1_50' title="bbox 1050 514 1874 568; baseline -0.001 -12"><span class='ocrx_word' id='word_1_238' title='bbox 1050 515 1126 557; x_wconf 92' lang='lat' dir='ltr'>ubi</span> <span class='ocrx_word' id='word_1_239' title='bbox 1146 521 1239 557; x_wconf 87' lang='lat' dir='ltr'>erat</span> <span class='ocrx_word' id='word_1_240' title='bbox 1257 528 1377 568; x_wconf 90' lang='lat' dir='ltr'>puer.</span> <span class='ocrx_word' id='word_1_241' title='bbox 1404 516 1460 558; x_wconf 90' lang='lat' dir='ltr'>Et</span> <span class='ocrx_word' id='word_1_242' title='bbox 1474 516 1695 557; x_wconf 89' lang='lat' dir='ltr'>intrantes.</span> <span class='ocrx_word' id='word_1_243' title='bbox 1723 514 1874 556; x_wconf 88' lang='lat' dir='ltr'>Gloria</span> 
     </span>
     <span class='ocr_line' id='line_1_51' title="bbox 1050 572 1458 625; baseline 0 -11"><span class='ocrx_word' id='word_1_244' title='bbox 1050 572 1181 614; x_wconf 90' lang='lat' dir='ltr'>Patri.</span> <span class='ocrx_word' id='word_1_245' title='bbox 1208 573 1265 614; x_wconf 92' lang='lat' dir='ltr'>Et</span> <span class='ocrx_word' id='word_1_246' title='bbox 1284 573 1458 625; x_wconf 78' lang='lat' dir='ltr'>apertis.</span> 
     </span>
    </p>
   </div>
   <div class='ocr_carea' id='block_1_8' title="bbox 1354 641 1581 683">
    <p class='ocr_par' dir='ltr' id='par_1_9' title="bbox 1354 641 1581 683">
     <span class='ocr_line' id='line_1_52' title="bbox 1354 641 1581 683; baseline -0.009 0"><span class='ocrx_word' id='word_1_247' title='bbox 1354 641 1507 683; x_wconf 89' lang='lat' dir='ltr'>Lectio</span> <span class='ocrx_word' id='word_1_248' title='bbox 1526 642 1581 682; x_wconf 81' lang='lat' dir='ltr'>ix.</span> 
     </span>
    </p>
   </div>
   <div class='ocr_carea' id='block_1_9' title="bbox 1051 701 1880 1709">
    <p class='ocr_par' dir='ltr' id='par_1_10' title="bbox 1167 701 1874 752">
     <span class='ocr_line' id='line_1_53' title="bbox 1167 701 1874 752; baseline -0.001 -8"><span class='ocrx_word' id='word_1_249' title='bbox 1167 704 1286 746; x_wconf 90' lang='lat' dir='ltr'>venit</span> <span class='ocrx_word' id='word_1_250' title='bbox 1303 702 1534 752; x_wconf 78' lang='lat' dir='ltr'>Nazareth,</span> <span class='ocrx_word' id='word_1_251' title='bbox 1555 706 1599 744; x_wconf 88' lang='lat' dir='ltr'>et</span> <span class='ocrx_word' id='word_1_252' title='bbox 1618 707 1712 744; x_wconf 89' lang='lat' dir='ltr'>erat</span> <span class='ocrx_word' id='word_1_253' title='bbox 1730 701 1874 743; x_wconf 90' lang='lat' dir='ltr'>subdi-</span> 
     </span>
    </p>

    <p class='ocr_par' dir='ltr' id='par_1_11' title="bbox 1051 759 1880 1661">
     <span class='ocr_line' id='line_1_54' title="bbox 1143 759 1877 811; baseline -0.004 -9"><span class='ocrx_word' id='word_1_254' title='bbox 1143 766 1214 803; x_wconf 94' lang='lat' dir='ltr'>tus</span> <span class='ocrx_word' id='word_1_255' title='bbox 1242 760 1337 801; x_wconf 89' lang='lat' dir='ltr'>illis.</span> <span class='ocrx_word' id='word_1_256' title='bbox 1385 759 1501 810; x_wconf 92' lang='lat' dir='ltr'>Quid</span> <span class='ocrx_word' id='word_1_257' title='bbox 1529 759 1643 801; x_wconf 90' lang='lat' dir='ltr'>enim</span> <span class='ocrx_word' id='word_1_258' title='bbox 1669 761 1877 811; x_wconf 90' lang='lat' dir='ltr'>magister</span> 
     </span>
     <span class='ocr_line' id='line_1_55' title="bbox 1051 815 1876 869; baseline -0.005 -9"><span class='ocrx_word' id='word_1_259' title='bbox 1051 818 1240 867; x_wconf 89' lang='lat' dir='ltr'>virtutis,</span> <span class='ocrx_word' id='word_1_260' title='bbox 1267 818 1350 858; x_wconf 90' lang='lat' dir='ltr'>nisi</span> <span class='ocrx_word' id='word_1_261' title='bbox 1379 816 1574 858; x_wconf 88' lang='lat' dir='ltr'>officium</span> <span class='ocrx_word' id='word_1_262' title='bbox 1599 816 1776 869; x_wconf 88' lang='lat' dir='ltr'>pietatis</span> <span class='ocrx_word' id='word_1_263' title='bbox 1801 815 1876 856; x_wconf 91' lang='lat' dir='ltr'>im-</span> 
     </span>
     <span class='ocr_line' id='line_1_56' title="bbox 1052 871 1877 928; baseline -0.005 -12"><span class='ocrx_word' id='word_1_264' title='bbox 1052 873 1214 928; x_wconf 80' lang='lat' dir='ltr'>pleret?</span> <span class='ocrx_word' id='word_1_265' title='bbox 1247 874 1303 915; x_wconf 90' lang='lat' dir='ltr'>Et</span> <span class='ocrx_word' id='word_1_266' title='bbox 1335 873 1560 921; x_wconf 80' lang='lat' dir='ltr'>miramur,</span> <span class='ocrx_word' id='word_1_267' title='bbox 1593 872 1630 913; x_wconf 92' lang='lat' dir='ltr'>si</span> <span class='ocrx_word' id='word_1_268' title='bbox 1657 872 1777 913; x_wconf 89' lang='lat' dir='ltr'>Patri</span> <span class='ocrx_word' id='word_1_269' title='bbox 1806 871 1877 913; x_wconf 92' lang='lat' dir='ltr'>de-</span> 
     </span>
     <span class='ocr_line' id='line_1_57' title="bbox 1052 927 1877 984; baseline -0.005 -11"><span class='ocrx_word' id='word_1_270' title='bbox 1052 931 1151 981; x_wconf 88' lang='lat' dir='ltr'>fert,</span> <span class='ocrx_word' id='word_1_271' title='bbox 1179 931 1253 984; x_wconf 90' lang='lat' dir='ltr'>qui</span> <span class='ocrx_word' id='word_1_272' title='bbox 1275 930 1476 972; x_wconf 80' lang='lat' dir='ltr'>subditur</span> <span class='ocrx_word' id='word_1_273' title='bbox 1498 927 1650 970; x_wconf 86' lang='lat' dir='ltr'>matri?</span> <span class='ocrx_word' id='word_1_274' title='bbox 1678 928 1779 970; x_wconf 92' lang='lat' dir='ltr'>Non</span> <span class='ocrx_word' id='word_1_275' title='bbox 1797 928 1877 969; x_wconf 90' lang='lat' dir='ltr'>uti-</span> 
     </span>
     <span class='ocr_line' id='line_1_58' title="bbox 1054 984 1878 1041; baseline -0.005 -11"><span class='ocrx_word' id='word_1_276' title='bbox 1054 1001 1138 1041; x_wconf 92' lang='lat' dir='ltr'>que</span> <span class='ocrx_word' id='word_1_277' title='bbox 1165 987 1445 1036; x_wconf 87' lang='lat' dir='ltr'>infirmitatis,</span> <span class='ocrx_word' id='word_1_278' title='bbox 1481 985 1561 1027; x_wconf 89' lang='lat' dir='ltr'>sed</span> <span class='ocrx_word' id='word_1_279' title='bbox 1587 985 1766 1038; x_wconf 84' lang='lat' dir='ltr'>pietatis</span> <span class='ocrx_word' id='word_1_280' title='bbox 1793 984 1878 1026; x_wconf 90' lang='lat' dir='ltr'>ista</span> 
     </span>
     <span class='ocr_line' id='line_1_59' title="bbox 1053 1041 1878 1097; baseline -0.005 -11"><span class='ocrx_word' id='word_1_281' title='bbox 1053 1044 1262 1097; x_wconf 81' lang='lat' dir='ltr'>subjectio</span> <span class='ocrx_word' id='word_1_282' title='bbox 1296 1048 1376 1086; x_wconf 90' lang='lat' dir='ltr'>est:</span> <span class='ocrx_word' id='word_1_283' title='bbox 1409 1042 1581 1085; x_wconf 87' lang='lat' dir='ltr'>attollat</span> <span class='ocrx_word' id='word_1_284' title='bbox 1611 1042 1715 1084; x_wconf 90' lang='lat' dir='ltr'>licet</span> <span class='ocrx_word' id='word_1_285' title='bbox 1748 1041 1878 1083; x_wconf 82' lang='lat' dir='ltr'>saevis</span> 
     </span>
     <span class='ocr_line' id='line_1_60' title="bbox 1053 1097 1878 1152; baseline -0.004 -10"><span class='ocrx_word' id='word_1_286' title='bbox 1053 1103 1235 1143; x_wconf 89' lang='lat' dir='ltr'>emissus</span> <span class='ocrx_word' id='word_1_287' title='bbox 1263 1099 1444 1142; x_wconf 89' lang='lat' dir='ltr'>latebris</span> <span class='ocrx_word' id='word_1_288' title='bbox 1474 1098 1654 1141; x_wconf 90' lang='lat' dir='ltr'>coluber</span> <span class='ocrx_word' id='word_1_289' title='bbox 1680 1097 1878 1152; x_wconf 87' lang='lat' dir='ltr'>perfidiae</span> 
     </span>
     <span class='ocr_line' id='line_1_61' title="bbox 1053 1156 1878 1211; baseline -0.005 -11"><span class='ocrx_word' id='word_1_290' title='bbox 1053 1163 1203 1211; x_wconf 91' lang='lat' dir='ltr'>caput,</span> <span class='ocrx_word' id='word_1_291' title='bbox 1242 1162 1285 1199; x_wconf 91' lang='lat' dir='ltr'>et</span> <span class='ocrx_word' id='word_1_292' title='bbox 1318 1156 1579 1210; x_wconf 84' lang='lat' dir='ltr'>serpentinis</span> <span class='ocrx_word' id='word_1_293' title='bbox 1608 1157 1782 1197; x_wconf 80' lang='lat' dir='ltr'>evomat</span> <span class='ocrx_word' id='word_1_294' title='bbox 1808 1167 1878 1196; x_wconf 91' lang='lat' dir='ltr'>ve-</span> 
     </span>
     <span class='ocr_line' id='line_1_62' title="bbox 1052 1210 1879 1268; baseline -0.005 -12"><span class='ocrx_word' id='word_1_295' title='bbox 1052 1217 1164 1256; x_wconf 77' lang='lat' dir='ltr'>nena</span> <span class='ocrx_word' id='word_1_296' title='bbox 1182 1213 1448 1268; x_wconf 83' lang='lat' dir='ltr'>pectoribus.</span> <span class='ocrx_word' id='word_1_297' title='bbox 1483 1214 1593 1255; x_wconf 87' lang='lat' dir='ltr'>Cum</span> <span class='ocrx_word' id='word_1_298' title='bbox 1618 1212 1724 1254; x_wconf 91' lang='lat' dir='ltr'>dicit</span> <span class='ocrx_word' id='word_1_299' title='bbox 1747 1224 1794 1253; x_wconf 90' lang='lat' dir='ltr'>se</span> <span class='ocrx_word' id='word_1_300' title='bbox 1812 1210 1879 1252; x_wconf 89' lang='lat' dir='ltr'>Fi-</span> 
     </span>
     <span class='ocr_line' id='line_1_63' title="bbox 1052 1267 1879 1322; baseline -0.005 -10"><span class='ocrx_word' id='word_1_301' title='bbox 1052 1272 1136 1313; x_wconf 89' lang='lat' dir='ltr'>lius</span> <span class='ocrx_word' id='word_1_302' title='bbox 1167 1271 1367 1320; x_wconf 89' lang='lat' dir='ltr'>missum,</span> <span class='ocrx_word' id='word_1_303' title='bbox 1406 1270 1615 1322; x_wconf 86' lang='lat' dir='ltr'>majorem</span> <span class='ocrx_word' id='word_1_304' title='bbox 1647 1267 1879 1309; x_wconf 78' lang='lat' dir='ltr'>haereticus</span> 
     </span>
     <span class='ocr_line' id='line_1_64' title="bbox 1054 1324 1880 1381; baseline -0.005 -12"><span class='ocrx_word' id='word_1_305' title='bbox 1054 1328 1247 1381; x_wconf 81' lang='lat' dir='ltr'>appellet</span> <span class='ocrx_word' id='word_1_306' title='bbox 1273 1328 1467 1377; x_wconf 89' lang='lat' dir='ltr'>Patrem,</span> <span class='ocrx_word' id='word_1_307' title='bbox 1498 1331 1546 1368; x_wconf 91' lang='lat' dir='ltr'>ut</span> <span class='ocrx_word' id='word_1_308' title='bbox 1576 1324 1880 1378; x_wconf 79' lang='lat' dir='ltr'>imperfectum</span> 
     </span>
     <span class='ocr_line' id='line_1_65' title="bbox 1053 1380 1880 1436; baseline -0.006 -10"><span class='ocrx_word' id='word_1_309' title='bbox 1053 1385 1211 1426; x_wconf 91' lang='lat' dir='ltr'>Filium</span> <span class='ocrx_word' id='word_1_310' title='bbox 1246 1383 1379 1433; x_wconf 90' lang='lat' dir='ltr'>dicat,</span> <span class='ocrx_word' id='word_1_311' title='bbox 1424 1382 1498 1435; x_wconf 93' lang='lat' dir='ltr'>qui</span> <span class='ocrx_word' id='word_1_312' title='bbox 1534 1386 1682 1436; x_wconf 89' lang='lat' dir='ltr'>potest</span> <span class='ocrx_word' id='word_1_313' title='bbox 1718 1380 1880 1422; x_wconf 80' lang='lat' dir='ltr'>habere</span> 
     </span>
     <span class='ocr_line' id='line_1_66' title="bbox 1053 1438 1878 1493; baseline -0.006 -10"><span class='ocrx_word' id='word_1_314' title='bbox 1053 1443 1279 1493; x_wconf 91' lang='lat' dir='ltr'>majorem:</span> <span class='ocrx_word' id='word_1_315' title='bbox 1312 1445 1361 1482; x_wconf 92' lang='lat' dir='ltr'>ut</span> <span class='ocrx_word' id='word_1_316' title='bbox 1387 1439 1537 1481; x_wconf 80' lang='lat' dir='ltr'>alienis</span> <span class='ocrx_word' id='word_1_317' title='bbox 1565 1438 1736 1480; x_wconf 80' lang='lat' dir='ltr'>auxiliis</span> <span class='ocrx_word' id='word_1_318' title='bbox 1765 1439 1878 1479; x_wconf 85' lang='lat' dir='ltr'>asse-</span> 
     </span>
     <span class='ocr_line' id='line_1_67' title="bbox 1054 1494 1880 1549; baseline -0.006 -10"><span class='ocrx_word' id='word_1_319' title='bbox 1054 1503 1122 1539; x_wconf 87' lang='lat' dir='ltr'>rat</span> <span class='ocrx_word' id='word_1_320' title='bbox 1161 1511 1275 1547; x_wconf 92' lang='lat' dir='ltr'>eum,</span> <span class='ocrx_word' id='word_1_321' title='bbox 1319 1496 1393 1549; x_wconf 93' lang='lat' dir='ltr'>qui</span> <span class='ocrx_word' id='word_1_322' title='bbox 1428 1496 1632 1545; x_wconf 87' lang='lat' dir='ltr'>mittitur,</span> <span class='ocrx_word' id='word_1_323' title='bbox 1673 1494 1880 1546; x_wconf 80' lang='lat' dir='ltr'>indigere.</span> 
     </span>
     <span class='ocr_line' id='line_1_68' title="bbox 1053 1551 1880 1606; baseline -0.005 -10"><span class='ocrx_word' id='word_1_324' title='bbox 1053 1553 1279 1606; x_wconf 91' lang='lat' dir='ltr'>Numquid</span> <span class='ocrx_word' id='word_1_325' title='bbox 1304 1558 1346 1595; x_wconf 90' lang='lat' dir='ltr'>et</span> <span class='ocrx_word' id='word_1_326' title='bbox 1370 1553 1559 1594; x_wconf 88' lang='lat' dir='ltr'>humano</span> <span class='ocrx_word' id='word_1_327' title='bbox 1584 1551 1741 1603; x_wconf 79' lang='lat' dir='ltr'>egebat</span> <span class='ocrx_word' id='word_1_328' title='bbox 1763 1552 1880 1592; x_wconf 81' lang='lat' dir='ltr'>auxi-</span> 
     </span>
     <span class='ocr_line' id='line_1_69' title="bbox 1054 1606 1837 1661; baseline -0.005 -9"><span class='ocrx_word' id='word_1_329' title='bbox 1054 1611 1124 1661; x_wconf 92' lang='lat' dir='ltr'>lio,</span> <span class='ocrx_word' id='word_1_330' title='bbox 1145 1615 1192 1652; x_wconf 90' lang='lat' dir='ltr'>ut</span> <span class='ocrx_word' id='word_1_331' title='bbox 1210 1611 1408 1651; x_wconf 84' lang='lat' dir='ltr'>materno</span> <span class='ocrx_word' id='word_1_332' title='bbox 1428 1610 1610 1651; x_wconf 90' lang='lat' dir='ltr'>serviret</span> <span class='ocrx_word' id='word_1_333' title='bbox 1628 1606 1837 1661; x_wconf 78' lang='lat' dir='ltr'>imperio?</span> 
     </span>
    </p>

    <p class='ocr_par' dir='ltr' id='par_1_12' title="bbox 1107 1665 1667 1709">
     <span class='ocr_line' id='line_1_70' title="bbox 1107 1665 1667 1709; baseline -0.007 0"><span class='ocrx_word' id='word_1_334' title='bbox 1107 1670 1169 1709; x_wconf 93' lang='lat' dir='ltr'>Te</span> <span class='ocrx_word' id='word_1_335' title='bbox 1187 1667 1331 1708; x_wconf 90' lang='lat' dir='ltr'>Deum</span> <span class='ocrx_word' id='word_1_336' title='bbox 1349 1665 1589 1707; x_wconf 85' lang='lat' dir='ltr'>laudamus.</span> <span class='ocrx_word' id='word_1_337' title='bbox 1608 1665 1667 1705; x_wconf 85' lang='lat'>14.</span> 
     </span>
    </p>
   </div>
   <div class='ocr_carea' id='block_1_10' title="bbox 1056 1746 1883 2768">
    <p class='ocr_par' dir='ltr' id='par_1_13' title="bbox 1259 1746 1676 1848">
     <span class='ocr_line' id='line_1_71' title="bbox 1319 1746 1620 1788; baseline -0.003 0"><span class='ocrx_word' id='word_1_338' title='bbox 1319 1747 1398 1788; x_wconf 87' lang='lat' dir='ltr'>Ad</span> <span class='ocrx_word' id='word_1_339' title='bbox 1423 1746 1620 1788; x_wconf 86' lang='lat' dir='ltr'>Laudes</span> 
     </span>
     <span class='ocr_line' id='line_1_72' title="bbox 1259 1804 1676 1848; baseline -0.002 -9"><span class='ocrx_word' id='word_1_340' title='bbox 1259 1815 1278 1839; x_wconf 87' lang='lat' dir='ltr'>e</span> <span class='ocrx_word' id='word_1_341' title='bbox 1296 1809 1311 1839; x_wconf 87' lang='lat' dir='ltr'>t</span> <span class='ocrx_word' id='word_1_342' title='bbox 1346 1814 1371 1848; x_wconf 90' lang='lat' dir='ltr'>p</span> <span class='ocrx_word' id='word_1_343' title='bbox 1390 1814 1408 1839; x_wconf 86' lang='lat' dir='ltr'>e</span> <span class='ocrx_word' id='word_1_344' title='bbox 1427 1815 1445 1839; x_wconf 92' lang='lat' dir='ltr'>r</span> <span class='ocrx_word' id='word_1_345' title='bbox 1481 1804 1517 1839; x_wconf 87' lang='lat' dir='ltr'>H</span> <span class='ocrx_word' id='word_1_346' title='bbox 1535 1814 1557 1839; x_wconf 94' lang='lat' dir='ltr'>o</span> <span class='ocrx_word' id='word_1_347' title='bbox 1575 1814 1594 1838; x_wconf 92' lang='lat' dir='ltr'>r</span> <span class='ocrx_word' id='word_1_348' title='bbox 1610 1814 1631 1838; x_wconf 92' lang='lat' dir='ltr'>a</span> <span class='ocrx_word' id='word_1_349' title='bbox 1648 1813 1676 1838; x_wconf 90' lang='lat' dir='ltr'>s.</span> 
     </span>
    </p>

    <p class='ocr_par' dir='ltr' id='par_1_14' title="bbox 1056 1859 1883 2076">
     <span class='ocr_line' id='line_1_73' title="bbox 1110 1859 1881 1911; baseline -0.003 -9"><span class='ocrx_word' id='word_1_350' title='bbox 1110 1862 1211 1902; x_wconf 91' lang='lat' dir='ltr'>Ant.</span> <span class='ocrx_word' id='word_1_351' title='bbox 1239 1862 1269 1901; x_wconf 94' lang='lat'>1.</span> <span class='ocrx_word' id='word_1_352' title='bbox 1309 1861 1426 1903; x_wconf 89' lang='lat' dir='ltr'>Ante</span> <span class='ocrx_word' id='word_1_353' title='bbox 1459 1860 1689 1902; x_wconf 89' lang='lat' dir='ltr'>luciferum</span> <span class='ocrx_word' id='word_1_354' title='bbox 1715 1860 1739 1886; x_wconf 87' lang='lat'>*</span> <span class='ocrx_word' id='word_1_355' title='bbox 1766 1859 1881 1911; x_wconf 80' lang='lat' dir='ltr'>geni·</span> 
     </span>
     <span class='ocr_line' id='line_1_74' title="bbox 1056 1916 1883 1970; baseline -0.006 -8"><span class='ocrx_word' id='word_1_356' title='bbox 1056 1926 1144 1970; x_wconf 91' lang='lat' dir='ltr'>tus,</span> <span class='ocrx_word' id='word_1_357' title='bbox 1173 1925 1217 1961; x_wconf 94' lang='lat' dir='ltr'>et</span> <span class='ocrx_word' id='word_1_358' title='bbox 1244 1923 1344 1961; x_wconf 91' lang='lat' dir='ltr'>ante</span> <span class='ocrx_word' id='word_1_359' title='bbox 1371 1917 1532 1959; x_wconf 79' lang='lat' dir='ltr'>saecula</span> <span class='ocrx_word' id='word_1_360' title='bbox 1554 1916 1771 1958; x_wconf 78' lang='lat' dir='ltr'>Dominus</span> <span class='ocrx_word' id='word_1_361' title='bbox 1794 1916 1883 1958; x_wconf 90' lang='lat' dir='ltr'>Sal-</span> 
     </span>
     <span class='ocr_line' id='line_1_75' title="bbox 1057 1972 1882 2026; baseline -0.006 -7"><span class='ocrx_word' id='word_1_362' title='bbox 1057 1980 1185 2019; x_wconf 89' lang='lat' dir='ltr'>vator</span> <span class='ocrx_word' id='word_1_363' title='bbox 1211 1980 1361 2018; x_wconf 89' lang='lat' dir='ltr'>noster</span> <span class='ocrx_word' id='word_1_364' title='bbox 1390 1973 1522 2016; x_wconf 90' lang='lat' dir='ltr'>hodie</span> <span class='ocrx_word' id='word_1_365' title='bbox 1554 1972 1717 2015; x_wconf 90' lang='lat' dir='ltr'>mundo</span> <span class='ocrx_word' id='word_1_366' title='bbox 1750 1974 1882 2026; x_wconf 82' lang='lat' dir='ltr'>appa-</span> 
     </span>
     <span class='ocr_line' id='line_1_76' title="bbox 1058 2035 1154 2076; baseline -0.021 0"><span class='ocrx_word' id='word_1_367' title='bbox 1058 2035 1154 2076; x_wconf 92' lang='lat' dir='ltr'>ruit.</span> 
     </span>
    </p>

    <p class='ocr_par' dir='ltr' id='par_1_15' title="bbox 1056 2091 1879 2200">
     <span class='ocr_line' id='line_1_77' title="bbox 1110 2091 1879 2142; baseline -0.004 -9"><span class='ocrx_word' id='word_1_368' title='bbox 1110 2092 1266 2133; x_wconf 89' lang='lat' dir='ltr'>Psalm.</span> <span class='ocrx_word' id='word_1_369' title='bbox 1299 2092 1513 2134; x_wconf 82' lang='lat' dir='ltr'>Dominus</span> <span class='ocrx_word' id='word_1_370' title='bbox 1547 2091 1754 2142; x_wconf 86' lang='lat' dir='ltr'>regnavit.</span> <span class='ocrx_word' id='word_1_371' title='bbox 1781 2103 1879 2131; x_wconf 92' lang='lat' dir='ltr'>cum</span> 
     </span>
     <span class='ocr_line' id='line_1_78' title="bbox 1056 2149 1327 2200; baseline 0.007 -11"><span class='ocrx_word' id='word_1_372' title='bbox 1056 2149 1246 2200; x_wconf 89' lang='lat' dir='ltr'>reliquis.</span> <span class='ocrx_word' id='word_1_373' title='bbox 1270 2151 1327 2191; x_wconf 88' lang='lat'>15.</span> 
     </span>
    </p>

    <p class='ocr_par' dir='ltr' id='par_1_16' title="bbox 1058 2208 1883 2430">
     <span class='ocr_line' id='line_1_79' title="bbox 1108 2208 1883 2253; baseline -0.003 -3"><span class='ocrx_word' id='word_1_374' title='bbox 1108 2211 1145 2250; x_wconf 88' lang='lat'>2.</span> <span class='ocrx_word' id='word_1_375' title='bbox 1180 2210 1312 2253; x_wconf 91' lang='lat' dir='ltr'>Venit</span> <span class='ocrx_word' id='word_1_376' title='bbox 1342 2210 1487 2251; x_wconf 92' lang='lat' dir='ltr'>lumen</span> <span class='ocrx_word' id='word_1_377' title='bbox 1514 2214 1638 2251; x_wconf 89' lang='lat' dir='ltr'>tuum</span> <span class='ocrx_word' id='word_1_378' title='bbox 1666 2208 1689 2235; x_wconf 91' lang='lat'>*</span> <span class='ocrx_word' id='word_1_379' title='bbox 1714 2208 1883 2250; x_wconf 89' lang='lat' dir='ltr'>Jerusa-</span> 
     </span>
     <span class='ocr_line' id='line_1_80' title="bbox 1059 2265 1882 2318; baseline -0.007 -8"><span class='ocrx_word' id='word_1_380' title='bbox 1059 2269 1160 2318; x_wconf 85' lang='lat' dir='ltr'>lem,</span> <span class='ocrx_word' id='word_1_381' title='bbox 1202 2272 1245 2309; x_wconf 91' lang='lat' dir='ltr'>et</span> <span class='ocrx_word' id='word_1_382' title='bbox 1283 2265 1422 2318; x_wconf 90' lang='lat' dir='ltr'>gloria</span> <span class='ocrx_word' id='word_1_383' title='bbox 1455 2266 1631 2307; x_wconf 91' lang='lat' dir='ltr'>Domini</span> <span class='ocrx_word' id='word_1_384' title='bbox 1670 2276 1803 2317; x_wconf 90' lang='lat' dir='ltr'>super</span> <span class='ocrx_word' id='word_1_385' title='bbox 1838 2267 1882 2304; x_wconf 90' lang='lat' dir='ltr'>te</span> 
     </span>
     <span class='ocr_line' id='line_1_81' title="bbox 1059 2320 1882 2373; baseline -0.009 -6"><span class='ocrx_word' id='word_1_386' title='bbox 1059 2330 1155 2367; x_wconf 89' lang='lat' dir='ltr'>orta</span> <span class='ocrx_word' id='word_1_387' title='bbox 1174 2329 1256 2373; x_wconf 89' lang='lat' dir='ltr'>est,</span> <span class='ocrx_word' id='word_1_388' title='bbox 1282 2327 1325 2364; x_wconf 90' lang='lat' dir='ltr'>et</span> <span class='ocrx_word' id='word_1_389' title='bbox 1343 2321 1630 2364; x_wconf 85' lang='lat' dir='ltr'>ambulabunt</span> <span class='ocrx_word' id='word_1_390' title='bbox 1649 2322 1815 2363; x_wconf 88' lang='lat' dir='ltr'>Gentes</span> <span class='ocrx_word' id='word_1_391' title='bbox 1839 2320 1882 2360; x_wconf 92' lang='lat' dir='ltr'>in</span> 
     </span>
     <span class='ocr_line' id='line_1_82' title="bbox 1058 2379 1525 2430; baseline -0.009 -8"><span class='ocrx_word' id='word_1_392' title='bbox 1058 2381 1220 2422; x_wconf 89' lang='lat' dir='ltr'>lumine</span> <span class='ocrx_word' id='word_1_393' title='bbox 1237 2385 1325 2428; x_wconf 93' lang='lat' dir='ltr'>tuo,</span> <span class='ocrx_word' id='word_1_394' title='bbox 1344 2379 1525 2430; x_wconf 89' lang='lat' dir='ltr'>alleluja.</span> 
     </span>
    </p>

    <p class='ocr_par' dir='ltr' id='par_1_17' title="bbox 1059 2432 1882 2602">
     <span class='ocr_line' id='line_1_83' title="bbox 1110 2432 1881 2489; baseline -0.004 -12"><span class='ocrx_word' id='word_1_395' title='bbox 1110 2437 1146 2476; x_wconf 88' lang='lat'>3.</span> <span class='ocrx_word' id='word_1_396' title='bbox 1174 2436 1351 2489; x_wconf 71' lang='lat' dir='ltr'>Apartis</span> <span class='ocrx_word' id='word_1_397' title='bbox 1372 2434 1589 2477; x_wconf 81' lang='lat' dir='ltr'>thesauris</span> <span class='ocrx_word' id='word_1_398' title='bbox 1609 2433 1699 2475; x_wconf 91' lang='lat' dir='ltr'>suis</span> <span class='ocrx_word' id='word_1_399' title='bbox 1716 2433 1739 2458; x_wconf 86' lang='lat'>*</span> <span class='ocrx_word' id='word_1_400' title='bbox 1758 2432 1881 2474; x_wconf 92' lang='lat' dir='ltr'>obtu-</span> 
     </span>
     <span class='ocr_line' id='line_1_84' title="bbox 1059 2488 1882 2543; baseline -0.007 -7"><span class='ocrx_word' id='word_1_401' title='bbox 1059 2495 1200 2536; x_wconf 79' lang='lat' dir='ltr'>lerunt</span> <span class='ocrx_word' id='word_1_402' title='bbox 1223 2492 1338 2543; x_wconf 92' lang='lat' dir='ltr'>Magi</span> <span class='ocrx_word' id='word_1_403' title='bbox 1358 2491 1548 2532; x_wconf 91' lang='lat' dir='ltr'>Domino</span> <span class='ocrx_word' id='word_1_404' title='bbox 1574 2503 1744 2539; x_wconf 90' lang='lat' dir='ltr'>aurum,</span> <span class='ocrx_word' id='word_1_405' title='bbox 1769 2488 1882 2539; x_wconf 85' lang='lat' dir='ltr'>thus,</span> 
     </span>
     <span class='ocr_line' id='line_1_85' title="bbox 1060 2547 1550 2602; baseline -0.01 -9"><span class='ocrx_word' id='word_1_406' title='bbox 1060 2557 1102 2593; x_wconf 91' lang='lat' dir='ltr'>et</span> <span class='ocrx_word' id='word_1_407' title='bbox 1120 2549 1350 2602; x_wconf 90' lang='lat' dir='ltr'>myrrham,</span> <span class='ocrx_word' id='word_1_408' title='bbox 1369 2547 1550 2599; x_wconf 83' lang='lat' dir='ltr'>alleluia.</span> 
     </span>
    </p>

    <p class='ocr_par' dir='ltr' id='par_1_18' title="bbox 1059 2601 1881 2768">
     <span class='ocr_line' id='line_1_86' title="bbox 1110 2601 1881 2646; baseline -0.005 0"><span class='ocrx_word' id='word_1_409' title='bbox 1110 2607 1147 2645; x_wconf 80' lang='lat'>4.</span> <span class='ocrx_word' id='word_1_410' title='bbox 1174 2605 1310 2646; x_wconf 87' lang='lat' dir='ltr'>Maria</span> <span class='ocrx_word' id='word_1_411' title='bbox 1331 2609 1374 2645; x_wconf 91' lang='lat' dir='ltr'>et</span> <span class='ocrx_word' id='word_1_412' title='bbox 1396 2604 1574 2644; x_wconf 89' lang='lat' dir='ltr'>flumina</span> <span class='ocrx_word' id='word_1_413' title='bbox 1593 2604 1615 2630; x_wconf 89' lang='lat'>*</span> <span class='ocrx_word' id='word_1_414' title='bbox 1636 2601 1881 2644; x_wconf 89' lang='lat' dir='ltr'>benedicite</span> 
     </span>
     <span class='ocr_line' id='line_1_87' title="bbox 1059 2658 1881 2712; baseline -0.006 -8"><span class='ocrx_word' id='word_1_415' title='bbox 1059 2662 1268 2705; x_wconf 87' lang='lat' dir='ltr'>Domino:</span> <span class='ocrx_word' id='word_1_416' title='bbox 1313 2660 1522 2712; x_wconf 90' lang='lat' dir='ltr'>hymnum</span> <span class='ocrx_word' id='word_1_417' title='bbox 1564 2659 1695 2701; x_wconf 90' lang='lat' dir='ltr'>dicite</span> <span class='ocrx_word' id='word_1_418' title='bbox 1738 2658 1881 2699; x_wconf 87' lang='lat' dir='ltr'>fontes</span> 
     </span>
     <span class='ocr_line' id='line_1_88' title="bbox 1059 2717 1460 2768; baseline -0.01 -7"><span class='ocrx_word' id='word_1_419' title='bbox 1059 2719 1261 2767; x_wconf 84' lang='lat' dir='ltr'>Domino,</span> <span class='ocrx_word' id='word_1_420' title='bbox 1280 2717 1460 2768; x_wconf 89' lang='lat' dir='ltr'>alleluja.</span> 
     </span>
    </p>
   </div>
   <div class='ocr_carea' id='block_1_11' title="bbox 108 135 1948 2831">
    <p class='ocr_par' dir='ltr' id='par_1_19' title="bbox 108 135 1948 2831">
     <span class='ocr_line' id='line_1_89' title="bbox 108 135 1948 2831; baseline 0 0"><span class='ocrx_word' id='word_1_421' title='bbox 108 135 1948 2831; x_wconf 95' lang='lat' dir='ltr'> </span> 
     </span>
    </p>
   </div>
  </div>
 </body>
</html>
