2040 2990
632 192 681 223 131.
708 191 793 224 Dec.
842 193 875 224 S.
902 191 1075 224 silvestri
1107 191 1222 232 I'upac
1248 196 1282 224 ct
1309 191 1416 223 (lons.

174 296 344 346 deatur‚
378 308 473 337 eam
506 294 588 336 sub
615 294 834 336 brevitate
861 297 999 334 trans-

173 353 402 402 currimus,
427 353 643 404 quatenus
668 351 759 403 ejus
778 349 998 403 expositio

172 410 233 450 ita
251 408 545 451 nescientibus
564 408 641 449 fiat
660 407 850 459 cegnita,
869 411 918 447 ut
936 411 998 447 ta·

171 478 271 507 men
307 465 544 507 scientibus
580 477 669 506 non
705 464 761 505 sit
797 464 996 505 oneresa.

171 522 386 564 Deminus
419 521 538 564 dicit:
570 522 664 563 Sint
695 520 833 562 lumbi
863 520 998 561 vestri

171 579 408 631 praecincti.
448 578 644 620 Lumbos
677 577 791 619 enim
818 578 996 629 praecin-

170 635 331 686 gimus,
365 648 464 676 cum
496 635 638 676 carnis
672 633 889 675 luxuriam
918 645 999 686 per

171 692 486 734 continentiam
497 693 784 733 coarctamus.
799 689 887 731 Sed
899 690 999 742 quia

170 749 313 790 minus
347 753 428 798 est,
465 748 581 789 mala
611 760 699 789 non
732 749 890 799 agere,
917 746 999 787 nisi

172 805 303 846 etiam
345 805 531 858 quisque
572 803 748 846 stadeat
789 807 833 845 et
868 802 998 845 bonis

171 861 382 914 operibus
401 861 624 909 insudare,
650 860 852 913 protinus
878 858 998 901 addi-

171 923 256 960 tur:
282 919 338 960 Et
362 918 552 960 lucernae
577 917 782 959 ardentes
802 917 846 957 in
864 915 998 957 mani-

170 974 252 1016 bus
276 976 444 1017 vestris.
485 975 706 1016 Lucernas
739 973 902 1026 quippe
935 985 998 1014 ar-

172 1031 326 1074 dentes
354 1033 398 1073 in
425 1031 626 1073 manibus
653 1032 872 1080 tenemus,
900 1043 999 1071 cum

169 1101 250 1141 per
277 1088 394 1131 bona
429 1091 566 1142 Opera
598 1087 808 1141 preximis
835 1086 999 1129 nostris

170 1145 280 1187 lucis
324 1145 526 1198 exempla
570 1146 878 1186 monstramus.
931 1143 999 1185 De

172 1202 331 1254 quibus
367 1203 570 1255 profecto
609 1200 817 1254 operibus
849 1200 998 1241 Demi-

171 1272 252 1300 nus
271 1258 391 1300 dicit:
410 1259 578 1300 Luceat
595 1258 671 1299 lux
687 1262 835 1299 vestra
851 1270 999 1299 coram

170 1315 430 1366 hominibus,
444 1320 493 1357 ut
508 1314 686 1357 videant
702 1316 838 1367 epera
852 1318 1000 1355 vestra

170 1371 302 1422 bona,
350 1376 393 1414 et
431 1372 677 1423 glorificent
713 1371 891 1412 Patrem
930 1383 999 1412 ve-

171 1433 320 1478 strum,
341 1429 415 1481 qui
434 1429 478 1470 in
497 1428 621 1470 coelis
642 1432 719 1469 est.

227 1489 275 1539 Rg.
321 1485 500 1526 Amavit
543 1498 643 1527 eum
679 1484 915 1534 Dominus,
957 1488 1000 1525 et

170 1542 343 1583 ornavit
364 1555 478 1584 eum:
507 1542 665 1583 stolam
684 1540 837 1593 gleriae
857 1540 1000 1582 induit

172 1611 286 1648 eum,
316 1600 337 1622 *
358 1599 415 1640 Et
443 1598 500 1640 ad
526 1603 679 1660 portas
706 1597 901 1650 paradisi
929 1609 997 1638 co-

170 1654 346 1696 ronavit
374 1668 485 1696 eum.
523 1656 571 1701 Y.
601 1653 750 1695 Induit
783 1666 884 1695 eum
911 1654 999 1694 Do-

170 1711 313 1753 minus
354 1711 538 1753 loricam
574 1710 696 1761 fidei,
741 1715 784 1752 et
826 1710 1000 1752 ornavit

171 1781 282 1809 eum.
324 1769 392 1810 Et.

462 1824 611 1864 Lectio
635 1824 716 1864 viii.

175 1879 319 1983 Duo
351 1890 497 1927 autem
529 1890 630 1926 sunt
660 1898 759 1937 quae
787 1884 1000 1936 jubentur,

268 1947 312 1983 et
345 1942 519 1984 lumbos
550 1943 831 1993 restringere,
868 1946 912 1983 et
938 1941 999 1983 lu-

172 2000 325 2039 cernas
353 2000 517 2040 tenere:
549 2003 598 2039 ut
626 2002 670 2039 et
699 1997 914 2039 munditia
942 1998 999 2040 sit

172 2055 387 2096 castitatis
406 2055 450 2095 in
470 2056 671 2107 corpore,
698 2059 740 2096 et
762 2054 910 2096 lumen
930 2068 999 2097 ve-

172 2111 313 2152 ritatis
339 2111 382 2151 in
408 2111 675 2163 operatiOne.
708 2110 1000 2164 Redempteri

172 2167 331 2209 etenim
371 2172 522 2209 nostro
558 2180 691 2208 unum
727 2167 821 2209 sine
859 2168 998 2210 altero

171 2223 346 2276 placere
371 2225 649 2276 nequaquam
672 2229 833 2276 potest:
862 2225 899 2265 si
926 2229 1000 2266 aut

172 2280 219 2330 is,
248 2280 322 2332 qui
349 2279 466 2321 bona
494 2280 603 2330 agit,
639 2280 783 2322 adhuc
814 2281 999 2322 luxuriae

172 2336 498 2388 inquinamenta
525 2348 613 2377 non
643 2336 821 2378 deserit:
850 2342 924 2378 aut
952 2338 1000 2387 is,

174 2393 247 2445 qui
275 2392 478 2434 castitate
505 2392 782 2444 praeeminet,
812 2393 1000 2435 necdum

173 2461 220 2490 se
252 2462 331 2501 per
363 2448 480 2490 bona
512 2450 647 2501 epera
678 2451 863 2491 exercet.
904 2450 1000 2491 Nec

173 2505 351 2547 castitas
371 2518 475 2556 ergo
499 2518 658 2556 magna
682 2511 749 2547 est
768 2506 861 2547 sine
880 2506 999 2548 bono

1055 293 1200 344 Opere,
1216 303 1298 333 nec
1313 304 1427 345 opus
1441 291 1606 334 bonum
1620 298 1689 335 est
1702 293 1883 346 aliquod

1056 348 1150 390 sine
1169 348 1382 391 castitate.
1415 348 1503 391 Sed
1526 354 1569 391 et
1587 349 1624 391 si
1647 353 1883 402 utrumque

1057 405 1215 456 agitur,
1240 409 1393 455 restat,
1418 410 1467 447 ut
1490 405 1689 458 quisquis
1711 406 1785 448 ille
1804 411 1883 456 est,

1055 474 1134 514 spe
1160 460 1218 503 ad
1246 463 1480 514 supernam
1507 462 1697 514 patriam
1718 463 1883 513 tendat,

1056 523 1099 560 et
1117 521 1396 571 nequaquam
1414 531 1462 560 se
1481 531 1507 560 a
1524 519 1641 560 vitiis
1659 531 1743 572 pro
1762 532 1883 561 mun-

1054 574 1099 616 di
1117 574 1243 627 hujus
1262 574 1494 617 honestate
1513 578 1747 618 contineat.

1111 642 1157 693 Rg.
1175 641 1270 682 Sint
1284 640 1421 683 lumbi
1435 641 1570 683 vestri
1583 641 1821 694 praecincti,
1839 646 1883 683 et

1054 697 1244 739 lucernae
1272 697 1477 740 ardentes
1512 698 1555 738 in
1583 697 1785 740 manibus
1813 711 1882 740 ve-

1054 754 1170 795 stris:
1184 753 1205 775 *
1215 755 1271 796 Et
1284 767 1365 796 vos
1376 754 1539 796 similes
1550 754 1799 797 hominibus
1813 767 1882 796 ex-

1053 810 1356 864 spectantibus
1368 811 1593 853 dominum
1604 825 1742 862 suum,
1759 824 1884 864 quan-

1053 867 1111 909 do
1128 869 1374 910 revertatur
1390 881 1416 909 a
1431 868 1605 921 miptiis
1630 860 1676 912 Υ.
1691 867 1883 919 Vigilate

1054 937 1176 977 ergo,
1212 925 1313 978 quia
1341 925 1518 967 nescitis
1547 937 1634 977 qua
1661 924 1769 966 hora
1794 925 1882 966 De-

1052 981 1194 1023 minus
1212 986 1359 1023 vester
1375 985 1585 1023 venturus
1602 982 1668 1023 sit.
1693 982 1760 1023 Et.
1779 981 1881 1023 Gle-

1052 1039 1116 1079 ria
1133 1038 1266 1085 Patri.
1296 1038 1364 1080 Et.

1358 1102 1510 1143 Lectio
1533 1103 1584 1142 ix.

1133 1170 1151 1207 t
1169 1178 1249 1207 vos
1273 1164 1437 1207 similes
1461 1164 1711 1207 hominibus
1731 1178 1882 1218 exspe-

1139 1221 1359 1264 ctantibus
1371 1221 1598 1264 dominum
1609 1235 1746 1272 suum,
1758 1235 1884 1275 quan-

1054 1279 1112 1321 do
1141 1281 1387 1321 revertatur
1414 1292 1440 1320 a
1467 1278 1645 1332 nuptiis:
1681 1283 1747 1328 ut,
1784 1291 1883 1320 cum

1053 1336 1223 1378 venerit
1265 1341 1308 1378 et
1346 1335 1607 1388 pulsaverit,
1652 1335 1884 1378 confestim

1054 1393 1252 1446 aperiant
1281 1393 1331 1435 ei.
1379 1393 1514 1434 Venit
1544 1393 1707 1445 quippe
1735 1392 1883 1433 Demi-

1052 1463 1152 1499 nus,
1193 1463 1291 1491 cum
1325 1449 1382 1491 ad
1413 1449 1620 1502 judicium
1653 1450 1883 1502 preperat:

1054 1506 1200 1559 pulsat
1223 1519 1347 1556 vero,
1375 1518 1475 1547 cum
1498 1506 1583 1558 jam
1605 1518 1686 1558 per
1710 1505 1882 1556 aegritfi-

1054 1563 1167 1606 dinis
1192 1562 1418 1605 molestias
1446 1575 1542 1604 esse
1567 1567 1757 1604 mortem
1781 1562 1883 1604 vici-

1052 1633 1154 1661 nam
1174 1619 1385 1671 designat.
1423 1619 1503 1661 Cui
1526 1619 1758 1660 confestim
1782 1631 1883 1672 ape-

1053 1678 1205 1726 rimus,
1225 1676 1262 1717 si
1280 1675 1396 1718 hunc
1413 1689 1513 1717 cum
1531 1677 1682 1717 amere
1702 1675 1883 1728 suscipi-

1051 1747 1159 1775 mus.
1191 1733 1379 1786 Aperire
1403 1733 1518 1774 enim
1541 1731 1674 1785 judici
1692 1731 1883 1785 pulsanti

1052 1803 1139 1832 non
1158 1789 1261 1840 vult,
1281 1789 1356 1842 qui
1375 1791 1495 1831 exire
1515 1789 1571 1831 de
1591 1791 1778 1842 cerpore
1798 1789 1883 1830 tre-

1053 1846 1192 1899 pidat:
1226 1851 1269 1888 et
1293 1845 1443 1888 videre
1469 1859 1587 1895 eum,
1622 1858 1754 1898 quem
1783 1858 1883 1887 con·

1052 1905 1287 1956 tempsisse
1306 1915 1354 1944 se
1369 1903 1576 1952 meminit,
1595 1901 1784 1954 judicem
1799 1901 1882 1943 for-

1052 1959 1201 2002 midat.
1243 1959 1328 2009 Qui
1359 1963 1507 2000 autem
1538 1958 1594 2000 de
1627 1971 1707 1999 sua
1732 1970 1812 2011 spe
1839 1962 1884 2000 et

1054 2017 1315 2070 operatione
1351 2019 1531 2058 securus
1568 2020 1651 2064 est,
1688 2015 1883 2068 pulsanti

1053 2074 1285 2116 confestim
1313 2073 1471 2127 aperit,
1501 2073 1603 2124 quia
1624 2071 1751 2113 laetus
1775 2071 1882 2123 jndi-

1054 2143 1150 2173 cem
1170 2131 1369 2172 stistinet:
1395 2134 1438 2171 et
1461 2142 1561 2171 cum
1583 2131 1759 2181 tempus
1782 2141 1882 2181 pro-

1053 2190 1230 2240 pinquae
1256 2186 1409 2228 mortis
1434 2185 1677 2234 advenerit,
1710 2183 1766 2226 de
1790 2184 1881 2236 glo-

1054 2244 1118 2285 ria
1137 2242 1435 2285 retributi6nis
1455 2241 1688 2283 hilarescit.

1106 2302 1170 2342 Te
1189 2301 1332 2342 Deum
1350 2299 1590 2341 laudamus.
1606 2299 1666 2339 14.

1110 2369 1267 2412 Reliqua
1301 2369 1427 2402 onmia
1461 2380 1580 2411 usquc
1612 2368 1659 2401 ud
1688 2367 1879 2410 vesperas

1054 2423 1254 2451 sumuntur
1287 2418 1331 2450 dt·
1364 2419 1506 2450 (mmm.
1539 2416 1646 2449 Com:
1673 2416 1779 2449 Pom.
1812 2414 1881 2458 [57]

1110 2467 1147 2498 lix
1191 2466 1225 2498 in
1267 2467 1337 2498 line
1382 2465 1495 2498 Laud.
1531 2466 1566 2497 lit
1605 2475 1799 2497 commem.
1835 2464 1880 2497 de

1054 2516 1143 2547 Uet..
1171 2519 1209 2547 ut
1236 2524 1361 2555 supra.
1383 2513 1458 2547 212.
