2080 2990
770 213 945 247 Officium
965 213 1251 248 Defunctorum,

1773 215 1865 259 [173]

153 307 388 357 cognosco:
424 306 448 332 *
487 310 531 347 et
566 308 799 358 peccatum
834 319 981 348 meum

152 366 307 404 contra
324 375 395 404 me
416 367 482 403 est
501 375 686 414 semper.

203 417 306 460 Tibi
325 418 408 459 soli
432 418 629 470 peccavi,
655 422 699 459 et
721 418 885 459 malum
909 431 979 460 co-

150 486 244 515 ram
261 479 306 515 te
325 474 422 515 feci:
442 476 466 501 *
484 479 533 515 ut
555 474 800 525 justificeris
822 475 866 515 in
893 487 979 516 ser-

150 530 355 572 monibus
377 530 481 580 tuis,
510 535 554 572 et
577 531 725 571 vincas
752 543 851 572 cum
872 531 979 582 judi-

151 587 275 627 caris.

201 642 317 684 Ecce
345 643 460 684 enim
483 643 527 684 in
551 642 854 695 iniquitatibus
878 656 978 685 con-

151 700 306 751 ceptus
325 712 438 740 sum:
463 699 486 725 *
513 703 556 740 et
582 699 626 739 in
653 699 850 751 peccatis
879 712 978 741 con-

150 755 268 807 cepit
286 767 356 796 me
372 760 513 797 mater
531 768 640 796 mea.

201 811 317 852 Ecce
343 811 457 853 enim
475 811 705 852 veritatem
729 811 935 853 dilexisti:
955 815 978 839 *

148 867 315 909 incerta
347 871 391 908 et
422 866 596 908 occulta
632 867 858 919 sapientiae
890 873 978 909 tuae

148 923 440 964 manifestasti
458 923 574 964 mihi.

199 979 424 1031 Asperges
447 992 518 1021 me
543 979 758 1032 hyssopo,
790 985 834 1022 et
858 994 977 1022 mun-

143 1033 304 1076 dabor:
323 1035 348 1061 *
370 1035 538 1076 lavabis
566 1048 653 1085 me,
687 1040 731 1077 et
759 1049 891 1088 super
918 1038 977 1077 ni-

146 1103 247 1132 vem
266 1089 519 1132 dealbabor.

198 1145 382 1189 Auditui
409 1160 509 1189 meo
543 1147 668 1189 dabis
697 1147 905 1200 gaudium
934 1154 977 1191 et

145 1203 355 1245 laetitiam:
371 1205 397 1238 -*
416 1208 460 1246 et
480 1204 766 1246 exsultabunt
785 1218 887 1246 ossa
901 1205 976 1247 hu-

144 1259 318 1301 miliata.

195 1316 362 1357 Averte
389 1316 547 1357 faciem
578 1321 698 1358 tuam
727 1330 752 1358 a
779 1318 975 1370 peccatis

143 1373 267 1414 meis:
285 1374 310 1400 *
333 1376 378 1414 et
401 1385 553 1414 omnes
577 1374 830 1425 iniquitates
854 1387 975 1416 meas

145 1428 253 1471 dele.

196 1484 284 1527 Cor
309 1485 522 1527 mundum
550 1498 652 1528 crea
676 1486 720 1526 in
744 1499 815 1527 me
838 1487 974 1528 Deus:

141 1541 167 1567 ¹⁸¹
186 1546 230 1583 et
254 1542 455 1594 spiritum
479 1547 648 1583 rectum
670 1545 831 1584 innova
850 1544 894 1584 in
913 1544 973 1584 vi-

143 1597 339 1639 sceribus
357 1598 479 1639 meis.

193 1653 262 1695 Ne
286 1655 491 1707 projicias
514 1667 585 1696 me
604 1667 630 1696 a
648 1655 759 1696 facie
777 1660 867 1697 tua:
886 1656 910 1681 *
930 1661 973 1699 et

140 1710 350 1762 Spiritum
369 1715 570 1752 sanctum
587 1716 712 1752 tuum
726 1724 781 1753 ne
798 1712 970 1754 aliferas

141 1779 167 1807 a
184 1779 266 1808 me.

191 1821 349 1865 Redde
387 1823 494 1865 mihi
531 1824 730 1866 laetitiam
766 1825 970 1866 salutaris

139 1878 220 1919 tui:
245 1878 268 1904 *
295 1882 339 1920 et
367 1880 527 1932 spiritu
553 1879 786 1932 principali
814 1881 968 1922 confir-

140 1947 311 1976 ma-me.
517 1968 522 1970 s

190 1991 376 2033 Docebo
411 1992 585 2044 iniquos
613 1993 706 2034 vias
733 1997 846 2034 tuas:
874 1993 898 2019 *
926 1998 970 2034 et

139 2047 262 2100 impii
281 2046 339 2090 ad
358 2053 402 2090 te
422 2051 744 2091 convertentur.

191 2103 352 2145 Libera
370 2117 440 2146 me
460 2103 516 2146 de
535 2105 819 2156 sanguinibus
837 2105 970 2154 Deus,

139 2159 261 2202 Deus
290 2160 443 2202 salutis
469 2173 596 2202 meae:
615 2162 639 2187 *
659 2166 702 2203 et
731 2160 970 2203 exsultabit

139 2215 287 2267 lingua
304 2229 403 2258 mea
421 2217 630 2269 justitiam
648 2223 779 2259 tuam.

191 2272 396 2322 Domine,
421 2273 538 2315 labia
560 2287 658 2315 mea
677 2274 863 2327 aperies:
882 2274 906 2299 *
926 2278 970 2315 et

141 2341 191 2370 os
205 2341 351 2370 meum
366 2330 639 2372 annuntiabit
652 2330 828 2372 laudem
837 2335 969 2371 tuam.

193 2385 411 2434 Quoniam
461 2386 498 2427 si
545 2386 761 2428 voluisses
807 2386 968 2427 sacrifi-

141 2440 270 2490 cium,
294 2441 516 2484 dedissem
535 2444 702 2495 utique:
720 2443 744 2469 *
763 2442 968 2484 holocau-

141 2496 220 2538 stis
238 2509 327 2538 non
345 2496 647 2540 delectaberis.

193 2552 461 2595 Sacrificium
483 2555 580 2596 Deo
609 2555 786 2608 spiritus
812 2556 968 2596 contri-

139 2608 330 2650 bulatus:
349 2610 373 2635 *
392 2622 467 2651 cor
487 2614 741 2661 contritum,
767 2616 811 2653 et
833 2611 968 2652 humi-

140 2664 293 2706 liatum
311 2665 432 2707 Deus
451 2679 540 2708 non
559 2667 788 2720 despicies.

192 2720 387 2773 Benigne
406 2721 474 2764 fac
488 2722 677 2766 Domine
696 2724 740 2765 in
759 2724 875 2766 bona
893 2736 967 2766 vo-

1034 306 1201 349 luntate
1228 312 1304 349 tua
1331 309 1448 350 Sion:
1472 310 1496 336 *
1515 314 1563 351 ut
1591 309 1864 351 aedificentur

1033 364 1146 404 muri
1163 363 1416 406 Jerusalem.

1086 420 1212 461 Tunc
1237 421 1490 473 acceptabis
1515 422 1777 464 sacrificium
1804 424 1863 474 ju-

1034 476 1179 525 stitiae,
1203 476 1463 527 oblationes,
1487 483 1531 519 et
1549 478 1820 520 holocausta:
1839 480 1862 505 *

1032 537 1137 573 tunc
1164 532 1391 585 imponent
1419 546 1551 586 super
1576 534 1713 576 altare
1738 540 1863 576 tuum

1033 588 1206 630 vitulos.

1085 654 1302 706 Requiem
1319 655 1543 695 aeternam.

1087 724 1185 765 Ant.
1222 723 1516 765 Exsultabunt
1542 724 1731 766 Domino
1761 738 1862 766 ossa

1033 778 1268 821 humiliata.

1085 845 1183 885 Ant.
1224 844 1397 886 Exal'idi
1427 845 1617 886 Domine
1649 846 1672 872 *
1705 846 1862 887 oratio-

1031 912 1132 940 nem
1157 912 1316 942 meam:
1344 900 1400 942 ad
1426 906 1470 942 te
1497 902 1637 942 omnis
1663 915 1766 943 caro
1792 904 1861 943 ve-

1031 956 1131 997 niet.

1306 1022 1502 1061 psalmus
1524 1023 1589 1061 64.

1031 1086 1138 1190 Te
1163 1089 1291 1131 decet
1319 1090 1505 1142 hymnus
1530 1091 1651 1132 Deus
1674 1091 1718 1131 in
1741 1092 1861 1132 Sion:

1125 1147 1149 1172 *
1169 1150 1212 1187 et
1230 1146 1310 1188 tibi
1329 1146 1539 1189 reddetur
1559 1152 1710 1188 votum
1731 1148 1775 1188 in
1793 1148 1817 1188 J
1821 1160 1860 1189 e-

1030 1202 1231 1243 rusalem.

1081 1259 1255 1300 Exandi
1289 1260 1532 1301 orationem
1563 1272 1723 1301 meam:
1751 1260 1774 1285 *
1803 1259 1859 1301 ad

1029 1319 1073 1355 te
1094 1316 1234 1356 omnis
1255 1329 1358 1357 caro
1378 1317 1533 1357 veniet.

1080 1371 1230 1413 Verba
1257 1373 1505 1424 iniquorum
1532 1372 1858 1425 praevaluerunt

1028 1441 1161 1481 super
1175 1441 1269 1470 nos:
1285 1430 1307 1454 *
1324 1434 1367 1470 et
1381 1428 1679 1481 impietatibus
1695 1429 1857 1469 nostris

1027 1490 1075 1526 tu
1095 1485 1417 1537 propitiaberis.

1078 1541 1254 1590 Beatus,
1276 1555 1407 1594 quem
1424 1541 1606 1592 elegisti,
1627 1546 1670 1582 et
1691 1553 1856 1581 assum-

1026 1598 1169 1650 psisti:
1188 1599 1211 1624 *
1230 1598 1491 1640 inhabitabit
1509 1598 1553 1638 in
1573 1597 1695 1638 atriis
1714 1597 1812 1638 tuis.

1079 1654 1365 1706 Replebimur
1380 1655 1425 1694 in
1439 1653 1568 1695 bonis
1582 1653 1740 1695 domus
1755 1658 1857 1694 tuae:

1025 1712 1049 1737 *
1071 1717 1269 1753 sanctum
1294 1716 1360 1752 est
1384 1710 1597 1763 templum
1616 1716 1755 1759 tuum,
1780 1709 1855 1749 mi-

1026 1768 1165 1809 rabile
1186 1768 1230 1808 in
1249 1767 1467 1819 aequitate.

1078 1824 1251 1865 Exaudi
1282 1836 1364 1864 nos
1391 1824 1512 1864 Deus
1546 1822 1748 1863 salutaris
1780 1834 1855 1863 no-

1025 1884 1131 1929 ster,
1150 1881 1173 1906 *
1193 1892 1295 1932 spes
1321 1880 1513 1920 omnium
1538 1879 1689 1920 finium
1713 1883 1853 1928 terrae,

1023 1941 1067 1978 et
1085 1937 1130 1977 in
1147 1937 1257 1978 mari
1276 1936 1417 1987 longe.

1075 1993 1336 2045 Praeparans
1350 1996 1522 2033 montes
1537 1992 1581 2032 in
1592 1992 1753 2034 virtute
1768 1997 1853 2042 tua,

1023 2051 1246 2090 accinctus
1278 2048 1493 2101 potentia:
1521 2050 1544 2075 *
1574 2048 1649 2100 qui
1682 2052 1852 2090 contur-

1021 2104 1102 2146 bas
1134 2105 1402 2158 profandum
1431 2105 1563 2146 maris
1592 2117 1748 2146 sonum
1776 2105 1852 2146 flu-

1023 2166 1173 2204 ctuum
1192 2162 1293 2213 ejus.

1074 2217 1388 2260 Turbabuntur
1426 2218 1608 2267 Gentes,
1650 2222 1694 2258 et
1732 2217 1851 2258 time-

1021 2274 1130 2316 bunt
1164 2274 1238 2326 qui
1269 2273 1469 2315 habitant
1501 2274 1711 2315 terminos
1743 2286 1768 2314 a
1798 2273 1851 2314 si-

1021 2330 1118 2381 gnis
1137 2331 1238 2372 tuis:
1255 2332 1279 2356 *
1300 2330 1442 2371 exitus
1468 2330 1686 2378 matutini,
1712 2333 1755 2370 et
1780 2330 1849 2370 ve-

1022 2399 1149 2439 spere
1169 2386 1421 2428 delectabis.

1072 2443 1274 2484 Visitasti
1316 2447 1494 2491 terram,
1540 2447 1584 2484 et
1625 2440 1850 2483 inebriasti

1022 2511 1132 2539 eam:
1174 2501 1198 2526 *
1239 2498 1540 2552 multiplicasti
1580 2497 1849 2550 locupletare

1021 2567 1128 2596 eam.

1072 2611 1257 2653 Flumen
1275 2612 1360 2653 Dei
1382 2610 1599 2663 repletum
1623 2615 1689 2652 est
1713 2610 1850 2661 aquis,

1019 2668 1186 2720 parasti
1211 2667 1357 2709 cibum
1380 2667 1570 2708 illorum:
1593 2669 1616 2694 *
1643 2666 1846 2719 quomam

1019 2724 1080 2766 ita
1099 2729 1167 2766 est
1183 2723 1450 2778 praeparatio
1472 2724 1574 2776 ejus.
