2080 2990
560 196 626 228 lm·
656 196 702 228 13.
728 196 810 228 -Ιιιιι,
853 198 886 228 S.
915 195 1018 228 l'uuli
1050 194 1161 237 primi
1188 193 1362 228 Ercmitae
1387 200 1422 228 ct
1447 194 1555 227 (jons.

541 293 702 331 Oratio.

248 347 487 388 ntercessio
520 359 618 396 nos,
660 348 909 399 quaesumus
941 345 1027 386 Do-

264 403 390 452 mine,
413 403 531 445 beati
551 403 690 444 Mauri
705 402 892 444 Abbatis
913 414 1027 443 com-

200 459 390 501 mendet:
428 465 476 501 ut
515 460 634 512 quod
669 459 831 501 nostris
861 458 1026 499 meritis

200 528 287 557 non
307 516 518 566 valemus,
538 517 627 567 ejus
647 515 893 569 patrocinio
914 526 1026 555 asse-

202 574 395 624 quamur.
423 573 508 614 Per
526 573 774 614 Dominum.

256 635 328 667 Sul
362 635 390 666 si
422 636 554 667 testum
583 637 615 667 Η,
646 635 750 668 Ιίιιιῖἰ
783 636 854 667 ulia
885 635 945 668 ilic
972 647 1027 668 cc-

204 684 385 715 lem-mur.
420 693 492 714 non
531 683 726 715 rufianum·
760 683 845 715 Ant.
879 691 911 716 cl
944 678 1026 723 Χ’Χ.

204 731 268 763 scd
298 731 475 763 dicuutur
503 737 536 763 ιιι
567 731 600 762 iu
628 730 760 763 codem
788 730 999 763 Communi.

258 788 293 820 Ιιι
332 788 353 820 Ι,
388 787 583 820 Not—turm,
619 787 818 820 Lectiones
853 787 898 820 dc
932 789 1027 821 Scri-

203 845 310 878 Dtlll'il
340 844 571 869 OCCUI‘I'CIUC.

435 907 481 943 In
507 906 555 943 Π.
582 906 803 944 Nocturno.

508 970 655 1009 Lectio
680 971 728 1008 iv.

235 1040 279 1077 ,ιζμ
297 1024 455 1074 aulus,
483 1024 776 1066 Eremitarum
805 1027 958 1065 auctor
983 1028 1027 1065 et

204 1090 217 1137 ,ᾗ
244 1073 309 1148 „441
330 1083 552 1133 magister,
607 1079 726 1133 apud
776 1080 1026 1121 inferiorem

207 1115 309 1162 *A
330 1137 602 1179 Thebaidem
620 1142 763 1187 natus,
787 1150 885 1178 cum
906 1139 1026 1189 quin-

201 1194 344 1237 decim
364 1199 480 1236 esset
499 1196 727 1244 annorum,
753 1193 934 1235 orbatus
953 1206 1025 1246 pa-

201 1307 270 1350 dae
303 1320 435 1349 causa
470 1307 790 1360 persecutionis
822 1306 948 1347 Decii
984 1312 1028 1348 et

199 1364 438 1414 Valeriani,
478 1369 522 1406 et
552 1364 649 1406 Deo
682 1363 860 1406 liberius
894 1364 1027 1405 inser-

200 1420 356 1470 viendi,
375 1421 419 1462 in
439 1421 571 1462 eremi
591 1420 846 1473 speluncam
866 1433 912 1462 se
927 1422 1026 1461 con-

199 1478 314 1519 tulit:
332 1477 417 1526 ubi,
437 1477 584 1530 palma
603 1478 643 1519 ei
662 1477 825 1519 victum
841 1482 884 1518 et
899 1479 1026 1518 vesti-

199 1540 293 1576 tum
324 1535 567 1588 praebente,
607 1534 717 1575 vixit
751 1533 809 1575 ad
846 1534 1027 1575 centesi-

200 1604 318 1632 mum
344 1596 387 1633 et
413 1591 631 1633 decimum
655 1590 833 1632 tertium
857 1603 1027 1640 annum,

202 1660 288 1699 quo
314 1649 514 1700 tempore
539 1646 593 1688 ab
619 1646 812 1688 Antonio
838 1659 1027 1697 nonage-

200 1704 323 1745 nario
342 1704 426 1746 Dei
445 1703 671 1745 admonitu
690 1703 901 1745 invisitur.
927 1703 1026 1753 Qui-

201 1760 282 1801 bus
309 1761 422 1802 inter
449 1774 512 1810 se,
541 1773 639 1802 cum
665 1762 795 1801 antea
817 1772 906 1801 non
929 1773 1027 1801 nos-

202 1822 314 1867 sent,
342 1818 526 1870 proprio
552 1817 728 1858 nomine
754 1816 1026 1858 consalutan-

200 1873 327 1924 tibus,
348 1879 391 1915 et
411 1874 548 1915 multa
568 1873 623 1915 de
641 1886 777 1925 regno
791 1873 875 1914 Dei
894 1872 1026 1914 collo-

202 1931 452 1982 quentibuS,
473 1943 649 1981 corvus,
674 1930 749 1982 qui
768 1932 897 1971 antea
916 1942 1025 1971 sem-

200 2000 280 2039 per
294 1988 430 2029 Paulo
452 1987 726 2030 dimidiatum
742 2000 903 2040 panem
916 1990 1026 2029 attu-

201 2043 322 2094 lerat,
342 2046 559 2095 integrum
578 2044 742 2086 detulit.

261 2104 305 2153 Ru
331 2101 578 2142 Honestum
603 2101 706 2142 fecit
732 2100 855 2142 illum
878 2100 1026 2142 Domi-

201 2169 294 2206 nus,
317 2162 360 2198 et
380 2157 618 2199 custodivit
639 2170 737 2199 eum
757 2157 811 2199 ab
831 2157 1027 2206 inimicis,

154 2243 155 2246 ,
203 2218 246 2254 et
274 2226 300 2254 a
325 2212 632 2255 seductoribus
658 2214 817 2255 tutavit
842 2214 978 2255 illum:
1005 2220 1025 2240 *

202 2270 259 2311 Et
287 2269 410 2311 dedit
442 2270 504 2311 illi
538 2270 782 2312 claritatem
810 2272 1027 2312 aeternam.

208 2323 253 2374 δ”.
284 2327 455 2368 Justum
487 2326 669 2368 deduxit
701 2327 916 2369 Dominus
948 2340 1028 2381 per

203 2383 296 2424 vias
315 2388 474 2432 rectas,
494 2388 537 2424 et
557 2384 748 2425 ostendit
766 2384 829 2425 illi
847 2397 1028 2435 regnum

203 2440 296 2481 Dei.
324 2440 380 2482 Et
398 2438 530 2482 dedit.

519 2498 664 2537 Lectio
687 2512 720 2536 ι.

206 2550 358 2655 Post
391 2553 514 2594 corvi
546 2553 808 2603 discessum,
841 2554 936 2606 Eia,
967 2555 1028 2595 in-

308 2610 401 2662 quit
436 2609 614 2659 Paulus,
650 2610 865 2651 Dominus
901 2610 1027 2652 nobis

203 2666 436 2719 prandium
468 2666 602 2715 misit,
634 2679 737 2707 vere
770 2667 887 2719 pius,
926 2679 1028 2709 vere

203 2723 462 2765 misericors.
520 2723 753 2774 Sexaginta
798 2723 883 2774 jam
928 2723 1048 2767 anni>

1082 292 1192 337 sunt,
1213 300 1312 329 cum
1331 287 1500 340 accipio
1523 288 1718 340 quotidie
1738 287 1906 330 dimidii

1080 345 1205 397 panis
1219 344 1520 395 fragmentum,
1538 356 1653 385 nunc
1672 344 1728 386 ad
1747 344 1904 386 adven-

1080 406 1174 442 tum
1205 405 1327 442 tuum
1353 399 1562 441 militibus
1591 400 1679 442 suis
1709 400 1905 442 Christus

1081 457 1322 509 duplicavit
1352 458 1579 497 annonam.
1633 457 1777 507 Quare
1805 470 1904 499 cum

1079 514 1317 564 gratiarum
1351 513 1522 555 actione
1554 512 1611 554 ad
1641 513 1806 555 fontem
1837 526 1904 555 ca-

1079 571 1249 623 pientes
1269 569 1425 619 cibum,
1442 569 1518 611 ubi
1535 572 1748 622 tantisper
1764 582 1903 612 recre-

1081 627 1140 668 ati
1172 632 1291 677 sunt,
1322 628 1479 668 iterum
1510 626 1660 678 gratiis
1692 624 1748 668 de
1780 638 1903 669 more

1078 684 1175 725 Deo
1196 684 1315 733 actis,
1335 688 1511 725 noctem
1530 683 1574 724 in
1593 682 1750 724 divinis
1768 682 1902 725 laudi-

1078 741 1161 783 bus
1181 742 1555 793 consumpserunt.
1574 739 1780 782 Diluculo
1796 740 1902 782 Pau-

1078 797 1146 838 lus
1164 796 1219 839 de
1233 801 1385 847 morte,
1406 809 1504 849 quae
1520 796 1603 838 sibi
1617 797 1811 847 instaret,
1830 796 1902 839 ad-

1078 866 1262 896 monens
1298 854 1553 903 Antonium,
1595 853 1812 904 hortatur,
1856 858 1904 896 ut

1078 910 1274 963 pallium,
1301 910 1420 962 quod
1442 910 1497 951 ab
1517 909 1760 952 Athanasio
1784 912 1903 952 acce-

1079 972 1222 1020 perat,
1251 966 1308 1009 ad
1330 966 1639 1008 involvendum
1662 980 1788 1008 suum
1811 979 1903 1009 cor-

1079 1037 1163 1077 pus
1193 1023 1378 1065 afferret.
1420 1024 1516 1074 Quo
1546 1036 1600 1065 ex
1626 1024 1780 1066 itinere
1807 1023 1902 1066 red-

1079 1081 1172 1123 iens
1209 1080 1300 1131 ille,
1343 1080 1452 1122 vidit
1487 1080 1600 1122 inter
1635 1080 1904 1132 Angelorum

1080 1138 1251 1187 choros,
1266 1137 1381 1179 inter
1393 1136 1714 1189 Prophetarum
1729 1142 1773 1179 et
1786 1137 1904 1190 Apo-

1053 1220 1056 1235 ι
1080 1194 1295 1236 stolorum
1323 1198 1464 1235 coetus
1492 1193 1616 1235 Pauli
1643 1194 1833 1235 animam
1858 1194 1903 1235 in

200 1251 396 1293 rentibus
417 1255 495 1292 est.
528 1250 611 1301 Qui
635 1252 791 1303 postea
811 1249 1026 1291 declinan-
1053 1242 1056 1270 ³

1080 1250 1240 1292 coelum
1259 1250 1508 1292 ascendere.

1138 1323 1186 1373 lxffv.
1210 1320 1388 1361 Amavit
1407 1332 1507 1361 eum
1525 1320 1753 1370 DominuS,
1773 1324 1816 1361 et
1838 1332 1904 1361 or-

1079 1378 1200 1419 navit
1237 1390 1352 1418 eum:
1393 1377 1551 1419 stolam
1585 1377 1738 1428 gloriae
1765 1375 1906 1418 induit

1081 1448 1190 1485 eum,
1209 1442 1230 1462 *
1249 1436 1305 1476 Et
1324 1434 1381 1476 ad
1398 1439 1551 1487 portas
1569 1433 1763 1487 paradisi
1781 1445 1904 1475 eoro-

1079 1492 1200 1534 navit
1215 1505 1325 1534 eum.
1350 1490 1397 1541 Y.
1412 1490 1560 1533 Induit
1575 1504 1675 1533 eum
1689 1490 1904 1531 Dominus

1079 1549 1262 1591 loricam
1281 1549 1400 1599 fidei,
1423 1553 1466 1590 et
1485 1548 1656 1589 ornavit
1675 1560 1785 1589 eum.
1813 1547 1880 1588 Et.

1386 1639 1536 1679 Lectio
1559 1638 1609 1678 vi.

1084 1698 1313 1805 Cumque
1332 1702 1389 1744 ad
1408 1702 1498 1754 ejus
1517 1701 1673 1743 cellam
1687 1703 1906 1754 pervenis-

1171 1764 1252 1808 set,
1277 1760 1443 1801 invenit
1467 1757 1650 1809 genibus
1675 1757 1905 1810 complica-

1080 1818 1154 1867 tis,
1180 1819 1325 1859 erecta
1344 1818 1530 1865 cervice,
1559 1816 1837 1867 extensisque
1861 1814 1906 1855 in

1080 1874 1215 1916 altum
1249 1872 1452 1914 manibus
1492 1884 1654 1924 corpus
1691 1871 1906 1913 exanime:

1081 1930 1202 1984 quod
1215 1930 1349 1983 pallio
1364 1929 1617 1983 obvolvenS‚
1630 1928 1905 1981 hymnosque

1081 1993 1124 2029 et
1147 1987 1343 2040 psalmos
1370 1999 1425 2028 ex
1449 1985 1685 2027 christiana
1709 1984 1904 2026 traditio-

1079 2057 1134 2086 ne
1153 2044 1409 2094 decantans,
1435 2056 1535 2085 cum
1553 2042 1788 2091 sarculum,
1817 2054 1904 2093 quo

1079 2106 1242 2143 terram
1266 2100 1453 2149 foderet,
1480 2111 1568 2140 non
1591 2098 1787 2149 haberet;
1816 2098 1904 2140 duo

1080 2158 1231 2200 leones
1260 2170 1315 2199 ex
1341 2156 1547 2198 interiore
1574 2157 1720 2197 eremo
1748 2155 1904 2208 rapi'do

1081 2227 1211 2256 eursu
1229 2213 1286 2255 ad
1304 2213 1423 2255 beati
1443 2213 1561 2255 senis
1585 2224 1744 2264 corpus
1762 2212 1904 2253 ferun-

1080 2276 1168 2313 tur:
1203 2275 1251 2312 ut
1287 2269 1415 2311 facile
1450 2268 1780 2320 intelligeretur,
1817 2280 1905 2319 eos,

1082 2340 1168 2381 quo
1223 2326 1358 2368 modo
1411 2328 1633 2379 poterant,
1684 2324 1906 2378 ploratum

1081 2384 1226 2426 edere:
1268 2383 1343 2435 qui
1369 2382 1570 2424 certatim
1596 2386 1758 2423 terram
1785 2381 1904 2434 pedi-

1079 2440 1162 2483 bus
1190 2438 1458 2488 effodientes
1486 2438 1676 2487 foveam,
1705 2450 1803 2490 quae
1830 2437 1905 2479 ho-

1079 2497 1240 2539 minem
1268 2494 1500 2537 commode
1528 2497 1723 2546 caperet,
1754 2494 1904 2536 effece-

1081 2558 1191 2595 runt.
1219 2552 1303 2603 Qui
1324 2564 1423 2593 cum
1441 2551 1667 2601 abiissent,
1687 2551 1904 2593 Antonius

1081 2614 1279 2651 sanctum
1304 2621 1465 2661 corpus
1488 2608 1531 2648 in
1557 2620 1656 2649 eum
1678 2608 1823 2649 locum
1845 2609 1903 2648 in-

1080 2666 1193 2708 tulit:
1213 2670 1256 2707 et
1273 2665 1429 2717 injecta
1448 2663 1598 2714 humo,
1617 2664 1832 2706 tumulum
1851 2676 1905 2705 ex

1081 2722 1318 2765 christiano
1344 2734 1468 2763 more
1495 2721 1758 2774 composuit:
1793 2720 1902 2763 tuni-
