2080 2990
212 199 302 244 [174]

828 200 1003 233 Officium
1032 199 1316 232 Desunt-torum.

265 296 405 337 Rivos
444 296 535 347 ejus
576 294 759 343 inebria,
803 294 1045 347 multiplica

212 352 430 403 genimina
456 353 562 402 ejus:
581 352 605 376 *
625 351 669 391 in
695 350 927 392 stillicidiis
954 352 1045 402 ejus

211 407 435 449 laetabitur
453 408 713 459 germinans.

266 463 511 506 Benedices
537 466 715 505 coronae
734 464 835 505 anni
854 462 1045 512 benigni·

213 521 317 562 tatis
337 527 442 562 tuae:
461 522 485 547 *
505 526 549 562 et
568 520 713 573 campi
735 520 798 562 tui
816 518 1045 572 replebun-

214 583 284 619 tur
304 577 519 619 ubertate.

265 634 558 684 Pinguescent
586 633 788 685 speeiesa
817 631 997 673 deserti:
1022 633 1046 656 *

215 695 259 732 et
284 690 578 732 exsultatione
600 689 735 731 colles
755 688 1047 738 accingentur.

267 746 416 788 Induti
434 751 535 787 sunt
549 748 708 787 arietes
724 745 883 794 evium,
903 749 947 785 et
962 743 1047 785 val—

214 803 279 844 les
317 802 604 844 abundabunt
642 802 875 842 frumento:
907 802 930 827 *
964 800 1047 841 cla-

214 859 408 908 mabunt,
429 858 590 900 etenim
608 857 819 910 hymnum
839 856 996 899 dicent.

267 915 483 968 Requiem
503 916 725 956 aeternam.

272 978 368 1016 Ant.
400 975 571 1017 Exaudi
593 975 780 1016 Demine
803 975 1050 1016 oratienem

216 1045 373 1074 meam:
393 1031 449 1073 ad
467 1037 511 1073 te
531 1032 673 1073 omnis
693 1044 796 1072 caro
816 1031 972 1072 veniet.

272 1095 367 1134 Ant.
408 1094 474 1134 Me
499 1093 694 1145 suscepit
719 1094 742 1119 *
767 1092 950 1134 dextera
975 1097 1051 1133 tua

216 1150 417 1191 Domine.

496 1193 691 1233 Psalmus
714 1194 777 1231 152.

218 1255 386 1360 Deus
405 1255 527 1295 Deus
546 1266 671 1295 meus
691 1253 792 1295 *ad
811 1259 856 1295 te
878 1253 933 1295 de
952 1253 1051 1295 luce

314 1311 460 1362 vigilo.

270 1369 414 1409 Sitivit
439 1368 483 1408 in
506 1372 550 1408 te
576 1368 720 1408 anima
742 1380 857 1421 mea,
875 1369 899 1394 *
920 1380 1052 1420 quam

218 1424 518 1477 multipliciter
536 1423 618 1465 tibi
637 1436 741 1465 caro
760 1436 869 1465 mea.

272 1482 322 1522 In
346 1487 465 1523 terra
490 1480 682 1530 deserta,
707 1485 751 1521 et
769 1480 901 1530 invia,
930 1484 974 1521 et
992 1480 1051 1520 in-

220 1540 402 1590 aquesa:
437 1540 460 1565 *
493 1538 556 1579 sic
591 1538 635 1577 in
674 1542 828 1578 sancto
866 1537 1053 1589 apparui

220 1594 315 1643 tibi,
338 1599 386 1635 ut
405 1593 601 1635 viderem
620 1594 827 1635 virtutem
846 1599 982 1642 tuam,
1008 1598 1052 1635 et

220 1650 406 1701 gleriam
425 1655 557 1692 tuam.

274 1707 492 1756 Quoniam
523 1706 679 1748 melior
711 1711 778 1748 est
808 1706 1054 1747 misericer-

222 1763 295 1804 dia
327 1768 403 1804 tua
434 1776 567 1816 super
600 1763 728 1805 vitas:
755 1765 779 1790 *
807 1762 924 1804 labia
956 1775 1054 1805 mea

222 1819 464 1861 laudabunt
483 1825 539 1861 te.

274 1877 345 1918 Sic
368 1875 628 1918 benedicam
652 1882 696 1918 te
721 1876 766 1916 in
784 1876 874 1917 vita
899 1888 1011 1917 mea:
1030 1877 1054 1903 *

223 1938 267 1975 et
303 1934 348 1974 in
383 1934 558 1975 nemine
592 1939 670 1975 tuo
702 1932 861 1975 levabo
899 1945 1054 1974 manus

223 2002 354 2031 meas.

275 2046 395 2087 Sicut
415 2046 546 2099 adipe
570 2051 614 2087 et
633 2045 898 2098 pinguedine
918 2045 1056 2098 reple-

226 2104 323 2143 atur
350 2103 494 2143 anima
519 2115 630 2143 mea:
650 2103 674 2128 *
694 2107 737 2144 et
761 2101 890 2143 labiis
916 2101 1055 2143 exsul-

183 2165 186 2170 '
224 2158 403 2200 tatienis
422 2158 618 2199 laudabit
637 2171 687 2199 os
707 2171 863 2199 meum.

277 2215 322 2256 Si
346 2227 515 2256 memor
540 2215 600 2256 fui
625 2215 689 2256 tui
714 2227 846 2267 super
872 2219 1057 2256 stratum

225 2284 388 2321 meum,
422 2271 466 2312 in
491 2272 714 2313 matutinis
739 2271 989 2313 meditabor
1014 2271 1057 2312 in

225 2334 285 2370 te:
303 2329 328 2354 *
348 2328 449 2380 quia
467 2327 587 2369 fuisti
606 2326 777 2379 adjutor
795 2340 931 2369 meus.

279 2384 335 2426 Et
360 2385 403 2425 in
423 2384 671 2426 velamento
695 2383 864 2425 alarum
883 2385 1058 2425 tuarum

227 2440 470 2490 exsultabo,
485 2440 671 2482 adhaesit
686 2440 830 2480 anima
843 2452 942 2481 mea
956 2445 1059 2492 post

226 2502 285 2539 te:
304 2498 327 2523 *
347 2509 418 2538 me
438 2497 632 2549 suscepit
652 2496 834 2537 dextera
852 2501 937 2537 tua.

278 2554 370 2606 Ipsi
396 2566 502 2595 vero
531 2554 575 2594 in
603 2565 762 2594 vanum
792 2553 1059 2605 quaesierunt

229 2610 417 2651 animam
435 2622 594 2659 meam,
622 2608 865 2651 introibunt
888 2609 933 2649 in
956 2609 1058 2650 infe-

229 2667 347 2708 ri6ra
373 2671 521 2708 terrae:
540 2667 563 2692 *
583 2665 811 2707 tradentur
837 2666 880 2706 in
905 2677 1059 2706 manus

228 2723 373 2775 gladii,
393 2728 542 2776 partes
563 2722 758 2777 vulpium
776 2727 913 2765 erunt.

1149 295 1247 336 Rex
1266 306 1371 335 vero
1394 293 1617 336 laetabitur
1639 293 1684 334 in
1701 293 1814 342 Deo,
1840 293 1928 334 lau-

1098 350 1319 392 dabuntur
1350 362 1502 391 omnes
1529 349 1605 402 qui
1627 350 1769 401 jurant
1792 349 1835 390 in
1860 361 1929 390 eo:

1097 409 1121 434 *
1148 407 1250 459 quia
1278 406 1556 447 obstructum
1580 410 1648 447 est
1674 417 1725 447 os
1749 405 1929 458 loquen-

1098 463 1206 504 tium
1224 463 1384 515 iniqua.

1156 519 1237 559 Hic
1258 531 1344 558 non
1367 517 1527 558 dicitur
1542 518 1770 570 Requiem.

1374 574 1574 614 Psalmus
1595 575 1661 614 66.

1188 646 1266 675 eus
1284 632 1544 673 misereatur
1562 630 1720 680 nostri,
1739 635 1783 672 et
1801 630 1930 672 bene·

1194 689 1313 731 dicat
1330 688 1472 730 nobis:
1491 690 1515 715 *
1533 687 1748 729 illuminet
1762 686 1931 728 vultum

1099 759 1226 788 suum
1245 758 1378 798 super
1397 757 1494 794 nOS,
1518 749 1562 786 et
1579 744 1839 786 misereatur
1857 755 1932 785 no·

1100 803 1191 845 stri.

1151 858 1211 900 Ut
1243 859 1562 909 cognoscamus
1594 857 1638 897 in
1669 860 1788 897 terra
1817 855 1934 896 viam

1100 920 1238 957 tuam:
1257 915 1280 940 *
1299 915 1344 955 in
1364 913 1566 955 omnibus
1587 911 1803 954 Gentibus
1822 911 1933 953 salu-

1101 973 1197 1013 tare
1215 976 1351 1012 tuum.

1156 1027 1457 1069 Confiteantur
1479 1026 1561 1068 tibi
1579 1025 1735 1078 pepuli
1752 1025 1892 1066 Deus:
1910 1025 1935 1052 *

1103 1083 1392 1126 confiteantur
1410 1082 1492 1124 tibi
1510 1082 1665 1135 pepuli
1684 1093 1848 1123 omnes

1154 1140 1380 1182 Laetentur
1404 1144 1448 1181 et
1471 1138 1693 1181 exsultent
1711 1137 1893 1179 Gentes:
1911 1137 1935 1164 *

1105 1197 1313 1250 queniam
1336 1196 1502 1248 judicas
1525 1194 1717 1248 populos
1740 1195 1786 1235 in
1803 1193 1935 1246 aequi-

1102 1256 1206 1302 tate,
1227 1258 1271 1295 et
1290 1252 1457 1294 Gentes
1477 1253 1521 1293 in
1539 1257 1660 1294 terra
1678 1250 1841 1302 dirigis.

1158 1309 1460 1351 Confiteantur
1497 1308 1578 1350 tibi
1611 1307 1767 1361 pepuli
1802 1306 1936 1356 Deus,

1104 1366 1398 1408 confiteantur
1429 1365 1509 1408 tibi
1535 1364 1690 1417 pepuli
1719 1375 1886 1424 omnes:
1912 1361 1936 1389 *

1104 1428 1222 1465 terra
1242 1421 1365 1464 dedit
1384 1422 1574 1463 fructum
1593 1433 1730 1462 suum.

1155 1478 1398 1521 Benedicat
1425 1490 1507 1519 nos
1534 1477 1674 1527 Deus,
1709 1477 1832 1518 Deus
1861 1487 1937 1516 no-

1105 1541 1211 1585 ster,
1233 1533 1468 1577 benedicat
1486 1547 1568 1575 nos
1586 1534 1725 1575 Deus:
1743 1533 1767 1559 *
1788 1537 1832 1574 et
1850 1532 1937 1573 me-

1104 1596 1230 1634 tuant
1250 1604 1349 1633 eum
1370 1603 1523 1632 omnes
1542 1590 1653 1632 fines
1671 1594 1816 1631 terrae.

1158 1648 1375 1701 Requiem
1395 1649 1616 1688 aeternam.

1162 1708 1260 1746 Ant.
1308 1705 1376 1746 Me
1414 1704 1610 1756 suscepit
1646 1702 1828 1745 dextera
1863 1706 1940 1743 tua

1106 1762 1308 1803 Domine.

1162 1821 1259 1859 Ant.
1300 1819 1334 1857 A
1364 1821 1496 1870 porta
1521 1815 1650 1858 inferi
1671 1816 1696 1843 *
1721 1817 1824 1857 erue
1851 1814 1939 1856 De-

1107 1874 1224 1916 mine
1244 1874 1433 1915 animam
1450 1885 1606 1914 meam.

1292 1939 1519 1979 Canticum
1548 1935 1762 1977 Ezechiae.

1404 1994 1518 2028 Isaiae
1535 1994 1590 2027 38.
1611 1993 1645 2027 b.

1191 2056 1248 2095 go
1294 2042 1399 2085 dixi:
1448 2043 1500 2083 In
1546 2041 1728 2084 dimidio
1772 2040 1942 2082 dierum

1218 2102 1417 2143 meorum
1444 2100 1469 2127 *
1496 2097 1656 2140 vadam
1694 2097 1752 2139 ad
1787 2102 1941 2150 portas

1109 2156 1247 2199 inferi.

1162 2213 1357 2264 Quaesivi
1379 2211 1604 2254 residuum
1623 2212 1837 2251 annerum
1854 2223 1941 2252 me-

1110 2272 1247 2312 erum.
1274 2270 1298 2296 *
1326 2269 1443 2310 Dixi:
1470 2267 1572 2309 Non
1600 2266 1763 2308 videbo
1790 2267 1941 2308 Demi-

1110 2339 1214 2368 num
1232 2326 1376 2367 Deum
1394 2325 1438 2365 in
1456 2329 1575 2365 terra
1593 2323 1844 2365 viventium.

1160 2383 1263 2425 Non
1288 2381 1499 2434 aspiciam
1522 2379 1746 2422 heminem
1768 2379 1894 2430 ultra,
1918 2381 1941 2407 *

1111 2444 1155 2482 et
1173 2439 1467 2481 habitatOrem
1488 2436 1657 2488 quietis.

1164 2494 1403 2536 Generatio
1445 2505 1544 2534 mea
1585 2491 1733 2534 ablata
1771 2497 1852 2541 est,
1898 2496 1943 2534 et

1111 2551 1349 2594 convoluta
1367 2554 1435 2591 est
1453 2562 1479 2590 a
1497 2561 1584 2596 me,
1602 2549 1626 2574 *
1647 2549 1773 2600 quasi
1797 2548 1940 2591 taber-

1111 2607 1315 2650 naculum
1333 2607 1577 2659 pasterum:

1163 2665 1355 2705 Praecisa
1374 2667 1441 2704 est
1459 2661 1580 2703 velut
1598 2674 1624 2702 a
1641 2663 1830 2711 texente,
1851 2660 1943 2702 vita

1111 2733 1222 2763 mea:
1249 2719 1353 2762 dum
1376 2717 1520 2761 adhuc
1544 2717 1731 2768 ordirer,
1756 2715 1943 2759 succidit
