2080 2990
233 230 332 274 [202]

667 230 846 278 ,Officium
872 231 1045 263 votivum
1072 230 1118 263 de
1144 229 1295 263 Sanctis
1321 229 1491 269 Angelis.

283 326 339 367 Et
357 330 482 366 erunt
498 330 547 366 ut
562 324 866 376 complaceant
883 323 1057 375 eloquia

232 381 319 422 oris
337 380 437 421 mei:
455 380 479 405 *
498 385 542 421 et
559 379 787 421 meditatio
808 378 954 421 cordis
972 379 1057 420 mei

231 437 274 476 in
294 437 533 487 conspectu
551 441 628 476 tuo
649 447 833 487 semper.

281 491 468 532 Domine
493 489 667 542 adjutor
691 502 826 540 meus,
845 491 868 515 *
894 495 937 532 et
962 489 1057 531 red-

231 549 403 598 emptor
429 559 564 587 meus.

281 603 377 641 Ant.
408 601 623 643 Ascendit
647 602 790 642 fumus
814 603 1058 643 aromatum

229 658 271 698 in
292 659 533 710 conspectu
552 658 729 698 Domini
749 656 803 698 de
821 670 951 698 manu
971 658 1057 697 An-

228 714 325 763 geli.

280 772 377 812 ΑΜ.
414 771 625 811 immittet
649 768 845 819 Angelus
869 768 1056 809 Domini.

503 827 699 867 Psalmus
718 828 782 866 23.

227 877 451 981 Domini
484 886 551 923 est
582 886 717 930 terra,
752 885 796 922 et
828 881 1055 932 plenitudo

339 938 445 989 ejus:
467 938 491 963 *
514 936 634 978 orbis
653 938 880 986 terrerum,
904 941 948 978 et
967 937 1056 977 uni-

229 994 343 1035 versi
364 994 436 1045 qui
455 993 654 1034 habitant
671 993 715 1033 in
735 1005 799 1034 eo.

281 1050 391 1100 Quia
418 1049 512 1101 ipse
542 1062 673 1101 super
697 1049 834 1090 maria
859 1049 1057 1091 fundavit

229 1119 343 1147 eum:
361 1106 385 1131 *
405 1110 449 1146 et
477 1117 609 1157 super
634 1105 811 1145 flumina
835 1107 1056 1157 praepara-

228 1161 290 1202 vit
309 1173 418 1202 eum.

280 1217 386 1266 Quis
420 1215 627 1257 ascendet
663 1215 707 1255 in
739 1220 935 1256 montem
967 1216 1054 1256 Do-

227 1270 352 1312 mini?
372 1273 395 1298 *
415 1277 490 1312 aut
509 1272 606 1323 quis
626 1271 760 1313 stabit
778 1272 821 1312 in
839 1271 939 1313 loco
959 1285 1054 1312 san-

228 1332 301 1368 cto
322 1325 435 1378 ejus?

278 1384 495 1424 Innocens
544 1382 746 1424 manibus
797 1388 840 1424 et
889 1383 1053 1424 mundo

227 1438 376 1488 corde,
403 1439 427 1463 *
456 1438 530 1490 qui
556 1451 645 1479 non
669 1439 840 1490 accepit
866 1438 911 1479 in
939 1451 1052 1480 vano

228 1495 415 1535 animam
435 1506 572 1543 suam,
597 1506 678 1535 nec
702 1494 859 1545 juravit
881 1494 925 1534 in
949 1494 1052 1536 dolo

227 1550 429 1601 proximo
451 1562 542 1590 suo.

279 1605 363 1646 Hic
403 1606 589 1657 accipiet
631 1604 984 1646 benedictionem
1028 1618 1053 1646 a

227 1661 433 1701 Domino:
447 1661 470 1686 *
487 1665 531 1702 et
548 1660 893 1702 misericordiam
912 1673 938 1701 a
955 1661 1053 1702 Deo

228 1716 409 1757 salutari
428 1729 519 1757 suo.

278 1772 388 1813 Haec
416 1777 484 1813 est
510 1772 736 1822 generatio
766 1772 1054 1824 quaerentium

228 1839 343 1876 eum,
379 1829 402 1854 *
441 1828 728 1879 quaerentium
778 1828 934 1870 faciem
970 1828 1054 1869 Dei

226 1883 375 1924 Jacob.

278 1939 483 1980 Attollite
527 1944 680 1991 portas
725 1939 946 1992 principes
983 1953 1053 1982 ve-

228 1999 357 2043 stras,
387 1999 431 2035 et
455 1994 684 2036 elevamini
707 2000 850 2047 portae
871 1998 1053 2037 aeterna-

227 2049 304 2090 les:
323 2050 346 2075 *
366 2055 410 2091 et
427 2050 625 2092 introibit
643 2051 741 2092 Rex
759 2051 922 2101 gloriae.

279 2106 385 2154 Quis
411 2111 478 2147 est
497 2106 580 2147 iste
599 2107 696 2147 Rex
714 2105 890 2156 gloriae?
914 2108 938 2133 *
963 2107 1052 2148 Do-

226 2161 367 2201 minus
399 2161 525 2202 fortis
558 2167 602 2203 et
632 2167 806 2214 potens:
836 2163 1052 2204 Dominus

227 2221 386 2267 potens
404 2217 448 2256 in
465 2216 630 2268 praelio.

279 2270 482 2312 Attollite
526 2277 679 2324 portas
724 2274 945 2326 principes
981 2287 1051 2316 ve-

227 2331 356 2376 stras,
385 2331 429 2368 et
453 2326 681 2368 elevamini
703 2334 846 2380 portae
870 2332 1052 2371 aeterna-

227 2382 305 2422 les:
323 2384 347 2409 *
366 2388 410 2423 et
429 2382 626 2424 introibit
645 2384 741 2425 Rex
759 2384 922 2434 gloriae.

279 2438 385 2487 Quis
410 2443 478 2479 est
501 2438 584 2480 iste
603 2439 700 2479 Rex
728 2438 902 2489 gloriae?
921 2442 944 2466 *
963 2442 1051 2483 Do-

226 2493 367 2556 minus
391 2493 601 2535 virtutum
628 2494 723 2546 ipse
751 2500 818 2536 est
842 2496 938 2537 Rex
961 2498 1051 2547 glo-

227 2561 314 2588 r1ae.

279 2604 373 2644 Ant.
424 2606 627 2647 immittet
655 2606 849 2656 Angelus
876 2608 1051 2650 Domini

225 2658 267 2698 in
292 2659 474 2701 circuitu
498 2661 741 2703 timentium
765 2675 888 2713 eum„
905 2670 948 2706 et
973 2668 1051 2706 eri-

224 2714 316 2766 piet
334 2728 423 2756 eos.

1163 326 1261 364 Ant.
1292 320 1546 363 Laudemus
1566 321 1814 363 Dominum.

1379 380 1578 421 Psalmus
1598 381 1662 421 33.

1199 432 1425 475 enedicam
1458 433 1697 474 Dominum
1739 433 1785 474 in
1825 433 1943 475 omni

1223 491 1437 542 tempore:
1465 489 1488 514 *
1516 500 1693 541 semper
1723 488 1819 530 laus
1850 490 1942 542 ejus

1110 559 1153 585 in
1183 557 1260 586 ore
1288 558 1400 586 meo.

1160 601 1211 641 In
1219 601 1411 642 Domino
1419 598 1671 642 laudabitur
1679 599 1942 642 Animamea:

1110 656 1134 681 *
1153 655 1335 697 audiant
1353 656 1581 704 mansueti,
1600 660 1644 697 et
1663 655 1878 696 laetentur.

1162 712 1442 763 Magnificate
1456 712 1696 752 Dominum
1714 723 1902 752 mecum:
1917 712 1942 739 *

1110 774 1154 810 et
1191 768 1434 810 exaltemus
1470 780 1633 809 nomen
1670 768 1762 820 ejus
1798 767 1843 808 in
1877 766 1940 809 id-

1109 826 1266 877 ipsum.

1161 881 1391 932 Exquisivi
1400 880 1650 929 Dominum,
1664 884 1709 921 et
1719 878 1943 921 exaudivit

1109 949 1196 977 me:
1221 937 1244 962 *
1272 941 1316 978 et
1341 949 1396 978 ex
1425 935 1626 978 omnibus
1652 934 1942 977 tribulationi-

1109 991 1193 1033 bus
1211 993 1321 1033 meis
1338 994 1498 1046 eripuit
1517 1004 1598 1034 me.

1160 1048 1375 1090 Accedite
1408 1049 1465 1090 ad
1498 1061 1619 1097 eum,
1653 1052 1697 1088 et
1729 1047 1941 1088 illumina-

1108 1103 1231 1143 mini:
1259 1106 1283 1131 *
1308 1109 1352 1145 et
1378 1104 1514 1146 facies
1532 1108 1694 1144 vestrae
1723 1115 1812 1144 non
1839 1115 1941 1144 con-

1109 1158 1354 1201 fundentur.

1160 1215 1252 1256 Iste
1262 1228 1381 1268 paup
1386 1228 1432 1257 er
1442 1215 1660 1265 clamavit,
1671 1219 1716 1256 et
1722 1214 1941 1256 Dominus

1108 1270 1332 1312 exaudivit
1352 1284 1469 1312 eum:
1482 1271 1507 1297 *
1522 1275 1567 1312 et
1581 1269 1636 1312 de
1652 1269 1855 1312 omnibus
1868 1271 1940 1312 tri-

1107 1325 1406 1368 bulationibus
1426 1327 1517 1378 ejus
1537 1326 1723 1368 salvavit
1743 1339 1854 1368 eum.

1159 1383 1372 1425 Immittet
1387 1383 1584 1434 Angelus
1602 1383 1781 1424 Domini
1798 1383 1843 1423 in
1861 1383 1940 1424 cir-

1108 1438 1230 1480 cuitu
1248 1439 1496 1481 timentium
1520 1451 1639 1480 eum:
1663 1441 1688 1466 *
1713 1443 1758 1481 et
1784 1439 1941 1491 eripiet

1108 1505 1197 1534 eos.
1492 1530 1494 1532 ,

1162 1549 1350 1592 Gustate
1374 1556 1417 1592 et
1441 1549 1589 1592 videte
1612 1550 1821 1602 quoniam
1843 1552 1939 1592 sua-

1107 1607 1174 1648 vis
1202 1611 1270 1647 est
1289 1606 1521 1647 Dominus:
1545 1606 1568 1632 *
1586 1606 1744 1647 beams
1768 1606 1844 1656 vir,
1864 1607 1940 1658 qui

1107 1667 1256 1714 sperat
1282 1663 1326 1702 in
1355 1674 1419 1703 eo.

1158 1718 1330 1760 Timete
1352 1718 1591 1759 Dominum
1619 1730 1772 1759 omnes
1799 1718 1939 1760 sancti

1108 1775 1218 1825 ejus:
1253 1774 1277 1800 *
1318 1774 1526 1826 quoniam
1560 1786 1650 1817 non
1686 1778 1754 1815 est
1789 1774 1938 1826 inopia

1106 1830 1361 1872 timentibus
1389 1843 1500 1872 eum.

1159 1886 1331 1927 Divites
1360 1887 1571 1937 eguerunt
1601 1890 1646 1926 et
1678 1885 1938 1926 esurierunt:

1106 1942 1129 1967 *
1147 1942 1420 1994 inquirentes
1434 1946 1584 1983 autem
1597 1941 1835 1982 Dominum
1848 1953 1937 1982 non

1106 1999 1354 2040 minuentur
1373 1999 1492 2040 omni
1508 1998 1639 2040 bono.
1863 1999 1868 2001 ’

1156 2055 1317 2096 Venite
1331 2054 1421 2104 filii,
1436 2054 1585 2095 audite
1600 2066 1686 2095 me:
1699 2053 1723 2079 *
1734 2053 1936 2094 timorem

1105 2110 1285 2151 Domini
1303 2109 1476 2151 docebo
1497 2121 1587 2151 vos.

1158 2166 1266 2216 Quis
1286 2170 1353 2207 est
1375 2165 1509 2206 homo
1536 2165 1610 2216 qui
1633 2163 1727 2205 vult
1744 2164 1894 2205 vitam:
1912 2164 1936 2189 ¹⁸¹

1106 2221 1246 2272 diligit
1265 2221 1359 2262 dies
1378 2220 1528 2262 videre
1546 2219 1713 2262 bonos?

1156 2276 1348 2318 Prohibe
1366 2276 1559 2326 linguam
1577 2280 1699 2317 tuam
1718 2287 1744 2316 a
1762 2275 1893 2316 malo:
1912 2275 1936 2300 *

1105 2337 1149 2374 et
1167 2332 1283 2373 labia
1301 2337 1377 2374 tua
1394 2345 1449 2373 ne
1468 2332 1706 2384 loquantur
1724 2331 1886 2373 dolum.

1156 2389 1337 2429 Diverte
1357 2401 1382 2429 a
1404 2387 1532 2437 malo,
1559 2393 1602 2429 et
1624 2388 1692 2429 fac
1710 2387 1893 2429 bonum:
1911 2388 1935 2414 ²⁸¹

1104 2444 1274 2496 inquire
1294 2456 1462 2496 pacem,
1482 2448 1526 2485 et
1542 2446 1808 2496 persequere
1827 2456 1935 2485 eam.

1158 2499 1286 2541 Oculi
1303 2499 1482 2540 Domini
1507 2512 1640 2552 super
1663 2500 1817 2551 justos:
1842 2500 1866 2525 *
1891 2504 1936 2541 et

1105 2568 1232 2596 aures
1253 2555 1344 2606 ejus
1363 2555 1407 2596 in
1426 2567 1581 2607 preces
1602 2554 1764 2597 eorum.

1156 2610 1317 2652 Vultus
1345 2616 1491 2652 autem
1510 2611 1688 2652 Domini
1716 2624 1850 2664 super
1875 2611 1934 2652 fa·

1105 2667 1270 2708 cientes
1287 2665 1418 2706 mala:
1442 2667 1465 2691 *
1490 2672 1539 2708 ut
1563 2666 1721 2719 perdat
1740 2666 1796 2709 de
1818 2672 1935 2708 terra

1103 2722 1359 2763 memoriam
1388 2724 1549 2763 eorum.
