2040 2990
630 196 733 229 Infra
759 196 1054 229 chdomadam
1079 196 1142 229 111.
1168 198 1381 231 Adventus.

149 288 265 330 blico
302 289 564 340 virginitatis
599 289 760 342 pudor,
796 302 886 330 non
923 289 979 330 ab

150 344 298 386 studio
318 346 532 397 asperitas
550 346 783 395 montium,
809 358 897 386 non
922 345 978 387 ab

150 400 294 442 officio
325 402 557 454 prolixitas
589 402 756 443 itineris
784 401 976 443 retarda-

148 457 223 498 vit.
259 457 312 498 In
338 460 547 499 montana
565 458 705 509 Virgo
734 471 834 499 cum
859 458 976 499 festi-

148 514 338 564 natione,
356 514 496 565 Virgo
519 514 653 556 officii
670 527 854 564 memor,
873 514 978 566 inja-

148 569 225 610 riae
239 572 479 620 immemor,
500 570 661 612 affectu
676 572 870 622 urgente,
889 583 979 611 non

148 638 271 675 sexu,
303 626 457 667 relicta
487 627 680 679 perrexit
713 626 859 668 domo.
904 627 977 667 Di-

148 682 256 723 scite
288 683 479 733 virgines
510 696 599 724 non
632 684 978 724 circumcursare

147 750 228 790 per
247 738 410 780 alienas
431 739 566 789 aedes,
585 752 675 781 non
694 739 915 780 demorari
933 740 978 779 in

147 794 321 846 plateis,
340 807 430 836 non
449 795 620 847 aliquos
638 796 683 836 in
700 795 881 848 publico
900 796 976 835 mi-

147 852 271 892 scere
307 854 543 893 sermones.
587 852 727 893 Maria
759 852 805 892 in
841 851 975 893 domo

146 918 261 956 sera,
302 907 460 949 festina
494 908 539 948 in
572 907 771 960 publico,
815 908 976 949 mansit

146 962 265 1059 azud
289 966 523 1014 cognatam
547 977 671 1005 suam
694 963 835 1005 tribus
859 966 975 1005 men-

145 1030 182 1058 Sl
213 1031 277 1059 us.

202 1079 252 1131 R.
273 1075 441 1117 Rorate
464 1075 567 1117 coeli
594 1075 799 1128 desuper,
828 1080 872 1117 et
898 1089 974 1116 nu-

144 1129 224 1171 bes
265 1131 420 1184 pluant
459 1132 639 1183 justum:
677 1135 699 1157 *
736 1132 976 1184 Aperiatur

144 1190 281 1237 terra,
333 1192 377 1229 et
427 1188 642 1239 germinet
691 1188 975 1230 Salvatorem.

148 1242 198 1294 V.
222 1243 388 1285 Emitte
408 1244 585 1296 Agnum
611 1245 804 1286 Domine
825 1244 974 1285 Domi-

144 1301 346 1341 natorem
377 1300 620 1350 terrae,-de
647 1301 778 1342 Petra
812 1300 976 1342 deserti

144 1353 203 1396 ad
223 1361 419 1398 montem
438 1357 542 1398 fssiae
563 1357 680 1398 Sion.
726 1357 975 1409 Aperiatur.

76 1444 79 1450 .
449 1415 601 1455 Lectio
622 1415 675 1454 iii.

146 1466 431 1571 Didicistis,
443 1468 647 1519 yirgines,
663 1468 881 1520 pudorem
895 1468 976 1509 Ma·

247 1526 340 1574 riae3
370 1523 525 1566 discite
550 1524 854 1566 humilitatem.
889 1525 974 1566 Ve-

142 1579 207 1621 nit
221 1582 471 1632 propinqua
485 1580 543 1622 ad
556 1581 814 1633 proximam,
834 1581 974 1631 jsmior

143 1635 201 1676 ad
220 1636 453 1677 seniorem:
477 1649 560 1678 nec
579 1636 723 1678 solum
740 1637 876 1686 venit,
895 1637 975 1678 sed

143 1691 277 1732 etiam
293 1692 415 1744 prior
436 1692 654 1734 salutavit.
688 1693 830 1734 Decet
850 1693 974 1742 enim,

142 1752 192 1789 ut
211 1753 376 1800 quanto
403 1749 566 1790 castior
585 1749 726 1800 virgo,
750 1753 875 1790 tanto
898 1749 974 1790 hu—

141 1803 286 1845 milior
303 1804 371 1845 sit.
398 1805 586 1846 Noverit
606 1805 777 1847 deferre
797 1805 974 1846 seniori-

142 1859 236 1901 bus.
283 1860 348 1901 Sit
379 1862 591 1912 magistra
619 1861 896 1910 humilitatis,
929 1861 974 1901 in

144 1928 231 1967 qua
250 1921 317 1957 est
335 1917 556 1969 professio
577 1917 803 1958 castitatis.
830 1917 912 1957 Est
932 1921 975 1958 et

143 1983 277 2013 causa
310 1973 508 2024 pietatis,
548 1977 615 2014 est
652 1973 784 2014 etiam
820 1985 974 2013 norma

143 2027 367 2069 doctrinae.
410 2029 718 2070 Contuendum
751 2033 819 2069 est
847 2029 973 2078 enim,

144 2084 245 2136 quia
264 2085 465 2136 superior
484 2085 605 2126 venit
629 2085 686 2126 ad
710 2085 973 2134 inferiorem,

142 2144 191 2180 ut
230 2140 408 2181 inferior
448 2140 693 2192 adjuvetur:
738 2141 878 2181 Maria
916 2139 973 2181 ad

141 2194 380 2246 Elisabeth,
400 2196 602 2238 Christus
622 2197 679 2238 ad
697 2197 722 2237 J
724 2198 920 2238 oannem.

199 2254 250 2305 Ru
274 2252 643 2294 Germinaverunt
668 2253 813 2305 campi
839 2252 973 2293 eremi

142 2320 321 2358 germen
358 2308 509 2350 odoris
541 2309 692 2350 Israel:
732 2308 833 2360 quia
870 2320 972 2348 ecce

141 2363 263 2404 Deus
289 2368 441 2404 noster
465 2377 564 2405 cum
584 2365 746 2405 vittate
770 2363 930 2412 veniet,
951 2364 973 2387 *

142 2418 199 2459 Et
229 2418 436 2471 splendor
470 2421 561 2471 ejus
591 2433 690 2461 cum
723 2432 786 2461 eo.
829 2417 879 2466 Y.
905 2419 972 2459 Ex

142 2474 246 2515 Sion
283 2476 453 2527 species
491 2476 665 2518 decoris
704 2477 808 2528 ejus:
849 2476 970 2516 Deus

143 2534 294 2571 noster
317 2531 548 2573 manifeste
572 2533 728 2574 veniet.
765 2532 831 2572 Et.
871 2531 970 2572 Glo-

143 2586 207 2626 ria
225 2586 357 2627 Patri.
389 2588 455 2628 Et.

200 2640 270 2681 Ad
298 2641 458 2683 Bened.
500 2643 599 2683 Ant.
635 2645 706 2685 Ex
738 2657 825 2696 quo
854 2644 970 2684 facta

1032 288 1115 330 bus
1134 289 1261 342 meiS,
1291 290 1526 332 exsultavit
1549 292 1592 331 in
1618 291 1781 342 gaudio
1801 292 1860 332 in-

1033 344 1128 385 fans
1147 345 1191 385 in
1209 348 1336 386 utero
1357 359 1467 396 meo,
1487 347 1666 398 alleluja.

1084 407 1171 441 Nisi
1195 408 1357 441 dicenda
1384 408 1434 441 sit
1454 410 1540 441 Ant.
1570 408 1692 442 Nolite
1714 408 1859 444 timere.

1035 460 1074 488 ut
1100 466 1227 497 supra.

1370 503 1532 543 Oratio.

1116 565 1248 615 xcita,
1279 568 1528 618 quaesumus
1551 568 1754 618 Domine,
1781 581 1859 620 po-

1124 622 1306 662 tentiam
1338 627 1472 672 tuam,
1506 627 1550 664 et
1581 624 1693 664 veni:
1724 628 1772 665 ut
1803 624 1858 674 hi,

1032 677 1107 728 qui
1137 677 1182 718 in
1212 682 1289 719 tua
1325 679 1492 730 pietate
1526 679 1769 729 confidunt,
1803 680 1856 722 ab

1031 733 1150 774 omni
1173 734 1300 775 citius
1322 735 1588 777 adversitate
1607 736 1858 777 liberentur:
1907 739 1908 742 ’

1031 790 1116 840 Qui
1134 790 1257 831 vivis.

1088 850 1132 884 Et
1158 851 1297 885 dieitur
1319 852 1367 885 ad
1386 862 1518 885 omncs
1540 852 1680 889 Ilm-as,
1706 860 1858 894 practer-
1907 855 1910 860 '

1034 908 1149 940 quam
1175 899 1212 931 in
1240 900 1431 941 Vesper-is.

1087 958 1157 998 Ad
1181 959 1354 1009 Magnis.
1393 961 1490 1000 Ant.
1526 961 1620 1000 lloc
1647 963 1714 1000 est
1737 960 1857 1001 testi-

1029 1015 1239 1064 monium,
1258 1015 1282 1040 *
1304 1014 1424 1067 quod
1445 1014 1667 1066 perhibuit
1685 1016 1858 1057 J'oafies:

1031 1071 1116 1120 Qui
1133 1076 1238 1123 post
1255 1084 1326 1113 me
1346 1070 1478 1121 venit,
1507 1076 1607 1112 ante
1627 1084 1698 1113 me
1717 1072 1857 1113 factus

1031 1131 1109 1168 est.

1086 1192 1172 1226 Nisi
1199 1193 1361 1226 dicenda
1388 1193 1437 1226 sit
1462 1195 1547 1226 Ant.
1570 1191 1611 1227 Ο.

1086 1250 1178 1283 l‘ost
1205 1250 1356 1285 Preces,
1387 1250 1526 1282 (licitur
1551 1249 1682 1282 mutio
1711 1249 1857 1281 bomin.

1032 1298 1196 1340 praeced.
1224 1298 1362 1331 Aurem
1387 1300 1501 1331 tuam.
1528 1297 1599 1331 155.

1306 1411 1334 1447 S
1353 1423 1378 1447 a
1394 1412 1420 1448 b
1438 1412 1464 1448 b
1483 1423 1509 1448 a
1525 1416 1542 1448 t
1558 1423 1583 1449 o

1196 1474 1394 1522 Quatuor
1417 1474 1695 1523 Temporum.

1035 1543 1186 1585 Lectio
1211 1543 1351 1584 sancti
1370 1542 1598 1593 Evangelii
1617 1542 1857 1583 secondum
1908 1556 1909 1560 ¹

1355 1599 1534 1639 Lucam.

1133 1663 1287 1704 Lectio
1313 1664 1335 1704 i.
1598 1664 1700 1715 Cap.
1721 1665 1756 1703 .3.

1102 1732 1190 1761 nno
1223 1720 1551 1772 quintodecimo
1583 1718 1755 1770 imperii
1787 1717 1855 1757 Ti-

1132 1776 1244 1817 berii
1260 1776 1457 1824 Caesaris,
1472 1776 1737 1827 procurante
1751 1773 1856 1813 Pon-

1027 1832 1089 1872 tio
1108 1832 1251 1873 Pilato
1270 1833 1295 1872 J
1296 1832 1479 1873 udaeam.
1505 1831 1562 1871 Et
1580 1830 1758 1881 reliqua.

1076 1909 1266 1950 Homih'a
1286 1909 1427 1950 sancti
1447 1907 1651 1958 Gregorii
1670 1907 1815 1959 Papae.

1208 1976 1377 2009 Homilia
1398 1976 1457 2009 20.
1482 1975 1518 2009 in
1542 1975 1686 2016 Evang.

1039 2043 1040 2046 ¹
1066 2045 1078 2073 2:
1091 2028 1383 2081 edemptoris
1414 2027 1555 2068 nostri
1586 2026 1853 2075 Praecnrsor,

1126 2097 1212 2136 quo
1226 2085 1428 2137 tempore
1445 2082 1776 2135 praedicationis
1792 2082 1851 2122 of-

1026 2142 1174 2182 ficium
1191 2141 1422 2193 acceperit,
1436 2141 1681 2180 memorato
1695 2139 1852 2179 Roma-

1025 2211 1093 2238 nae
1114 2196 1371 2249 reipfiblicae
1390 2195 1605 2249 principe,
1625 2200 1668 2236 et
1686 2195 1711 2235 J
1712 2194 1852 2235 udaeae

1025 2253 1218 2304 regibus,
1244 2253 1509 2303 designatur.
1544 2251 1655 2300 Quia
1673 2250 1786 2291 enim
1805 2249 1851 2289 il-

1025 2309 1115 2350 lum
1133 2308 1378 2360 praedicare
1398 2307 1616 2356 veniebat,
1644 2306 1718 2358 qui
1736 2310 1778 2346 et
1798 2318 1852 2346 ex

1025 2364 1178 2406 Judaea
1196 2364 1422 2417 quosdam,
1443 2368 1486 2404 et
1499 2363 1662 2403 multos
1678 2374 1732 2402 ex
1748 2361 1853 2401 Gen·

1024 2420 1143 2461 tibus
1159 2420 1468 2472 redempturus
1484 2423 1591 2460 erat:
1610 2430 1690 2470 per
1704 2429 1851 2466 regem

1026 2476 1234 2517 Gentium
1270 2481 1314 2517 et
1344 2475 1566 2527 principes
1596 2474 1620 2514 J
1622 2472 1852 2514 udaeorum

1024 2532 1355 2584 praedicationis
1388 2532 1477 2582 ejus
1509 2531 1710 2581 tempora
1740 2526 1850 2568 desi-

1024 2590 1222 2638 gnantur.
1273 2587 1384 2637 Quia
1431 2590 1578 2626 autem
1617 2583 1849 2625 Gentilitas

1025 2643 1272 2694 colligenda
1287 2647 1391 2692 erat,
1407 2647 1451 2683 et
1461 2642 1485 2682 J
1486 2641 1614 2681 udaea
1628 2651 1709 2691 pro
1721 2637 1848 2688 culpa

145 2701 212 2738 est
231 2698 255 2722 ¹⁸¹
274 2709 361 2738 vox
384 2699 661 2741 salutationis
682 2705 770 2741 tuae
795 2700 838 2740 in
862 2699 971 2740 auri·
998 2706 1004 2749 1
1023 2699 1222 2751 perfidiae
1239 2697 1543 2749 dispergenda,
1561 2697 1658 2747 ipsa
1673 2704 1847 2745 quoque
