2040 2990
237 234 302 269 316

236 332 459 373 minimum
490 335 555 372 est
582 329 783 371 omnibus
807 327 1057 370 seminibus:

238 401 334 430 cum
359 392 504 429 autem
529 387 728 436 creverit,
759 386 896 437 majus
922 389 989 426 est
1015 386 1057 424 o-

234 444 407 486 mnibus
427 443 629 485 oleribus.

282 501 331 547 V.
365 500 578 542 Dominus
606 498 820 550 regnavit,
853 497 1057 539 decorem

235 557 386 599 induit.
410 558 459 609 Rg.
488 556 635 598 Induit
652 555 865 596 Dominus
887 554 1056 596 fortitu-

236 614 391 664 dinem,
411 619 455 656 et
473 612 702 667 praecinxit
721 624 767 653 se
788 611 958 652 virtute.

560 670 721 710 Oratio.

238 721 454 826 Praesta
494 729 742 780 quaesumus
781 726 1056 776 omnipotens

337 785 471 826 Deus:
501 789 550 825 ut
581 795 754 835 semper
783 780 1055 822 rationabilia

233 841 511 890 meditantes,
542 853 638 892 quae
662 839 742 880 tibi
766 843 865 879 sunt
883 837 1055 890 placita,

234 903 278 939 et
314 897 441 939 dictis
486 898 792 949 exsequamur,
838 899 880 936 et
919 894 1055 936 factis.

232 955 317 996 Per
337 955 584 995 Dominum.

288 1012 356 1052 Ad
376 1012 547 1061 Magnis.
572 1013 670 1052 Ant.
694 1013 843 1054 Simile
864 1018 931 1055 est
949 1013 973 1038 *
991 1026 1054 1054 re-

232 1085 362 1123 gnum
383 1071 594 1112 coelorum
608 1070 832 1119 fermento,
854 1069 973 1122 quod
989 1083 1054 1111 ac—

233 1130 409 1181 ceptum
427 1127 582 1169 mulier
601 1126 831 1168 abscondit
848 1127 891 1167 in
906 1126 1054 1168 farinae

233 1185 338 1226 satis
375 1184 532 1234 tribus,
574 1183 713 1226 donec
750 1184 1054 1225 fermentatum

234 1246 299 1283 est
316 1246 469 1283 totum.

283 1290 331 1341 ‹V-
351 1298 573 1348 Dirigatur
586 1297 773 1339 Domine
788 1297 929 1339 oratio
948 1310 1054 1339 mea.

232 1352 281 1403 R.
297 1355 417 1396 Sicut
431 1355 654 1395 incensum
663 1354 706 1394 in
718 1355 956 1406 conspectu
966 1360 1054 1396 tuo.

401 1459 575 1495 Feria
607 1458 889 1496 Secunda.

330 1510 397 1553 De
425 1510 623 1563 Epistola
651 1510 708 1552 ad
734 1510 960 1552 Hebraeos.

360 1571 509 1611 Lectio
532 1571 554 1610 i.
764 1571 864 1623 Cap.
885 1573 921 1612 3.

257 1643 308 1686 aa
331 1627 415 1669 nde
443 1628 597 1670 fratres
626 1627 779 1677 sancti,
811 1629 1052 1671 vocationis

257 1683 307 1711 Μ
352 1684 544 1726 coelestis
572 1684 823 1737 participeS‚
858 1685 1052 1728 conside-

229 1743 324 1782 rate
339 1741 603 1793 Apostolum
623 1745 666 1782 et
679 1741 937 1783 Pontificem
953 1755 1053 1784 con-

229 1797 430 1839 fessionis
449 1803 613 1840 nostrae
631 1798 656 1838 J
659 1811 796 1839 esum:
819 1798 892 1850 qui
910 1798 1052 1840 fidelis

231 1859 297 1895 est
317 1854 371 1904 ei,
400 1855 475 1907 qui
500 1855 602 1896 fecit
623 1854 745 1895 illum
765 1855 878 1896 sicut
899 1860 942 1897 et
961 1856 1051 1898 Mo-

229 1924 329 1963 yses
355 1911 399 1951 in
422 1912 539 1952 omni
563 1911 695 1953 domo
721 1912 821 1964 ejus.
857 1911 1051 1965 Amplio-

229 1967 289 2008 ris
324 1967 438 2009 enim
470 1967 622 2019 gloriae
660 1968 743 2009 iste
775 1981 866 2020 prae
899 1969 1052 2021 Moyse

231 2022 386 2075 dignus
402 2029 469 2066 est
485 2024 672 2074 habitus,
693 2030 855 2077 quanto
873 2025 1051 2078 amplio-

229 2092 321 2121 rem
353 2080 567 2122 honorem
599 2081 733 2123 habet
765 2081 937 2132 domus,
979 2083 1050 2134 qui

230 2135 460 2179 fabricavit
495 2137 624 2178 illam.
675 2138 827 2179 Omnis
864 2152 1052 2192 namque

231 2192 387 2234 domus
420 2193 655 2235 fabricatur
686 2194 740 2236 ab
774 2195 937 2248 aliquo:
977 2196 1052 2248 qui

230 2254 374 2291 autem
394 2250 537 2291 omnia
557 2251 730 2301 creavit,
750 2252 869 2294 Deus
890 2258 966 2295 est.

282 2306 330 2357 R.
359 2306 498 2356 Quam
517 2320 683 2357 magna.
702 2309 795 2349 288.

533 2363 681 2403 Lectio
702 2365 739 2403 ii.

308 2423 326 2460 t
344 2418 520 2471 Moyses
541 2419 715 2471 quidem
738 2420 878 2462 fidelis
899 2427 990 2464 erat
1008 2423 1050 2463 in

316 2480 411 2517 tota
422 2474 554 2517 domo
571 2477 660 2528 ejus
677 2481 899 2529 tamquam
917 2479 1050 2520 famu-

229 2532 313 2582 lus,
350 2533 393 2572 in
423 2532 721 2573 testimonium
750 2535 916 2583 eorum,
952 2548 1051 2587 quae

230 2588 413 2630 dicenda
434 2594 569 2629 erant:
601 2588 796 2630 Christus
817 2603 921 2631 vero
946 2596 1050 2633 tam-

231 2658 360 2697 quam
380 2644 493 2685 filius
517 2645 559 2685 in
585 2645 716 2686 domo
741 2659 833 2686 sua:
859 2659 955 2698 quae
977 2647 1050 2688 do-

229 2714 324 2742 mus
357 2714 506 2742 sumus
538 2714 636 2750 nos,
676 2702 713 2742 si
748 2702 968 2752 fiduciam,
1009 2710 1052 2746 et

229 2758 413 2809 gloriam
445 2758 538 2810 spei
570 2771 709 2810 usque
741 2759 796 2800 ad
824 2759 954 2801 finem
982 2760 1050 2802 fir-

620 233 720 266 Insrai
748 233 1038 266 Ichdoniudani
1066 233 1114 265 vi.
1142 236 1229 274 post
1255 232 1522 275 Epiphaniam.

1108 339 1224 367 mam
1244 327 1518 369 retineamus.
1553 327 1830 381 Quapropter
1850 329 1928 370 sic-

1108 387 1156 424 ut
1175 383 1280 425 dicit
1299 384 1486 436 Spiritus
1509 388 1699 426 sanctus:
1723 384 1869 427 Hodie
1892 386 1929 426 si

1109 453 1262 481 vocem
1284 441 1373 492 ejus
1392 440 1625 491 audieritis,
1643 440 1778 482 nolite
1793 441 1927 483 obdu-

1108 499 1206 538 rare
1226 497 1360 539 corda
1378 502 1537 547 vestra,
1564 497 1677 539 sicut
1694 498 1737 538 in
1757 510 1928 540 exacer-

1108 553 1284 595 batione
1321 552 1560 595 secundum
1587 553 1702 596 diem
1727 554 1928 596 tentatio-

1108 610 1174 651 nis
1193 610 1236 650 in
1257 610 1444 652 deserto.

1158 670 1208 721 R.
1238 667 1424 719 Adiutor
1442 679 1575 709 meus.
1593 667 1687 708 288.

1405 726 1555 767 Lectio
1578 726 1632 766 iii.

1107 778 1316 885 Videte
1335 781 1500 830 fratres
1519 793 1573 822 ne
1592 780 1704 823 forte
1723 781 1778 822 sit
1796 780 1839 821 in
1855 780 1928 822 ali-

1204 851 1290 891 quo
1310 842 1504 879 vestrum
1524 850 1599 879 cor
1616 837 1778 879 malum
1793 837 1927 879 incre-

1108 895 1318 945 dulitatis,
1355 893 1609 935 discedendi
1637 907 1661 935 a
1688 894 1785 935 Deo
1812 894 1928 935 vivo:

1107 951 1187 994 sed
1215 951 1506 993 adhortamini
1532 952 1824 1003 vosmetipsos
1849 962 1928 1003 per

1107 1008 1300 1060 singulos
1322 1008 1427 1058 dies,
1447 1007 1587 1049 donec
1605 1006 1752 1049 Hodie
1769 1019 1927 1058 cogno-

1106 1066 1306 1114 minatur,
1325 1070 1374 1106 ut
1394 1077 1480 1106 non
1500 1063 1739 1106 obduretur
1758 1063 1855 1116 quis
1874 1076 1928 1105 ex

1106 1122 1233 1164 vobis
1265 1121 1434 1163 fallacia
1465 1121 1646 1174 peccati.
1686 1120 1927 1173 Participes

1107 1180 1221 1221 enim
1249 1178 1407 1220 Christi
1435 1177 1577 1220 effecti
1605 1189 1767 1218 sumus:
1804 1177 1841 1218 si
1867 1181 1927 1219 ta-

1106 1249 1204 1278 men
1223 1236 1390 1277 initium
1407 1234 1661 1276 substantiae
1681 1235 1771 1286 ejus
1789 1246 1928 1286 usque

1106 1293 1163 1335 ad
1178 1293 1309 1334 finem
1324 1292 1496 1333 firmum
1511 1291 1785 1332 retineamus.
1812 1289 1928 1331 Dum

1107 1349 1278 1391 dicitur:
1314 1347 1460 1390 Hodie
1493 1348 1529 1388 si
1556 1360 1710 1389 vocem
1737 1347 1827 1399 ejus
1857 1359 1928 1388 au-

1107 1406 1289 1456 dieritis,
1313 1405 1449 1447 nolite
1470 1404 1687 1446 obdurare
1705 1403 1839 1446 corda
1857 1416 1927 1446 ve-

1105 1469 1206 1512 stra,
1227 1460 1596 1515 quemadmodum
1610 1461 1653 1501 in
1667 1460 1743 1502 illa
1756 1473 1927 1503 exacer-

1105 1520 1292 1562 batione.
1335 1518 1521 1570 Quidam
1554 1517 1669 1559 enim
1701 1516 1927 1560 audientes

1106 1576 1489 1618 exacerbaverunt:
1518 1574 1597 1616 sed
1622 1587 1709 1616 non
1737 1574 1927 1616 universi

1106 1634 1180 1687 qui
1202 1633 1387 1686 profecti
1412 1636 1514 1674 sunt
1543 1644 1597 1672 ex
1622 1632 1817 1684 AEgypto
1849 1643 1928 1684 per

1103 1691 1297 1743 Moysen.

1159 1748 1209 1799 Rv.
1232 1745 1506 1788 Benedicam.
1524 1745 1619 1786 289.

1295 1855 1479 1892 Feria
1513 1853 1741 1891 Tertia.

1198 1907 1265 1949 De
1292 1906 1493 1960 Epistola
1519 1905 1576 1948 ad
1602 1905 1830 1948 Hebraeos.

1236 1966 1387 2007 Lectio
1407 1966 1431 2006 i.
1641 1965 1742 2017 Cap.
1762 1966 1799 2005 4.

1124 2040 1136 2044 ⁷*
1197 2026 1407 2068 imeamus
1427 2037 1548 2076 ergo,
1571 2037 1626 2066 ne
1648 2024 1759 2066 forte
1776 2025 1927 2066 relicta

1132 2124 1137 2127 ,
1220 2082 1537 2136 pollicitatione
1583 2081 1831 2123 introeundi
1881 2081 1925 2122 in

1105 2140 1299 2192 requiem
1329 2139 1435 2190 ejus,
1468 2138 1739 2180 existimetur
1767 2137 1924 2190 aliquis

1106 2210 1160 2239 ex
1182 2195 1307 2237 vobis
1332 2195 1497 2237 deesse.
1533 2195 1707 2236 Etenim
1734 2199 1777 2236 et
1798 2194 1925 2236 nobis

1104 2253 1346 2294 nuntiatum
1375 2256 1456 2302 est,
1489 2250 1857 2304 quemadmodum
1883 2255 1926 2292 et

1104 2309 1199 2350 illis.
1238 2308 1325 2350 Sed
1354 2320 1440 2349 non
1471 2307 1636 2360 profuit
1666 2307 1750 2348 illis
1781 2319 1924 2348 sermo

1105 2365 1294 2415 auditus,
1317 2377 1403 2406 non
1428 2364 1640 2406 admistus
1663 2363 1766 2405 fidei
1789 2376 1843 2405 ex
1862 2364 1925 2414 iis,

1106 2435 1204 2475 quae
1222 2420 1463 2463 audierunt.
1491 2419 1790 2471 Ingrediemur
1811 2420 1924 2462 enim

1104 2480 1147 2520 in
1167 2478 1371 2531 requiem,
1393 2478 1464 2530 qui
1483 2476 1758 2518 credidimus:
1779 2489 1924 2529 quem-

1106 2534 1342 2577 admodum
1362 2533 1484 2575 dixit:
1509 2533 1629 2574 Sicut
1648 2533 1782 2584 juravi
1801 2533 1845 2574 in
1863 2533 1924 2574 ira

1104 2604 1215 2633 mea:
1241 2591 1284 2632 Si
1305 2589 1546 2632 introibunt
1565 2590 1608 2630 in
1627 2590 1821 2642 requiem
1838 2602 1924 2631 me-

1105 2662 1188 2690 am:
1208 2652 1250 2689 et
1270 2646 1446 2698 quidem
1466 2646 1671 2699 operibus
1691 2646 1745 2688 ab
1760 2646 1924 2688 institu-

1105 2705 1224 2747 tione
1242 2703 1390 2744 mundi
1412 2703 1625 2755 perfectis.

1156 2763 1206 2814 R.
1231 2759 1423 2801 Auribus
1443 2760 1630 2812 percipe.
1651 2760 1745 2800 289.
