2040 2990
790 200 853 234 Ad
879 200 1191 244 Completorium.

278 293 475 335 Oremus.
680 297 844 338 Oratio.

235 356 392 398 retiam
427 362 562 406 tuam,
600 360 850 410 quaesumus
886 359 974 400 Do-

249 412 382 462 mine,
413 413 630 456 mentibus
653 415 816 462 nostris
837 415 974 456 infun-

148 467 218 510 de:
236 473 285 510 ut
305 470 389 522 qui,
408 469 579 522 Angelo
598 471 835 522 nuntiante,
855 471 973 513 Chri-

147 525 204 565 sti
227 525 324 566 Filii
353 527 415 567 tui
439 527 791 569 Incarnatienem
814 531 973 579 cogno-

146 581 302 631 vimus,
327 595 406 635 per
428 583 679 635 passienem
703 584 793 635 ejus
818 589 861 626 et
880 597 973 626 cru-

147 650 242 678 cem
261 637 318 679 ad
332 639 664 682 resurrectienis
678 639 863 691 gloriam
877 654 972 693 per-

146 693 368 735 ducamur.
407 696 492 737 Per
511 695 722 738 'eumdem
751 696 973 739 Christum

144 750 383 792 Dominum
401 757 611 794 nostrum.
638 756 689 809 Rt·
710 754 863 795 Amen.

198 826 238 865 A
279 824 311 866 Ι.
346 824 479 877 Vesp.
520 825 663 866 Nativ.
704 825 882 867 Domini
930 832 973 867 et

147 880 366 934 deinceps.
410 875 461 928 V.
496 878 604 920 Post
634 883 809 931 partum
833 880 971 931 Virgo

143 931 353 973 inviolata
379 935 668 986 permansisti.
701 939 752 1000 ῆι.
780 936 864 977 Dei
889 937 971 978 Ge-

143 988 276 1029 nitrix
292 989 516 1033 intercede
534 1004 616 1044 pro
634 991 774 1034 nobis.

274 1068 472 1110 Oremus.
676 1071 841 1113 Oratio.

235 1148 328 1185 eus,
354 1137 428 1189 qui
452 1137 603 1180 salutis
627 1141 803 1182 aeternae
826 1140 970 1183 beatae

246 1192 397 1235 Mariae
407 1194 656 1246 virginitate
668 1196 885 1247 foecunda,
895 1198 970 1239 hu-

142 1249 273 1289 mano
285 1250 434 1300 generi
444 1252 625 1304 praemia
636 1254 894 1306 praestitisti:
906 1258 972 1296 tri-

142 1303 519 1358 bue‚‹quaesumus;
533 1313 581 1350 ut
591 1309 732 1362 ipsam
747 1323 828 1363 pro
844 1311 970 1353 nobis

142 1360 415 1405 intercedere
443 1365 697 1416 sentiamus,
730 1379 810 1419 per
840 1381 971 1420 quam

141 1418 380 1460 meruimus
395 1422 620 1463 aucterem
631 1422 734 1464 vitae
747 1427 971 1477 suscipere

141 1473 379 1516 Deminum
424 1482 623 1519 nostrum
663 1479 688 1519 J
690 1492 814 1521 esum
852 1481 970 1522 Chri-

143 1534 258 1571 stum
277 1532 434 1574 Filium
452 1538 585 1576 tuum.
609 1540 658 1591 R.
678 1537 832 1578 Amen.

198 1614 292 1648 Post
315 1613 525 1655 Purifieat.,
551 1615 590 1650 id
615 1620 687 1655 est,
714 1627 734 1650 a
759 1617 832 1651 fine
859 1617 968 1652 Com-

142 1662 298 1705 pletorii
329 1662 432 1697 illius
465 1663 542 1697 diei
574 1665 756 1699 secundae
780 1665 888 1699 Febr.
915 1666 968 1699 in-

143 1709 301 1754 clusive,
326 1721 448 1755 usque
475 1712 523 1746 ad
546 1711 697 1747 Feriam
714 1713 757 1747 V.
783 1713 822 1747 in
848 1714 967 1748 Coena

142 1756 298 1792 Domini
324 1759 532 1795 exclusive.

423 1833 688 1886 Antiphona.

175 1932 265 1987 s
277 1905 911 2017 Ἔὲθῗὲὲἓῗέῗῗὲξῖἰόωω,

218 2017 346 2059 Salve
362 2018 497 2070 radix,
522 2020 641 2063 salve
660 2027 799 2075 porta,

217 2074 285 2115 Ex
306 2087 391 2127 qua
411 2075 576 2118 mundo
595 2077 669 2120 lux
689 2084 756 2121 est
774 2085 884 2121 orta:

169 2151 322 2193 Gaude
339 2152 477 2204 Virgo
496 2153 700 2206 gloriosa,

213 2208 354 2261 Super
374 2222 525 2251 omnes
548 2212 760 2264 speciesa,

217 2264 329 2306 Vale
349 2278 375 2306 ο
394 2266 523 2308 valde
543 2266 716 2319 decora,

218 2321 274 2361 Et
293 2334 374 2373 pro
393 2322 521 2365 nobis
539 2323 759 2367 Christum
779 2329 923 2368 exora.

1793 204 1853 239 131

1080 298 1132 347 V.
1149 295 1342 347 Dignare
1361 311 1431 340 me
1445 298 1625 341 laudare
1639 304 1694 350 te,
1713 300 1852 352 Virgo

1029 355 1210 394 sacrata.
1241 355 1292 408 R.
1314 354 1509 395 Damihi
1530 356 1734 398 virtutem
1753 370 1852 398 con-

1028 413 1095 450 tra
1114 409 1265 451 hostes
1284 414 1396 452 tuos.
1694 422 1698 425 ’

1157 470 1354 512 Oremus.
1561 474 1723 514 Oratio.

1105 527 1283 578 oncede‚
1302 529 1550 570 misericors
1568 529 1703 579 Deus,
1727 531 1850 582 fragi-

1120 583 1231 625 litati
1250 590 1413 626 nostrae
1430 585 1698 638 praesidium:
1716 591 1763 628 ut
1779 588 1850 639 qui

1026 646 1190 686 sanctae
1218 642 1302 683 Dei
1332 642 1566 683 Genitricis
1596 644 1851 684 memeriam

1027 698 1212 748 agimus,
1226 699 1551 740 intercessioms
1571 699 1661 751 ejus
1680 700 1850 750 auxilio⁷

1025 766 1051 794 a
1070 755 1232 796 nostris
1247 754 1546 807 iniquitatibus
1563 759 1851 808 resurgamus.

1025 811 1109 852 Per
1134 811 1337 853 elimdem
1359 811 1590 853 Christum.
1624 816 1676 868 R».
1699 812 1851 855 Amen.

1077 865 1129 918 V.
1171 868 1378 910 Divinum
1426 868 1633 910 auxilium
1677 872 1851 911 maneat

1026 937 1199 977 semper
1223 925 1463 967 nobiscum.
1496 929 1547 981 R.
1571 925 1723 968 Amen.

1078 987 1229 1022 Deinde
1254 987 1392 1022 dicitur
1419 994 1567 1024 secreto
1583 987 1696 1022 Pater
1710 992 1850 1022 noster.

1026 1036 1110 1069 Ave
1134 1033 1264 1069 Maria.
1286 1040 1323 1070 et
1347 1035 1487 1071 Credo.

1079 1083 1120 1118 Si
1144 1089 1234 1127 post
1259 1084 1445 1128 Complet.
1472 1085 1690 1119 immediate
1716 1095 1850 1128 sequa-

1023 1137 1084 1167 tur
1108 1134 1249 1173 Matut.,
1273 1138 1362 1168 tunc
1386 1134 1447 1167 bis
1473 1133 1622 1168 dicatur
1650 1133 1762 1167 Pater
1785 1143 1850 1167 no-

1025 1183 1113 1215 ster.
1141 1182 1223 1216 Ave
1247 1180 1378 1215 Maria.
1401 1186 1436 1216 et
1461 1180 1607 1216 Credo:
1634 1182 1723 1225 quia
1742 1180 1851 1215 Com-

1024 1230 1246 1274 pletorium.
1278 1230 1382 1274 quod
1412 1235 1470 1264 est
1499 1230 1585 1263 finis
1618 1229 1760 1265 Officii.
1796 1228 1850 1261 sic

1025 1278 1222 1312 terminari
1262 1278 1392 1320 debet,
1433 1283 1468 1312 et
1504 1283 1590 1311 ante
1625 1277 1849 1311 Matutinum

1026 1326 1162 1360 iterum
1192 1327 1376 1369 repetitur
1406 1337 1476 1369 pro
1508 1326 1699 1369 principio
1726 1324 1849 1358 Officii

1026 1376 1222 1418 sequentis
1246 1375 1332 1409 diei.

1076 1424 1313 1466 Antiphonae
1331 1422 1528 1466 przedictae
1544 1422 1722 1456 (licuntur
1736 1421 1849 1454 ctiam

1023 1472 1063 1505 in
1087 1472 1160 1505 fine
1178 1471 1367 1509 Laudum,
1393 1471 1547 1514 quando
1574 1469 1850 1504 discedendum

1024 1524 1081 1554 est
1112 1531 1133 1554 a
1164 1520 1309 1554 Choro:
1345 1520 1413 1553 sed
1446 1519 1494 1553 si->
1513 1518 1730 1552 immediate
1761 1522 1850 1560 post

1022 1568 1153 1602 Matut.
1193 1569 1450 1611 subsequatur
1489 1567 1633 1609 Prima,
1673 1566 1735 1599 vel
1775 1565 1849 1598 alia

1023 1617 1143 1656 Hora,
1175 1616 1354 1650 dicuntur
1386 1617 1425 1650 in
1454 1616 1527 1650 fine
1552 1615 1697 1649 ultimae
1724 1614 1849 1648 Horae.

1023 1666 1075 1700 ita
1099 1670 1141 1699 ut
1171 1664 1347 1698 dicantur
1377 1675 1543 1707 semper,
1575 1663 1748 1706 quando,
1780 1668 1849 1695 ter-

1022 1714 1166 1747 minata
1192 1712 1322 1755 aliqua
1348 1713 1464 1749 Hora,
1490 1710 1767 1745 discedendum
1793 1714 1850 1742 est

1023 1773 1045 1796 a
1082 1762 1226 1796 Choro:
1264 1765 1300 1794 et
1339 1765 1428 1795 tunc
1466 1764 1555 1803 post
1584 1753 1628 1799 Y.
1657 1758 1847 1809 Fidelium

1023 1807 1171 1842 animae.
1196 1812 1233 1842 et
1258 1807 1370 1842 Pater
1392 1810 1532 1841 noster.
1559 1811 1725 1842 secreto„
1757 1804 1848 1837 dicl-

1022 1862 1082 1892 tur
1114 1852 1158 1898 Y.
1181 1854 1370 1889 Dominus
1401 1854 1466 1889 det
1494 1854 1608 1889 nobis
1639 1865 1749 1889 suam
1778 1865 1845 1899 pa-

1023 1915 1114 1939 cem.
1141 1903 1258 1949 RvsEt
1280 1902 1400 1938 vitam
1425 1903 1616 1937 aeternam.
1644 1902 1778 1938 Amen.

1074 1953 1223 1988 Deinde
1252 1962 1329 1987 una
1359 1962 1407 1986 ex
1437 1951 1633 1995 praedictis
1659 1949 1849 1994 Antipho-

1019 2002 1079 2035 nis
1110 2005 1147 2035 et
1177 2001 1216 2034 in
1244 2001 1317 2035 fine
1344 1999 1524 2035 Divinum
1557 1999 1742 2034 auxilium
1769 2001 1844 2034 ma-

1020 2051 1110 2083 neat
1134 2054 1286 2092 semper
1307 2049 1518 2083 nobiscum.
1559 2049 1603 2092 R.
1623 2047 1757 2083 Amen.

1074 2096 1193 2130 Extra
1223 2094 1393 2131 Chorum
1429 2100 1554 2130 autem
1595 2096 1774 2130 dicuntur
1809 2095 1846 2129 in

1019 2144 1093 2178 fine
1109 2144 1295 2186 Laudum,
1321 2145 1354 2178 si
1379 2150 1468 2179 tunc
1493 2144 1772 2179 terminandum
1799 2144 1846 2176 sit

1021 2191 1213 2231 Officium:
1231 2193 1405 2236 alioquin
1423 2194 1459 2226 in
1475 2193 1546 2227 fine
1561 2193 1704 2226 ultima:
1719 2192 1844 2225 Horae.

1019 2239 1114 2274 Post
1139 2241 1235 2275 alias
1259 2251 1351 2274 vero
1374 2240 1515 2283 Horas,
1542 2240 1696 2284 quando
1723 2239 1845 2272 termi-

1019 2294 1132 2322 natur
1156 2289 1278 2331 Offic.‚
1308 2288 1448 2323 dicitur
1473 2293 1618 2322 tantum
1645 2287 1755 2322 Pater
1777 2296 1843 2322 no-

1020 2339 1106 2371 ster.
1132 2342 1291 2371 secreto.
