2080 2990
670 216 878 250 Commune
902 216 1147 249 (himfcssoris
1176 215 1382 249 I‘omin'cis.

1815 213 1883 257 [55]

174 312 286 352 mnis
321 315 439 352 terra
473 310 675 352 doctrina
710 311 800 362 ejus
834 310 1003 363 replcta

175 373 254 410 est:
277 373 298 395 *
320 368 424 420 Ipse
444 366 687 409 interccdat
705 380 788 420 pro
807 367 1002 419 peccatis

175 424 368 466 omnium
403 424 680 477 popu16rum.
725 422 774 473 Y.
808 424 899 465 Iste
937 429 1004 466 est

175 481 248 533 qui
282 480 548 533 contempsit
581 481 715 522 vitam
749 479 918 529 mundi,
961 485 1004 522 et

174 537 373 590 pervcnit
399 536 456 578 ad
478 537 676 581 coelestia
702 549 846 587 regna.
890 537 1002 589 Ipse.

176 593 326 636 Gloria
344 593 476 635 Patri.
512 593 627 646 Ipse.

398 679 446 717 In
465 679 535 717 III.
557 679 778 718 Nocturno.

229 749 326 788 Ant.
357 745 556 795 Domine,
575 746 599 772 *
623 745 705 786 istc
730 749 907 786 sanctus
930 744 1002 785 ha-

173 802 332 844 bitabit
356 803 399 843 in
424 801 708 843 tabernaculo
732 805 820 850 tuo,
850 803 1003 853 opera-

173 865 245 901 tus
288 864 355 900 est
394 858 622 911 justitiam,
672 858 919 910 requicscet
959 858 1003 898 in

173 921 323 958 monte
351 919 504 956 sancto
532 919 622 956 tuo.

450 988 646 1028 Psalmus
676 990 732 1028 14.

186 1074 188 1084 .
206 1056 271 1099 ,Ἥ
305 1046 448 1087 omine
465 1045 562 1097 quis
578 1045 794 1087 habitabit
810 1046 853 1086 in
869 1045 1005 1088 taber·

176 1092 275 1157 μ)
328 1102 485 1144 naculo
519 1100 620 1143 tuo?
649 1103 673 1129 *
701 1107 776 1143 aut
810 1103 906 1155 quis
940 1116 1003 1144 re-

186 1157 289 1187 '²5ss
331 1159 526 1211 quicscet
570 1159 614 1199 in
658 1164 808 1200 monte
850 1164 1003 1201 sancto

174 1219 273 1256 tuo.

228 1277 312 1327 Qui
330 1276 572 1328 ingreditur
592 1276 684 1318 sine
703 1278 890 1328 macula,
912 1279 936 1304 *
961 1283 1004 1320 ct

175 1335 384 1386 operatur
403 1333 625 1386 justitiam:

228 1395 312 1446 Qui
334 1395 528 1448 loquitur
547 1398 778 1439 veritatem
800 1396 844 1436 in
869 1395 1003 1437 corde

175 1464 274 1501 suo,
301 1452 325 1478 *
355 1452 429 1504 qui
454 1465 543 1494 non
569 1454 657 1505 egit
683 1452 832 1495 dolum
859 1453 903 1493 in
927 1452 1003 1493 lin-

175 1520 261 1558 gua
279 1521 373 1549 sua:

226 1569 322 1611 Nec
339 1569 443 1611 fecit
460 1572 663 1623 pr6ximo
684 1583 764 1612 suo
782 1569 961 1620 malum,
979 1571 1003 1596 *

176 1630 220 1667 et
243 1625 532 1678 opprobrium
554 1640 642 1669 non
662 1627 832 1679 acecpit
852 1626 1002 1668 advor-

175 1695 249 1723 sus
267 1683 495 1735 proximos
515 1697 628 1726 suos.

227 1743 300 1785 Ad
317 1743 500 1786 nihilum
518 1745 735 1788 deductus
755 1749 822 1786 est
840 1745 884 1786 in
904 1757 1002 1786 con-

175 1801 331 1853 spcctu
358 1802 448 1853 ejus
478 1802 711 1853 malignus:
743 1801 767 1827 *
798 1801 1002 1843 timcntes

175 1861 322 1898 autem
339 1857 578 1900 Dominum
597 1858 830 1910 glorificat:
871 1858 878 1866 '

227 1918 312 1968 Qui
337 1918 450 1970 jurat
475 1919 679 1972 proximo
707 1931 808 1969 suo,
841 1923 885 1960 et
913 1931 1003 1960 non

175 1972 353 2026 dccipit‚
377 1975 402 2001 *
430 1975 505 2028 qui
522 1976 754 2028 pecuniam
773 1988 897 2016 suam
915 1987 1002 2017 non

88 2034 94 2043 “
175 2029 297 2072 dedit
316 2030 373 2072 ad
391 2035 583 2082 usuram,
607 2036 651 2074 et
668 2035 851 2073 munera
869 2044 1002 2084 super

173 2086 451 2130 inuocantem
469 2101 556 2130 non
576 2089 756 2141 acecpit.

176 2203 185 2212 ⁰
226 2148 310 2199 Qui
327 2148 431 2190 facit
449 2148 564 2200 haec,
591 2150 615 2175 *
642 2162 730 2191 non
754 2149 1002 2191 movebitur

173 2217 217 2244 1n
236 2206 458 2247 aetcrnum.

227 2277 325 2317 Ant.
356 2275 554 2324 Domine,
581 2275 664 2316 istc
686 2280 863 2316 sanctus
882 2275 1001 2317 habi-

173 2329 287 2373 tabit
303 2331 348 2372 in
366 2331 651 2374 tabernaculo
673 2336 762 2382 tuo,
791 2334 1001 2384 operatus

175 2391 242 2428 est
260 2387 485 2438 justitiam,
519 2388 767 2440 requicscet
787 2388 831 2429 in
850 2393 1001 2430 monte

174 2447 328 2485 saneto
348 2448 438 2485 tuo.

227 2508 325 2548 Ant.
355 2508 504 2550 Vitam
526 2509 655 2562 petiit
678 2511 702 2536 *
724 2522 750 2551 a
773 2514 833 2559 te,
862 2514 906 2551 et
927 2510 1000 2551 tri-

172 2562 308 2604 bu1sti
332 2564 372 2605 ei
398 2565 602 2607 Domine:
632 2566 816 2618 gloriam
844 2571 888 2608 et
912 2579 999 2607 ma-

172 2632 304 2670 gnum
342 2620 548 2664 decorem
581 2622 830 2675 imposuisti
868 2635 1000 2675 super

174 2688 288 2716 eum:
315 2678 502 2728 posuisti
523 2678 568 2718 in
591 2679 737 2731 capite
762 2680 852 2731 ejus
876 2681 999 2720 coro—

173 2744 275 2772 nam
295 2731 350 2774 dc
367 2732 516 2785 lapide
534 2735 743 2787 pretioso.

1335 312 1529 351 l'salmus
1550 315 1618 351 ΖΗ.

1146 366 1289 407 Omine
1312 367 1356 408 in
1379 366 1539 408 virtute
1565 371 1640 408 tua
1663 366 1885 408 laetabitur

1175 435 1267 464 rex:
1291 424 1315 448 *
1339 428 1382 465 et
1401 436 1533 475 super
1552 423 1742 465 salutare
1760 428 1883 465 tuum

1056 479 1292 521 exsultabit
1310 479 1601 521 vehemcnter.

1107 535 1387 577 Desidcrium
1411 535 1557 577 cordis
1582 537 1672 588 ejus
1695 536 1885 578 tribuisti

1057 593 1109 634 ci:
1124 593 1148 618 *
1164 597 1207 634 et
1222 593 1446 634 voluntate
1461 592 1677 633 labiorum
1692 594 1781 645 ejus
1796 606 1884 635 non

1056 648 1268 691 fraudasti
1287 662 1397 691 eum.

1108 706 1324 756 Quoniam
1346 706 1599 758 praevenisti
1625 718 1724 747 cum
1747 706 1790 746 in
1812 705 1884 747 be-

1056 762 1376 804 nedictionibus
1391 761 1647 803 dulcedinis:
1662 762 1685 787 *
1700 762 1886 814 posuisti

1055 820 1099 860 in
1127 820 1271 872 capite
1300 820 1390 871 ejus
1419 821 1629 860 coronam
1657 818 1711 860 de
1739 818 1885 871 lapide

1056 876 1263 928 pretioso.

1106 932 1256 974 Vitam
1275 932 1401 985 pc'tiit
1420 945 1445 972 a
1463 936 1522 973 te:
1541 932 1564 957 *
1584 936 1627 973 et
1642 931 1831 973 tribuisti
1847 932 1885 972 ei

1055 988 1372 1039 longitudinem
1397 987 1565 1029 dicrum
1592 988 1635 1028 in
1664 988 1885 1037 sacculum,

1057 1051 1100 1087 et
1117 1046 1161 1086 in
1181 1045 1391 1086 sacculum
1415 1044 1575 1086 sa'eculi.

1107 1102 1267 1153 Magna
1291 1106 1357 1143 est
1375 1101 1515 1152 g16ria
1534 1102 1624 1153 ejus
1643 1101 1686 1141 in
1706 1100 1884 1142 salutari

1056 1163 1147 1200 tuo:
1162 1159 1185 1184 *
1200 1158 1385 1209 glotiam
1400 1163 1443 1200 et
1457 1170 1664 1208 magnum
1679 1157 1885 1199 decorem

1056 1215 1256 1267 impones
1277 1227 1408 1267 super
1428 1227 1539 1256 eum.

1109 1271 1325 1322 Quoniam
1357 1271 1482 1313 dabis
1513 1283 1613 1312 eum
1639 1270 1683 1311 in
1709 1269 1884 1311 benedi-

1057 1328 1247 1369 ctionem
1265 1328 1309 1368 in
1329 1327 1539 1369 sacculum
1555 1327 1719 1368 sa'eeuli:
1737 1327 1761 1352 *
1779 1326 1885 1367 laeti-

1056 1384 1209 1426 ficabis
1237 1397 1336 1426 eum
1365 1385 1408 1425 in
1440 1383 1601 1435 gaudio
1635 1397 1735 1425 cum
1763 1383 1885 1424 vultu

1056 1445 1145 1482 tuo.

1108 1498 1324 1548 Quoniam
1349 1511 1427 1539 rex
1451 1501 1599 1549 sperat
1616 1497 1660 1537 in
1679 1496 1885 1537 DOmino:

1055 1554 1079 1580 *
1104 1559 1147 1596 et
1170 1555 1214 1595 in
1236 1553 1536 1596 misericordia
1559 1553 1774 1594 Altissimi
1797 1565 1882 1593 non

1056 1610 1415 1652 commovcbitur.

1107 1668 1359 1709 Inveniatur
1390 1680 1544 1708 manus
1576 1671 1652 1708 tua
1684 1665 1885 1707 omnibus

1055 1724 1239 1766 inimicis
1254 1724 1354 1766 tuis:
1369 1724 1392 1750 *
1409 1723 1590 1765 dextera
1604 1727 1679 1764 tua
1693 1722 1884 1763 invcniat

1056 1793 1219 1830 omnes,
1240 1781 1314 1833 qui
1332 1785 1376 1822 te
1396 1780 1593 1822 odcrunt.

1106 1837 1250 1878 Pones
1280 1850 1356 1878 eos
1383 1841 1432 1878 ut
1459 1835 1678 1877 clibanum
1704 1834 1816 1886 ignis
1839 1835 1883 1875 in

1054 1895 1254 1946 tompore
1278 1893 1423 1934 vultus
1446 1893 1524 1934 tui:
1547 1892 1571 1918 *
1595 1892 1810 1933 DOminus
1839 1891 1883 1931 in

1053 1950 1119 1990 ira
1137 1962 1216 1990 sua
1235 1948 1515 1991 conturbabit
1534 1961 1622 1998 cOS,
1642 1953 1685 1990 et
1702 1947 1882 1990 devora-

1054 2005 1119 2047 bit
1138 2018 1215 2047 eos
1233 2006 1356 2056 ignis.

1105 2062 1316 2103 Fructum
1336 2064 1488 2104 eorum
1508 2061 1562 2103 de
1577 2066 1695 2103 terra
1708 2060 1883 2113 perdes:

1053 2119 1077 2144 *
1093 2123 1137 2160 et
1156 2131 1305 2160 semen
1324 2120 1477 2161 eorum
1492 2131 1517 2159 a
1531 2118 1632 2159 filiis
1646 2117 1882 2159 hominum.

1106 2175 1322 2225 Qu6niam
1374 2174 1703 2216 declinavcrunt
1747 2174 1792 2214 in
1838 2178 1882 2214 te

1052 2231 1182 2273 mala:
1199 2232 1223 2257 *
1244 2232 1548 2282 cogitaverunt
1567 2230 1758 2280 consilia,
1783 2242 1881 2282 quae

1057 2300 1146 2329 non
1164 2290 1402 2341 potucrunt
1422 2287 1627 2330 stabilire.

1106 2345 1321 2395 Qu6niam
1356 2357 1496 2397 pones
1532 2356 1609 2386 eos
1642 2343 1835 2384 dorsum:
1858 2342 1881 2367 *

1051 2401 1096 2442 in
1115 2400 1308 2453 reliquiis
1327 2401 1413 2442 tuis
1427 2399 1700 2454 praeparabis
1714 2398 1881 2440 vultum

1053 2470 1216 2499 eorum.

1104 2513 1310 2555 Exaltare
1328 2513 1517 2555 Domine
1540 2513 1585 2554 in
1607 2512 1768 2553 virtute
1791 2515 1880 2552 tua:

1051 2569 1075 2595 *
1091 2569 1364 2612 cantabimus
1383 2574 1427 2611 et
1445 2569 1681 2622 psallemus
1696 2568 1879 2609 virtutes

1051 2630 1160 2668 tuas.

1109 2685 1206 2723 Ant.
1234 2683 1377 2724 Vitam
1396 2682 1522 2735 petiit
1540 2694 1565 2722 a
1583 2686 1644 2731 te,
1668 2684 1711 2721 et
1730 2678 1878 2720 tribui·

1052 2739 1109 2780 sti
1130 2739 1170 2780 ei
1188 2739 1390 2780 Domine:
1409 2737 1593 2789 gloriam
1614 2742 1657 2778 et
1674 2747 1879 2786 magnum
