2080 2990
253 204 348 249 [184]

253 301 478 343 oculorum
488 304 695 351 meorum,
706 307 750 344 et
760 303 902 355 ipsum
913 315 997 344 non
1010 307 1076 344 est

251 370 432 399 mecum.

303 414 445 456 Amici
462 416 564 465 mei,
585 420 628 457 et
648 416 834 468 proximi
853 417 938 458 mei
959 419 981 444 *
1001 417 1073 459 ad-

251 473 424 512 versum
443 485 511 514 me
531 474 1006 526 appropinquaverunt,
1031 479 1074 516 et

250 530 472 571 steterunt.

301 584 357 626 Et
378 586 451 638 qui
472 587 589 638 juxta
607 599 677 628 me
702 592 840 636 erant,
869 586 923 628 de
946 587 1074 638 longe

250 643 477 684 steterunt:
505 645 527 669 *
558 648 600 684 et
631 644 719 684 vim
751 643 967 685 faciebant
1000 644 1074 696 qui

253 698 507 750 quaerebant
527 700 714 741 animam
731 713 883 742 meam.

301 754 358 795 Et
375 755 448 807 qui
462 756 739 808 inquirebant
753 756 866 797 mala
880 756 995 807 mihi,
1014 757 1074 798 lo-

251 811 339 852 cuti
359 817 459 853 sunt
477 813 704 854 vanitates:
724 815 746 839 *
767 817 810 854 et
835 811 962 854 dolos
981 819 1075 855 tota

252 866 321 908 die
340 867 671 910 meditabantur.

300 924 396 974 Ego
412 930 557 966 autem
575 931 798 978 tamquam
813 925 971 968 surdus
986 940 1074 968 non

251 980 496 1021 audiebam:
527 983 551 1008 *
585 987 629 1023 et
662 982 775 1024 sicut
808 988 953 1024 mutus
986 996 1073 1025 non

250 1036 449 1088 aperiens
469 1050 518 1078 os
538 1051 674 1079 suum.

300 1092 356 1134 Et
389 1093 530 1135 factus
563 1108 659 1135 sum
687 1096 798 1137 sicut
825 1095 957 1137 homo
986 1109 1073 1138 non

250 1149 446 1191 audiens:
474 1152 496 1176 *
526 1156 569 1192 et
601 1163 686 1192 non
720 1151 886 1193 habens
919 1153 963 1192 in
997 1165 1073 1194 ore

250 1217 329 1246 suo
349 1205 690 1258 redargutiOnes.

301 1263 516 1313 Queniam
530 1264 573 1304 in
587 1269 630 1305 te
646 1265 831 1306 Domine
847 1266 1035 1318 speravi:
1049 1268 1072 1293 *

248 1323 295 1360 tu
311 1319 518 1362 exaudies
531 1333 600 1362 me
611 1321 797 1363 Domine
808 1322 928 1363 Deus
938 1335 1073 1364 meus.

302 1376 413 1425 Quia
438 1376 541 1418 dixi:
565 1378 812 1430 Nequando
837 1382 1072 1431 supergau-

249 1432 379 1475 deant
408 1434 511 1474 mihi
538 1434 699 1476 inimici
726 1436 825 1477 mei:
849 1437 873 1463 *
899 1441 942 1477 et
970 1435 1073 1477 dum

248 1492 578 1532 commoventur
594 1490 731 1543 pedes
746 1492 841 1542 mei,
858 1505 988 1544 super
1003 1505 1073 1534 me

248 1559 404 1596 magna
420 1546 556 1588 locuti
577 1552 687 1589 sunt.

301 1603 516 1652 Quossiam
536 1616 618 1654 ego
640 1604 683 1644 in
703 1604 875 1655 flagella
893 1607 1073 1658 paratus

249 1671 359 1699 sum:
378 1661 400 1685 *
421 1664 464 1701 et
483 1659 611 1701 dolor
630 1673 752 1702 meus
770 1661 814 1702 in
833 1663 1073 1714 conspectu

248 1727 347 1756 meo
369 1728 551 1768 semper.

300 1772 515 1822 Queniam
541 1773 813 1824 iniquitatem
837 1787 978 1816 meam
1002 1787 1072 1816 an-

247 1828 472 1871 nuntiabo:
483 1832 506 1856 *
518 1835 561 1872 et
575 1830 779 1881 cogitabo
792 1844 873 1884 pro
888 1834 1072 1885 peccato

247 1898 356 1926 meo.

298 1942 465 1983 Inimici
480 1947 626 1984 autem
640 1944 726 1985 mei
740 1944 902 1995 vivunt,
919 1950 962 1987 et
973 1957 1072 1987 con-

247 1997 406 2040 firmati
432 2005 531 2041 sunt
557 2012 690 2052 super
713 2013 798 2042 me:
816 2003 840 2028 *
861 2007 904 2044 et
930 2002 1071 2044 multi-

247 2053 396 2106 plicati
416 2061 515 2097 sunt
537 2056 609 2108 quj
630 2055 816 2099 oderunt
831 2071 900 2100 me
914 2059 1072 2111 inique.

300 2111 383 2162 Qui
411 2112 654 2155 retribuunt
681 2114 796 2155 mala
824 2127 904 2167 pro
933 2115 1070 2166 bonis,

248 2167 536 2210 detrahebant
567 2170 686 2212 mihi:
713 2173 737 2198 *
770 2171 975 2224 quoniam
1007 2185 1069 2215 se-

249 2224 414 2276 quebar
431 2225 683 2268 bonitatem.

298 2281 366 2323 Ne
381 2281 658 2335 derelinquas
673 2298 742 2326 me
753 2286 938 2328 Domine
949 2286 1070 2329 Deus

247 2351 384 2380 meus:
403 2341 426 2366 *
446 2351 500 2381 ne
520 2339 774 2383 discesseris
794 2355 819 2383 a
835 2356 916 2384 me.
1063 2394 1065 2396 ,

299 2395 482 2438 Intende
508 2396 552 2437 in
581 2396 843 2449 adjuterium
864 2413 1025 2450 meum,
1046 2403 1069 2428 *

247 2451 434 2493 Domine
452 2453 574 2494 Deus
594 2453 746 2496 salutis
767 2468 887 2496 meae.

301 2516 452 2558 Gloria
471 2518 600 2560 Patri.

518 2599 711 2639 Psalmus
730 2601 802 2640 50.

350 2677 512 2719 iserere
529 2680 614 2720 mei
633 2680 768 2729 Deus,
788 2682 811 2706 *
830 2681 1070 2723 secundum

364 2736 565 2785 magnam
583 2736 925 2780 misericerdiam
940 2743 1069 2781 tuam.

784 211 936 253 Septem
964 210 1103 244 Psalmi
1133 209 1430 243 Poenitcntialcs.

1179 300 1235 341 Et
1262 299 1500 342 secundum
1527 301 1846 344 multitudinem
1874 303 1949 344 mi-

1128 356 1392 398 serationum
1418 359 1606 406 tuarum,
1628 359 1651 385 *
1676 357 1773 400 dele
1800 359 1950 412 iniqui-

1127 415 1262 455 tatem
1283 426 1435 455 meam.

1179 469 1380 523 Amplius
1411 470 1509 512 lava
1538 484 1609 512 me
1638 471 1693 513 ab
1721 471 1950 524 iniquitate

1127 529 1271 568 mea:*
1283 532 1325 568 et
1343 539 1367 567 a
1383 529 1568 579 peccato
1582 540 1682 569 meo
1697 528 1859 571 munda
1869 543 1950 572 me.

1179 584 1393 633 Quoniam
1411 584 1684 636 iniquitatem
1706 598 1848 627 meam
1867 599 1948 638 ego

1128 642 1365 691 cognosco:
1401 641 1423 666 *
1461 647 1504 682 et
1540 644 1771 693 peccatum
1806 655 1951 684 meum

1129 702 1280 738 contra
1298 710 1367 738 me
1388 702 1454 739 est
1473 710 1655 750 semper.

1179 753 1278 795 Tibi
1298 754 1380 795 soli
1403 754 1601 807 peccavi,
1638 760 1681 796 et
1699 755 1861 797 malum
1880 769 1950 799 co-

1127 823 1220 851 ram
1237 816 1282 852 te
1300 811 1396 852 feci:
1416 812 1439 836 ’⁸¹
1459 817 1506 852 ut
1530 811 1774 863 justificeris
1798 812 1841 853 in
1865 825 1949 854 ser—

1127 866 1328 908 monibus
1352 868 1456 918 tuis,
1483 873 1526 909 et
1551 868 1699 910 vincas
1725 882 1822 910 cum
1845 868 1950 922 judi-

1128 923 1251 965 caris.

1179 981 1294 1021 Ecce
1320 980 1434 1022 enim
1459 981 1502 1021 in
1526 981 1826 1034 iniquitatibus
1851 993 1972 1025 con-'

1128 1039 1280 1089 ceptus
1308 1050 1419 1078 sum:
1442 1039 1465 1064 *
1489 1042 1532 1079 et
1558 1038 1602 1078 in
1629 1040 1823 1091 peccatis
1852 1053 1950 1082 con-

1128 1094 1243 1147 cepit
1262 1107 1331 1136 me
1350 1100 1488 1136 mater
1506 1107 1614 1136 mea.

1177 1151 1292 1192 Ecce
1317 1151 1428 1192 enim
1452 1151 1682 1193 veritatem
1704 1151 1908 1195 dilexisti:
1927 1155 1951 1181 *

1125 1207 1290 1249 incerta
1324 1212 1367 1249 et
1399 1207 1572 1249 occulta
1604 1209 1830 1262 sapientiae
1861 1215 1949 1252 tuae

1125 1263 1413 1306 manifestasti
1430 1264 1545 1305 mihi.

1177 1321 1400 1373 Asperges
1427 1333 1497 1362 me
1523 1320 1738 1374 hyssopo,
1766 1326 1809 1364 et
1829 1335 1948 1364 mun-

1127 1376 1280 1418 dabor:
1291 1377 1492 1418 *lavabis
1507 1390 1587 1427 me,
1603 1383 1646 1419 et
1661 1391 1792 1431 super
1803 1378 1949 1420 nivem

1127 1433 1378 1475 dealbabor.

1177 1489 1358 1532 Auditui
1390 1503 1489 1532 meo
1518 1490 1643 1533 dabis
1670 1490 1878 1542 gaudium
1905 1497 1949 1534 et

1125 1547 1334 1589 laetitiam:
1350 1549 1374 1574 *
1394 1553 1437 1590 et
1456 1547 1735 1590 exsultabunt
1754 1561 1855 1590 ossa
1873 1547 1947 1590 hu-

1124 1604 1300 1646 miliata.

1175 1661 1339 1703 Averte
1371 1661 1527 1703 faciem
1553 1666 1674 1702 tuam
1701 1674 1727 1702 a
1754 1661 1948 1714 peccatis

1125 1718 1247 1759 meis:
1265 1719 1288 1744 *
1309 1723 1352 1760 et
1376 1730 1527 1760 omnes
1552 1717 1803 1770 iniquitates
1827 1731 1948 1760 meas

1126 1773 1235 1816 dele.

1177 1830 1263 1872 Cor
1281 1829 1490 1872 mundum
1509 1844 1608 1873 crea
1626 1832 1669 1872 in
1687 1842 1757 1873 me
1775 1831 1910 1873 Deus:
1923 1833 1948 1859 ¹⁸¹

1126 1893 1169 1930 et
1222 1888 1422 1941 spiritum
1475 1893 1643 1930 rectum
1695 1891 1855 1930 innova
1904 1887 1949 1929 in

1125 1945 1364 1987 visceribus
1383 1945 1503 1986 meis.

1175 2002 1243 2043 Ne
1266 2002 1468 2055 projicias
1492 2015 1562 2044 me
1584 2014 1610 2043 a
1627 2002 1736 2044 facie
1754 2006 1843 2044 tua:
1861 2002 1885 2028 *¹
1904 2006 1948 2044 et

1123 2059 1331 2111 Spiritum
1350 2065 1547 2101 sanctum
1566 2064 1688 2101 tuum
1706 2071 1760 2100 ne
1774 2058 1946 2100 auferas

1123 2128 1148 2157 a
1166 2128 1247 2157 me.

1175 2171 1330 2214 Redde
1370 2172 1475 2213 mihi
1510 2171 1707 2214 laetitiam
1745 2170 1946 2213 salutaris

1121 2230 1199 2272 tui:
1238 2230 1261 2255 *
1298 2234 1342 2271 et
1378 2229 1533 2283 spiritu
1572 2228 1803 2281 principali
1845 2241 1945 2271 con-

1122 2286 1247 2328 firma
1268 2299 1349 2328 me.

1172 2342 1355 2385 Docebo
1387 2343 1560 2395 iniquos
1588 2342 1681 2384 vias
1711 2347 1824 2384 tuas:
1851 2343 1875 2370 *
1903 2347 1946 2384 et

1121 2400 1242 2452 impii
1261 2399 1319 2441 ad
1337 2405 1381 2441 te
1401 2401 1722 2441 convertentur.

1172 2455 1332 2498 Libera
1349 2468 1419 2497 me
1439 2455 1493 2498 de
1514 2456 1794 2507 sanguinibus
1813 2456 1945 2506 Deus,

1122 2513 1243 2554 Deus
1267 2513 1418 2554 salutis
1442 2525 1566 2554 meae:
1591 2514 1614 2539 *
1641 2518 1683 2555 et
1709 2512 1944 2555 exsultabit

1121 2569 1267 2620 lingua
1284 2581 1382 2610 mea
1399 2569 1604 2620 justitiam
1622 2574 1752 2611 tuam.

1173 2626 1374 2675 Domine,
1400 2625 1516 2667 labia
1538 2638 1635 2667 mea
1655 2627 1839 2679 aperies:
1858 2626 1882 2652 *
1901 2631 1945 2668 et

1123 2696 1172 2724 os
1187 2695 1331 2724 meum
1346 2682 1619 2724 annuntiabit
1631 2682 1804 2725 laudem
1813 2689 1943 2725 tuam.

1173 2739 1387 2791 Quouiam
1401 2740 1438 2780 si
1449 2739 1661 2782 voluisses
1672 2739 1942 2790 sacrificium,
