2080 2990
230 194 322 240 [156]

232 292 538 341 exsultatione,
557 292 580 317 *
613 294 842 344 portantes
865 295 1059 345 manipu-
1082 283 1086 331 1

231 347 298 388 los
319 360 432 388 suos.

283 403 435 444 Gloria
453 404 583 445 Patri.

495 466 688 505 psalmus
712 468 793 505 1215.

587 200 761 253 &ilicium
790 211 948 241 parvum
981 200 1015 232 13.
1045 200 1174 231 λΙιιι-ῐιυ
1203 200 1302 239 Vim.
1333 200 1366 232 in
1394 200 1584 234 Adventu.

1165 294 1422 344 Capitulum.
1617 296 1743 335 Eccli.
1764 298 1827 335 24.
1850 295 1887 335 b.

1159 365 1188 392 n
1218 351 1377 404 plateis
1407 352 1521 393 sicut
1550 351 1871 394 cinnam6mum
1900 357 1944 394 et

1178 407 1423 449 balsamum
1446 410 1738 449 aromatizans
1760 408 1943 450 odorem

1113 463 1234 504 dedi:
1277 465 1403 515 quasi
1443 463 1621 516 myrrha
1663 463 1803 506 electa
1840 463 1943 506 dedi

224 515 379 618 Nisi
410 516 628 557 Deminus
662 514 950 558 aedificaverit
985 509 1085 592 do-l
1113 520 1373 561 suavitatem
1402 520 1563 562 odoris.

342 585 477 621 mum,
506 572 529 597 *
562 572 606 612 in
639 585 799 613 vanum
835 572 1059 614 laborave-

229 632 331 668 runt
350 628 424 679 qui
444 627 665 670 aedificant
685 642 792 670 eam.

1169 582 1214 631 Ν.
1244 576 1340 617 Deo
1360 577 1534 627 gratias.

1165 633 1214 681 X.
1241 633 1350 674 Post
1373 637 1549 685 partum
1569 632 1709 682 Virgo
1734 631 1945 674 invioleita

279 683 377 724 Nisi
395 684 521 724 Dfius
544 684 806 726 custodierit
826 659 1060 733 civitatem,
1113 689 1405 740 permansisti.
1457 695 1502 735 R„
1541 689 1626 730 Dei
1653 688 1855 730 Genitrix
1882 687 1943 728 in-

229 740 252 764 *
277 739 439 781 frustra
463 740 615 790 vigilat
635 740 710 792 qui
733 739 930 781 custodit
953 753 1060 781 eam.
1112 744 1291 785 tercede
1310 757 1392 796 pro
1410 737 1550 786 nobis.

280 795 456 836 Vanum
498 801 565 837 est
608 796 734 837 vobis
779 801 880 837 ante
916 796 1060 837 lucem

230 854 426 902 surgere:
446 852 469 877 *
489 853 656 903 surgite
679 858 918 904 postquam
938 851 1059 892 sede-

228 907 343 956 ritis,
382 908 456 959 qui
489 908 767 949 manducatis
795 921 955 961 panem
983 907 1059 948 do-

228 962 346 1003 16ris.

283 1020 392 1060 Cum
435 1019 608 1061 dederit
649 1019 823 1061 dilectis
865 1020 955 1060 suis
992 1031 1060 1060 so-

228 1084 392 1111 mnum:
420 1072 443 1097 *
473 1084 576 1113 ecce
611 1071 848 1113 haereditas
880 1071 1060 1112 Domini

228 1126 322 1167 filii:
341 1140 522 1177 merces,
543 1128 711 1168 fructus
729 1128 907 1169 ventris.

280 1183 402 1224 Sicut
426 1186 599 1234 sagittae
625 1184 669 1224 in
692 1197 825 1225 manu
850 1183 1059 1236 potentis:

227 1238 251 1263 *
270 1239 332 1280 ita
351 1239 430 1280 filii
452 1242 746 1281 excussorum.

279 1295 444 1336 Beatus
470 1296 536 1336 vir
562 1296 638 1347 qui
662 1295 861 1348 implevit
889 1294 1058 1337 deside-

227 1351 340 1392 rium
359 1364 486 1392 suum
511 1364 565 1393 ex
588 1352 711 1404 ipsis:
731 1352 755 1377 *
775 1355 862 1392 non
880 1351 1058 1392 confun-

227 1407 356 1448 detur
385 1420 484 1448 cum
511 1408 718 1459 loquetur
750 1407 938 1448 inimicis
967 1407 1059 1448 suis

227 1463 270 1503 in
294 1468 435 1515 porta.

280 1519 432 1560 Gloria
452 1519 582 1560 Patri.

492 1578 689 1618 psalmus
712 1579 793 1617 127.

227 1630 397 1732 Beati
430 1643 601 1680 omnes,
639 1632 714 1683 qui
745 1631 899 1672 timent
931 1631 1059 1682 Dfim‚

330 1688 354 1713 *
383 1687 457 1738 qui
487 1686 713 1728 ambulant
739 1688 783 1727 in
810 1687 892 1728 viis
921 1689 1023 1740 ejus.

277 1741 475 1784 Labores
508 1745 713 1784 manuum
748 1745 925 1784 tuarum
957 1745 1060 1796 quia

226 1798 529 1840 manducabis:
554 1801 578 1826 *
602 1799 759 1840 beatus
787 1812 848 1849 es,
877 1805 921 1842 et
944 1800 1059 1842 bene

226 1854 305 1895 tibi
325 1855 417 1895 erit.

278 1910 401 1951 Uxor
422 1915 498 1951 tua
519 1911 632 1952 sicut
650 1912 752 1953 vitis
772 1911 1012 1962 abundans,
1035 1915 1059 1940 *

226 1966 270 2006 in
288 1965 498 2007 lateribus
518 1966 676 2008 domus
694 1972 795 2008 tuae.

278 2022 376 2062 Filii
398 2023 462 2063 tui
486 2023 599 2064 sicut
622 2023 808 2064 novellae
833 2024 1058 2073 olivarum,

226 2078 250 2103 *
268 2077 313 2117 in
332 2078 516 2119 circuitu
534 2091 699 2120 mensae
718 2085 818 2121 tuae.

278 2133 395 2174 Ecce
430 2134 493 2174 sic
527 2134 814 2177 benedicetur
845 2136 1000 2183 homo,
1035 2138 1058 2164 *

228 2190 302 2241 qui
326 2190 451 2231 timet
475 2190 722 2232 D6minum.
1000 2235 1003 2240 v

278 2246 519 2287 Benedicat
538 2246 618 2287 tibi
633 2247 849 2289 Dominus
869 2262 924 2290 ex
941 2249 1058 2290 Sion:

227 2303 250 2328 *
275 2306 319 2343 et
342 2301 495 2343 videas
518 2302 636 2343 bona
656 2303 899 2346 Jerusalem
923 2306 1057 2346 omni-

226 2357 308 2398 bus
328 2356 483 2399 diebus
504 2359 606 2399 vitae
625 2363 725 2399 tuae.

277 2413 335 2454 Et
355 2413 507 2455 videas
526 2413 641 2455 filios
660 2414 850 2455 filiorum
870 2419 1057 2465 tuorum,

193 2495 196 2499 ·
226 2470 249 2495 *
268 2483 423 2522 pacem
446 2483 578 2522 super
596 2471 744 2511 Israel.

279 2526 432 2567 Gloria
450 2526 582 2567 Patri.

285 2586 382 2624 Ant.
412 2582 591 2623 Pulchra
617 2595 676 2631 es,
703 2587 747 2623 et
770 2582 942 2631 decora,
968 2583 1058 2623 filia

226 2637 485 2678 Jerusalem:
510 2638 718 2679 terribilis
741 2644 789 2679 ut
814 2641 1057 2679 castrorum

226 2694 342 2734 acies
363 2693 577 2734 ordinata.

1166 801 1301 852 Kyrie
1333 800 1509 842 eleison.
1560 800 1737 845 Christe
1768 799 1944 842 eleison.

1115 857 1247 908 Kyrie
1267 856 1443 898 eleison.

1164 910 1213 961 V.
1253 912 1470 954 Dominus
1506 913 1748 955 vobiscum.
1800 920 1848 971 R..
1887 911 1944 953 Et

1113 980 1213 1009 cum
1233 968 1389 1020 spiritu
1407 973 1495 1010 tuo.

1155 1040 1158 1043 ⁴
1449 1036 1613 1076 Oratio.

1190 1085 1434 1126 amulorum
1461 1087 1658 1134 tu6rum,
1691 1086 1943 1137 quaesumus

1207 1142 1417 1190 Domine,
1454 1140 1625 1183 delictis
1662 1141 1860 1192 ign6sce:
1896 1143 1944 1180 ut

1113 1197 1188 1248 qui
1211 1197 1291 1239 tibi
1313 1197 1487 1250 placere
1509 1197 1565 1238 de
1589 1196 1759 1238 actibus
1779 1195 1944 1236 nostris

1111 1265 1199 1294 non
1230 1253 1446 1302 valemus,
1484 1253 1720 1294 Genitricis
1750 1251 1849 1292 Filii
1879 1250 1944 1292 tui

1112 1309 1291 1350 Domini
1309 1309 1451 1350 nostri
1471 1309 1786 1350 intercessione
1807 1306 1943 1348 salve-

1111 1379 1223 1406 mur:
1245 1366 1330 1416 Qui
1347 1370 1494 1407 tecum
1512 1365 1620 1407 vivit
1638 1369 1683 1406 et
1701 1367 1866 1415 regnat.

1425 1444 1631 1451 ww

1174 1496 1420 1547 Officium
1440 1497 1500 1547 B.
1522 1496 1708 1546 Mariae
1731 1495 1881 1557 Virg.

1386 1562 1425 1599 in
1457 1561 1673 1602 Adventu.

1343 1631 1423 1672 Ad
1444 1631 1709 1681 vesperas.

1166 1695 1253 1728 Ant.
1284 1700 1319 1728 et
1346 1696 1437 1738 Cap.
1465 1696 1511 1730 (lc
1536 1696 1654 1729 Laud.
1677 1691 1787 1735 [158];
1823 1696 1881 1730 Ps.
1909 1700 1944 1730 et

1117 1742 1252 1784 Hymn.
1281 1749 1318 1775 ut
1345 1743 1381 1776 iu
1410 1744 1534 1777 Festis
1560 1739 1671 1776 BJM.
1696 1743 1739 1776 V.
1763 1738 1854 1782 [133]

1170 1789 1218 1838 V.
1250 1792 1423 1833 Diffusa
1459 1797 1526 1833 est
1560 1791 1703 1842 gratia
1737 1791 1782 1831 in
1815 1789 1944 1831 labiis

1111 1848 1209 1889 tuis.
1265 1852 1312 1901 Ιζι.
1350 1849 1594 1900 Propterea
1632 1846 1859 1889 benedixit
1897 1850 1944 1887 te

1111 1905 1234 1945 Deus
1261 1904 1307 1945 in
1334 1905 1558 1945 aeternum.

1166 1966 1237 2007 Ad
1271 1966 1443 2016 Magnif.
1482 1969 1581 2008 Ant.
1624 1963 1812 2016 Spiritus
1847 1974 1943 2003 san-

1112 2026 1209 2063 ctus
1237 2021 1261 2048 *
1288 2021 1332 2061 in
1359 2025 1404 2062 te
1433 2018 1674 2061 descendet
1698 2019 1856 2060 Maria:
1888 2031 1944 2059 ne

1111 2079 1287 2126 timeas,
1324 2075 1509 2118 habebis
1544 2075 1588 2115 in
1623 2078 1751 2117 utero
1784 2073 1944 2115 Filium

1112 2132 1207 2182 Dei,
1235 2131 1416 2183 alleluja.

1169 2188 1304 2241 Kyrie
1333 2187 1508 2229 eleison.
1565 2186 1737 2229 Christe
1767 2185 1944 2227 eleison.

1116 2245 1247 2297 Kytie
1267 2244 1443 2285 eleison.
1928 2264 1937 2266 -›

1168 2299 1217 2349 ,ἳῖ
1254 2299 1470 2340 Dominus
1506 2299 1747 2341 vobiscum.
1805 2303 1854 2354 R.
1886 2297 1943 2339 Et

1113 2369 1212 2397 cum
1231 2355 1388 2407 spiritu
1406 2359 1495 2396 tuo.

1451 2420 1616 2459 Oratio.

1201 2484 1294 2521 eus,
1321 2471 1396 2523 qui
1421 2470 1476 2511 de
1501 2469 1646 2511 beatae
1670 2470 1822 2510 Mariae
1845 2469 1942 2511 Vir-

1215 2527 1326 2578 ginis
1346 2530 1472 2567 utero
1489 2525 1689 2567 Verbum
1707 2530 1841 2574 tuum,
1856 2525 1942 2566 An-

1111 2583 1211 2635 gelo
1239 2583 1482 2631 nuntiante,
1513 2594 1690 2623 carnem
1718 2583 1941 2633 suscipere

1111 2639 1307 2680 voluisti:
1343 2643 1508 2690 praesta
1537 2636 1810 2690 supplicibus
1840 2636 1942 2685 tuis;

1111 2699 1159 2735 ut
1192 2694 1265 2746 qui
1295 2706 1399 2735 vere
1432 2706 1529 2734 eam
1560 2693 1829 2734 Genitricem
1858 2692 1942 2733 Dei
