2080 2990
782 208 990 242 Commune
1015 208 1225 250 Virginum.

204 301 261 342 Et
288 303 495 342 occursus
524 300 614 351 ejus
632 311 771 351 usque
789 298 845 339 ad
862 311 973 338 sum-

152 370 271 398 mum
299 357 405 408 ejus:
433 357 456 382 *
484 369 565 397 nec
597 360 663 397 est
698 355 771 407 qm·
804 367 851 396 se
879 353 973 396 abs-

153 412 313 455 cendat
341 425 366 454 a
393 412 538 453 calere
566 412 667 464 ejus.

204 469 297 511 Lex
311 469 488 510 Domini
506 467 782 509 immaculata
797 469 973 508 conver-

151 530 250 567 tens
286 525 470 566 animas:
503 525 526 551 *
557 524 853 566 testimenium
886 524 973 564 Do-

151 582 255 623 mini
287 581 433 630 fidele,
470 581 728 634 sapientiam
758 584 974 633 praestans

151 638 357 691 parvulis.

203 694 390 736 Justitiae
426 693 602 735 Domini
640 698 792 742 rectae,
836 692 974 734 laetifi-

154 753 303 792 cantes
340 750 486 792 corda:
524 750 547 775 *
583 751 853 802 praeceptum
887 749 974 789 Do—

152 808 257 848 mini
273 806 475 856 lucidum,
496 805 740 846 illuminans
761 805 923 846 oculos.

204 864 356 904 Timor
381 862 557 903 Domini
585 866 775 911 sanctus,
809 863 974 914 perma-

151 932 259 961 nens
287 920 331 960 in
358 918 565 960 saeculum
594 918 757 959 saeculi:
776 918 799 944 *
818 917 975 969 judicia

151 976 327 1017 Demini
354 988 474 1024 vera,
501 975 732 1026 justificata
754 974 798 1015 in
821 979 974 1016 semet-

151 1045 259 1085 ipsa.

203 1087 522 1130 Desiderabilia
564 1100 695 1140 super
735 1100 887 1128 aurum
931 1092 974 1128 et

150 1144 343 1198 lapidem
375 1144 615 1196 pretiesum
646 1143 845 1185 multum:
873 1145 895 1169 *
931 1149 974 1185 et

152 1200 349 1243 dulci6ra
377 1213 509 1252 super
534 1200 621 1242 mel
650 1205 694 1242 et
715 1200 872 1241 favum.

203 1257 375 1299 Etenim
403 1269 554 1298 servus
581 1262 681 1299 tuus
701 1256 893 1298 custodit
912 1270 973 1306 ea,

150 1314 173 1339 *
205 1314 249 1354 in
290 1313 585 1355 custodiendis
622 1313 709 1354 illis
747 1313 973 1355 retributio

152 1370 298 1411 multa.

200 1426 371 1467 Delicta
412 1426 508 1478 quis
546 1424 766 1476 intelligit?
810 1426 864 1467 ab
904 1439 972 1467 oc-

151 1482 279 1524 cultis
318 1482 427 1524 meis
460 1482 621 1524 munda
656 1495 744 1523 me:
780 1482 803 1507 *
839 1487 882 1523 et
917 1482 972 1524 ab

150 1538 300 1580 alienis
327 1551 460 1592 parce
489 1552 616 1581 servo
642 1544 730 1581 tuo.

200 1595 245 1637 Si
290 1595 376 1637 mei
416 1608 503 1637 non
544 1595 703 1637 fuerint
746 1595 972 1644 dominati,

149 1657 253 1693 tunc
279 1651 582 1693 immaculatus
610 1664 702 1693 ero:
722 1653 745 1679 *
765 1656 808 1693 et
828 1664 971 1692 emun-

149 1706 290 1749 dabor
316 1721 341 1749 a
369 1707 532 1749 delicto
559 1708 761 1749 maximo.

198 1764 255 1805 Et
296 1769 421 1805 erunt
460 1769 508 1805 ut
549 1764 850 1816 complaceant
886 1764 971 1805 elo-

149 1820 249 1872 quia
277 1820 364 1861 oris
391 1821 492 1862 mei:
511 1822 534 1848 *
554 1825 597 1862 et
623 1820 850 1862 meditatio
880 1833 970 1862 cor-

147 1875 214 1917 dis
240 1876 326 1917 mei
353 1877 396 1917 in
424 1879 662 1929 conspectu
688 1881 764 1918 tuo
786 1889 972 1929 semper.

197 1932 385 1974 Demine
413 1932 584 1984 adjutor
610 1946 744 1982 meus,
763 1934 787 1960 *
808 1938 852 1974 et
876 1933 969 1975 red-

147 1990 320 2042 emptor
346 2002 480 2031 meus.

198 2047 296 2087 Ant.
325 2048 439 2087 Ante
458 2050 609 2087 torum
631 2045 756 2098 hujus
775 2046 969 2097 Virginis

147 2101 419 2154 frequentate
454 2102 582 2143 nobis
620 2101 764 2143 dulcia
802 2103 969 2143 cantica

149 2156 367 2199 dramatis.

200 2216 296 2256 Ant.
334 2216 578 2265 Revertere,
601 2215 625 2240 *
651 2216 870 2256 revertere
894 2215 968 2257 Su-

147 2271 334 2312 namitis:
376 2273 612 2320 revertere,
649 2273 885 2322 revertere,
922 2277 969 2313 ut

147 2325 391 2368 intueamur
409 2332 463 2368 te.

418 2386 614 2425 Psalmus
634 2387 696 2425 23.

235 2439 366 2479 emini
398 2444 465 2481 est
495 2444 628 2490 terra,
666 2444 710 2481 et
741 2440 966 2492 plenitudo

250 2494 354 2546 ejus:
376 2495 399 2521 *
423 2495 541 2537 orbis
561 2498 791 2546 terrerum,
817 2501 860 2538 et
879 2497 967 2537 uni-

147 2550 261 2590 versi
281 2551 354 2602 qui
371 2551 569 2593 habitant
587 2553 631 2593 in
650 2565 714 2594 eo.

199 2606 309 2656 Quia
335 2607 429 2658 ipse
457 2621 588 2660 super
611 2609 747 2649 meria
771 2608 967 2650 fundavit

148 2674 261 2703 eum:
279 2662 302 2688 *
323 2668 366 2704 et
393 2675 524 2716 super
547 2664 725 2706 fiumina
748 2666 965 2717 praepara-

147 2718 208 2759 vit
227 2730 336 2759 eum.

1775 205 1846 249 [87]

1079 298 1186 348 Quis
1219 298 1424 341 ascendet
1460 300 1503 340 in
1535 306 1729 342 montem
1761 302 1847 342 1)ό-

1026 352 1152 394 mini?
1171 355 1194 380 *
1215 359 1288 395 aut
1308 356 1403 407 quis
1424 356 1555 398 stabit
1573 357 1616 398 in
1634 357 1733 399 loco
1753 371 1846 398 san-

1028 414 1099 451 cto
1121 408 1234 461 ejus?

1078 467 1294 508 Innocens
1343 468 1542 509 manibus
1593 474 1636 511 et
1684 469 1846 511 mundo

1028 522 1176 572 corde,
1203 523 1227 548 *
1256 523 1329 575 qui
1356 536 1443 564 non
1467 525 1635 577 accepit
1662 526 1706 566 in
1733 538 1846 567 vano

1029 579 1215 620 animam
1235 592 1372 629 suam,
1397 592 1477 621 nec
1500 581 1655 632 juravit
1678 581 1721 622 in
1745 581 1847 623 dolo

1027 635 1229 687 preximo
1251 648 1341 677 suo.

1079 691 1163 732 Hic
1203 693 1389 744 accipiet
1430 692 1779 734 benedictionem
1824 706 1849 734 a

1027 747 1232 788 Domino:
1247 748 1270 773 *
1286 753 1330 789 et
1347 749 1689 790 misericerdiam
1709 762 1734 789 a
1752 750 1848 790 Deo

1029 803 1208 844 salutari
1228 817 1318 845 suo.

1079 860 1188 901 Haec
1216 865 1283 901 est
1309 862 1534 911 generatio
1565 861 1849 914 quaerentium

1029 928 1143 965 eum,
1179 917 1202 942 *
1241 918 1526 968 quaerentium
1575 918 1730 959 faciem
1766 918 1850 958 Dei

1027 971 1176 1013 Jacob.

1079 1028 1282 1070 Attollite
1327 1034 1479 1081 portas
1524 1030 1743 1082 principes
1780 1043 1848 1071 ve-

1029 1089 1158 1133 stras,
1187 1090 1231 1126 et
1255 1085 1482 1127 elevamini
1507 1091 1648 1138 portae
1669 1088 1849 1127 aeterna-

1027 1140 1105 1182 les:
1124 1141 1147 1166 *
1167 1146 1210 1182 et
1228 1141 1425 1183 introibit
1444 1142 1540 1183 Rex
1559 1142 1720 1192 gloriae.

1080 1197 1185 1247 Quis
1211 1202 1278 1239 est
1298 1198 1380 1239 iste
1399 1198 1493 1239 Rex
1514 1197 1687 1248 gloriae?
1713 1200 1735 1224 *
1762 1199 1848 1239 Do-

1026 1253 1167 1294 minus
1198 1254 1324 1295 fortis
1357 1259 1401 1295 et
1431 1259 1604 1306 potens:
1635 1255 1848 1295 Deminus

1027 1314 1185 1361 potens
1204 1310 1247 1350 in
1265 1310 1428 1362 praelio.

1079 1365 1281 1407 Attollite
1325 1371 1477 1418 portas
1522 1367 1742 1419 principes
1778 1380 1847 1408 ve-

1027 1426 1156 1472 stras,
1185 1427 1228 1463 et
1252 1422 1478 1463 elevamini
1501 1428 1643 1475 portae
1667 1425 1848 1464 aeterna-

1025 1477 1104 1519 les:
1122 1479 1145 1505 *
1165 1483 1208 1519 et
1227 1478 1423 1521 introibit
1443 1479 1538 1521 Rex
1556 1479 1718 1529 gleriae.

1079 1535 1184 1584 Quis
1210 1540 1277 1576 est
1300 1535 1383 1576 iste
1402 1535 1499 1576 Rex
1526 1534 1699 1585 gloriae?
1719 1536 1741 1561 *
1761 1536 1848 1576 Do-

1025 1590 1165 1654 minus
1190 1591 1399 1632 virtutum
1426 1591 1520 1643 ipse
1549 1596 1616 1632 est
1639 1592 1735 1632 Rex
1758 1593 1847 1641 glo-

1025 1659 1111 1687 r1ae.

1079 1711 1175 1750 Ant.
1206 1710 1454 1758 Revertere‚
1478 1710 1697 1750 revertere
1716 1709 1847 1750 Suna-

1024 1764 1155 1804 mitis:
1187 1766 1420 1814 revertere,
1448 1767 1683 1814 revertere,
1714 1770 1760 1806 ut
1787 1766 1846 1805 in-

1023 1822 1221 1861 tueamur
1240 1825 1294 1861 te.

1078 1878 1126 1928 V.
1157 1881 1311 1933 Specie
1343 1885 1418 1922 tua
1451 1886 1494 1922 et
1522 1881 1844 1933 pulchritudine

1022 1942 1107 1978 tua.
1135 1939 1183 1989 R.
1200 1937 1393 1986 Intende,
1413 1940 1625 1989 prespere
1640 1937 1844 1990 procede,

1023 1998 1066 2034 et
1085 2005 1229 2044 regna.

1080 2055 1202 2095 Pater
1222 2058 1382 2095 noster.

1077 2115 1317 2156 Absolutio.
1346 2114 1517 2156 Exal'idi
1540 2115 1736 2157 Demine.

1075 2172 1125 2222 V.
1149 2174 1261 2216 Jube
1290 2174 1459 2216 domne.

1076 2236 1234 2277 Bened.
1258 2235 1569 2277 Benedictione
1587 2237 1808 2288 perpetua.

1070 2311 1130 2349 De
1152 2308 1351 2361 Epistola
1374 2309 1514 2361 prima
1537 2308 1654 2350 beati
1676 2309 1799 2350 Pauli

1151 2364 1357 2418 Apostoli
1376 2364 1433 2406 ad
1452 2364 1711 2406 Corinthios.

1125 2436 1274 2477 Lectio
1296 2437 1317 2476 i.
1536 2437 1636 2487 Cap.
1654 2437 1687 2476 7.
1705 2448 1737 2476 e.

1055 2499 1174 2547 (Qffle
1197 2494 1435 2546 virginibus
1459 2496 1730 2547 praeceptum
1753 2495 1839 2535 Do-

1031 2575 1118 2596 d
1137 2572 1143 2599 ¹.=
1166 2551 1270 2592 mini
1300 2564 1387 2592 non
1417 2551 1574 2592 habeo:
1612 2550 1839 2592 consilium

1031 2604 1033 2613 ²
1099 2601 1140 2631 4
1165 2612 1311 2649 autem
1336 2606 1410 2657 do,
1437 2612 1658 2659 tamquam
1676 2606 1837 2647 miseri-

1018 2663 1213 2704 cerdiam
1241 2666 1499 2705 consecutus
1528 2675 1553 2703 a
1576 2662 1765 2704 Demino
1790 2666 1837 2702 ut

1017 2719 1098 2760 sim
1117 2719 1269 2762 fidelis.
1300 2720 1511 2765 Existimo
1533 2731 1637 2770 ergo
1660 2718 1744 2760 hoc
1761 2717 1836 2759 bo-
