2080 2990
642 215 684 248 ln
710 214 834 248 Festis
859 214 898 246 Β.
924 213 1056 246 Maria:
1080 212 1123 245 Y.
1150 222 1218 254 pcr
1243 222 1390 246 annum.

158 315 182 342 *
216 315 261 356 in
296 313 593 356 custodiendis
628 313 712 355 illis
752 313 979 355 retributio

158 371 304 413 multa.

209 426 382 468 Delicta
402 427 497 479 quis
516 425 736 477 intelligit?
763 426 818 468 ab
838 426 979 467 occul-

157 484 213 525 tis
230 484 338 525 meis
360 482 523 524 munda
540 496 624 524 me:
642 483 666 509 *
686 488 729 524 et
752 482 807 524 ab
831 482 980 524 alienis

157 553 290 593 parce
310 552 437 581 servo
456 544 544 581 tuo.

209 597 254 638 Si
267 596 353 638 mei
366 609 454 637 non
468 596 627 638 fuerint
643 595 862 645 dominati,
877 600 980 636 tunc

157 652 460 694 immaculatus
484 665 576 694 ero:
594 653 618 678 *
642 657 686 694 et
711 651 980 694 emundabor

158 723 183 751 a
203 709 362 751 delicto
381 709 583 750 maximo.

209 766 266 807 Et
285 770 410 807 erunt
428 770 477 806 ut
491 765 794 818 complaceant
808 764 981 817 elequia

158 822 246 864 oris
264 822 363 863 mei:
382 822 406 847 *
426 826 470 863 et
487 821 713 863 meditatio
733 821 877 863 cordis
895 822 981 863 mei

157 879 201 919 in
220 879 460 930 conspectu
478 882 554 919 tuo
575 890 759 930 semper.

209 934 396 975 Demine
420 933 591 986 adjutor
613 947 752 984 meus,
771 935 794 960 *
818 939 862 976 et
885 934 979 976 red-

159 993 331 1044 emptor
349 1003 483 1032 meus.

208 1062 306 1103 Ant.
339 1060 461 1101 Sicut
486 1059 663 1112 myrrha
691 1059 845 1110 electa,
877 1060 981 1101 ode-

158 1129 251 1158 rem
275 1115 435 1158 dedisti
458 1116 702 1166 suavitatis,
730 1120 881 1158 sancta
899 1116 982 1157 Dei

160 1173 368 1214 Genitrix.

208 1243 306 1283 Ant.
335 1243 450 1284 Ante
473 1246 619 1283 torum
641 1242 665 1267 *
689 1242 815 1293 hujus
841 1241 980 1293 Virgi-

158 1299 224 1340 nis
251 1298 524 1350 frequentate
554 1298 681 1341 nobis
714 1298 858 1340 dulcia
885 1300 981 1339 can-

158 1355 245 1397 tica
264 1354 484 1397 dramatis.

419 1429 617 1469 Psalmus
646 1429 708 1468 23.

246 1498 380 1540 emini
410 1503 477 1540 est
508 1503 641 1548 terra,
682 1503 725 1540 et
754 1498 982 1551 plenitudo

263 1555 367 1606 ejus:
387 1556 411 1582 *
431 1554 550 1596 orbis
569 1557 800 1604 terrarum,
830 1559 873 1596 et
892 1555 982 1596 uni-

159 1611 277 1654 versi
297 1611 372 1663 qui
388 1610 587 1653 habitant
604 1612 648 1652 in
666 1613 733 1652 eo.

211 1667 324 1718 Quia
345 1668 442 1720 ipse
467 1680 599 1720 super
623 1668 761 1709 maria
784 1667 984 1710 fundavit

160 1737 272 1766 eum:
303 1725 327 1751 *
360 1728 404 1765 et
438 1737 571 1776 super
606 1724 784 1765 flumina
816 1737 983 1776 praepa-

159 1780 272 1822 ravit
300 1792 409 1821 eum.

212 1835 318 1886 Quis
353 1835 560 1877 ascendet
594 1836 639 1877 in
671 1841 866 1878 montem
897 1837 984 1877 De-

159 1890 287 1933 mini?
321 1893 346 1919 *
379 1896 454 1933 aut
495 1892 591 1944 quis
631 1891 763 1934 stabit
801 1892 846 1933 in
884 1892 983 1934 loco

161 1953 314 1990 sancto
344 1946 458 2000 eius?

211 2005 425 2046 Innocens
443 2003 643 2046 manibus
663 2008 707 2045 et
723 2003 886 2046 mundo
901 2017 987 2046 cor-

162 2061 228 2112 de,
247 2062 271 2089 *
292 2061 366 2113 qui
391 2073 480 2102 non
507 2060 675 2113 accepit
697 2060 743 2101 in
761 2073 874 2102 vano
899 2061 984 2102 ani-

161 2130 278 2159 mam
313 2130 455 2166 suam,
495 2129 576 2159 nec
613 2117 769 2168 juravit
803 2117 847 2157 in
882 2116 984 2159 dolo

159 2174 361 2227 preximo
390 2186 481 2215 suo.

212 2231 298 2272 Hic
342 2230 527 2283 accipiet
565 2229 916 2271 benedictionem
961 2243 987 2271 a

161 2287 366 2329 Demino:
381 2288 405 2314 *
424 2291 468 2328 et
487 2285 830 2328 misericerdiam
848 2299 874 2327 a
888 2286 985 2328 Deo

163 2343 341 2385 salutari
368 2356 459 2385 suo.

213 2400 323 2441 Haec
355 2405 421 2441 est
447 2400 670 2451 generatio
700 2399 985 2452 quaerentium

164 2468 300 2554 eum,b
319 2456 343 2482 *
384 2456 672 2508 quaerentium
711 2456 867 2497 faciem
901 2455 986 2497 Dei

163 2512 188 2553 J
191 2524 270 2553 aco
303 2543 312 2553 .

214 2568 416 2610 Attellite
460 2573 612 2621 portas
654 2568 875 2621 principes
915 2580 985 2608 ve-

165 2630 291 2674 straS,
319 2629 363 2666 et
391 2625 619 2666 elevamini
644 2629 786 2677 portae
807 2625 985 2665 aeterna-

163 2681 245 2722 les:
273 2682 297 2708 *
325 2685 369 2722 et
394 2681 590 2723 introibit
616 2681 715 2722 Rex
740 2680 902 2731 gleriae.

216 2737 322 2787 Quis
350 2741 416 2779 est
441 2737 524 2779 iste
543 2738 641 2779 Rex
660 2735 835 2788 gleriae?
855 2737 879 2764 *
897 2736 984 2777 De-

1764 211 1855 255 [137]

1032 313 1173 354 minus
1206 312 1329 354 fortis
1366 318 1409 354 et
1436 317 1607 365 potens:
1642 312 1855 353 Deminus

1031 374 1190 422 potens
1217 369 1261 410 in
1287 369 1451 421 praelio.

1083 429 1285 472 Attellite
1333 435 1483 482 portas
1525 430 1743 482 principes
1784 442 1854 470 ve-

1032 492 1162 536 straS‚
1191 491 1234 528 et
1262 486 1490 527 elevamini
1511 490 1652 538 portae
1676 488 1854 528 aeterna·

1031 543 1110 585 les:
1138 545 1162 570 *
1190 548 1234 584 et
1260 542 1456 584 introibit
1482 543 1580 584 Rex
1607 542 1769 593 gloriae.

1084 604 1190 654 Quis
1219 608 1285 645 est
1311 603 1393 644 iste
1413 603 1510 644 Rex
1534 602 1706 654 gleriae?
1726 604 1750 630 *
1767 603 1854 643 Do-

1031 661 1172 701 minus
1199 661 1409 702 virtutum
1435 660 1530 712 ipse
1559 663 1624 700 est
1643 660 1740 700 Rex
1766 659 1854 710 gle-

1032 729 1119 757 nae.

1086 779 1183 817 A-nt.
1214 778 1329 818 Ante
1352 782 1496 818 torum
1518 777 1644 827 hujus
1663 776 1856 826 Virginis

1032 834 1306 886 frequentate
1342 833 1469 875 nobis
1506 833 1650 874 dulcia
1689 832 1858 874 cantica

1035 890 1252 933 dramatis.
1831 910 1834 914 ·

1083 951 1132 1002 V-
1171 956 1325 1008 Specie
1356 961 1433 997 tua
1464 960 1507 997 et
1534 954 1858 1007 pulchritudine

1033 1017 1119 1053 tua.
1135 1013 1184 1064 R.
1213 1012 1407 1062 Intende,
1425 1014 1639 1065 prespere
1656 1010 1858 1064 procede,

1035 1074 1078 1111 et
1097 1081 1240 1120 regna.

1088 1134 1213 1175 Pater
1231 1138 1391 1175 noster.

1085 1199 1328 1240 Absolutio.
1357 1198 1531 1240 Exaudi
1550 1198 1748 1239 Demine.

1086 1255 1134 1306 V.
1162 1260 1186 1301 J
1189 1259 1273 1301 ube
1293 1259 1464 1301 domne.

1085 1325 1245 1366 Bened.
1275 1323 1598 1366 Benedicti6ne.

1143 1404 1210 1444 De
1238 1402 1465 1444 Parabolis
1494 1402 1751 1443 Salomonis.

1110 1472 1259 1512 Lectio
1280 1472 1304 1511 i.
1459 1471 1559 1523 Cap.
1576 1473 1611 1511 8.
1628 1471 1666 1511 b.
1684 1476 1725 1511 et
1742 1472 1778 1510 9.

1043 1543 1210 1607 ,ssi
1240 1537 1451 1635 εᾶρὶόηῒὲῗ
1471 1537 1628 1601 ‘habito
1654 1538 1698 1577 in
1722 1539 1859 1578 consi-

1042 1630 1055 1665 «Ξ
1146 1611 1149 1673 ⁸
1171 1595 1420 1693 ὶΐήὲἑῑὲζέ.
1449 1595 1860 1691 fisiffirssffiffigg-

1037 1707 1100 1749 dit
1118 1708 1294 1749 malum:
1321 1707 1625 1758 arrogantiam,
1652 1711 1695 1747 et
1714 1708 1860 1758 super-

1035 1764 1163 1814 biam,
1189 1770 1232 1806 et
1251 1764 1365 1804 viam
1382 1775 1575 1816 pravam,
1602 1768 1644 1804 et
1671 1775 1720 1804 os
1739 1761 1860 1803 bilin-

1036 1833 1120 1871 gue
1140 1821 1346 1863 detestor.
1378 1820 1525 1860 Meum
1544 1823 1611 1860 est
1632 1818 1861 1860 consilium

1038 1882 1081 1919 et
1096 1877 1291 1929 aequitas,
1310 1889 1407 1918 mea
1422 1880 1489 1917 est
1502 1875 1744 1928 prudentia,
1764 1887 1861 1916 mea

1038 1939 1105 1975 est
1142 1932 1367 1975 fortitudo.
1410 1933 1495 1974 Per
1530 1945 1600 1973 me
1635 1944 1762 1983 reges
1797 1945 1860 1973 re-

1037 1994 1187 2041 gnant,
1223 1994 1266 2031 et
1298 1989 1443 2040 legum
1472 1988 1723 2030 conditores
1750 1989 1862 2040 justa

1038 2046 1291 2088 decernunt:
1324 2058 1404 2098 per
1434 2058 1506 2086 me
1538 2045 1758 2098 principes
1786 2047 1861 2085 im-

1037 2107 1212 2155 perant,
1242 2107 1285 2143 et
1310 2103 1513 2154 potentes
1541 2100 1780 2143 decernunt
1804 2102 1861 2152 ju-

1038 2159 1210 2201 stitiam.
1245 2158 1340 2209 Ego
1368 2157 1599 2209 diligentes
1621 2170 1691 2199 me
1715 2157 1862 2208 diligo:

1039 2220 1083 2257 et
1107 2215 1181 2267 qui
1204 2227 1331 2256 mane
1350 2214 1530 2265 vigilant
1554 2213 1611 2256 ad
1630 2227 1717 2264 me,
1746 2214 1861 2254 inve-

1037 2272 1158 2313 nient
1175 2283 1256 2312 me.

1086 2335 1137 2386 Rv-
1162 2336 1320 2378 Sancta
1339 2340 1383 2377 et
1399 2334 1676 2376 immaculata
1692 2333 1862 2384 virgini-

1038 2398 1118 2442 tas,
1139 2392 1296 2444 quibus
1317 2397 1361 2434 te
1380 2391 1582 2433 laudibus
1603 2390 1778 2432 efferam
1791 2391 1862 2430 ne-

1040 2446 1178 2491 scio:*
1201 2449 1311 2499 Quia
1331 2461 1462 2500 quem
1483 2447 1583 2489 coeli
1601 2449 1758 2499 capere
1775 2459 1862 2487 non

1072 2508 1261 2555 (sterant,
1306 2510 1383 2547 tuo
1422 2504 1588 2556 gremio
1630 2503 1862 2544 contulisti.

1078 2592 1084 2598 -
1115 2562 1355 2604 Benedicta
1378 2566 1427 2603 tu
1451 2561 1495 2601 in
1521 2559 1789 2609 mulieribus,
1819 2562 1863 2600 et

1038 2618 1296 2661 benedictus
1349 2618 1515 2659 fructus
1568 2616 1733 2658 ventris
1789 2614 1863 2656 tui.

1041 2675 1161 2726 Quia.

1091 2736 1251 2777 Bened.
1282 2733 1538 2784 Unigenitus
1556 2732 1651 2774 Dei.
