2040 2990
181 180 246 214 128

395 279 545 313 (thorus
572 282 793 324 respondet:

183 331 492 436 Misereatur
506 331 567 371 tui
580 334 856 384 omnipotens
869 332 998 373 Deus.

299 392 341 428 ct
361 386 549 428 dimissis
571 389 763 441 peccatis
784 389 884 436 tuis,
903 402 997 441 per—

175 443 306 485 ducat
325 449 367 484 te
387 443 442 484 ad
464 444 595 485 vitam
615 446 834 486 aetc'rnam.

233 508 279 558 Ru
305 505 456 546 Amen.

234 571 379 604 Deinde
401 573 534 614 repetit
554 573 864 609 Confessionem:
884 579 918 607 ct
938 575 1001 607 ubi

179 617 441 653 diciturvobis
460 618 607 660 fratres,
630 628 750 654 ctvos
770 619 916 661 fratres,
948 622 1001 655 di-

179 666 365 701 eaturtibi
384 666 507 709 Pater,
523 676 557 701 ct
576 671 612 702 te
630 667 752 701 Pater.

290 732 400 766 Facta
428 733 680 766 (tonsos-sione
706 744 726 766 a
753 733 891 769 Choro.

360 780 692 814 llcbdomudurius
719 780 825 814 dicit:

279 838 490 878 isereatur
534 839 666 879 vestri
717 842 995 891 omnipotens

292 895 422 941 Deus,
442 899 484 935 et
504 894 692 948 dimissis
713 897 906 947 peccatis
927 911 994 938 ve-

173 952 288 999 stris,
309 949 523 1003 perducat
543 964 622 992 vos
643 951 698 992 ad
717 952 849 993 vitam
873 956 994 994 aeter-

172 1020 282 1048 nam.
320 1011 364 1061 Ru
381 1009 531 1048 Amen.

175 1069 538 1174 Indulgentiam‚
588 1072 907 1115 absolutiOncm
953 1081 996 1117 ct

242 1129 540 1170 remissiOnem
589 1132 872 1181 peccatorum
896 1147 901 1153 ·
922 1146 995 1173 ηο-

171 1188 359 1226 strorum
384 1185 546 1226 tribuat
566 1186 692 1227 nobis
718 1190 995 1240 omnipotens

171 1247 213 1282 et
236 1242 483 1283 misericors
506 1242 729 1284 Dominus.
776 1248 822 1299 Rg.
844 1245 995 1287 Amen.

232 1309 274 1342 Et
302 1310 396 1342 factu
426 1310 681 1345 Absolutionc
707 1312 776 1346 dic.
804 1307 847 1353 Χ.

171 1361 423 1470 Converte
446 1381 527 1409 nos
551 1369 670 1410 Deus
695 1370 897 1411 salutaris
921 1384 994 1412 no-

261 1429 359 1465 ster.
399 1427 443 1477 R».
458 1425 513 1466 Et
533 1428 679 1467 averte
699 1427 806 1467 iram
829 1432 947 1468 tuam
970 1440 994 1468 a

170 1479 307 1520 nobis.

227 1537 274 1586 Y.
290 1541 409 1582 Deus
431 1542 470 1582 in
492 1542 751 1594 adjutorium
770 1557 914 1585 meum
936 1545 994 1584 in-

170 1596 311 1638 tende.
352 1598 396 1648 Ru
420 1599 605 1640 Domine
626 1599 682 1641 ad
701 1600 994 1652 adjuvandum

170 1666 239 1694 me
257 1654 422 1695 festina.

226 1709 371 1751 (iloria
390 1712 517 1752 Patri.
546 1713 665 1754 Sicut
688 1718 791 1754 erat.

228 1776 322 1815 Ant.
355 1776 567 1819 Miserere.

461 1845 654 1886 l'salmus
675 1848 711 1885 4.

175 1910 358 1971 :fuum
391 1906 638 1948 invocarem
672 1909 893 1951 exaudivit
923 1924 993 1952 me

174 1993 176 1999 Α
205 1962 281 2019 (235)
305 1962 423 2003 Deus
450 1964 623 2014 justitiae
651 1978 775 2006 meae:
800 1967 823 1991 *
851 1967 893 2007 in
922 1969 992 2009 tri—

177 2015 180 2024 '
275 2040 278 2042 ·
304 2018 524 2061 bulatione
544 2019 733 2062 dilatasti
753 2023 867 2064 mihi.

219 2074 427 2116 Miserere
446 2076 541 2126 mei,
557 2077 580 2102 *
597 2082 639 2118 et
660 2078 815 2120 exaudi
836 2081 992 2122 oratio-

171 2143 270 2172 nem
289 2144 442 2173 meam.

220 2187 314 2228 Filii
348 2187 570 2230 hominum
606 2194 835 2243 usquequo
871 2195 991 2243 gravi

170 2243 326 2285 corde?
338 2244 360 2269 *
374 2250 420 2285 ut
436 2245 539 2296 quid
557 2245 733 2297 diligitis
748 2250 992 2299 vanitatem,

170 2305 214 2341 ct
233 2301 427 2352 qua'eritis
446 2302 744 2343 mendacium?

221 2356 277 2397 Et
313 2357 468 2398 scitote
508 2359 711 2409 quoniam
749 2361 993 2405 mirificavit

169 2412 382 2453 D6minus
412 2418 609 2455 sanctum
635 2429 774 2457 suum:
799 2419 821 2442 ²⁰¹
846 2419 991 2460 Domi—

169 2482 251 2509 nus
281 2469 484 2511 exaudiet
513 2484 582 2512 me
616 2485 713 2513 cum
746 2473 991 2517 clamavero

170 2524 226 2566 ad
246 2538 356 2566 eum.

221 2582 476 2626 Irascimini,
509 2588 551 2623 et
579 2584 712 2626 nolite
741 2589 940 2637 peccare:
969 2589 991 2614 *

170 2650 267 2689 quae
293 2637 436 2679 dicitis
460 2639 501 2679 in
526 2639 731 2681 cdrdibus
751 2644 922 2692 vestris,
951 2645 990 2684 in

170 2693 383 2736 cubilibus
404 2696 558 2737 vestris
579 2700 928 2750 compungimini.

820 185 877 218 Aci
903 186 1215 229 (Iomplctorium.

1101 275 1352 317 Sacrificate
1392 276 1651 317 sacrificium
1688 277 1876 328 justitiae,

1052 338 1094 373 et
1123 334 1297 384 sperate
1326 333 1366 372 in
1397 333 1599 374 DOmino.
1617 333 1640 358 *
1663 334 1788 375 Multi
1816 333 1875 375 di-

1051 394 1169 429 cunt:
1189 389 1294 438 Quis
1315 388 1506 430 ostendit
1527 389 1654 431 nobis
1673 389 1812 431 bona?

1100 445 1323 494 Signatum
1358 450 1424 486 est
1456 459 1588 498 super
1619 459 1700 487 nos
1730 446 1875 489 lumen

1049 501 1195 542 vultus
1220 502 1282 542 tui
1311 502 1514 543 D6mine:
1535 503 1558 527 *
1583 501 1741 544 dedisti
1771 503 1875 544 laeti-

1049 558 1152 598 tiam
1172 558 1214 598 in
1235 557 1368 599 corde
1388 571 1498 600 meo.

1102 615 1138 654 Α
1169 614 1310 656 fructu
1341 615 1558 661 frumenti,
1589 615 1690 663 vini,
1720 621 1763 657 et
1791 615 1875 658 olei

1049 671 1113 711 sui
1134 672 1157 696 *
1176 671 1451 724 multiplicati
1471 677 1580 712 sunt.

1103 728 1149 767 In
1178 740 1288 780 pace
1316 728 1358 768 in
1387 727 1577 780 idipsum
1602 730 1624 754 *
1650 729 1876 779 dormiam,

1049 790 1092 825 ct
1112 785 1398 836 requiescam:

1101 841 1315 890 Qu6niam
1335 846 1380 882 tu
1397 841 1584 882 Domine
1600 842 1876 893 singulariter

1049 898 1090 937 in
1112 910 1189 950 spe
1209 898 1231 922 *
1253 898 1516 939 constituisti
1537 911 1618 940 me.

1328 983 1525 1024 psalmus
1544 986 1615 1023 30.

1100 1055 1126 1081 n
1155 1047 1198 1083 tc
1224 1042 1410 1083 Domine
1439 1044 1628 1095 speravi,
1660 1055 1747 1084 non
1775 1055 1875 1084 con-

1118 1097 1274 1139 fi'mdar
1299 1099 1339 1138 in
1365 1101 1590 1140 aeternum:
1610 1100 1632 1124 *
1652 1100 1695 1140 in
1715 1100 1876 1151 justitia

1048 1160 1121 1195 tua
1142 1154 1277 1196 libera
1297 1168 1378 1196 me.

1101 1211 1264 1252 Inclina
1286 1211 1341 1252 ad
1360 1225 1430 1253 me
1451 1225 1599 1253 aurem
1615 1217 1745 1261 tuam,
1766 1214 1788 1238 *
1809 1225 1876 1254 ac-

1049 1267 1192 1308 celera
1211 1272 1258 1308 ut
1278 1269 1404 1308 eruas
1424 1281 1505 1309 me.

1100 1324 1207 1365 Esto
1227 1323 1331 1364 mihi
1347 1324 1389 1364 in
1406 1324 1547 1365 Deum
1562 1326 1876 1377 protectorem:

1049 1384 1092 1421 et
1120 1381 1160 1420 in
1187 1380 1366 1421 domum
1395 1380 1565 1431 refugii,
1585 1381 1608 1407 *
1627 1385 1675 1422 ut
1708 1380 1876 1422 salvum

1047 1450 1117 1477 me
1138 1436 1281 1478 facias.

1100 1493 1316 1543 Qu6niam
1336 1492 1547 1535 fortitudo
1567 1506 1679 1543 mea,
1704 1499 1748 1536 et
1767 1495 1876 1536 refu-

1047 1549 1165 1598 gium
1183 1563 1329 1591 mcum
1349 1563 1396 1591 es
1415 1554 1477 1591 tu:
1495 1550 1518 1575 *
1539 1555 1582 1591 et
1600 1555 1784 1604 propter
1802 1563 1877 1592 no—

1047 1619 1146 1647 men
1166 1611 1289 1647 tuum
1309 1605 1501 1648 deduces
1521 1619 1601 1655 mc,
1622 1611 1666 1648 et
1685 1608 1877 1650 emitries

1048 1675 1128 1704 me.

1101 1718 1275 1760 Educes
1295 1732 1365 1760 me
1385 1718 1440 1760 de
1455 1719 1614 1772 laqueo
1629 1720 1726 1770 hoc,
1747 1734 1878 1773 quem

1048 1774 1373 1816 absconderunt
1399 1775 1518 1816 mihi:
1542 1777 1566 1802 ¹*
1596 1777 1801 1829 quossiam
1829 1782 1877 1819 tu

1048 1845 1095 1873 es
1115 1833 1340 1884 protector
1358 1845 1493 1873 meus.

1099 1889 1147 1928 In
1171 1901 1326 1929 manus
1349 1893 1446 1929 tuas
1472 1889 1733 1930 commendo
1753 1890 1874 1942 spiri-

1046 1949 1138 1985 tum
1157 1957 1316 1986 meum:
1327 1945 1350 1970 *
1361 1943 1584 1987 redemisti
1603 1959 1673 1988 me
1688 1945 1875 1988 Domine

1047 2001 1167 2043 Deus
1188 2001 1395 2043 veritAtis.
1890 2005 1898 2018 ¹

1321 2075 1515 2116 l'salmus
1536 2078 1606 2116 90.

1133 2140 1175 2181 ui
1200 2139 1367 2181 habitat
1396 2141 1438 2181 in
1464 2140 1680 2192 adjutorio
1706 2141 1875 2182 Altissi-

1149 2196 1223 2245 mi,
1242 2197 1265 2221 *
1290 2197 1331 2236 in
1360 2198 1634 2249 protectione
1662 2197 1745 2239 Dei
1774 2197 1874 2240 coeli

1048 2252 1400 2294 commorabitur.
1853 2272 1860 2280 ·

1098 2310 1227 2350 Dicet
1251 2309 1457 2352 Domino:
1485 2311 1725 2363 Susceptor
1751 2324 1875 2353 meus

1047 2379 1094 2407 es
1122 2371 1182 2414 tu,
1212 2370 1255 2406 et
1283 2366 1498 2418 refugium
1525 2381 1685 2409 meum:
1704 2368 1727 2393 *
1752 2368 1873 2410 Deus

1046 2435 1168 2463 meus
1190 2421 1378 2474 sperabo
1398 2423 1441 2463 in
1462 2437 1570 2465 eum.

1098 2478 1313 2529 Qu6niam
1353 2479 1447 2531 ipse
1480 2480 1680 2522 liberavit
1715 2493 1785 2522 me
1817 2480 1872 2522 de

1047 2534 1206 2586 laqueo
1243 2536 1507 2585 venantium,
1540 2538 1563 2561 *
1596 2542 1639 2578 et
1676 2550 1700 2578 a
1737 2537 1872 2579 verbo

1048 2593 1217 2643 aspero.

1098 2646 1296 2699 Scapulis
1321 2648 1410 2688 suis
1434 2647 1714 2691 obumbrabit
1736 2649 1829 2692 tibi:
1848 2651 1871 2675 *

1047 2708 1090 2744 ct
1109 2702 1188 2744 sub
1208 2704 1362 2756 pennis
1383 2704 1472 2756 ejus
1493 2705 1702 2758 sperabis.
