2080 2990
626 213 669 247 In
694 214 818 248 Festis
842 214 883 248 Β.
908 214 1039 248 Mariae
1063 214 1106 247 V.
1132 224 1200 257 per
1222 225 1371 248 annum

147 305 375 356 mantibus,
389 311 511 348 tanta
526 307 616 359 ejus
630 307 970 348 incarnationem

147 375 239 415 prae
256 362 456 404 omnibus
471 363 720 405 sinceritate
736 364 969 415 cognoscit,

147 423 268 460 tanta
286 418 446 460 fiducia
465 420 712 470 confitetur,
732 425 780 461 ut
799 425 842 461 et
860 433 969 472 prae-

148 476 334 517 sentium
362 478 594 528 procerum
622 477 895 526 calumniam,
928 481 971 517 et

147 531 391 573 futurerum
411 533 649 575 confundat
663 532 970 574 haereticorum

146 588 388 640 perfidiam.
420 589 534 630 Nam
559 590 670 631 sicut
693 595 796 631 tunc
819 589 843 629 J
845 589 970 639 udaei,

148 645 287 686 sancti
305 646 490 698 Spiritus
514 648 649 699 opera
667 645 969 698 blaspheman-

149 701 226 751 do,
270 714 422 743 verum
467 702 969 754 consubstantialemque

146 758 266 799 Patri
279 758 364 800 Dei
379 758 535 800 Filium
555 759 786 811 negabant:
805 759 866 799 sic
884 758 968 799 hae-

146 813 271 855 retici
284 816 440 867 pestea
454 815 655 866 negando
666 815 848 856 Mariam
861 827 968 856 sern-

146 882 225 922 per
244 871 484 921 Virginem,
506 872 647 914 sancti
664 872 849 924 Spiritus
869 883 968 923 ope-

147 928 271 968 rante
298 928 482 978 virtute,
514 929 735 970 nascituro
768 941 866 970 cum
894 928 968 969 hu-

146 983 285 1024 manis
334 984 540 1026 membris
589 985 821 1035 Unigenito
870 984 968 1033 Dei,
1011 1028 1018 1035 ,

146 1040 288 1080 6311115
316 1053 406 1082 suae
434 1041 661 1082 materiam
688 1041 969 1090 ministrasse,

145 1108 297 1136 verum
316 1096 816 1150 consubstantialemque
841 1097 969 1138 matri

145 1151 303 1193 Filium
330 1151 516 1194 hominis
545 1153 669 1195 fateri
694 1166 781 1195 non
808 1153 968 1195 debere

146 1207 360 1250 dixerunt.

201 1266 253 1318 R.
263 1265 387 1307 Felix
405 1278 593 1318 namque
614 1279 671 1316 es,
692 1279 815 1307 sacra
829 1266 967 1317 Virgo

144 1320 292 1371 Maria,
313 1326 356 1363 et
374 1323 493 1363 omni
511 1322 640 1364 laude
659 1322 926 1373 dignissima:
947 1323 968 1347 *

146 1377 258 1427 Quia
289 1390 343 1419 ex
374 1382 417 1420 te
446 1383 568 1420 ortus
597 1383 663 1420 est
691 1378 756 1420 501
783 1379 969 1430 justitiae,

146 1433 343 1475 Christus
362 1435 483 1476 Deus
502 1440 661 1477 noster.
702 1430 751 1481 V.
774 1435 862 1476 Ora
886 1448 967 1488 pro

143 1490 324 1543 pepulo,
348 1491 562 1533 interveni
580 1504 662 1544 pro
679 1492 812 1542 clero,
838 1492 967 1533 inter-

145 1546 251 1588 cede
294 1560 376 1600 pro
422 1548 583 1590 deveto
624 1549 810 1590 femineo
847 1561 967 1590 sexu:

144 1603 332 1646 sentiant
346 1616 497 1646 omnes
512 1610 635 1646 tuum
650 1606 860 1657 juvamen,
877 1605 966 1657 qui-

145 1662 330 1712 cumque
367 1660 590 1703 celebrant
620 1666 740 1702 tuam
772 1666 966 1702 sanctam

143 1715 434 1758 festivitatem.
469 1717 590 1768 Quia.

199 1774 359 1816 Bened.
404 1774 530 1825 Cujus
571 1774 729 1815 festum
769 1773 965 1824 6011111115,

143 1828 239 1881 ipsa
256 1829 394 1880 Virgo
412 1830 637 1881 virginum.

430 1886 582 1929 Lectio
603 1888 697 1928 viii.⁴

150 1938 269 2046 Sed
288 1941 324 1982 si
348 1954 450 1983 6310
469 1941 606 1984 Verbi
624 1942 707 1983 Dei
726 1941 966 1983 secundum

234 2010 410 2039 carnem
431 1998 649 2039 nascentis
672 2011 697 2039 a
721 2011 850 2039 carne
869 1998 965 2040 Vir-

143 2053 255 2104 ginis
269 2054 421 2095 matris
432 2054 738 2107 pronuntiatur
751 2057 965 2106 extranea,

145 2110 236 2152 sine
259 2123 390 2152 causa
412 2115 564 2153 venter
589 2111 662 2163 qui
686 2123 781 2152 eam
799 2113 966 2163 portas-

145 2171 227 2216 set,
250 2166 386 2209 ubera
405 2180 503 2219 quae
522 2166 775 2218 lactassent,
802 2167 966 2209 beatifi-

145 2224 308 2264 cantur.
361 2224 479 2265 Dicit
523 2228 669 2265 autem
709 2224 966 2276 Apostolus:

145 2278 255 2328 Quia
281 2280 398 2321 misit
424 2282 545 2321 Deus
571 2279 727 2321 Filium
755 2292 881 2321 suum
908 2280 966 2321 fa-

145 2339 263 2376 ctum
283 2348 336 2377 ex
355 2336 550 2386 muliere,
574 2337 736 2377 factum
761 2335 842 2377 sub
860 2335 967 2388 lege.

143 2389 298 2443 Neque
331 2392 535 2434 audiendi
566 2397 684 2444 sunt,
721 2393 793 2445 qui
825 2392 966 2443 legen-

146 2446 248 2488 dum
279 2453 449 2500 putant:
486 2449 647 2490 Natum
686 2461 740 2490 ex
776 2448 966 2498 muliere,

145 2503 307 2544 factum
333 2504 413 2546 sub
437 2505 549 2556 lege,
579 2505 676 2555 sed,
707 2505 889 2546 Factum
914 2518 967 2546 ex

144 2559 338 2601 muliere:
367 2561 468 2613 quia
495 2563 733 2614 conceptus
762 2574 815 2602 ex
839 2564 966 2602 utero

144 2616 361 2666 virginali,
398 2630 573 2659 carnem
610 2631 695 2659 non
733 2617 788 2659 de
823 2617 966 2667 11111110,

144 2685 232 2713 11011
250 2672 435 2723 aliunde,
454 2673 533 2715 sed
550 2677 747 2716 materna
765 2674 897 2715 traxit
914 2686 967 2714 ex

146 2741 288 2770 carne:
311 2728 503 2781 aliequin
521 2743 602 2772 nec
620 2743 723 2772 vere
740 2730 873 2771 Filius
892 2729 966 2770 110-

1020 308 1146 348 minis
1166 308 1398 360 diceretur,
1426 312 1499 364 qui
1526 313 1735 364 originem
1753 327 1840 355 non

1021 363 1204 406 haberet
1229 378 1283 407 ex
1306 366 1491 409 1101111116.
1527 369 1583 410 Ε1
1607 382 1686 410 1105
1710 371 1842 421 igitur

1021 420 1088 461 his
1113 426 1266 463 contra
1288 422 1515 475 Eutychen
1540 424 1682 476 dictis,
1709 427 1841 468 extol-

1021 477 1160 518 lamus
1179 491 1333 520 vocem
1356 492 1454 520 cum
1473 481 1670 523 Ecclesia
1696 482 1841 524 631110-

1021 533 1118 583 1163,
1147 535 1266 586 cujus
1289 535 1384 576 haec
1406 537 1559 578 mulier
1578 542 1730 591 typum
1749 552 1841 608 ges-

1021 590 1092 639 sit,
1119 591 1379 633 extollamus
1395 597 1447 634 et
1470 598 1658 635 mentem
1682 595 1736 637 de
1756 598 1841 637 me-

1022 646 1094 688 (110
1120 647 1364 698 turbarum,
1393 648 1674 702 dicamusque
1698 652 1841 693 Salva-

1021 703 1120 744 tori:
1139 704 1301 745 Beatus
1321 710 1473 747 venter
1493 707 1566 758 qui
1582 711 1626 748 te
1640 709 1842 759 portavit,

1022 764 1065 800 et
1091 759 1227 801 ubera
1256 774 1354 813 quae
1382 763 1546 804 suxisti.
1587 763 1703 805 Vere
1730 765 1842 805 enim

1020 815 1150 857 beata
1176 830 1351 869 parens,
1382 831 1496 871 quae,
1526 819 1638 861 sicut
1667 820 1842 872 quidam

1021 872 1091 921 ait,
1108 873 1247 914 Enixa
1262 879 1328 915 est
1342 876 1558 927 puerpera
1574 876 1750 927 Regem,
1771 878 1843 929 qui

1021 929 1179 970 coelum
1191 932 1439 983 terramque
1452 936 1572 973 tenet
1583 945 1662 984 per
1673 933 1842 974 saecula.

1077 986 1126 1036 R.
1141 985 1325 1027 Beatam
1343 1000 1413 1028 me
1435 987 1581 1029 dicent
1601 1001 1752 1030 omnes
1771 1002 1859 1040 ge-⁴

1019 1042 1283 1084 neratio'nes:
1315 1044 1337 1067 *
1362 1044 1473 1094 Quia
1501 1045 1603 1086 fecit
1626 1045 1731 1085 mihi
1754 1046 1842 1087 Do-

1019 1098 1160 1139 minus
1196 1112 1353 1150 magna
1385 1101 1458 1151 qui
1490 1106 1647 1153 potens
1680 1106 1762 1151 est,
1800 1107 1843 1143 et

1019 1159 1218 1196 sanctum
1246 1168 1404 1198 nomen
1430 1158 1531 1209 ejus.
1568 1153 1617 1204 V.
1641 1158 1697 1199 Et
1717 1159 1840 1200 111156-

1019 1210 1208 1252 ricordia
1230 1213 1319 1263 ejus
1343 1226 1369 1253 a
1389 1214 1597 1265 progenie
1621 1214 1665 1254 in
1688 1217 1840 1267 proge-

1019 1267 1111 1308 nies
1130 1268 1379 1310 timentibus
1404 1283 1512 1311 eum.
1541 1271 1661 1320 Quia.
1692 1271 1842 1313 Gloria

1018 1323 1148 1370 Patri.
1187 1325 1307 1374 Quia.

1076 1382 1235 1423 Bened.
1264 1381 1331 1423 Ad
1350 1382 1614 1425 societatem.

1324 1458 1473 1498 Lectio
1496 1458 1548 1497 ix.

1101 1519 1263 1560 uinimo
1292 1519 1408 1561 beati
1440 1522 1513 1573 qui
1542 1522 1721 1564 audiunt
1749 1536 1840 1565 ver-

1110 1574 1215 1616 bum
1240 1576 1338 1626 Dei,
1371 1582 1415 1618 et
1446 1578 1706 1620 custodiunt.
1745 1580 1840 1621 Pul—

1020 1630 1122 1672 chre
1140 1632 1341 1674 Salvator
1361 1634 1628 1675 attestatic'mi
1649 1635 1840 1677 mulieris

1019 1688 1177 1737 annuit,
1194 1701 1281 1730 non
1301 1701 1396 1731 eam
1415 1691 1719 1733 tantummodo
1742 1705 1839 1744 quae

1017 1744 1213 1785 Verbum
1226 1745 1310 1787 Dei
1330 1747 1614 1798 corporaliter
1631 1751 1840 1798 generare

1016 1803 1252 1850 meruerat,
1280 1802 1358 1843 sed
1384 1807 1427 1843 et
1451 1815 1601 1844 omnes
1628 1804 1701 1856 qui
1723 1804 1839 1846 idem

1017 1856 1214 1898 Verbum
1258 1858 1509 1910 spiritaliter
1547 1859 1697 1901 auditu
1736 1860 1840 1902 fidei

1017 1915 1263 1965 concipere,
1291 1918 1334 1955 et
1352 1913 1456 1955 boni
1475 1916 1621 1968 operis
1641 1916 1840 1958 6115101113

1018 1968 1087 2010 vel
1105 1969 1149 2009 in
1169 1982 1259 2019 suo,
1279 1969 1348 2011 vel
1366 1971 1409 2010 in
1428 1972 1727 2023 proximetum
1747 1985 1838 2014 cor-

1019 2025 1072 2066 de
1103 2027 1276 2077 parere,
1309 2031 1353 2068 et
1386 2028 1510 2078 quasi
1542 2028 1658 2070 alere
1693 2028 1840 2070 studu-

1018 2082 1138 2131 erint,
1158 2084 1412 2124 asseverans
1432 2096 1528 2126 esse
1547 2084 1716 2126 beatos:
1741 2086 1840 2137 quia

1019 2142 1062 2179 et
1081 2137 1235 2179 eadem
1252 2139 1333 2180 Dei
1348 2139 1556 2190 Genitrix‚
1577 2146 1620 2183 et
1634 2141 1735 2183 inde
1752 2142 1840 2194 qui-

1019 2193 1119 2235 dem
1136 2193 1281 2244 beata,
1309 2196 1410 2247 quia
1429 2196 1568 2238 Verbi
1586 2197 1841 2239 incarnandi

1017 2250 1213 2291 ministra
1235 2250 1351 2292 facta
1376 2257 1441 2294 est
1463 2253 1734 2318 temporalis,
1763 2253 1840 2295 sed

1017 2305 1120 2347 inde
1144 2306 1280 2348 multo
1304 2306 1491 2359 beatior,
1520 2310 1620 2362 quia
1648 2309 1839 2362 ejusdem

1019 2375 1191 2415 semper
1233 2363 1407 2406 amandi
1451 2371 1598 2407 custos
1638 2365 1841 2407 manebat

1019 2420 1191 2460 aeterna.
1252 2421 1313 2461 Te
1331 2420 1474 2462 Deum
1495 2421 1734 2463 laudamus.
1755 2423 1814 2462 14.

1281 2502 1579 2544 AdLaudes

1185 2559 1246 2595 et
1290 2568 1404 2607 per
1447 2556 1671 2596 Horas.

1073 2622 1171 2662 Ant.
1195 2623 1225 2662 1.
1258 2622 1373 2662 Dum
1401 2623 1516 2660 esset
1534 2619 1632 2661 Rex
1654 2620 1678 2646 *
1701 2620 1743 2660 in
1772 2632 1838 2660 ac-

1020 2674 1169 2716 cubitu
1189 2688 1280 2725 suo,
1299 2674 1460 2716 nardus
1478 2688 1576 2717 mea
1594 2675 1715 2717 dedit
1734 2674 1837 2716 odo-

1019 2743 1111 2772 rem
1131 2732 1365 2772 suavitatis,
