2080 2990
444 214 514 247 Dic
536 214 566 247 7.
591 214 729 247 Martii.
776 215 810 247 S.
836 213 997 247 Thomu>
1024 213 1071 246 de
1096 212 1252 254 Aquino
1278 212 1385 245 Conf.
1412 216 1447 245 ct
1472 212 1579 245 Doct.

161 313 205 351 61
222 308 351 351 bonis
372 307 539 349 artibus
558 307 809 358 instructus,
831 308 990 359 juveni-

161 365 226 406 les
258 368 377 405 artus
411 365 569 415 aspero
599 362 809 405 domabat
838 363 991 412 cilicio,

161 424 205 461 et
255 418 442 460 assiduis
496 418 764 459 extenuabat
814 418 991 470 jejuniis.

160 475 288 526 Regii
320 479 471 526 spreta
502 474 606 516 lecti
638 474 841 523 mollitie,
883 474 993 515 dura

161 530 351 572 cubabat
369 530 514 579 humo,
535 535 579 571 et
598 530 711 571 clam
730 530 993 582 intempesta

159 592 301 636 nocte,
320 599 415 638 prae
432 586 600 627 foribus
614 586 881 638 templdrum
892 598 991 638 pro-

160 656 243 684 nus
262 643 306 682 in
325 647 444 684 terra
464 641 657 683 divinam
678 641 891 683 exorabat
910 641 992 682 cle-

160 698 379 739 mentiam.
407 699 466 742 111,
475 698 635 739 Christi
654 697 994 749 contemplanda

160 754 368 806 passidne
387 753 603 803 assiduus,
627 754 863 794 Missarum
882 753 992 794 sole-

161 810 290 850 mniis
317 808 428 850 adeo
450 811 596 851 erecta
618 809 662 849 in
681 809 825 850 Deum
848 813 993 849 mente

164 865 336 906 solebat
370 864 543 915 adesse,
580 869 629 906 ut
662 869 785 906 extra
818 877 865 906 se
898 864 995 916 rapi

162 919 395 962 videretur.

216 987 266 1039 R.
299 986 548 1026 Honestum
572 985 675 1027 fecit
699 984 821 1025 illum
846 985 993 1025 Dami-

162 1054 260 1091 nuS,
286 1046 330 1083 et
349 1040 587 1082 custodivit
607 1053 705 1082 eum
725 1040 780 1082 ab
800 1040 994 1089 inimicis,

165 1102 209 1139 et
236 1110 262 1138 a
290 1096 598 1138 seductOribus
625 1097 784 1138 tutavit
810 1096 945 1137 illum:
970 1100 991 1124 *

163 1154 221 1196 Et
253 1152 375 1194 dedit
406 1152 468 1193 illi
500 1152 744 1194 claritatem
775 1154 995 1193 aeternam.

163 1204 215 1257 V.
244 1209 419 1250 Justum
451 1207 636 1250 deduxit
667 1208 884 1249 Dominus
915 1220 995 1260 per

163 1265 257 1306 vias
276 1269 437 1314 rectas,
457 1269 501 1305 et
522 1264 717 1306 ostendit
735 1264 797 1304 illi
814 1276 996 1314 regnum

164 1321 258 1362 Dei.
285 1321 343 1362 Et
363 1320 496 1362 dedit.

474 1406 626 1447 Lectio
648 1420 684 1445 v.

165 1466 478 1573 Catholicam
538 1468 802 1519 promovere
863 1466 996 1507 fidem

256 1524 536 1575 summopere
560 1523 742 1573 studuit,
772 1527 815 1564 et
833 1522 995 1563 Ruthe-

164 1581 321 1620 n6rum
357 1578 546 1620 schisma
578 1578 770 1620 abolere:
810 1580 995 1630 quapro-

164 1639 264 1687 pter
282 1634 541 1675 Casimirum
559 1639 731 1687 patrem
748 1633 930 1683 induxit,
950 1639 998 1675 ut

164 1690 308 1740 legem
332 1690 482 1740 ferret,
514 1703 568 1732 ne
594 1689 860 1731 schismatici
882 1702 998 1730 nova

165 1745 331 1799 templa
370 1749 691 1796 construerent,
731 1758 812 1786 nec
848 1747 998 1787 vetera

166 1801 430 1843 collabentia
444 1804 751 1843 restaurarent.
769 1801 886 1852 Erga
902 1804 999 1853 pau-

165 1870 295 1911 peres
328 1862 372 1899 et
403 1857 724 1899 calamitatibus
757 1859 998 1910 oppressos

165 1913 390 1956 beneficus
418 1919 462 1955 et
489 1914 756 1964 misericors,
788 1913 926 1965 patris
955 1918 998 1954 et

167 1969 409 2012 defensoris
438 1972 676 2020 egenorum
702 1981 863 2010 nomen
889 1968 997 2010 obti-

165 2026 269 2067 nuit.
301 2025 624 2076 Virginitatem,
652 2038 784 2078 quam
808 2024 862 2065 ab
881 2024 997 2065 incu-

166 2080 338 2123 nabuh‘s
367 2081 557 2123 servavit
584 2080 784 2130 illaesam,
817 2079 898 2121 sub
927 2092 997 2120 ex-

165 2139 307 2178 tremo
341 2137 443 2178 vitae
474 2138 660 2179 termino
687 2136 858 2178 fortiter
883 2137 997 2176 asse-

167 2193 263 2243 ruit,
283 2191 388 2234 dum
406 2193 529 2244 gravi
542 2205 723 2246 pressus
738 2191 998 2241 infirmitate,

167 2248 280 2290 mori
305 2249 452 2301 p6tius
477 2262 608 2301 quam
632 2248 845 2290 castitatis
868 2249 998 2299 jactu-

168 2317 262 2346 ram
294 2317 349 2346 ex
380 2304 653 2346 medicorum
684 2303 867 2346 consilio
901 2303 998 2345 sub-

169 2362 243 2411 ire,
264 2363 515 2402 constanter
535 2360 740 2402 decrevit.

221 2428 271 2478 R.
299 2425 477 2467 Amavit
496 2438 596 2466 eum
615 2424 845 2474 Dominus,
870 2429 913 2465 et
933 2436 998 2464 or-

169 2480 289 2522 navit
321 2493 434 2522 eum:
481 2481 640 2522 stolam
678 2480 829 2532 gloriae
861 2478 1000 2520 induit

171 2548 281 2586 eum,
299 2540 321 2563 *
341 2536 399 2578 Et
418 2535 475 2578 ad
492 2542 645 2589 portas
664 2535 858 2590 paradisi
877 2547 998 2576 coro-

170 2592 290 2633 navit
317 2604 427 2633 eum.
469 2591 518 2641 V.
550 2593 698 2634 Induit
725 2605 824 2634 eum
852 2590 998 2632 Domi-

170 2660 252 2688 nus
270 2647 452 2688 loricam
476 2648 596 2698 fidei,
625 2654 668 2690 et
695 2647 865 2690 ornavit
891 2659 1000 2688 eum.

170 2703 229 2745 Et
247 2702 303 2745 ad
321 2708 484 2756 portas.

326 2845 391 2870 Pars
406 2844 540 2871 Hiemalis.
590 2882 597 2885 -

1347 307 1497 347 Lectio
1519 308 1570 346 vi.

1124 373 1424 412 onsummatus
1456 371 1499 411 in
1531 370 1671 420 brevi,
1708 370 1873 412 111111111-

1136 426 1219 467 bus
1240 431 1283 468 et
1301 427 1466 468 meritis
1485 426 1656 479 plenus,
1675 439 1873 479 praenun-

1045 483 1154 524 tiato
1174 482 1328 524 mortis
1349 482 1434 532 die,
1459 483 1571 523 inter
1598 482 1876 523 sacerdOtum

1046 544 1090 580 et
1130 538 1435 588 religiosorum
1476 538 1654 579 choros'
1676 538 1875 591 spiritum

1045 595 1143 635 Deo
1168 593 1376 643 reddidit,
1409 607 1521 635 anno
1551 594 1692 635 aetatis
1721 594 1874 644 vigesi-

1046 663 1119 691 mo
1149 650 1312 702 quinto.
1355 650 1527 702 Corpus
1554 650 1730 691 Vilnam
1759 649 1873 690 dela—

1045 711 1139 748 tum
1172 706 1319 747 multis
1352 706 1487 747 claret
1518 705 1748 746 miraculis.
1802 705 1874 746 Et-

1047 763 1161 803 enim
1179 764 1476 815 praeterquam
1500 761 1620 814 quod
1638 761 1784 814 puella
1803 760 1874 802 de-

1047 819 1194 860 functa
1220 818 1374 868 vitam,
1407 819 1514 860 caeci
1541 818 1699 867 visum,
1732 817 1875 858 claudi

1046 887 1260 925 gressum,
1281 879 1324 916 et
1342 874 1452 916 varii
1470 873 1627 914 infirmi
1647 873 1876 914 sanitatem

1048 930 1105 971 ad
1129 931 1219 981 ejus
1244 930 1525 983 sepulchrum
1549 931 1876 983 recuperarunt3

1046 986 1274 1027 Lithuanis
1307 988 1465 1036 exiguo
1497 989 1678 1026 numero
1711 984 1768 1025 ad
1798 997 1875 1037 po·
1939 983 1941 985 ’

1046 1042 1278 1083 tentissimi
1309 1042 1449 1084 hostis
1477 1042 1744 1094 insperatam
1771 1041 1875 1081 irru-

1047 1098 1243 1151 ptionem
1266 1098 1587 1151 trepidantibus
1610 1097 1654 1137 in
1677 1099 1777 1137 aere
1802 1109 1874 1149 ap-

1047 1156 1218 1207 parens,
1238 1154 1451 1204 insignem
1469 1153 1620 1195 tribuit
1638 1152 1876 1194 victoriam.

1049 1210 1216 1260 Quibus
1266 1212 1493 1263 permotus
1538 1210 1630 1250 Leo
1682 1207 1876 1250 decimus

1049 1265 1252 1307 eumdem
1276 1267 1535 1308 Sanctorum
1569 1265 1770 1315 catalogo
1804 1264 1875 1305 ad-

1049 1322 1235 1375 scripsit.

1101 1385 1150 1435 Rt·
1178 1383 1267 1424 Iste
1286 1382 1430 1423 homo.
1459 1381 1538 1434 [72]

1101 1456 1142 1489 111
1168 1456 1231 1489 111.
1254 1456 1451 1489 Nocturno
1477 1454 1646 1488 Homilia
1672 1454 1708 1486 in
1730 1454 1873 1497 Evang.

1048 1503 1134 1539 Sint
1152 1502 1274 1537 lumbi
1294 1501 1426 1537 vestri.
1447 1502 1493 1535 de
1519 1502 1654 1536 eodem
1673 1501 1875 1535 Communi

1051 1553 1076 1586 1.
1102 1552 1198 1585 loco.
1229 1550 1297 1593 [74]

1100 1606 1142 1639 111
1176 1605 1367 1647 Quadrag.
1400 1605 1447 1638 ix.
1478 1605 1610 1638 Lectio
1645 1610 1679 1637 ct
1715 1613 1875 1637 comme-

1050 1654 1213 1688 moratio
1239 1653 1371 1686 Fcriae.

1099 1714 1241 1748 Postea
1266 1713 1313 1747 de
1338 1713 1372 1747 S.
1398 1712 1527 1747 Lucio.

1102 1766 1199 1806 Ant.
1238 1764 1323 1817 Qui
1352 1762 1446 1806 odit
1473 1764 1659 1805 animam
1687 1776 1809 1804 suam
1835 1762 1879 1802 in

1049 1822 1135 1863 hoc
1153 1820 1332 1870 mundo,
1358 1821 1401 1860 in
1420 1820 1552 1862 vitam
1576 1821 1783 1860 aeternam
1807 1831 1876 1859 cu-

1051 1877 1187 1920 stodit
1205 1890 1312 1918 eam.

1101 1932 1151 1983 V.
1209 1938 1358 1978 Justus
1406 1940 1454 1977 ut
1497 1935 1643 1988 palma
1693 1934 1876 1976 florebit.

1050 1995 1100 2045 R.
1141 1993 1260 2035 Sicut
1295 1991 1451 2034 cedrus
1484 1991 1640 2033 Libani
1673 1989 1876 2043 multipli-

1051 2049 1232 2091 cabitur,

1104 2111 1267 2151 Oratio.
1296 2111 1416 2150 Deus
1437 2108 1622 2159 quinos.
1649 2108 1746 2148 496.

1310 2221 1393 2262 Die
1411 2221 1446 2262 7.
1465 2220 1620 2262 Martii.

1074 2294 1117 2335 S.
1137 2293 1341 2335 Thomae
1360 2292 1421 2334 de
1439 2291 1639 2342 Aquino
1661 2290 1851 2330 Confess.

1203 2356 1245 2389 61
1275 2348 1484 2389 Ecclesiae
1514 2347 1730 2388 Doctoris.

1310 2408 1314 2409 ⁷
1384 2412 1545 2454 Duplex.

1107 2474 1242 2507 Omnia
1274 2473 1320 2507 dc
1353 2474 1497 2506 Comm.
1523 2471 1630 2505 Conf.
1661 2480 1737 2503 non
1769 2470 1874 2503 Pont.

1052 2521 1121 2565 [67]
1146 2525 1287 2564 practer
1311 2531 1415 2562 sequ.

1103 2586 1147 2619 ln
1172 2586 1344 2628 utrisque
1370 2585 1485 2627 Vesp.
1510 2583 1560 2617 ad
1584 2581 1737 2623 Magnis.

1107 2646 1202 2686 Ant.
1228 2646 1264 2685 O
1284 2645 1454 2686 Doctor
1474 2643 1649 2696 optime,
1668 2639 1877 2682 Ecclesiae

1053 2706 1216 2743 sanctae
1246 2701 1405 2751 lumen,
1438 2700 1567 2742 beate
1594 2698 1780 2746 Thema,
1815 2694 1875 2736 di-

1585 2828 1626 2860 32
1632 2826 1670 2846 ἢ*
