2040 2990
195 203 298 238 scopis,
322 202 476 237 Episcopis,
498 201 668 233 Abbatibus,
690 203 718 227 et
741 200 801 227 aliis
819 198 1000 226 Ecclesiamm

196 241 334 274 Praelatis,
360 241 510 274 ceterisque
533 241 660 267 omnibus
689 243 716 266 et
739 238 851 272 singulis
877 237 1002 273 personis

197 279 398 311 Ecclesiasticis,
416 279 592 306 saecularibus
610 282 637 305 et
655 277 837 312 regularibus,
859 277 1002 310 utriusque

195 327 284 352 sexus,
298 325 468 352 quacumque
477 325 559 344 causa
568 325 704 349 concessa,
718 317 877 351 approbata,
891 320 917 342 et
927 316 1002 342 inno-

196 362 268 390 vata,
285 357 501 391 quibuscumque
518 361 649 391 concepta
668 355 805 388 formulis,
828 362 860 382 ac
877 354 1001 387 decretis,

195 401 223 423 et
239 395 366 422 clausulis
383 395 526 427 roborata,
545 395 655 422 omnino
673 402 845 421 revocamus:
865 394 1001 420 volumus-

195 442 249 469 que
270 434 314 460 illa
335 434 427 460 omnia
445 433 500 460 vim
522 438 549 460 et
571 434 696 460 effectum
719 434 753 459 de
775 438 865 460 cetero
883 440 938 458 non
956 432 1001 458 ha-

195 474 267 500 bere.
302 472 382 499 Omni
401 473 493 506 itaque
511 472 564 499 alio
583 480 634 499 usu
653 472 831 506 quibuslibet,
850 475 879 498 ut
897 471 1000 498 dictum

195 516 243 544 est,
257 511 409 542 interdicto,
424 512 476 537 hoc
490 511 619 539 Nostrum
634 511 812 542 Breviarium,
826 518 857 537 ac
871 510 999 544 precandi

194 550 380 584 psallendique
405 549 549 576 formulam
577 550 604 576 in
627 550 754 577 omnibus
778 549 897 576 universi
926 549 1001 575 orbis

195 589 329 621 flectentis,
347 588 531 621 Monasteriis,
549 589 710 621 Ordinibus,
729 592 756 615 et
773 588 839 614 locis
857 588 938 614 etiam
957 595 1001 613 ex-

194 627 305 661 emptis,
327 627 354 653 in
377 627 477 661 quibus
495 627 623 654 Officium
647 635 680 653 ex
703 635 779 654 more
801 631 827 653 et
848 627 902 653 ritu
920 626 1000 652 dictae

194 666 327 692 Romanae
347 665 474 692 Ecclesiae
495 666 547 692 dici
571 666 663 698 debet,
685 670 732 692 aut
750 665 903 694 consuevit.
925 665 1000 691 salva

194 705 326 740 praedicta
339 706 516 738 institutione,
531 705 572 731 vel
586 705 781 732 consuetudine
794 705 941 739 praedictos
953 704 1001 730 du-

196 748 290 771 centos
307 751 393 771 annos
411 748 564 778 superante,
582 744 755 778 praecipimus
769 743 917 770 observari.
943 742 1002 769 Sta-

196 787 303 810 tuentes
326 783 496 810 Breviarium
524 783 612 817 ipsum
637 783 711 809 nullo
735 790 854 816 unquam
880 786 1002 816 tempore

195 821 238 848 vel
256 825 356 854 totum,
379 822 421 848 vel
443 830 476 848 ex
495 826 571 855 parte
590 821 763 854 mutandum,
787 822 828 847 vel
851 821 875 847 ei
899 820 1001 854 aliquid

196 860 360 892 addendum,
379 860 420 886 vel
439 861 549 886 omnino
567 861 764 887 detrahendum
782 868 853 886 esse:
872 868 903 886 ac
921 867 1001 893 quos-

195 906 320 932 cumque,
337 898 385 933 qui
399 899 489 925 Horas
502 898 653 925 Canonicas
667 907 700 925 ex
715 907 790 926 more
807 903 834 926 ct
847 899 902 925 ritu
917 898 1002 932 ipsius

198 938 329 964 Romana·
348 937 483 970 Ecclesiae,
502 938 559 971 jure
578 938 619 964 vel
637 938 833 965 consuetudine
851 938 941 964 dicere
960 938 1002 964 vel

195 976 310 1010 psallere
324 976 432 1008 debent,
449 977 597 1011 propositis
609 977 699 1011 poenis
715 985 764 1011 per
778 977 929 1004 Canonicas
942 985 1002 1003 san-

195 1015 298 1042 ctiones
311 1015 465 1042 constitutis
482 1015 509 1041 in
523 1023 578 1047 eos,
596 1016 643 1049 qui
658 1016 780 1042 divinum
795 1016 923 1042 Officium
937 1024 1002 1050 quo-

196 1053 262 1080 tidie
279 1061 333 1080 non
351 1053 477 1086 dixerint,
495 1054 530 1080 ad
544 1054 659 1081 dicendu
706 1059 733 1081 et
746 1054 915 1089 psallendum
930 1058 1003 1088 post-

196 1093 246 1119 hac
264 1092 292 1118 in
305 1097 465 1126 perpetuum
480 1093 571 1119 Horas
586 1093 660 1127 ipsas
696 1093 790 1120 iurnas
807 1097 834 1120 et
847 1097 1003 1126 nocturnas,

195 1138 230 1158 ex
253 1130 332 1164 hujus
356 1131 473 1158 Romani
497 1132 631 1158 Breviarii
655 1132 816 1167 praescripto
843 1136 870 1158 et
898 1133 1003 1160 ratione

197 1169 307 1196 omnino
326 1170 423 1197 teneri:
445 1170 634 1205 neminemque
653 1178 685 1197 ex
704 1171 749 1204 iis,
773 1171 872 1205 quibus
895 1172 947 1198 hoc
965 1171 1003 1198 di-

196 1208 274 1235 cendi
287 1208 474 1242 psallendique
488 1217 586 1235 munus
604 1210 757 1236 necessario
774 1210 932 1244 impositum
954 1214 1003 1242 est,

196 1247 248 1274 nisi
270 1247 321 1273 hac
342 1247 399 1274 sola
423 1247 540 1274 formula
563 1248 719 1275 satisfacere
744 1256 831 1283 posse.
868 1250 1003 1276 Jubemus

196 1286 278 1320 igitur
287 1293 389 1318 omnes,
402 1290 428 1312 et
439 1286 558 1320 singulos
568 1287 750 1320 Pan-iaschaS,
763 1287 1000 1322 Archiepiscopos‚

196 1324 353 1358 Episcopos‚
366 1325 498 1358 Abbates,
511 1329 538 1351 et
550 1330 655 1352 ceteros
665 1326 846 1353 Ecclesiamm
856 1326 998 1359 PraelatOS,

195 1366 225 1390 ut
243 1363 350 1389 omissis
368 1370 430 1396 quae
448 1363 486 1390 sic
503 1364 705 1398 suppressimus
722 1369 749 1391 et
766 1365 943 1398 abolevimus,
960 1373 1001 1391 ce-

195 1401 261 1428 teris
283 1401 410 1428 omnibus
433 1402 513 1429 etiam
537 1402 675 1436 privatum
698 1411 748 1437 per
769 1411 817 1430 eos
838 1404 1000 1438 constitutis,

196 1440 366 1467 Breviarium
385 1441 435 1469 hoc
453 1441 480 1467 in
498 1442 555 1468 suis
572 1442 688 1476 quisque
707 1442 847 1475 Ecclesiis,
868 1442 1001 1469 Monaste-

195 1479 252 1512 riis,
269 1479 464 1514 conventibus,
482 1480 640 1512 Ordinibus,
653 1481 764 1514 Militiis,
778 1481 958 1514 Dioecesibus,
976 1486 1003 1509 et

195 1517 262 1545 locis
279 1518 417 1551 praedictis
436 1520 621 1546 introducant:
639 1524 666 1546 et
684 1524 739 1547 tam
758 1520 810 1555 ipsi
825 1528 907 1554 quam
921 1521 1004 1547 ceteri

197 1564 291 1583 omnes
308 1558 461 1592 presbyteri
480 1562 508 1584 et
524 1558 627 1590 clerici,
647 1560 791 1586 saeculares
813 1563 840 1598 et
859 1559 1005 1593 regulares,

198 1595 340 1629 utriusque
358 1604 452 1629 sexus,
469 1604 573 1623 necnon
591 1597 690 1624 milites
708 1602 735 1625 et
752 1599 883 1632 exempti,
905 1598 1006 1632 quibus

199 1632 326 1661 Officium
341 1634 448 1661 dicendi
466 1639 493 1662 et
508 1636 640 1670 psallendi
653 1637 918 1671 quomodocumque,
935 1637 1006 1664 sicut

197 1673 363 1707 predicitur,
376 1673 525 1707 injunctum
539 1678 589 1707 est,
601 1679 631 1702 ut
643 1683 677 1701 ex
686 1675 766 1709 hujus
775 1676 861 1702 nostri
871 1676 1005 1703 Breviarii

197 1711 324 1745 formula,
342 1716 397 1739 tam
416 1712 443 1739 in
462 1712 553 1740 Choro
571 1721 654 1748 quam
672 1718 750 1741 extra
768 1714 852 1748 illum,
870 1715 960 1741 dicere
977 1719 1005 1742 et

197 1749 311 1785 psallere
324 1755 478 1785 procurent.
497 1752 577 1786 Quod
592 1760 657 1779 vero
670 1753 698 1779 in
712 1753 841 1780 Rubricis
850 1754 943 1781 Nostri
957 1754 1004 1781 hu-

197 1789 238 1823 jus
247 1789 337 1816 Officii
349 1790 543 1824 praescribitur,
555 1791 655 1825 quibus
670 1792 767 1818 diebus
776 1792 904 1819 Officium
917 1793 1005 1820 beatae

197 1828 290 1855 Mariae
303 1836 411 1862 semper
421 1828 546 1863 Virginis,
560 1834 587 1856 et
600 1830 809 1864 Defunctorum,
822 1831 887 1858 item
896 1831 1005 1866 Septem

197 1866 322 1893 Psalmos
339 1867 543 1895 Poenitentiales
566 1872 593 1895 et
616 1868 771 1896 Graduales
794 1870 847 1897 dici
872 1878 903 1897 ac
926 1871 1006 1905 psalli

1051 197 1151 231 judicio
1163 200 1265 223 sanctae
1278 194 1485 222 consuetudinis
1502 193 1611 220 illarum
1625 192 1819 226 Ecclesiamm,
1836 192 1866 219 ln

1051 236 1153 270 quibus
1170 235 1298 262 Officium
1319 241 1435 268 parvum
1459 233 1548 260 beatae
1564 231 1659 258 Mariae
1678 239 1787 266 semper
1804 231 1865 259 Vir-

1051 274 1121 309 ginis
1139 274 1167 300 in
1185 273 1277 300 Choro
1295 272 1348 299 dici
1366 275 1555 305 consueverat,
1572 271 1611 297 ita
1630 274 1661 298 ut
1678 270 1706 297 in
1723 270 1866 305 praedictis

1053 313 1179 340 Ecclesiis
1197 316 1323 338 servetur
1340 311 1399 345 ipsa
1418 310 1563 337 laudabilis
1585 313 1612 336 et
1636 313 1731 336 sancta
1752 316 1866 336 consue-

1052 352 1118 379 tudo
1146 351 1302 378 celebrandi
1327 357 1403 377 more
1430 346 1511 376 solito
1537 349 1700 383 praedictum
1727 348 1865 375 Officium.

1052 392 1188 423 Ceterum,
1207 394 1236 416 ut
1251 393 1400 424 praesentes
1413 389 1512 415 litterae
1526 388 1654 414 omnibus
1667 387 1776 422 plenius
1789 387 1866 414 inno—

1051 434 1163 462 tescant,
1182 429 1344 456 mandamus
1358 428 1417 454 illas
1432 427 1467 454 ad
1480 427 1576 454 valvas
1589 426 1714 453 Basilieae
1728 426 1866 461 Principis

1051 469 1248 503 Apostolorum
1271 468 1305 494 de
1328 468 1416 498 Urbe,
1441 470 1468 493 et
1489 466 1667 493 Cancellariae
1689 465 1867 500 Apostolicae,

1051 512 1077 535 et
1092 508 1118 534 in
1133 507 1189 534 acie
1198 506 1295 540 Campi
1306 506 1394 533 Florae
1406 505 1548 540 publicari,
1562 512 1713 539 earumque
1726 505 1868 539 exemplar

1051 547 1085 573 de
1104 554 1180 573 more
1198 546 1280 579 affigi.
1312 545 1509 578 Volumusque,
1527 548 1555 570 et
1570 543 1731 578 Apostolica
1749 543 1867 571 auctori-

1051 589 1106 612 tate
1120 585 1300 616 decernimus,
1313 584 1388 617 quod
1402 587 1464 618 post
1478 583 1634 617 hujusmodi
1644 583 1867 618 publicationem,

1051 625 1098 659 qui
1117 624 1144 650 in
1164 624 1288 650 Romana
1307 623 1390 650 Curia
1409 626 1473 649 sunt
1490 626 1653 656 praesentes,
1677 622 1771 649 statim
1789 622 1867 656 lapso

1052 671 1156 690 mense:
1180 662 1278 696 reliqui
1303 669 1380 695 vero,
1404 661 1453 695 qui
1477 662 1548 688 intra
1567 665 1688 695 montes,
1712 661 1815 696 tribus3
1840 666 1868 689 et

1051 702 1098 736 qui
1117 701 1188 728 ultra
1206 701 1308 734 ubique
1325 701 1448 727 locorum
1467 701 1577 734 degunt,
1595 708 1644 727 sex
1662 701 1804 728 mensibus
1822 709 1867 728 ex-

1051 741 1151 773 cursis,
1175 740 1217 766 vel
1241 747 1303 766 cum
1327 739 1447 774 primum
1471 739 1609 766 venalium
1631 740 1713 774 hujus
1731 740 1867 768 Breviarli

1052 779 1220 806 voluminum
1241 779 1397 806 facultatem
1415 778 1575 811 habuerint,
1598 779 1634 806 ad
1651 779 1821 814 precandum
1840 783 1868 807 et

1052 818 1222 853 psallendum
1242 818 1316 851 juxta
1335 817 1407 844 illius
1426 817 1522 851 ritum,
1545 821 1603 845 tam
1625 818 1654 844 in
1672 818 1765 846 Choro
1783 827 1868 854 quam

1053 862 1130 884 extra
1148 857 1237 890 illum,
1259 860 1387 883 maneant
1405 856 1525 890 obligati.
1560 857 1689 891 Ipsarum
1711 861 1804 885 autem
1825 857 1869 885 lit-

1052 900 1173 923 terarum
1198 895 1321 929 exempla
1348 903 1430 921 manu
1455 895 1562 923 Notarii
1585 896 1702 930 publici,
1729 900 1757 924 et
1779 896 1868 931 sigillo

1053 935 1166 968 alicujus
1184 934 1295 961 Praelati
1314 933 1510 968 Ecclesiastici,
1533 939 1582 961 aut
1603 935 1677 962 illi‘us
1695 935 1780 962 curiae
1797 935 1869 962 obsi-

1052 978 1142 1008 gnata,
1160 973 1203 1000 vel
1221 973 1302 1000 etiam
1321 973 1388 1007 ipsis
1396 973 1588 1000 .voluminibus
1606 975 1712 1008 absque
1726 975 1869 1009 praedicto,

1053 1013 1096 1039 vel
1114 1012 1167 1039 alio
1185 1012 1316 1046 quopiam
1335 1012 1500 1039 adminiculo
1519 1013 1617 1040 Romae
1635 1013 1779 1048 impressa,
1797 1021 1869 1042 eam-

1053 1052 1115 1078 dem
1134 1051 1235 1085 ubique
1253 1051 1375 1077 locorum
1395 1051 1478 1078 fidem
1493 1051 1602 1086 faciant,
1619 1060 1704 1086 quam
1718 1053 1786 1088 ipsae
1800 1061 1870 1088 prae-

1053 1094 1152 1122 sentes,
1171 1090 1194 1116 si
1213 1093 1303 1116 essent
1321 1090 1450 1116 exhibitae
1467 1090 1510 1117 vel
1530 1095 1656 1118 ostensae.
1686 1091 1742 1119 Sed
1759 1096 1791 1119 ut
1804 1093 1870 1119 Bre-

1054 1129 1171 1155 viarium
1196 1129 1286 1163 ipsum
1309 1129 1412 1163 ubique
1436 1129 1598 1156 inviolatum
1627 1134 1654 1157 et
1677 1131 1870 1166 incorruptum

1053 1168 1196 1200 habeatur,
1214 1168 1391 1202 prohibemus
1408 1176 1443 1195 ne
1457 1169 1522 1196 alibi
1536 1177 1654 1204 usquam
1672 1170 1702 1196 in
1720 1173 1779 1198 toto
1794 1170 1870 1204 orbe,

1053 1208 1111 1234 sine
1134 1207 1247 1240 Nostra,
1269 1207 1312 1233 vel
1335 1207 1460 1241 specialis
1482 1208 1517 1234 ad
1539 1208 1568 1234 id
1587 1209 1778 1236 Commissarii
1795 1209 1870 1244 Apo-

1054 1246 1154 1278 stolici,
1176 1245 1203 1271 in
1222 1245 1335 1279 singulis
1353 1246 1493 1274 christiani
1513 1247 1589 1274 orbis
1606 1249 1698 1282 regnis
1715 1252 1743 1276 et
1759 1248 1871 1284 provin—

1054 1285 1103 1312 ciis
1121 1284 1279 1319 deputandi,
1297 1292 1427 1319 expressa
1445 1285 1554 1313 licentia
1568 1287 1753 1322 imprimatur,
1770 1295 1871 1322 propo-

1055 1327 1148 1356 natur,
1170 1323 1212 1350 vel
1230 1323 1386 1358 recipiatur.
1421 1324 1618 1359 Quoscumque
1635 1334 1715 1360 vero,
1737 1327 1785 1361 qui
1803 1326 1872 1354 illud

1056 1370 1134 1389 secus
1152 1362 1351 1396 impresserint,
1367 1364 1564 1398 proposuerint
1581 1365 1624 1392 vel
1643 1366 1809 1400 receperint,
1827 1374 1872 1392 ex-

1055 1401 1309 1428 communicationis
1322 1402 1457 1429 sententia
1472 1410 1505 1430 eo
1517 1403 1579 1438 ipso
1595 1404 1770 1432 innodamus.
1796 1404 1872 1434 Nulli

1054 1436 1119 1473 ergo
1137 1440 1248 1468 omnino
1267 1441 1409 1468 hominum
1427 1441 1508 1469 liceat
1525 1442 1596 1470 hanc
1614 1443 1743 1478 paginam
1760 1444 1872 1472 Nostrae

1055 1479 1208 1512 ablationis,
1221 1479 1387 1513 abolitionis,
1400 1481 1598 1515 permissionis,
1613 1483 1806 1517 revocationis,
1819 1483 1872 1518 jus·

1055 1517 1154 1550 sionis,
1178 1518 1323 1552 praecepti,
1345 1519 1455 1553 statuti,
1473 1520 1586 1554 indulti,
1605 1521 1743 1555 mandati,
1760 1522 1873 1557 decreti,

1056 1556 1239 1590 relaxationis,
1248 1558 1454 1591 cohortationis,
1462 1559 1665 1594 prohibitionis,
1676 1561 1872 1596 innodationis,

1056 1599 1083 1621 et
1101 1595 1250 1622 voluntatis
1265 1596 1426 1630 infringere,
1449 1597 1492 1624 vel
1514 1598 1540 1625 ei
1557 1607 1627 1626 ausu
1644 1600 1792 1627 temerario
1809 1608 1873 1628 con-

1057 1636 1148 1660 traire.
1184 1634 1212 1661 Si
1235 1635 1298 1668 quis
1321 1640 1414 1662 autem
1431 1637 1484 1664 hoc
1502 1641 1636 1666 attentare
1654 1639 1873 1674 praesumpserit,

1056 1672 1270 1706 indignationem
1289 1675 1485 1709 omnipotentis
1503 1677 1564 1710 Dei,
1583 1685 1615 1704 ac
1631 1679 1778 1706 beatorum
1795 1679 1873 1706 Petri

1056 1715 1084 1738 et
1101 1712 1181 1739 Pauli
1198 1712 1397 1747 Apostolorum
1416 1715 1474 1748 ejus
1492 1724 1521 1742 se
1538 1717 1647 1745 noverit
1664 1718 1850 1745 incursurum.

1125 1755 1228 1782 Datum
1247 1756 1352 1790 Romae,
1370 1759 1444 1792 apud
1460 1758 1486 1786 S.
1505 1760 1635 1794 Petrum,
1653 1769 1726 1789 anno
1745 1762 1874 1789 lucarna-

1056 1794 1138 1821 tionis
1157 1794 1268 1822 Domini
1286 1796 1471 1825 MDLXVIII.
1489 1799 1606 1834 septimo
1622 1801 1690 1828 Idus
1707 1801 1784 1834 Julii,
1800 1801 1874 1828 Pon-

1057 1833 1175 1860 tificatus
1194 1834 1289 1862 Nostri
1308 1843 1379 1863 anno
1399 1837 1489 1864 tertio.

1126 1881 1160 1908 M.
1180 1882 1243 1909 Dat.

197 1908 334 1939 oporteat:
346 1905 402 1933 Nos
410 1910 524 1940 propter
533 1907 609 1934 varia
618 1908 698 1942 hujus
707 1908 771 1935 vitae
781 1909 896 1943 negotia,
909 1910 1005 1937 multo·
1056 1923 1057 1926 ¹

197 1951 258 1970 rnm
272 1944 496 1978 occupationibus
510 1946 688 1981 indulgentes,
701 1948 804 1981 peccati
814 1948 925 1982 quidem
935 1949 1004 1983 peri-

196 1982 287 2010 culum
310 1983 346 2010 ab
368 1991 401 2010 ea
421 1985 627 2019 praeoeripdone
649 1987 845 2014 removendum
867 1987 1005 2021 duximus,

197 2028 292 2048 verum
306 2021 399 2049 debito
412 2022 592 2057 providentiae
602 2025 747 2058 pastoralis
756 2026 897 2059 admoniti,
910 2034 1005 2053 omnes

198 2060 373 2087 vehementer
390 2060 417 2087 ln
431 2060 551 2089 Domino
566 2063 750 2097 cohortamur,
769 2068 798 2091 ut
818 2065 1004 2092 remissionem

197 2098 339 2133 Nostram,
361 2103 494 2134 quantum
517 2100 576 2127 fleri
597 2102 710 2135 poterit,
733 2110 783 2129 sua
805 2104 951 2131 devotione
973 2112 1005 2131 ac

196 2136 334 2171 diligentia
352 2143 563 2173 praecurrentes,
581 2140 633 2167 illis
651 2141 733 2168 etiam
751 2143 891 2176 precibus,
908 2143 1004 2170 suffra-

158 2183 164 2195 *
196 2176 247 2212 glis
269 2179 296 2203 et
319 2176 460 2211 laudibus,
485 2186 542 2205 suae
569 2183 596 2206 et
620 2179 734 2207 aliorum
758 2182 838 2209 saluti
862 2183 1004 2210 consulere

196 2215 332 2243 studeant.
370 2215 463 2251 Atque
486 2221 516 2244 ut
539 2217 659 2245 fidelium
682 2220 808 2247 voluntas
830 2230 862 2248 ac
882 2224 1003 2250 studium

198 2254 285 2288 magis
301 2254 383 2282 etiam
401 2255 436 2282 ad
454 2256 601 2284 salutarem
619 2258 689 2284 hanc
702 2261 925 2288 consuetudinem
941 2262 1004 2289 inci-

197 2296 278 2326 tetur,
291 2293 325 2320 de
338 2294 532 2328 omnipotentis
542 2295 592 2322 Dei
607 2297 792 2325 misericordia
806 2300 1004 2335 beatorumque

197 2331 273 2359 Petri
290 2336 317 2358 et
335 2332 414 2359 Pauli
432 2333 628 2367 Apostolorum
647 2336 704 2369 ejus
722 2338 883 2365 auctoritate
900 2340 1004 2374 confisi,

197 2370 334 2404 omnibus,
351 2371 398 2405 qui
417 2371 470 2398 illis
487 2373 554 2407 lpsis
572 2374 677 2407 diebus,
695 2375 723 2401 in
742 2375 870 2403 Rubricis
887 2378 1004 2411 praetini-

198 2408 246 2441 tis,
269 2409 355 2436 beatae
374 2409 480 2443 Mariae,
502 2412 544 2438 vel
562 2412 761 2441 Defunctorum
781 2415 908 2443 Officium
932 2417 1004 2444 dixe-

197 2446 265 2479 rint,
287 2447 368 2474 toties
385 2453 492 2476 eentum
511 2450 581 2483 dictu
603 2452 650 2485 qui
670 2460 734 2478 vero
752 2452 861 2487 Septem
880 2455 1005 2482 Psalmos

198 2485 241 2511 vel
256 2485 417 2519 Graduales,
434 2488 639 2523 quinquaginta,
657 2490 691 2517 de
705 2491 822 2525 injuncta
841 2493 907 2527 ipsis
919 2495 1004 2528 poeni-

198 2524 283 2550 tentia
300 2524 461 2553 relaxamus.
492 2527 551 2554 Hoc
564 2532 654 2555 autem
669 2530 842 2557 concedimus
859 2532 918 2558 sine
935 2540 1003 2566 prae-

1278 1934 1387 1970 Caes.
1410 1935 1652 1973 Glorierius.

1649 1995 1688 2026 11.
1706 1996 1837 2036 Gumyn.

1058 2063 1157 2123 Anno
1171 2067 1187 2086 a
1201 2059 1351 2087 Nativitate
1362 2061 1474 2088 Domini
1490 2063 1633 2092 millesimo
1652 2066 1871 2100 quingentesimo

1121 2098 1290 2132 sexagesimo
1317 2103 1429 2134 octavo,
1457 2101 1609 2130 Indictione
1637 2105 1795 2140 undecima,
1826 2107 1871 2134 die

1056 2144 1121 2163 vero
1140 2137 1245 2164 decima
1268 2138 1364 2172 quinta
1382 2141 1484 2166 mensis
1501 2141 1581 2175 Julii,
1604 2143 1785 2172 Pontificatus
1803 2145 1870 2174 Sau-

1055 2176 1168 2202 ctissimi
1194 2176 1221 2202 in
1245 2177 1355 2204 Christo
1381 2178 1486 2213 Patris,
1510 2184 1536 2207 et
1559 2182 1593 2208 D.
1607 2183 1639 2210 N.
1655 2183 1689 2210 D.
1708 2184 1751 2211 Pii
1776 2185 1870 2213 divina

1055 2214 1228 2249 providentia
1251 2216 1335 2250 Papae
1357 2218 1445 2251 quinti
1468 2227 1541 2246 anno
1565 2222 1659 2255 tertio,
1683 2225 1870 2259 retroscriptae

1054 2254 1153 2280 litterae
1166 2254 1333 2288 Apostolicae
1346 2256 1431 2290 lectae,
1449 2258 1541 2286 affixae
1556 2264 1583 2286 et
1597 2262 1743 2294 publicatae
1757 2263 1871 2292 fuerunt

1055 2293 1090 2319 ad
1109 2293 1203 2319 valvas
1223 2293 1346 2321 Basilica:
1365 2296 1501 2330 Principis
1519 2298 1717 2333 Apostolorum
1736 2303 1770 2329 de
1786 2303 1870 2337 Urbe,

1055 2331 1231 2358 Cancellariae
1254 2332 1435 2368 Apostolicae‚
1462 2341 1489 2363 et
1514 2337 1541 2364 in
1569 2339 1626 2365 acie
1650 2340 1747 2375 Campi
1771 2342 1870 2376 Florae,

1055 2371 1176 2397 dimissis
1198 2371 1299 2398 ibidem
1318 2375 1501 2406 praesentibus
1522 2377 1620 2404 litteris
1643 2387 1693 2412 per
1715 2380 1869 2414 aliquantu-

1055 2409 1110 2435 lum
1126 2410 1257 2443 temporis
1271 2411 1399 2444 spatium,
1413 2417 1444 2439 ut
1458 2415 1542 2441 moris
1555 2421 1605 2449 est,
1619 2417 1719 2452 affixis,
1733 2423 1760 2446 et
1769 2419 1870 2447 deinde

1055 2449 1154 2474 amotis
1177 2456 1226 2482 per
1247 2457 1298 2475 nos
1316 2450 1420 2477 dulium
1439 2453 1571 2481 Parinum
1593 2460 1620 2482 et
1642 2457 1779 2485 Joannem
1802 2459 1869 2486 Bor-

1055 2490 1159 2519 notum,
1178 2488 1313 2521 praelibati
1332 2488 1372 2516 Ss.
1390 2490 1423 2516 D.
1438 2491 1470 2519 N.
1486 2492 1570 2527 Papae
1589 2494 1731 2523 Cursores.

1206 2537 1370 2567 Antonius
1388 2539 1512 2575 Clerici,
1530 2546 1658 2577 Magister
1675 2548 1836 2576 Cursorum.

798 2647 1333 2701 ww-
