2040 2990
780 186 822 221 In
846 187 1059 221 Nativitatc
1083 186 1249 220 Domini.

210 283 536 333 Misericordia,
570 287 614 324 et
642 282 808 324 veritas
841 282 988 323 obvia—
1041 284 1244 322 naturam
1266 280 1439 331 generis
1460 281 1698 334 assumpsit
1723 281 1871 322 huma-

158 342 316 382 verunt
334 340 432 382 sibi:
450 341 475 367 *
494 339 671 391 justitia,
695 343 739 380 et
756 351 845 391 pax
865 350 988 379 oscu-

158 397 262 438 latae
281 401 394 438 sunt.

211 453 389 494 Veritas
422 452 478 494 de
511 456 630 493 terra
657 456 754 493 orta
783 455 866 493 est:
892 451 917 478 *
945 455 990 492 et

158 509 323 560 justitia
342 508 398 550 de
417 507 532 549 coelo
550 507 791 560 prospexit.

211 564 387 606 Etenim
409 564 625 605 Dominus
650 563 771 604 dabit
796 562 989 613 benigni-

158 622 312 662 tatem:
330 620 354 646 *
374 625 418 662 et
441 625 560 661 terra
582 624 736 661 nostra
760 618 883 660 dabit
905 618 989 659 fru-

153 681 279 718 ctum
297 689 435 718 suum.

211 733 388 774 Justitia
418 736 519 774 ante
552 745 652 773 eum
683 730 939 773 ambulabit:
966 731 990 757 *

161 794 204 831 et
222 793 360 842 ponet
378 789 423 829 in
442 788 513 829 via
530 801 708 840 gressus
728 800 845 829 suos.

214 850 313 890 Ant.
348 849 525 890 Veritas
553 848 609 890 de
637 853 755 890 terra
782 853 879 889 orta
907 851 990 896 est,

161 909 205 946 et
222 905 387 957 iustitia
406 904 462 946 de
481 905 597 946 coelo
615 904 857 957 prospexit.

213 956 263 1008 V.
308 961 545 1013 Speciosus
581 961 722 1002 forma
756 973 850 1013 prae
887 958 990 999 filiis

158 1016 395 1057 hominum.
435 1019 485 1071 R.
507 1016 679 1066 Diffusa
698 1021 765 1058 est
784 1015 927 1067 gratia
945 1015 989 1055 in

158 1071 287 1114 labiis
304 1073 404 1114 tuis.

217 1128 345 1170 Pater
363 1132 526 1170 noster.

212 1185 460 1227 Absolutio.
492 1188 636 1241 Ipsius
657 1190 810 1240 pietas.

214 1236 266 1288 V.
292 1244 404 1286 Jube
424 1244 586 1286 domne
604 1244 879 1286 benedicere.

212 1302 376 1346 Bened.
404 1305 524 1346 Deus
542 1305 675 1345 Pater
701 1305 991 1355 omnipotens.

250 1377 402 1420 Sermo
423 1378 564 1419 sancti
580 1377 742 1419 Leonis
761 1378 907 1429 Papae.

232 1444 365 1479 Sermo
392 1446 418 1479 1.
442 1446 490 1480 de
513 1445 549 1480 N
553 1445 726 1480 ativitate
752 1446 919 1479 Domini.

463 1505 616 1547 Lectio
636 1506 690 1546 iv.

228 1580 249 1620 &⁵-
263 1566 435 1608 alvator
448 1569 610 1614 noster,
627 1564 909 1614 dilectissimi,
924 1563 993 1605 ho-

167 1622 169 1624 ’
194 1621 258 1679 Ῑζζζζ
281 1622 352 1664 die
366 1627 496 1663 natus
514 1626 596 1663 est:
614 1620 893 1672 gaudeamus.
915 1620 958 1661 N
961 1633 995 1661 e·

283 1691 368 1731 que
394 1678 511 1720 enim
539 1677 605 1718 fas
632 1681 699 1718 est
722 1676 871 1718 locum
896 1688 993 1717 esse

163 1735 371 1784 tristitiae,
390 1733 467 1775 ubi
484 1732 643 1774 natah's
663 1737 730 1774 est
748 1732 867 1774 vitae:
894 1744 994 1783 quae

164 1794 429 1842 consumpto
445 1789 726 1831 mortalitatis
737 1788 906 1837 timore,
920 1800 994 1828 no-

162 1846 233 1888 bis
253 1846 412 1898 ingerit
435 1845 491 1887 de
514 1846 734 1898 promissa
750 1844 995 1885 aeternitate

163 1902 374 1944 laetitiam.
406 1901 550 1943 Nemo
575 1900 631 1942 ab
654 1900 779 1951 hujus
800 1899 995 1940 alacrita-

164 1959 221 2000 tis
242 1958 581 2011 participatione
607 1956 858 2001 secernitur.
898 1955 998 1996 Una

166 2015 335 2056 cunctis
363 2014 531 2055 laetitiae
559 2011 803 2054 communis
837 2014 904 2052 est
931 2012 996 2051 ra-

165 2071 245 2112 tio:
278 2070 380 2122 quia
404 2069 619 2111 Dominus
646 2072 799 2109 noster
826 2066 999 2119 peccati

166 2129 409 2178 mortisque
425 2125 684 2174 destructor,
704 2124 816 2165 sicut
831 2122 999 2163 nullum

167 2195 194 2224 a
207 2184 332 2224 reatu
346 2182 532 2224 liberum
546 2181 719 2233 reperit,
738 2180 800 2221 ita
814 2179 998 2220 liberan-

167 2237 236 2280 dis
265 2237 468 2279 omnibus
494 2237 625 2279 venit.
668 2235 872 2277 Exsultet
904 2247 998 2275 san-

168 2298 280 2344 ctus,
325 2294 426 2346 quia
461 2294 790 2346 appropinquat
821 2290 878 2331 ad
909 2289 998 2342 pal-

167 2363 301 2391 mam:
320 2349 512 2400 gaudeat
531 2350 754 2401 peccator,
775 2347 877 2399 quia
895 2346 999 2386 invi-

167 2407 287 2447 tatur
314 2405 371 2447 ad
397 2406 584 2447 veniam:
610 2404 825 2445 animetur
852 2402 999 2443 Genti-

168 2461 238 2511 lis,
278 2461 386 2513 quiav
411 2463 595 2502 vocatur
628 2459 685 2501 ad
716 2459 862 2500 vitam.
916 2457 1001 2497 Dei

169 2529 358 2568 namque
382 2517 519 2558 Filius
546 2514 789 2557 seeundum
815 2513 1000 2566 plenitu-

171 2572 319 2613 dinem
335 2572 564 2624 temporis‚
594 2584 725 2623 quam
745 2569 878 2611 divini
902 2580 1001 2610 con-

171 2627 256 2668 silii
290 2627 586 2669 inscrutabilis
628 2625 816 2668 altitudo
855 2624 1000 2676 dispo-

171 2683 275 2732 suit,
312 2682 682 2725 reconciliandam
713 2681 884 2723 auctori
920 2691 1000 2721 suo

1805 185 1872 221 183

1042 337 1097 386 ni,
1115 342 1164 378 ut
1175 337 1376 378 inventor
1390 337 1544 378 mortis
1560 336 1774 386 diabolus,
1792 349 1873 389 per

1042 393 1195 445 ipsam,
1215 406 1346 445 quam
1364 395 1540 443 vicerat,
1558 394 1817 435 vinceretur.

1096 458 1147 508 Ru
1165 458 1203 499 Ο
1222 471 1427 509 magnum
1444 458 1716 509 mysterium,
1736 463 1780 499 et
1800 457 1871 498 ad-

1042 513 1243 555 mirabile
1260 516 1590 563 sacramentum,
1608 519 1656 555 ut
1674 513 1874 554 animalia

1043 570 1243 612 viderent
1268 570 1508 611 Dominum
1534 575 1700 620 natum,
1735 571 1872 621 jacen-

1042 630 1134 667 tem
1164 627 1209 666 in
1240 627 1478 679 praesepio:
1504 628 1526 652 *
1554 626 1693 667 Beata
1722 626 1872 676 Virgo,

1045 683 1166 734 cujus
1198 685 1368 724 viscera
1406 684 1660 724 meruerunt
1691 684 1872 734 portare

1044 739 1283 779 Dominum
1311 738 1543 780 Christum.
1580 732 1630 782 V.
1662 738 1758 779 Ave
1786 738 1872 778 Ma-

1044 797 1124 891 ga,
1147 795 1288 845 gratia
1307 794 1452 846 plena:
1477 794 1694 835 Dominus
1719 798 1874 835 tecum,

1087 854 1196 892 eata.

1097 915 1258 956 Bened.
1288 914 1489 956 Christus
1507 917 1745 967 perpetuae.

1356 988 1508 1029 Lectio
1530 1002 1564 1026 v.

1090 1067 1119 1094 n
1147 1066 1234 1105 quo
1260 1053 1469 1094 conflictu
1491 1065 1574 1104 pro
1600 1051 1728 1093 nobis
1755 1052 1873 1101 inito,

1096 1122 1256 1160 magno
1277 1113 1321 1150 et
1342 1108 1531 1150 mirabili
1549 1108 1768 1159 aequitatis
1783 1108 1874 1158 jure

1046 1167 1263 1207 certatum
1278 1169 1355 1214 est,
1375 1164 1478 1205 dum
1494 1166 1772 1215 omnipotens
1787 1164 1873 1203 Do-

1044 1222 1188 1262 minus
1220 1234 1319 1262 eum
1351 1220 1593 1261 saevissimo
1625 1219 1754 1260 hoste
1786 1232 1874 1259 non

1044 1278 1089 1318 in
1102 1290 1180 1318 sua
1194 1277 1434 1328 maiestate,
1455 1275 1534 1317 sed
1548 1276 1591 1315 in
1606 1280 1758 1316 nostra
1774 1287 1872 1315 con-

1044 1333 1241 1384 greditur
1282 1332 1541 1373 humilitate:
1583 1331 1792 1382 objiciens
1833 1330 1874 1371 ei

1046 1388 1247 1430 eamdem
1270 1388 1472 1436 formam,
1498 1387 1784 1438 eamdemque
1803 1399 1874 1427 na-

1045 1448 1200 1494 turam,
1219 1444 1499 1484 mortalitatis
1521 1442 1698 1495 quidem
1711 1447 1875 1483 nostrae

1045 1501 1322 1553 participem,
1350 1499 1430 1540 sed
1454 1499 1626 1551 peccati
1648 1500 1785 1539 totius
1805 1510 1875 1538 ex-

1045 1559 1228 1608 pertem.
1273 1555 1478 1596 Alienum
1511 1555 1674 1607 quippe
1708 1553 1762 1595 ab
1794 1553 1877 1594 hac

1046 1612 1276 1653 nativitate
1308 1616 1392 1660 est,
1435 1610 1555 1662 quod
1587 1610 1642 1651 de
1676 1608 1876 1650 omnibus

1046 1668 1220 1719 legitur:
1264 1667 1408 1708 Nemo
1443 1666 1632 1707 mundus
1669 1678 1694 1705 a
1729 1664 1876 1714 sorde,

1047 1737 1129 1766 nec
1143 1724 1296 1773 infans,
1316 1724 1438 1774 cujus
1459 1727 1525 1763 est
1543 1724 1670 1762 unius
1686 1721 1773 1761 diei
1787 1720 1877 1761 vita

1048 1793 1181 1832 super
1204 1784 1377 1820 terram.
1413 1777 1533 1819 Nihil
1556 1789 1659 1828 ergo
1682 1777 1727 1816 in
1749 1776 1877 1816 istam

1050 1835 1316 1886 singularem
1343 1834 1618 1874 nativitatem
1653 1831 1708 1873 de
1737 1831 1878 1872 carnis

1049 1890 1405 1942 concupiscentia
1432 1888 1653 1937 transivit,
1684 1886 1791 1927 nihil
1824 1885 1879 1927 de

1048 1946 1223 1999 peccati
1239 1945 1337 1997 lege
1356 1944 1561 1985 manavit.
1593 1943 1735 1994 Virgo
1759 1942 1879 1993 regia

1049 2001 1276 2043 Davidicae
1302 2000 1450 2053 stirpis
1476 1999 1665 2050 eligitur,
1692 2011 1790 2050 quae
1816 2010 1879 2038 sa-

1051 2070 1126 2099 cro
1146 2056 1417 2108 gravidanda
1434 2056 1563 2105 foetu,
1591 2055 1782 2096 divinam
1804 2053 1879 2094 hu-

1049 2115 1312 2165 manamque
1336 2112 1508 2165 prolem
1531 2110 1653 2164 prius
1680 2111 1879 2161 concipe-

1049 2174 1118 2211 ret
1145 2173 1312 2218 mente,
1342 2181 1473 2220 quam
1501 2169 1700 2219 corpore.
1740 2165 1798 2206 Et
1826 2177 1880 2205 ne

1051 2225 1230 2278 superni
1255 2225 1408 2276 ignara
1434 2223 1605 2265 consilii
1629 2221 1686 2263 ad
1705 2220 1881 2261 inusita-

1050 2286 1122 2322 tos
1153 2282 1336 2333 paveret
1372 2279 1548 2328 affatus,
1589 2276 1710 2329 quod
1745 2276 1789 2317 in
1829 2287 1881 2316 ea

1052 2335 1326 2389 operandum
1351 2340 1446 2376 erat
1471 2348 1497 2375 a
1521 2333 1686 2386 Spiritu
1717 2336 1880 2379 sancto,

1052 2392 1275 2443 colloquio
1304 2391 1433 2433 discit
1461 2389 1674 2440 angelico:
1701 2400 1783 2429 nec
1809 2386 1880 2428 da-

1051 2461 1202 2488 mnum
1229 2447 1371 2488 credit
1402 2445 1605 2499 pudoris,
1640 2443 1726 2485 Dei
1753 2441 1879 2484 Geni-

1052 2504 1140 2545 trix
1158 2516 1263 2544 mox
1282 2503 1438 2543 futura.

1099 2563 1152 2613 Rt·
1196 2568 1336 2608 Beata
1370 2566 1455 2607 Dei
1492 2564 1693 2606 Genitrix
1727 2562 1879 2609 Maria,

1054 2624 1174 2674 cujus
1189 2625 1359 2664 viscera
1382 2622 1546 2662 intacta
1563 2621 1836 2672 permanent:
1847 2611 1869 2636 *

1052 2678 1200 2720 Hodie
1235 2678 1385 2728 genuit
1415 2676 1688 2719 Salvatorem
1719 2670 1880 2714 saeculi.
