2040 2990
607 200 723 236 Sexta
748 202 809 235 die
834 202 933 236 infra
958 201 1143 237 Octavam
1168 204 1408 247 Epiphaniae.

466 299 616 341 Lectio
635 300 674 340 ii.

251 367 327 396 eus
347 360 492 397 autem
516 355 739 408 patientiae
760 360 802 396 et
821 355 978 404 solatiiy

260 410 335 453 det
364 412 490 453 vobis
523 411 714 464 idipsum
747 414 902 464 sapere
933 412 978 452 in

158 468 416 510 alterutrum
435 469 675 510 secundum
694 469 718 509 J
721 481 844 509 esum
860 467 977 509 Chri-

158 530 288 566 stum:
313 530 361 566 ut
380 525 622 574 unanimes,
641 537 729 566 uno
749 537 825 566 ore
843 524 977 566 hono-

158 581 338 623 rificetis
358 582 518 632 Deum,
547 586 591 623 et
608 582 784 623 Patrem
802 582 979 622 Demini

158 638 297 679 nostri
315 638 340 678 J
343 651 421 679 esu
442 638 612 679 Christi.
646 638 834 690 Propter
860 637 979 690 quod

158 695 366 747 suscipite
381 695 577 743 invicem,
597 695 708 736 sicut
723 699 766 735 et
782 693 978 735 Christus

159 751 352 804 suscepit
370 763 451 792 vos
470 751 513 791 in
527 750 739 792 honorem
751 751 846 792 Dei.
867 751 978 791 Dico

160 807 274 848 enim
306 806 526 848 Christum
555 807 580 847 J
583 819 705 848 esum
734 807 979 849 ministrum

159 863 292 905 fuisse
312 863 657 905 circumcisienis
674 868 856 916 propter
871 865 979 905 veri-

158 922 294 962 tatem
318 920 421 970 Dei,
450 920 507 962 ad
532 919 854 962 confirmandas
880 934 979 974 pro—

158 976 388 1018 missiones
414 982 604 1029 patrum:
637 977 802 1018 Gentes
834 982 980 1019 autem

159 1045 291 1085 super
323 1032 624 1075 misericordia
651 1033 868 1075 honorare
895 1034 979 1076 De-

158 1102 249 1139 um,
268 1089 381 1130 sicut
400 1089 612 1142 scriptum
633 1095 715 1131 est:
739 1091 980 1144 Propterea

159 1146 404 1188 confitebor
426 1146 508 1188 tibi
531 1147 574 1188 in
599 1147 813 1189 Gentibus
831 1148 979 1189 Demi-

158 1216 228 1253 ne,
254 1207 297 1244 et
317 1203 484 1244 nemini
502 1208 579 1244 tuo
599 1204 798 1246 cantabo.
826 1205 882 1246 Et
905 1207 979 1246 ite-

158 1272 255 1301 rum
281 1259 401 1301 dicit:
431 1260 663 1301 Laetamini
690 1261 854 1302 Gentes
882 1274 981 1302 cum

158 1315 289 1369 plebe
310 1317 412 1368 ejus.
446 1317 503 1358 Et
520 1319 693 1358 iterum:
718 1317 916 1359 Laudate
937 1331 978 1359 o-

157 1386 281 1415 mnes
302 1375 468 1415 Gentes
487 1373 735 1424 Deminum‚
759 1380 802 1416 et
819 1376 979 1427 magni-

158 1430 288 1471 ficate
309 1442 407 1471 eum
426 1443 578 1472 omnes
597 1431 760 1484 pepuli.

213 1489 263 1541 R.
295 1486 347 1527 In
375 1485 591 1528 columbae
619 1489 766 1540 specie
793 1489 979 1541 Spiritus

159 1546 337 1584 sanctus
357 1543 475 1584 visus
496 1548 572 1593 est,
595 1544 783 1586 Paterna
802 1558 889 1586 vox
908 1558 978 1587 au-

159 1598 251 1641 dita
270 1604 352 1641 est:
375 1603 397 1626 *
414 1599 500 1641 Hic
524 1605 591 1642 est
610 1601 745 1642 Filius
770 1615 893 1643 meus
920 1602 979 1644 di-

158 1655 315 1706 lectum
342 1656 387 1696 in
415 1669 501 1708 quo
526 1656 631 1698 mihi
654 1657 767 1699 bene
790 1659 979 1711 compla-

159 1712 240 1753 cui.
261 1709 313 1762 ΥΤ.
327 1711 438 1753 Coeli
453 1714 595 1766 aperti
610 1719 711 1756 sunt
725 1728 857 1767 super
872 1728 980 1765 eum,

160 1774 204 1811 et
221 1781 308 1810 vox
325 1769 470 1810 Patris
488 1769 686 1812 intenuit.
714 1771 798 1813 Hic
817 1777 894 1813 est.

459 1829 608 1871 Lectio
628 1831 681 1871 iii.

241 1885 259 1923 t
285 1894 435 1924 rursus
462 1883 599 1924 Isaias
627 1883 701 1925 ait:
735 1884 830 1926 Erit
856 1885 981 1927 radix

247 1938 388 1989 Jesse,
421 1944 464 1981 et
494 1939 568 1992 qui
596 1944 803 1992 exsurget
829 1943 980 1992 regere

159 1994 337 2046 Gentes,
363 1995 407 2036 in
431 2008 530 2037 eum
548 1995 713 2038 Gentes
733 1997 981 2050 sperabunt.

158 2050 278 2092 Deus
298 2055 444 2093 autem
466 2053 561 2105 spei
579 2053 747 2105 repleat
766 2066 845 2095 vos
865 2054 981 2095 omni

158 2107 318 2157 gaudio
339 2112 382 2150 et
402 2121 512 2161 pace
530 2109 575 2150 in
592 2109 829 2152 credendo:
847 2115 895 2152 ut
910 2110 980 2151 ab·

158 2163 332 2205 undetis
357 2164 401 2204 in
427 2177 521 2217 spe,
550 2170 592 2208 et
615 2166 776 2207 virtute
794 2167 981 2219 Spiritus

159 2220 308 2261 sancti.
348 2220 503 2262 Certus
531 2235 627 2263 sum
654 2226 800 2264 autem
826 2223 981 2264 fratres

158 2276 244 2317 mei
263 2281 307 2318 et
326 2289 408 2328 ego
427 2277 522 2330 ipse
539 2277 594 2320 de
613 2278 753 2328 vobis,
778 2279 981 2331 queniam

161 2336 203 2373 et
234 2332 319 2385 ipsi
350 2332 468 2385 pleni
501 2334 605 2376 estis
637 2334 886 2385 dilectiene‚
918 2348 981 2376 re-

86 2402 96 2417 t
158 2387 266 2440 pleti
290 2389 407 2430 omni
427 2390 622 2440 scientia,
648 2391 708 2432 ita
732 2396 780 2432 ut
802 2391 982 2444 possitis

161 2444 415 2486 alterutrum
437 2449 626 2488 monere.
662 2447 885 2489 Audacius
911 2460 981 2488 au-

160 2504 250 2540 tem
274 2502 431 2554 scripsi
450 2502 575 2544 vobis
595 2503 750 2545 fratres
773 2516 826 2544 ex
845 2507 981 2555 parte,

161 2560 383 2608 tamquam
406 2558 451 2599 in
475 2559 730 2600 memeriam
754 2572 832 2600 vos
857 2559 980 2599 redu-

162 2623 279 2652 cens:
312 2619 495 2666 propter
522 2615 725 2666 gratiam,
755 2628 852 2667 quae
880 2614 982 2655 data

163 2671 230 2708 est
261 2667 364 2708 mihi
395 2682 421 2710 a
448 2669 563 2720 Deo,
595 2676 643 2712 ut
674 2671 754 2711 sim
787 2671 981 2711 minister

163 2722 323 2764 Christi
345 2724 369 2764 J
372 2736 448 2766 esu
471 2725 515 2766 in
539 2726 770 2768 Gentibus:
795 2726 980 2768 sanctifi-

1786 202 1850 237 271

1028 311 1132 340 cans
1151 300 1435 351 Evangelium
1452 300 1550 349 Dei,
1574 306 1621 342 ut
1638 301 1714 342 fiat
1733 300 1849 342 obla-

1028 356 1090 397 tio
1120 355 1325 397 Gentium
1353 357 1551 408 accepta,
1589 362 1632 398 et
1663 357 1848 398 sanctifi-

1029 414 1126 453 cata
1144 412 1188 452 in
1207 412 1369 464 Spiritu
1389 417 1552 453 sancto.

1087 475 1137 527 R.
1158 474 1302 523 Reges
1322 473 1514 514 Tharsis.
1532 474 1623 514 252.

1259 554 1307 592 In
1334 554 1383 593 II.
1413 554 1632 594 Nocturno.

1055 621 1205 661 Sermo
1226 620 1364 662 sancti
1382 620 1596 671 Fulgentii
1614 620 1832 672 Episcopi.

1089 690 1147 723 Ex
1165 689 1327 723 Se1-m.5.
1347 690 1411 732 qui
1431 695 1487 723 cst
1507 690 1553 723 de
1571 690 1801 734 Epiphania,

1325 739 1394 771 sub
1415 738 1572 772 initium.

1336 799 1488 839 Lectio
1511 799 1561 838 iv.
1747 847 1750 850 Α

1035 869 1145 918 W
1154 876 1232 915 pse
1254 864 1390 914 Deus,
1425 864 1498 915 qui
1530 863 1612 904 sibi
1646 863 1689 903 in
1717 863 1851 904 veteri

1035 891 1082 981 ¹st
1099 913 1145 980 ligii}
1170 922 1435 961 testamento
1463 920 1676 972 primitias
1703 919 1849 960 offerri

1052 961 1082 986 141
1099 959 1146 989 »NJ

1036 984 1145 1002 *fef-2⁶³¹
1170 976 1409 1026 mandavit,
1437 976 1569 1017 homo
1593 981 1720 1016 natus
1741 975 1851 1016 Gen-

1030 1033 1138 1073 tium
1165 1033 1379 1085 primitias
1411 1045 1490 1073 suo
1520 1032 1654 1073 cultui
1683 1031 1851 1073 dedica-

1030 1089 1102 1129 vit.
1133 1089 1339 1130 Pastores
1363 1089 1536 1130 fuerunt
1559 1088 1763 1141 primitiae
1783 1088 1807 1128 J
1809 1102 1852 1128 u-

1031 1145 1242 1186 daeorum:
1266 1145 1383 1197 Magi
1407 1146 1510 1186 facti
1530 1149 1630 1186 sunt
1649 1145 1852 1197 primitiae

1031 1202 1246 1244 Gentium.
1280 1202 1349 1243 Illi
1368 1202 1422 1243 de
1442 1202 1644 1254 proximo
1665 1201 1852 1251 adducti,

1030 1259 1102 1300 isti
1122 1258 1177 1300 de
1196 1258 1435 1310 longinquo
1455 1257 1636 1298 reducti.
1671 1257 1756 1299 Ubi
1776 1262 1852 1305 est,

1031 1315 1247 1367 inquiunt,
1274 1314 1346 1366 qui
1367 1319 1492 1356 natus
1514 1318 1578 1355 est
1597 1314 1693 1355 Rex
1712 1312 1851 1354 Judae-

1032 1369 1179 1412 erum?
1197 1371 1264 1412 De
1283 1370 1462 1412 Herode
1482 1383 1583 1421 rege
1600 1370 1624 1410 J
1627 1369 1852 1411 udaeorum

1031 1427 1109 1468 filii
1141 1428 1226 1479 jam
1261 1425 1432 1468 fuerant
1463 1427 1563 1468 nati.
1611 1425 1852 1467 Archelaus

1031 1489 1159 1525 natus
1193 1488 1259 1525 est
1291 1484 1335 1524 in
1367 1482 1549 1535 palatio,
1584 1482 1781 1523 Christus
1810 1482 1852 1522 in

1033 1539 1286 1581 diversorio.
1331 1539 1574 1581 Archelaus
1605 1544 1750 1587 natus,
1788 1543 1854 1579 est

1031 1597 1074 1637 in
1090 1596 1205 1638 lecto
1225 1598 1429 1647 argenteo
1446 1595 1631 1648 pesitus,
1657 1594 1853 1636 Christus

1032 1658 1177 1694 autem
1204 1658 1347 1703 natus,
1375 1653 1419 1693 in
1437 1652 1655 1704 praesepio
1676 1656 1742 1692 est
1759 1650 1852 1692 bre-

1032 1709 1210 1750 vissimo
1239 1709 1493 1750 collocatus:
1530 1713 1571 1749 et
1603 1712 1748 1748 tamen
1781 1706 1853 1747 ille

1031 1770 1158 1806 natus
1182 1766 1226 1806 in
1248 1765 1412 1817 palatio
1439 1763 1745 1812 contemnitur,
1772 1763 1853 1803 iste

1033 1827 1159 1863 natus
1187 1822 1231 1862 in
1259 1820 1502 1863 diverserio
1531 1819 1753 1871 quaeritur:
1780 1818 1852 1859 ille

1035 1891 1060 1918 a
1077 1878 1216 1928 Magis
1233 1877 1478 1918 nullatenus
1498 1875 1753 1925 nominatur,
1771 1874 1853 1915 iste

1033 1934 1231 1975 inventus
1250 1932 1503 1986 suppliciter
1523 1931 1743 1973 adoratur.

1087 2002 1137 2053 R.
1169 1998 1429 2047 Illuminare,
1460 1996 1702 2038 illuminare
1733 1995 1757 2035 J
1760 1998 1852 2036 eru-

1033 2055 1178 2103 salem,
1199 2054 1300 2106 quia
1314 2053 1431 2095 venit
1449 2053 1523 2094 lux
1542 2057 1631 2094 tua:
1652 2053 1674 2075 *
1688 2051 1745 2092 Et
1763 2051 1852 2102 gle-

1033 2111 1097 2151 ria
1110 2110 1287 2151 Demini
1305 2122 1436 2162 super
1453 2114 1497 2151 te
1519 2113 1614 2150 orta
1630 2112 1707 2149 est.
1734 2101 1782 2152 V.
1797 2106 1853 2147 Et

1033 2166 1318 2208 ambulabunt
1337 2167 1501 2208 Gentes
1526 2165 1569 2205 in
1587 2163 1747 2205 himine
1765 2166 1852 2211 tuo,

1035 2228 1078 2264 et
1095 2235 1220 2273 reges
1238 2223 1281 2263 in
1302 2221 1536 2275 splendere
1555 2226 1675 2262 ortus
1694 2219 1766 2260 tui.
1797 2218 1852 2259 Et

1033 2279 1181 2330 gleria.

1343 2328 1493 2369 Lectio
1515 2342 1550 2367 v.

1116 2391 1182 2432 uis
1222 2396 1289 2433 est
1325 2391 1408 2432 iste
1444 2391 1540 2431 Rex
1575 2389 1599 2430 J
1603 2387 1851 2430 udaeorum?

1134 2448 1306 2499 Pauper
1341 2452 1383 2489 et
1419 2446 1556 2495 dives,
1602 2444 1774 2486 hnmilis
1810 2449 1852 2484 et

1034 2503 1240 2544 sublimis.
1277 2503 1383 2553 Quis
1411 2507 1476 2543 est
1498 2502 1578 2543 iste
1598 2502 1694 2542 Rex
1711 2499 1851 2540 Judae-

1035 2562 1174 2609 erum,
1214 2560 1288 2612 qui
1324 2560 1525 2612 portatur
1556 2563 1604 2599 ut
1635 2555 1850 2609 parvulus,

1034 2615 1240 2657 adoratur
1259 2620 1307 2656 ut
1325 2614 1466 2656 Deus?
1493 2626 1654 2666 parvus
1677 2613 1719 2652 in
1743 2622 1850 2663 prae-

1034 2672 1174 2724 sepio,
1207 2672 1443 2712 immensus
1466 2671 1508 2710 in
1528 2669 1656 2710 coelo:
1687 2666 1783 2708 vilis
1806 2666 1849 2705 in

1032 2728 1202 2779 pannis,
1229 2727 1446 2780 pretiesus
1475 2726 1517 2766 in
1545 2724 1691 2766 stellis.
1736 2720 1851 2771 Quid
