2080 2990
393 247 464 279 Die
485 246 540 279 10.
558 245 647 279 Dec.
674 245 717 278 ln
737 243 1008 278 Translatione
1027 243 1151 275 Almae
1172 242 1317 275 Domus
1336 242 1572 275 Lause-tanao.

127 341 233 382 tiam
264 338 367 379 filiae
399 338 589 378 animum
620 348 753 388 posse
790 334 956 375 facilius

128 395 313 437 emolliri
328 391 565 442 confidens,
581 391 703 443 jussit
717 391 859 443 primo
874 389 958 430 bal-

126 464 257 492 neum
285 449 470 497 exstrui,
496 460 550 488 ne
581 446 687 499 quid
715 447 755 487 ei
783 446 957 487 deesset

128 506 186 548 ad
205 504 576 552 commoditatem,
594 502 752 543 deinde
773 504 956 554 peregre

126 563 170 602 in
199 564 372 603 exteras
400 559 601 611 regiones
627 558 852 610 profectus
881 562 957 598 est.

182 632 233 683 R.
265 627 453 678 Propter
484 623 732 672 veritatem,
766 627 809 663 et
841 635 957 662 man-

129 682 418 731 suetudinem,
444 685 488 722 et
512 679 734 731 justitiam:
756 685 778 709 *
805 678 862 719 Et
886 677 957 718 de-

129 738 260 780 ducet
291 743 336 779 te
367 735 622 778 mirabiliter
659 735 841 776 dextera
872 738 958 774 tua.

130 792 180 844 V.
196 793 352 847 Specie
371 797 448 834 tua
467 797 511 833 et
529 789 854 844 pulchritudine
873 794 959 837 tua,

128 848 320 899 intende,
347 850 562 901 prospere
586 845 796 899 procede,
825 850 868 886 et
896 857 959 885 re-

128 918 223 956 gna.
250 905 308 946 Et
327 903 528 946 deducet.

441 975 593 1015 Lectio
613 988 651 1014 v.

203 1038 358 1081 bsente
402 1042 543 1090 patre,
596 1035 718 1088 jussit
763 1034 961 1075 Barbara

234 1094 405 1136 duabus
425 1092 640 1142 fenestris,
669 1104 767 1143 quae
790 1091 834 1130 in
852 1091 961 1131 turri

132 1155 270 1200 erant,
289 1149 464 1191 tertiam
483 1147 589 1189 addi
607 1148 651 1187 in
669 1147 883 1188 honorem
902 1146 961 1187 dj-

130 1209 244 1248 vinae
268 1204 511 1253 Trinitatis,
538 1203 789 1254 labiumque
818 1202 962 1243 balnei

133 1263 426 1304 sacrosanctae
460 1259 600 1300 crucis
636 1259 760 1310 signo
794 1258 962 1299 muniri.

132 1316 263 1369 Quod
280 1316 356 1358 ubi
374 1314 548 1357 rediens
563 1315 807 1355 Dioscorus
821 1315 962 1366 inspe-

132 1375 207 1423 xit,
228 1371 378 1415 audita
394 1371 603 1412 novitatis
623 1384 765 1419 causa,
788 1370 899 1411 adeo
919 1371 963 1410 in

131 1430 266 1470 filiam
297 1426 552 1475 excanduit,
592 1431 641 1467 ut
673 1426 826 1467 stricto
860 1439 962 1467 ense

132 1498 230 1527 eam
244 1486 458 1536 appetens
473 1495 630 1535 parum
646 1482 843 1531 abfuerit,
859 1482 964 1533 quin

132 1553 230 1582 eam
264 1539 357 1580 dire
386 1538 658 1580 confoderet:
691 1537 770 1579 sed
797 1542 962 1589 praesto

132 1595 270 1638 adfuit
296 1595 433 1644 Deus3
461 1607 562 1635 nam
589 1593 771 1644 fugienti
799 1593 962 1634 Barba-

132 1664 193 1692 rae
230 1663 385 1692 saxum
419 1650 573 1700 ingens
609 1661 657 1690 se
694 1649 963 1701 patefaciens

131 1707 248 1749 viam
265 1706 451 1758 aperuit,
474 1718 555 1758 per
574 1717 706 1757 quam
725 1705 886 1745 montis
905 1705 963 1745 fa-

133 1762 309 1814 stigium
326 1763 495 1814 petere,
515 1761 665 1812 sicque
685 1761 730 1800 in
747 1773 883 1812 specu
902 1760 960 1801 la-

132 1820 226 1860 tere
251 1818 410 1870 petuit:
441 1816 521 1858 sed
551 1816 685 1869 paulo
712 1821 830 1868 post,
864 1829 963 1857 cum

135 1887 161 1914 a
187 1873 455 1924 nequissimo
485 1873 682 1922 genitore
707 1873 881 1923 reperta
903 1872 964 1912 fu-

133 1931 255 1977 isset,
279 1929 370 1979 ejus
388 1927 528 1968 latera
546 1926 749 1979 pedibus,
769 1926 964 1968 dorsum-

135 1996 220 2036 que
239 1983 396 2036 pugnis
414 1982 660 2023 immaniter
677 1982 907 2034 percussit,
923 1987 966 2023 et

136 2039 326 2081 crinibus
349 2050 428 2090 per
451 2038 551 2078 loca
570 2039 727 2090 aspera
749 2037 965 2078 difficiles-

137 2107 222 2148 que
246 2094 340 2135 vias
363 2095 584 2146 raptatam
607 2093 830 2134 Marciano
854 2094 965 2144 prae-

136 2150 220 2192 sidi
238 2149 504 2203 puniendam
522 2148 715 2190 tradidit.

193 2218 243 2269 R.
270 2214 474 2255 Dilexisti
502 2214 728 2266 justitiam,
762 2217 806 2254 et
834 2212 967 2254 odisti

137 2270 428 2322 iniquitatem:
462 2271 484 2295 *
503 2270 748 2322 Propterea
774 2269 898 2310 unxit
922 2273 967 2310 te

138 2326 282 2375 Deus,
328 2326 451 2366 Deus
497 2329 598 2366 tuus
646 2325 744 2366 o'leo
790 2324 967 2365 laetitiae.

140 2379 192 2431 V.
215 2382 403 2433 Propter
430 2380 675 2429 veritatem‚
704 2384 747 2421 et
769 2392 966 2420 mansue-

139 2435 354 2485 tudinem,
382 2441 426 2477 et
452 2437 670 2488 justitiam.
714 2436 967 2487 Propterea.

443 2507 595 2547 Lectio
617 2506 669 2545 vi.

143 2563 320 2667 Itaque
353 2565 408 2606 ab
441 2565 540 2617 ipso
579 2563 780 2605 omnibus
813 2561 968 2611 modis,

206 2620 286 2661 sed
309 2620 528 2661 incassum
552 2622 780 2667 tentatam,
807 2617 969 2659 nudam

143 2676 288 2717 nervis
307 2675 433 2725 caedi,
459 2681 502 2716 et
524 2675 687 2716 inflicta
706 2674 885 2715 vulnera
908 2675 967 2714 te-

144 2731 268 2773 stulis
293 2731 538 2780 confricari,
573 2730 730 2772 deinde
758 2730 801 2770 in
825 2732 967 2770 carce-

1750 238 1840 280 [251]

1009 345 1103 374 rem
1129 332 1242 373 trahi
1270 333 1496 385 praecepit:
1529 333 1603 374 ubi
1630 334 1840 374 immensa

1009 388 1106 429 luce
1139 387 1432 429 circumdatus
1469 389 1507 429 ei
1536 389 1733 430 Christus
1766 402 1838 441 ap-

1009 446 1185 496 parens,
1235 444 1415 485 mirifice
1462 444 1753 486 confortatam
1797 445 1840 484 in

1009 500 1264 552 passionum
1290 499 1523 541 tolerantia
1550 500 1842 544 confirmavit:

1012 555 1133 606 quod
1165 555 1514 596 animadvertens
1547 556 1717 597 Juliana
1753 569 1840 597 ma-

1010 613 1138 652 trona
1162 610 1219 651 ad.
1238 611 1371 652 fidem
1391 613 1618 661 conversa,
1646 611 1841 662 ejusdem

1010 667 1170 718 palmae
1194 667 1418 719 particeps
1443 667 1598 707 effecta
1622 673 1700 708 est.
1736 668 1840 707 Bar-

1010 722 1130 763 barae
1189 721 1366 763 demum
1422 723 1572 763 ferreis
1625 723 1841 773 unguibus

1011 777 1209 819 membra
1235 778 1471 827 laniantur,
1506 778 1674 819 facibus
1702 778 1842 819 latera

1011 833 1318 883 incenduntur,
1364 839 1407 875 et
1451 834 1665 875 malleolis
1710 839 1842 885 caput

1013 889 1309 930 contunditur:
1335 889 1493 940 quibus
1514 890 1558 930 in
1578 890 1842 930 cruciatibus

1013 947 1263 986 consortem
1296 945 1536 994 solabatur,
1564 950 1607 986 et
1638 945 1842 986 hortaba-

1012 1006 1098 1049 tur,
1125 1006 1173 1041 ut
1198 1000 1254 1041 ad
1277 1001 1409 1041 finem
1432 1013 1571 1052 usque
1592 1003 1843 1041 constanter

1014 1058 1213 1097 certaret.
1237 1057 1437 1097 Praecisis
1454 1056 1631 1097 tandem
1646 1058 1842 1107 utrisque

1013 1111 1238 1160 uberibus,
1272 1112 1402 1153 nudae
1430 1125 1510 1165 per
1538 1112 1636 1153 loca
1667 1112 1845 1164 pablica

1013 1172 1181 1218 tractae,
1202 1169 1345 1219 capite
1365 1168 1630 1220 plectantur,
1655 1168 1843 1219 filiaeque

1015 1225 1230 1263 cervicem
1248 1223 1343 1275 ipse
1365 1224 1700 1265 scelestissimus
1719 1229 1845 1275 pater

1015 1278 1295 1320 humanitatis
1320 1292 1478 1332 expers
1497 1280 1689 1332 prepriis
1713 1280 1844 1319 mani-

1014 1333 1096 1374 bus
1117 1335 1372 1386 amputavit:
1401 1337 1521 1387 cujus
1545 1335 1636 1376 fera
1662 1334 1843 1375 crudeli-

1014 1394 1083 1430 tas
1111 1402 1198 1430 non
1227 1390 1301 1431 diu
1328 1391 1465 1432 inulta
1492 1391 1713 1432 remansit:
1745 1403 1846 1430 nam

1016 1445 1163 1486 statim
1184 1458 1237 1486 eo
1256 1446 1354 1498 ipso
1374 1447 1417 1487 in
1437 1447 1536 1488 loco
1553 1446 1729 1487 fulmine
1749 1459 1845 1498 per-

1016 1503 1169 1541 cussus
1198 1501 1371 1543 interiit.
1414 1503 1557 1554 Caput
1588 1502 1713 1553 hujus
1745 1501 1844 1542 bea-

1014 1556 1195 1596 tissimae
1233 1557 1438 1609 Martyris
1479 1559 1522 1598 in
1559 1557 1753 1598 oratorio
1790 1556 1847 1597 ad

1015 1611 1174 1652 Sancta
1202 1615 1454 1654 sanctarum
1485 1612 1726 1654 honorifice
1759 1624 1845 1652 ser-

1016 1669 1155 1708 vatur.
1184 1673 1236 1722 Ix'g.
1251 1667 1501 1710 Afferentur
1521 1669 1643 1719 Regi.
1668 1667 1745 1720 [91]

1072 1737 1115 1770 In
1135 1736 1199 1770 ΠΙ.
1222 1735 1421 1769 Nocturno
1446 1734 1616 1768 Homilia
1642 1734 1679 1767 in
1704 1734 1849 1775 Evang.

1021 1782 1152 1817 Simile
1169 1782 1241 1817 erit
1255 1791 1416 1825 regnum
1433 1781 1628 1816 coelorum.
1650 1781 1696 1814 dc
1715 1781 1851 1815 codem

1022 1830 1226 1865 Communi
1253 1830 1279 1863 1.
1306 1830 1402 1863 loco.
1422 1828 1492 1871 [93]

1205 1914 1288 1954 Die
1308 1915 1372 1954 10.
1392 1912 1660 1954 Decembris.

1253 1984 1300 2022 In
1322 1980 1627 2021 Translationc

1076 2037 1238 2079 Almae
1265 2037 1454 2078 Domus
1480 2035 1794 2076 Lauretanae.

1282 2101 1436 2143 Duplex
1461 2099 1594 2140 majus.

1231 2166 1292 2205 In
1317 2165 1353 2205 Ι.
1381 2164 1631 2215 vesperis.

1076 2238 1164 2270 Ant.
1190 2239 1226 2269 et
1244 2233 1367 2276 Capit.
1390 2232 1437 2266 dc
1455 2231 1574 2265 Laud.
1590 2226 1696 2270 [256];
1729 2229 1789 2262 Ps.
1814 2234 1853 2261 ut

1026 2285 1065 2318 in
1090 2283 1216 2317 Festis
1241 2282 1282 2315 B.
1307 2280 1355 2314 M.
1380 2280 1424 2313 V.
1450 2289 1519 2322 per
1544 2288 1693 2312 annum.
1714 2273 1804 2316 [133]

1077 2339 1287 2390 Hymnus.
1315 2335 1405 2374 Ave
1423 2331 1565 2372 maris.
1589 2330 1693 2381 [135]

1078 2394 1128 2444 ys,
1154 2391 1263 2431 Haec
1293 2395 1360 2431 est
1390 2389 1546 2432 domus
1570 2388 1747 2430 Demini
1777 2388 1844 2427 fir-

1019 2446 1146 2487 miter
1174 2446 1402 2487 aedificata.
1450 2451 1500 2501 R.
1522 2446 1642 2485 Bene
1667 2442 1848 2484 fundata

1020 2506 1087 2543 est
1105 2514 1238 2554 supra
1256 2502 1426 2542 firmam
1444 2506 1624 2553 petram.

1079 2567 1151 2607 Ad
1183 2566 1355 2617 Magnis.
1410 2566 1509 2604 Ant.
1550 2558 1847 2602 sanctificavit

1021 2618 1236 2658 Deminus
1250 2615 1578 2658 tabernaculum
1593 2628 1732 2655 suum:
1748 2613 1849 2664 quia

1021 2674 1117 2715 haec
1141 2679 1207 2715 est
1234 2673 1390 2714 domus
1414 2671 1516 2721 Dei,
1546 2671 1590 2711 in
1619 2683 1705 2721 qua
1729 2669 1847 2709 invo-

1022 2729 1192 2770 cabitur
1219 2741 1377 2769 nomen
1405 2727 1512 2778 ejus,
1550 2726 1604 2767 de
1635 2737 1722 2776 quo
1747 2724 1847 2764 scri-
