2040 2990
203 203 271 237 110

254 301 420 340 Domus
453 298 602 338 Aaron
636 296 829 349 speravit
862 295 904 335 in
936 295 1023 335 Do-

202 356 333 397 mino:
361 356 383 380 *
413 353 586 406 adjutor
622 355 771 394 eorum
807 357 851 393 et
878 352 1023 404 prote-

201 418 296 453 ctor
316 413 467 452 eorum
488 415 564 459 est,

252 468 335 518 Qui
360 467 514 508 timent
542 466 794 515 Dominum,
823 465 1022 516 sperave-

199 529 299 565 runt
324 524 367 564 in
395 523 600 564 Domino:
623 524 646 547 *
673 521 845 573 adjutor
872 522 1022 562 eorum

200 586 243 622 et
270 582 498 633 protector
526 581 676 621 eorum
706 583 783 619 est.

250 637 464 678 Dominus
497 647 663 677 memor
698 634 779 675 fuit
813 632 967 674 nostri:
998 633 1021 657 *

201 699 243 734 et
271 692 495 734 benedixit
522 692 666 733 nobis:

250 749 483 791 Benedixit
511 748 660 790 domui
680 746 830 787 Israel:
850 747 872 771 *
893 745 1021 787 bene-

201 805 310 847 dixit
337 805 487 847 domui
515 805 673 846 Aaron.

252 861 484 903 Benedixit
513 860 731 910 omnibus,
765 860 838 911 qui
867 859 1021 899 timent

201 919 451 967 Dominum,
480 919 502 943 *
530 917 699 970 pusillis
728 930 826 958 cum
853 915 1021 967 majori-

199 974 292 1016 bus.

251 1031 440 1082 Adjiciat
468 1030 680 1071 Dominus
714 1042 845 1081 super
873 1040 970 1069 vos:
997 1028 1020 1053 *

200 1100 331 1140 super
359 1100 448 1138 vos,
476 1092 518 1128 et
547 1100 677 1139 super
702 1086 817 1127 filios
837 1090 1020 1126 vestros.

252 1143 479 1185 Benedicti
507 1156 587 1184 vos
616 1157 639 1184 a
664 1143 867 1191 Domino,
895 1142 917 1167 *
947 1141 1021 1193 qui

200 1200 302 1241 fecit
330 1200 503 1250 coelum,
532 1205 574 1241 et
594 1206 764 1241 terram.

252 1257 420 1298 Coelum
449 1256 548 1298 coeli
575 1257 781 1297 Domino:
809 1257 832 1281 *
860 1260 1021 1297 terram

199 1318 343 1354 autem
372 1312 494 1354 dedit
523 1313 623 1353 filiis
651 1313 886 1353 hominum.

250 1370 349 1410 Non
384 1370 545 1411 mortui
582 1369 822 1411 laudabunt
855 1374 899 1410 te
933 1369 1019 1409 Do-

198 1426 329 1467 mine:
348 1427 371 1451 *
391 1439 532 1483 neque
553 1439 720 1475 omnes,
749 1426 823 1478 qui
842 1426 1019 1467 descen-

200 1482 307 1523 dunt
332 1483 373 1522 in
403 1483 626 1523 infernum.

250 1538 336 1580 Sed
365 1551 444 1579 nos
472 1539 545 1590 qui
574 1539 775 1588 vivimus,
803 1539 1018 1581 benedici-

200 1608 294 1636 mus
331 1595 537 1644 Domino,
565 1596 587 1621 *
617 1609 670 1637 ex
707 1596 791 1637 hoc
825 1610 938 1637 nunc
976 1601 1019 1637 et

200 1664 337 1703 usque
364 1651 407 1692 in
434 1651 651 1693 saeculum.

251 1721 348 1760 Ant.
389 1721 479 1762 Nos
508 1722 582 1773 qui
610 1721 811 1771 vivimus,
845 1722 1019 1764 benedi-

200 1777 335 1818 cimus
363 1777 565 1818 Domino.

249 1860 505 1911 Capitulum.
748 1865 797 1904 ΙΙ.
818 1865 913 1905 Cor.
938 1868 963 1905 l.

282 1932 505 1974 enedictus
533 1934 668 1984 Deus,
704 1940 747 1976 et
774 1935 904 1977 Pater
932 1936 1018 1977 Do-

297 1989 399 2029 mini
420 1991 559 2031 nostri
575 1991 598 2030 J
602 2004 678 2032 esu
696 1991 868 2042 Christi,
887 1993 1019 2034 Pater

200 2044 613 2096 misericordiarum,
651 2053 694 2088 et
726 2048 846 2089 Deus
883 2052 1018 2091 totius

201 2100 534 2151 consolationis,
563 2103 636 2154 qui
663 2105 915 2146 consolatur
939 2119 1019 2147 nos

200 2156 244 2196 in
273 2157 390 2198 omni
418 2157 698 2201 tribulatione
725 2166 886 2202 nostra.

509 2227 711 2278 Hymnus.

322 2299 413 2340 ucis
441 2299 621 2342 Creator
650 2302 814 2354 optime

354 2355 515 2397 Lucem
546 2356 713 2399 dierum
743 2359 979 2411 proferens,

303 2411 559 2453 Primordiis
588 2413 696 2455 lucis
725 2428 861 2465 novae,

303 2467 454 2509 Mundi
483 2482 640 2520 parans
669 2471 895 2522 originem:

250 2545 335 2592 Qui
363 2559 489 2587 mane
517 2547 707 2595 junctum
735 2550 905 2602 vesperi

304 2601 431 2642 Diem
460 2603 608 2643 vocari
636 2605 855 2657 pra'zcipis:

305 2657 504 2699 Illabitur
532 2664 692 2700 tetrum
721 2660 863 2711 chaos,

306 2713 421 2754 Audi
450 2727 603 2766 preces
632 2729 729 2756 cum
759 2718 942 2760 fletibus.

806 202 1001 234 [imminit-21
1030 200 1076 233 ad
1106 200 1305 242 Vcspcrus.

1133 293 1168 332 N
1173 305 1196 333 e
1221 305 1345 333 mens
1373 294 1553 344 gravata
1581 291 1773 341 crimine,

1179 349 1297 389 Vitae
1326 349 1383 390 sit
1410 348 1535 390 exsul
1562 350 1753 398 munere,

1177 406 1294 446 Dum
1321 404 1381 445 nil
1409 406 1602 457 perenne
1630 404 1806 456 cogitat,

1179 462 1372 513 Seseque
1400 461 1543 514 culpis
1571 461 1721 512 illigat.

1123 535 1319 576 Coeleste
1346 535 1493 588 pulset
1522 535 1699 576 ostium:

1178 591 1326 633 Vitale
1354 591 1481 633 tollat
1506 591 1752 644 praemium:

1178 648 1379 689 Vitemus
1408 661 1538 689 omne
1564 648 1759 690 noxium:

1178 705 1419 756 Purgemus
1448 717 1578 746 omne
1605 705 1855 758 pessimum.

1133 779 1313 828 Praesta,
1340 779 1471 820 Pater
1498 779 1705 832 piissime,

1177 835 1385 887 Patrique
1413 848 1594 888 compar
1621 836 1770 887 Unice,

1178 891 1287 933 Cum
1314 892 1479 945 Spiritu
1506 892 1726 935 Paraclito

1177 949 1383 1000 Regnans
1403 962 1483 1002 per
1505 962 1634 991 omne
1654 948 1874 991 saeculm.

1384 1006 1538 1048 Amen.

1130 1063 1178 1114 Y.
1192 1070 1417 1122 Dirigatur
1429 1071 1617 1112 Domine
1633 1071 1775 1113 oratio
1791 1084 1900 1113 mea.

1077 1128 1125 1179 Rg.
1139 1127 1260 1168 Sicut
1270 1127 1495 1168 incensum
1504 1127 1549 1168 in
1560 1129 1800 1181 conspectu
1810 1132 1899 1170 tu0.

1119 1201 1332 1235 l‘raedictus
1358 1202 1533 1245 Hymnus
1565 1213 1649 1236 cum
1680 1213 1750 1237 suo
1777 1198 1820 1243 Y.
1846 1203 1901 1237 di-

1076 1250 1173 1283 citur
1197 1261 1216 1283 a
1240 1249 1349 1284 Dom.
1367 1250 1411 1284 II.
1437 1256 1525 1293 post
1544 1250 1680 1294 Epiph.
1706 1262 1826 1295 usque
1852 1252 1901 1286 ad

1076 1297 1183 1331 Dom.
1210 1298 1234 1331 l.
1261 1298 1507 1339 Quudragcs..
1533 1300 1655 1342 Cupit.
1682 1310 1774 1335 vero
1804 1310 1899 1344 prae—

1076 1346 1217 1379 dictum
1250 1347 1389 1380 dicitur
1425 1348 1458 1380 in
1498 1347 1642 1381 eisdem
1673 1347 1780 1382 Dom.
1812 1353 1902 1392 post

1076 1394 1212 1437 Epiph.
1240 1405 1360 1438 usque
1388 1396 1434 1428 ad
1454 1397 1632 1438 Septuag.
1652 1401 1806 1431 tantum.
1835 1397 1900 1431 Di-

1075 1443 1171 1476 citur
1197 1443 1309 1477 ctiam
1334 1444 1369 1477 in
1394 1444 1456 1478 fer.
1476 1445 1581 1478 (mic.
1601 1445 1648 1478 ab
1666 1444 1745 1479 Oct.
1763 1444 1900 1489 Epiph.

1074 1502 1195 1542 usque
1221 1492 1269 1525 ad
1299 1492 1407 1526 Dom.
1433 1493 1459 1526 I.
1490 1493 1680 1537 Quadi-ag.
1718 1493 1902 1528 Similiter

1075 1547 1109 1572 et
1137 1539 1195 1579 K:
1221 1540 1308 1574 Ant.
1334 1547 1459 1574 autem
1485 1551 1569 1574 cum
1587 1541 1646 1575 Ps.
1671 1552 1823 1585 semper
1846 1541 1901 1576 di-

1074 1594 1210 1621 cuntur
1239 1594 1278 1622 ut
1311 1599 1438 1632 supra,
1471 1589 1626 1632 quando
1656 1590 1695 1623 fit
1720 1589 1827 1624 Offic.
1853 1590 1900 1624 de

1074 1635 1197 1673 Dom.,
1238 1637 1410 1679 exceptis
1448 1637 1556 1671 Dom.
1589 1638 1772 1678 Advent.,
1813 1648 1901 1682 quae

1073 1683 1215 1717 habent
1240 1684 1326 1718 Ant.
1352 1685 1541 1728 proprias.

1126 1754 1353 1794 Canticum
1381 1754 1427 1794 B.
1458 1754 1607 1795 Mariae
1638 1755 1843 1806 Virginis.

1376 1819 1489 1854 Lucae
1518 1821 1542 1854 l.
1569 1831 1596 1854 c.

1071 1871 1382 1978 Magnificat
1405 1877 1429 1902 ¹⁸¹
1452 1877 1596 1919 anima
1622 1890 1722 1919 mea
1748 1878 1897 1920 Domi-

1194 1947 1312 1974 num:

1122 1990 1178 2031 Et
1207 1990 1444 2032 exsultavit
1468 1991 1648 2044 spiritus
1667 2004 1790 2033 meus
1809 1992 1834 2017 ¹⁸¹
1852 1992 1897 2032 in

1071 2046 1167 2088 Deo
1197 2046 1378 2087 salutari
1405 2060 1516 2089 meo.

1125 2103 1237 2153 Quia
1271 2104 1466 2156 respexit
1499 2103 1790 2146 humilitatem
1825 2117 1896 2146 an-

1072 2158 1184 2200 cillae
1203 2172 1310 2200 suae:
1328 2160 1351 2185 *
1369 2173 1471 2202 ecce
1491 2161 1605 2202 enim
1623 2173 1677 2202 ex
1696 2160 1780 2203 hoc
1797 2160 1896 2203 bea-

1071 2219 1161 2256 tam
1174 2228 1245 2257 me
1261 2215 1407 2258 dicent
1420 2229 1572 2258 omnes
1582 2218 1897 2269 generationes.

1124 2272 1235 2322 Quia
1262 2272 1366 2313 fecit
1393 2273 1500 2314 mihi
1526 2287 1684 2326 magna
1719 2274 1793 2326 qui
1821 2286 1896 2327 po-

1071 2333 1169 2369 tens
1192 2333 1275 2369 est:
1290 2329 1314 2354 *
1334 2334 1377 2370 et
1397 2334 1596 2371 sanctum
1615 2343 1775 2372 nomen
1796 2331 1896 2382 ejus.

1123 2385 1180 2425 Et
1203 2385 1505 2427 misericordia
1531 2388 1621 2438 ejus
1643 2399 1668 2428 a
1689 2387 1897 2440 progenie

1072 2441 1115 2481 in
1143 2441 1374 2493 progenies
1398 2442 1422 2467 *
1444 2442 1699 2484 timentibus
1725 2456 1834 2485 eum.

1124 2497 1247 2538 Fecit
1270 2499 1515 2549 potentiam
1536 2499 1579 2540 in
1598 2499 1780 2541 brachio
1801 2512 1897 2541 suo:

1072 2554 1095 2578 *
1129 2553 1338 2605 dispersit
1375 2554 1591 2607 superbos
1623 2560 1770 2598 mente
1804 2569 1897 2598 cor·

1074 2609 1141 2651 dis
1170 2610 1247 2650 sui.

1123 2666 1343 2718 Deposuit
1370 2667 1575 2719 potentes
1600 2667 1656 2709 de
1675 2668 1791 2720 sede,
1810 2669 1834 2694 *
1854 2673 1898 2710 et

1074 2722 1282 2763 exaltavit
1306 2722 1502 2764 humiles.
