2080 2990
251 231 312 266 14*

435 326 517 368 Die
535 326 592 368 17.
610 324 876 368 Decembris.

249 396 292 436 S.
319 394 563 436 Leonardi
594 404 624 434 a
650 393 804 434 Portu
830 392 1064 434 mauritio

519 449 797 489 (ffhsmfessoris.

576 510 737 551 Duplex.

300 567 433 599 Omnia
464 566 509 599 dc
540 567 681 599 (jomm.
708 567 814 600 Csms.
847 577 918 599 non
948 566 1063 601 l'ont..

250 623 387 657 practer
412 615 620 657 sequentia.
642 615 700 650 (m.
725 617 748 647 t.
772 616 820 651 V.)

580 667 739 708 Oratio.

250 718 426 823 Deus,
453 721 526 772 qui
549 721 592 760 in
615 719 843 762 obstinatis
867 722 1064 771 peccato-

340 790 434 818 rum
458 775 663 818 cerdibus
687 774 743 817 ad
765 775 1064 827 poenitentiam

249 832 472 875 flectendis
482 833 657 874 beatum
669 831 945 873 Leonardum
957 831 1064 873 Con-

247 890 457 931 fessorem
482 895 603 931 tuum
633 891 764 941 opere
791 901 842 929 ac
866 890 1064 930 sermone

248 948 471 999 potentem
498 945 692 987 effecisti:
720 944 775 987 da
802 947 1065 997 quaesumus3

248 1009 295 1044 ut
312 1016 390 1055 per
411 1003 500 1053 ejus
523 1015 675 1054 preces
698 1007 741 1044 et
758 1002 911 1043 merita
930 1015 954 1043 e
973 1004 1064 1043 cor·

249 1058 374 1101 dibus
393 1059 551 1100 nostris
576 1059 845 1101 contriti6nis
866 1059 1065 1100 lacrimas

249 1115 403 1158 elicere
422 1115 652 1157 valeamus.
679 1116 762 1157 Per
779 1115 1022 1157 Deminum.

304 1179 343 1211 lit
370 1180 405 1211 lit
433 1188 625 1211 comunem.
654 1178 785 1211 Fcrirc.

301 1231 337 1263 ln
370 1230 395 1263 l.
431 1231 623 1263 N‹c1111·110
658 1231 857 1264 lectiones
889 1232 934 1265 de

251 1284 343 1320 Jtm
337 1290 354 1310 1
384 1284 612 1311 occurrente.

300 1331 338 1362 lu
362 1330 681 1372 ()111111«›1·lcmp.
710 1331 805 1364 lect
835 1331 973 1364 Ilezitus
994 1329 1064 1365 Vir.

249 1378 621 1411 ιίιι()ι1ωη(ἶιιι.ηῃη
646 1380 675 1411 ..'
700 1379 794 1411 loco.

968 1233 1063 1265 Scri-

477 1448 833 1486 11111.Noetu1no.

547 1513 694 1553 Lectio
714 1513 765 1552 iv.

259 1574 263 1576 ’
303 1567 582 1622 ἱξεοιιέιτᾰιιε
616 1568 659 1608 in
695 1569 829 1610 Portu
864 1569 1066 1610 Mauritio

384 1624 439 1666 ad
458 1638 535 1666 ora
552 1625 772 1675 Ligustica
788 1625 927 1666 Italiae
947 1631 1067 1667 ortus

298 1685 330 1706 θ
357 1703 359 1706 ·
384 1687 449 1723 est
479 1681 730 1733 parentibus
758 1681 921 1733 pietate
950 1683 1066 1732 egre-

250 1737 330 1788 giis
361 1739 524 1790 potius,
566 1750 695 1789 quam
731 1739 887 1789 genere
927 1738 1067 1787 claris;

251 1794 324 1845 qui
347 1797 529 1846 puerum
556 1794 740 1835 animam
765 1796 965 1836 sortitum
991 1794 1067 1836 bo-

249 1863 363 1899 nam,
397 1850 541 1892 divina
569 1851 739 1892 favente
767 1850 921 1901 gratia,
952 1851 996 1892 in
1018 1851 1067 1893 ti-

249 1909 369 1948 more
394 1907 570 1948 D6mini
603 1907 720 1948 omni
748 1919 850 1948 cura
877 1907 1067 1949 institue-

250 1968 359 2004 runt.
391 1962 636 2005 Mirandum
660 1968 752 2005 erat
775 1976 873 2005 eum
897 1964 941 2004 in
963 1968 1067 2006 tem-

250 2019 324 2071 plo
343 2020 411 2061 vel
431 2019 549 2062 domi
568 2019 716 2062 videre
736 2026 779 2062 et
797 2021 957 2070 audire,
977 2021 1068 2063 sive

251 2076 439 2118 fervidas
472 2077 526 2118 ad
555 2077 696 2119 Deum
724 2076 945 2120 effundere
972 2091 1066 2131 pre-

251 2145 339 2181 ces,
364 2133 455 2174 sive
479 2133 642 2175 hortari
661 2136 910 2176 coaetaneos
929 2134 985 2176 ad
1004 2148 1067 2177 re-

251 2188 420 2239 ligionis
443 2189 711 2242 aliarumque
733 2190 942 2232 virtutum
966 2193 1067 2244 ope-

251 2258 299 2286 ra
325 2244 576 2287 exercenda.
612 2246 882 2289 Adolescens
905 2247 1067 2290 studio-

251 2314 345 2343 rum
373 2314 504 2343 causa
527 2302 714 2343 Romam
742 2303 900 2345 missus
929 2303 985 2346 ad
1008 2304 1067 2345 in-

251 2363 340 2399 star
380 2359 482 2400 novi
523 2358 677 2400 sideris
718 2359 761 2400 in
797 2359 1068 2411 Gregoriano

252 2414 435 2466 collegio
466 2419 558 2456 tum
587 2415 830 2457 litterarum
857 2429 907 2457 ac
933 2417 1066 2458 scien-

251 2471 408 2512 tiamm
434 2471 648 2523 profectu,
674 2476 766 2514 tum
793 2473 1068 2524 potissimum

252 2527 352 2568 vitae
388 2528 616 2569 sanctitaite
653 2527 822 2569 effulsit.
880 2529 977 2570 Jam
1013 2529 1068 2571 de

251 2583 410 2625 virtute
429 2584 473 2625 in
492 2584 695 2626 virtutem
720 2584 913 2637 quotidie
931 2586 1068 2637 magis

252 2639 551 2692 progrediens,
579 2646 625 2682 ut
648 2640 838 2682 intimius
862 2641 957 2682 Deo
983 2655 1067 2684 ser-

254 2698 363 2737 viret
391 2709 441 2738 ae
471 2697 769 2749 proximorum
796 2697 973 2740 utilitati
999 2711 1068 2739 va-

254 2754 382 2804 caret,
402 2752 456 2795 de
475 2753 679 2804 religioso
695 2754 893 2797 instituto
911 2754 1068 2807 ample-

555 234 622 266 Im·
652 233 697 266 17.
727 232 810 266 Dec.
859 234 891 265 S.
920 232 1105 265 Lconurtli
1134 243 1152 264 ιι
1180 231 1293 263 Portu
1321 229 1496 262 Mauritio
1523 228 1629 262 Conf.

1115 320 1271 364 ctendo
1296 319 1513 371 cogitavit.
1548 319 1605 361 Et
1626 317 1729 360 licet
1752 320 1934 371 patruus

1114 391 1195 430 pro
1216 376 1380 419 viribus
1404 377 1628 426 niteretur,
1653 379 1701 417 ut
1723 373 1839 416 hunc
1863 387 1933 416 ne-

1115 437 1264 487 p6tem
1297 435 1493 486 apprime
1526 444 1673 474 carum
1708 430 1762 473 ab
1794 431 1934 483 hujus-

1115 490 1234 532 modi
1259 489 1440 532 consilio
1466 487 1724 537 retraheret,
1750 487 1845 540 ipse
1872 492 1933 530 ta-

1115 560 1231 596 men,
1259 545 1451 597 ejusdem
1476 544 1698 586 blanditiis
1722 543 1934 596 minisque

1115 602 1395 656 posthabitis,
1422 602 1601 644 fratrum
1623 600 1842 641 Minorum
1866 613 1934 642 ex-

1116 659 1407 702 calceatorum
1450 657 1666 709 rigidioris
1703 657 1935 699 observan-

1115 717 1188 758 tiae
1231 715 1451 757 consortio
1493 713 1694 767 cooptari
1738 713 1935 763 obtinuit,

1117 774 1267 814 eorum
1285 771 1528 824 praesertim
1543 769 1757 812 modestia
1772 775 1936 822 captus,

1116 842 1166 870 ac
1186 830 1379 871 extrema
1396 829 1668 880 paupertate.

1173 890 1220 940 R„
1248 886 1494 926 Honestum
1517 884 1620 926 fecit
1643 883 1764 925 illum
1788 882 1935 923 Demi-

1115 956 1211 992 nus,
1236 947 1279 984 et
1298 939 1532 983 custodivit
1552 953 1651 982 eum
1670 939 1755 981 ab
1743 939 1936 988 mimicis,

1117 1004 1160 1040 et
1187 1011 1213 1040 a
1240 995 1542 1040 seductoribus
1570 997 1729 1039 tutavit
1755 995 1891 1037 illum:
1913 999 1936 1025 *

1116 1056 1172 1097 Et
1204 1054 1325 1097 dedit
1357 1054 1418 1095 illi
1450 1054 1691 1096 claritatem
1721 1053 1938 1095 aeternam.

1120 1109 1168 1160 V.
1198 1112 1223 1153 J
1225 1117 1370 1153 ustum
1402 1110 1583 1152 deduxit
1614 1109 1828 1151 Dominus
1858 1121 1938 1162 per

1116 1169 1210 1210 vias
1229 1175 1386 1218 rectaS,
1407 1173 1450 1210 et
1468 1166 1660 1209 ostendit
1677 1166 1738 1208 illi
1757 1179 1938 1217 regnum

1116 1225 1210 1268 Dei.
1235 1225 1292 1267 Et
1311 1224 1441 1267 dedit.
1766 1245 1770 1250 -

1426 1285 1575 1325 Lectio
1597 1299 1632 1324 v.

1121 1336 1359 1441 Aprimo
1383 1336 1603 1386 tirocinio,
1639 1341 1697 1385 et,
1727 1335 1907 1388 quoad
1895 1349 1939 1377 m

1247 1408 1299 1437 eo
1333 1393 1544 1447 superfuit
1575 1393 1678 1434 vitae
1709 1391 1939 1442 anhelituS‚

1118 1453 1177 1494 nil
1201 1452 1353 1494 habuit
1376 1450 1611 1515 antiquiuS,
1641 1461 1771 1503 quam
1795 1453 1843 1491 ut
1867 1449 1939 1491 Se·

1119 1509 1285 1562 rephici
1302 1507 1440 1561 patris
1459 1506 1659 1559 exempla
1678 1505 1939 1559 perfectissi-

1118 1579 1187 1608 me
1207 1566 1460 1612 imitaretur,
1486 1563 1731 1615 praesertim
1750 1575 1848 1604 cum
1866 1562 1940 1604 vix

1119 1636 1170 1664 ac
1198 1622 1379 1664 clericus
1407 1620 1604 1669 effectus,
1637 1618 1854 1662 desiderio
1880 1619 1939 1660 in-

1120 1682 1275 1721 census
1306 1678 1386 1719 fuit
1417 1675 1631 1728 migrandi
1659 1676 1703 1718 in
1729 1675 1940 1719 barbaras

1118 1741 1268 1785 terras,
1287 1739 1335 1776 ut
1354 1733 1608 1784 sanguinem
1625 1745 1750 1774 suum
1765 1732 1939 1785 profun-

1121 1792 1244 1834 deret
1262 1791 1319 1833 ad
1335 1789 1572 1831 infidelium
1587 1789 1752 1831 animas
1767 1788 1940 1831 Christo

1119 1848 1358 1891 lucrandas
1409 1846 1576 1888 Verum
1607 1845 1767 1888 divinae
1798 1845 1940 1898 provi-

1120 1904 1278 1947 dentiae
1316 1902 1507 1946 consiliis
1542 1903 1731 1944 {inimum
1764 1905 1939 1956 compo-

1119 1975 1226 2004 nens
1246 1975 1380 2012 suum,
1401 1959 1651 2013 disciplinas
1670 1959 1940 2010 theologicas

1120 2018 1272 2061 sedulo
1289 2019 1490 2061 excelere
1505 2017 1672 2068 sategit,
1685 2021 1734 2058 ut
1744 2015 1801 2058 ad
1812 2029 1940 2058 omne

1121 2088 1233 2128 opus
1256 2075 1420 2118 bonum
1444 2076 1682 2117 instructus
1707 2072 1832 2115 foret.
1867 2073 1940 2115 Sa-

1121 2133 1204 2174 eris
1227 2131 1385 2174 deinde
1409 2130 1634 2174 ordinibus
1652 2128 1861 2178 initiatum
1889 2142 1941 2171 ac

1120 2187 1383 2231 sacerdotali
1415 2187 1664 2230 charactere
1696 2185 1940 2236 insignitus,

1120 2245 1318 2297 pretinus
1349 2245 1393 2286 in
1425 2242 1673 2286 cultissimis
1701 2241 1832 2284 etiam
1855 2242 1939 2284 Ita-

1120 2302 1188 2343 liae
1238 2300 1418 2343 urbibus
1463 2298 1673 2351 evangelii
1721 2298 1940 2351 praeconis

1119 2362 1298 2400 munere
1318 2358 1436 2409 fungi
1460 2357 1604 2410 coepit.
1637 2355 1941 2408 Apostelicam

1124 2414 1298 2457 vivendi
1316 2414 1499 2456 formam
1518 2416 1743 2465 sequutus,
1770 2412 1940 2453 unicam

1120 2471 1284 2514 habens
1303 2471 1494 2513 tunicam
1513 2474 1644 2521 atque
1662 2468 1840 2521 abjectis
1855 2467 1938 2510 cal-

1121 2529 1225 2577 ceis,
1258 2527 1455 2580 quamvis
1479 2526 1598 2568 tenui
1621 2531 1736 2568 esset
1761 2528 1938 2578 corpus-

1121 2585 1233 2634 culo,
1262 2590 1408 2627 tamen
1430 2582 1650 2636 periculis,
1679 2581 1939 2624 difficultati-

1121 2642 1218 2691 bus,
1271 2639 1579 2693 asperitatibus
1628 2638 1940 2690 laboribusque

1120 2697 1237 2740 haud
1269 2698 1452 2739 fractum
1483 2710 1530 2738 se
1562 2709 1767 2748 umquam
1794 2694 1939 2736 sensit.

1121 2755 1191 2797 Sic
1209 2755 1419 2807 reliquam
1434 2753 1565 2796 vitam
1583 2765 1663 2805 per
1682 2764 1817 2794 annos
1837 2753 1938 2804 qua-
