2080 2990
524 235 701 269 Officium
725 235 898 269 votivum
926 235 971 268 de
997 237 1053 269 ὃς.
1078 234 1332 268 Eucharistiae
1355 234 1613 268 Sacramento.

216 331 317 383 pite,
337 336 380 372 et
399 329 675 371 manducate:
695 329 780 371 hoc
796 334 863 371 est
882 341 1044 382 corpus

216 399 371 427 meum.
424 386 482 428 Et
514 386 734 438 accipiens
767 385 967 435 calicem,
1000 390 1044 426 et

215 442 377 492 gratias
405 454 559 492 agens,
589 442 717 484 dixit:
750 441 970 494 Accipite,
1000 446 1044 482 et

215 498 365 539 bibite:
390 498 461 539 hic
481 503 549 540 est
568 498 744 549 sanguis
762 511 898 539 meus.
934 497 1043 538 Cum

215 554 345 604 igitur
367 555 461 607 ipse
482 554 538 595 de
560 567 674 607 pane
697 553 1044 607 pronuntiaverit

215 621 266 650 ac
290 608 463 651 dixerit:
489 610 589 651 Hoc
613 615 679 652 est
703 622 865 662 eorpus
883 621 1043 650 meum:

215 665 312 716 quis
347 665 525 707 audebit
556 665 764 718 deinceps
797 664 1042 715 ambigere?

214 721 270 762 Et
295 734 394 762 cum
417 722 535 763 idem
558 722 654 775 ipse
678 727 767 763 tam
791 723 1042 763 asseveran-

213 782 280 818 ter
306 776 479 819 dixerit:
504 778 589 819 Hic
613 782 680 820 est
705 778 880 828 sanguis
903 790 1043 818 meus:

215 833 312 884 quis
331 846 538 884 umquam
557 833 834 883 dubitaverit,
858 838 906 874 ut
925 832 1043 874 dicat

214 900 302 929 non
321 901 419 930 esse
438 890 528 941 ejus
548 889 826 941 sanguinem?

268 958 315 1007 R5.
330 957 616 999 Coenantibus
630 957 714 998 illis
731 957 901 1009 accepit
913 956 938 997 J
941 969 1042 997 esus

214 1024 382 1064 panem,
407 1018 451 1054 et
473 1012 706 1063 benedixit,
731 1026 783 1054 ac
806 1013 946 1063 fregit,
970 1012 1041 1054 de-

214 1067 365 1119 ditque
385 1067 610 1121 discipulis
630 1070 730 1119 suis,
755 1074 798 1110 et
817 1069 891 1110 ait:
915 1070 937 1092 *
957 1069 1040 1110 Ac-

214 1124 357 1175 cipite,
378 1130 422 1166 et
440 1125 672 1167 comedite:
692 1125 776 1166 hoc
793 1130 859 1166 est
879 1138 1042 1177 corpus

212 1191 367 1220 meum.
404 1178 453 1225 Y.
489 1181 705 1222 Dixerunt
732 1181 815 1222 viri
840 1181 1041 1222 taberna-

212 1234 298 1275 culi
316 1235 415 1277 mei:
434 1237 541 1286 Quis
558 1236 633 1278 det
648 1235 704 1278 de
719 1236 924 1278 carnibus
939 1237 1041 1288 ejus,

211 1295 259 1332 ut
278 1291 544 1333 saturemur?
574 1293 785 1345 Accipite.

522 1375 673 1416 Lectio
695 1390 731 1414 v.

282 1457 412 1497 quam
445 1446 549 1487 olim
577 1447 622 1487 in
649 1447 797 1488 vinum
825 1447 1042 1489 convertit

318 1502 362 1542 in
387 1502 505 1543 Cana
529 1503 741 1553 Galilaeae,
766 1503 887 1555 quod
909 1502 1043 1545 habet

214 1557 448 1607 quamdam
484 1571 584 1599 cum
618 1559 828 1610 sanguine
864 1559 1040 1612 propin-

213 1612 441 1662 quitatem:
473 1619 517 1654 et
550 1626 650 1654 eum
681 1627 833 1666 parum
863 1613 1041 1665 dignum

212 1667 571 1719 existimabimus,
589 1670 659 1710 cui
674 1669 906 1711 credamus
923 1670 1042 1723 quod

211 1722 360 1763 vinum
379 1723 423 1763 in
443 1725 698 1776 sanguinem
718 1725 1041 1768 transmutarit?

211 1777 284 1819 Ad
316 1791 391 1819 eas
427 1780 624 1832 nuptias,
663 1780 820 1832 quibus
853 1784 1043 1834 cerpora

211 1834 492 1886 copulantur,
524 1839 728 1887 vocatus,
760 1842 923 1889 praeter
950 1838 1040 1890 opi-

211 1890 388 1931 niunem
411 1892 604 1933 omnium
624 1892 711 1934 hoc
733 1892 837 1935 fecit
858 1894 1040 1935 miracu-

211 1945 315 1986 lum:
343 1951 388 1987 et
414 1960 502 1988 non
524 1949 664 1990 multo
689 1949 828 2000 magis
853 1949 916 1991 sic
942 1962 1041 1991 eum

212 2013 373 2053 corpus
389 2008 432 2044 et
447 2004 702 2054 sanguinem
717 2017 845 2046 suum
859 2006 1042 2048 fruenda

212 2056 339 2098 nobis
364 2058 553 2101 donasse
577 2063 837 2113 persuasum
859 2061 1042 2104 firmiter

211 2111 480 2163 habebimus,
504 2121 552 2156 ut
576 2128 628 2157 ea
650 2128 749 2157 cum
774 2117 892 2158 omni
916 2119 1040 2160 certi-

211 2167 363 2209 tudine
394 2174 618 2222 tamquam
646 2184 806 2224 corpus
834 2173 971 2225 ipsius
999 2179 1042 2216 et

212 2224 467 2273 sanguinem
486 2226 728 2268 sumamus?
750 2228 865 2269 Nam
883 2229 927 2270 in
946 2231 1041 2282 spe-

213 2278 278 2319 cie
306 2280 434 2331 panis
460 2279 535 2322 dat
562 2282 690 2323 nobis
718 2295 898 2336 corpuS,
927 2290 971 2327 et
997 2286 1042 2326 in

212 2334 359 2386 specie
387 2335 476 2376 vini
504 2335 579 2378 dat
610 2338 737 2379 nobis
770 2340 1041 2390 sanguinem:

211 2394 260 2430 ut
287 2402 386 2431 cum
414 2393 672 2443 sumpseris,
703 2400 851 2444 gustes
880 2408 1041 2449 corpus

212 2449 256 2485 et
281 2446 537 2496 sanguinem
561 2447 739 2498 Christi,
767 2450 907 2492 factus
933 2453 1041 2504 ejus-

213 2498 314 2541 dem
346 2502 546 2553 cerporis
579 2508 623 2544 et
658 2505 879 2555 sanguinis
909 2508 1041 2559 parti-

212 2567 329 2607 ceps.
382 2556 453 2597 Sic
481 2558 596 2598 enim
624 2558 835 2601 efficimur
864 2561 1041 2605 Christi-

211 2610 306 2659 feri‚
334 2611 418 2652 hoc
445 2617 512 2653 est
536 2614 759 2656 Christum
782 2616 826 2656 in
850 2620 1041 2669 corpori-

212 2665 294 2707 bus
322 2668 482 2708 nostris
510 2669 719 2720 ferentes,
753 2683 852 2712 eum
879 2685 1041 2726 corpus

212 2721 303 2772 ejus
329 2727 372 2763 et
398 2724 652 2775 sanguinem
675 2726 720 2766 in
745 2727 941 2769 membra
966 2743 1040 2771 no-

1097 334 1188 370 stra
1206 329 1458 380 recipimus:
1483 329 1547 370 sic
1565 329 1809 371 secundum
1826 330 1927 372 bea-

1095 389 1189 425 tum
1213 385 1410 434 Petrum,
1443 384 1603 427 divinae
1630 389 1799 428 naturae
1827 399 1927 428 con-

1096 442 1240 481 sertes
1259 440 1494 482 reddimur.

1151 505 1198 555 lx‘g.
1226 504 1414 556 Accepit
1434 505 1459 545 J
1462 517 1562 546 esus
1586 505 1784 556 calicem,
1807 511 1927 558 post-

1097 572 1229 612 quam
1257 561 1469 611 coenavit,
1500 560 1669 603 dicens:
1701 562 1787 604 Hic
1814 563 1928 604 calix

1096 629 1259 657 novum
1295 619 1608 659 testamentum
1645 623 1713 660 est
1747 618 1792 659 in
1826 631 1926 660 meo

1096 672 1325 723 sanguine:
1361 675 1382 697 *
1415 674 1516 715 Hoc
1546 674 1678 716 facite
1709 674 1754 714 in
1784 687 1928 716 meam

1097 729 1570 771 commemorationem.
1623 725 1673 776 Y.
1715 730 1929 772 Memoria

1095 797 1263 825 memor
1287 797 1374 835 ero,
1399 790 1443 826 et
1465 785 1664 828 tabescet
1687 786 1732 827 in
1750 799 1820 828 me
1839 787 1928 828 ani-

1095 853 1167 881 ma
1185 853 1294 882 mea.
1320 841 1422 882 Hoc
1441 841 1583 883 facite.

1397 925 1549 965 Lectio
1572 925 1624 964 vi.

1177 992 1254 1033 lim
1273 1006 1372 1034 cum
1390 994 1415 1034 J
1417 993 1556 1035 uda'eis
1576 993 1774 1035 Christus
1792 992 1927 1035 disse-

1200 1061 1316 1099 rens,
1339 1050 1437 1091 Nisi
1458 1049 1842 1100 manducaveritis,
1866 1050 1927 1090 in-

1097 1105 1209 1156 quit,
1246 1118 1422 1147 carnem
1453 1119 1616 1156 meam,
1653 1110 1698 1147 et
1728 1105 1927 1147 biberitis

1094 1173 1241 1202 meum
1277 1162 1553 1213 sanguinem,
1590 1174 1678 1203 non
1710 1161 1927 1204 habebitis

1095 1217 1230 1258 vitam
1262 1218 1306 1258 in
1341 1218 1479 1260 vobis.
1534 1218 1644 1259 Cum
1677 1223 1824 1260 autem
1855 1218 1928 1268 illi,

1096 1284 1196 1323 quae
1215 1272 1333 1315 dicta
1355 1274 1539 1324 fuerant,
1562 1287 1652 1315 non
1674 1273 1929 1327 spiritaliter

1095 1331 1384 1382 accepissent,
1403 1330 1559 1372 offensi
1578 1330 1779 1372 abierunt
1792 1334 1929 1371 retro:

1094 1385 1311 1436 putabant
1339 1386 1453 1428 enim
1481 1385 1602 1438 quod
1628 1399 1706 1428 eos
1731 1385 1789 1428 ad
1811 1398 1929 1427 man-

1096 1440 1323 1483 ducandas
1338 1455 1492 1484 carnes
1506 1442 1770 1484 hortaretur.
1791 1441 1930 1484 Erant

1095 1501 1140 1537 et
1161 1496 1206 1537 in
1228 1498 1368 1539 veteri
1387 1499 1653 1539 testamento
1672 1510 1810 1551 panes
1829 1510 1928 1550 pro-

1094 1552 1343 1603 positienis3
1372 1566 1526 1595 verum
1552 1553 1615 1604 illi
1643 1567 1744 1595 cum
1767 1554 1930 1596 fuerint

1095 1609 1258 1650 veteris
1276 1610 1540 1660 testamenti,
1558 1610 1692 1651 finem
1704 1611 1790 1663 jam
1809 1622 1929 1652 acce-

1095 1665 1265 1715 perunt.
1309 1666 1360 1706 In
1385 1679 1503 1708 novo
1528 1678 1636 1708 vero
1662 1667 1928 1708 testamento

1096 1720 1222 1771 panis
1246 1725 1313 1762 est
1337 1721 1542 1772 coelestiS,
1567 1727 1611 1763 et
1634 1722 1747 1763 calix
1770 1721 1928 1764 saluta-

1095 1775 1170 1824 ris,
1197 1777 1271 1827 qui
1295 1782 1339 1819 et
1364 1778 1555 1818 animam
1577 1782 1621 1819 et
1647 1790 1808 1830 corpus
1833 1791 1928 1819 san-

1095 1831 1301 1873 ctificant.
1327 1833 1625 1883 QuamObrem
1642 1846 1731 1875 non
1750 1834 1814 1875 sic
1831 1833 1928 1876 haec

1097 1886 1299 1929 attendas
1325 1888 1471 1939 velim,
1496 1894 1722 1941 tamquam
1744 1889 1830 1931 sint
1854 1902 1928 1932 nu-

1097 1941 1180 1983 dus
1212 1948 1255 1984 et
1287 1943 1474 1996 simplex
1505 1944 1653 1997 panis,
1685 1943 1853 1987 nudum
1884 1950 1929 1987 et

1095 1997 1283 2051 simplex
1307 1999 1470 2041 vinum:
1499 2013 1661 2053 corpus
1688 2001 1803 2043 enim
1827 2006 1929 2044 sunt

1095 2058 1140 2095 et
1167 2055 1344 2107 sanguis
1372 2056 1545 2098 Christi.
1590 2056 1706 2098 Nam
1733 2057 1867 2100 etiam.
1891 2058 1929 2099 si

1095 2122 1249 2152 sensus
1284 2111 1393 2154 illud
1424 2112 1505 2154 tibi
1540 2112 1780 2163 renuntiat,
1815 2112 1927 2155 fides

1094 2170 1243 2208 tamen
1278 2172 1323 2209 te
1361 2168 1602 2210 confirmet.
1655 2168 1724 2210 Ne
1759 2168 1927 2221 judiees

1094 2234 1188 2263 rem
1215 2235 1270 2265 ex
1297 2228 1446 2274 gustu:
1478 2223 1558 2265 sed
1584 2229 1628 2266 te
1657 2224 1767 2266 citra
1794 2224 1927 2267 ullam

1095 2276 1416 2320 dubitatic'mem
1433 2279 1545 2321 fides
1569 2285 1738 2321 certum
1758 2279 1927 2331 reddat,

1096 2333 1216 2385 quod
1238 2335 1298 2375 sis
1318 2335 1475 2386 dignus
1494 2335 1646 2385 factus,
1671 2336 1746 2388 qui
1770 2339 1926 2390 corpo-

1093 2389 1153 2484 }is
1183 2394 1228 2431 et
1259 2391 1482 2441 sanguinis
1511 2391 1672 2433 Christi
1701 2392 1927 2445 particeps

1110 2457 1235 2487 ieres.

1148 2511 1198 2562 R.
1223 2510 1319 2561 Ego
1348 2523 1444 2552 sum
1471 2511 1597 2563 panis
1626 2512 1749 2554 vitae:
1777 2517 1926 2566 patres

1093 2566 1227 2607 vestri
1268 2567 1646 2610 manducaverunt
1683 2582 1843 2610 manna
1882 2570 1927 2611 in

1093 2620 1286 2671 deserto,
1311 2627 1356 2663 et
1377 2624 1540 2665 mortui
1564 2630 1679 2666 sunt:
1703 2623 1727 2647 *
1748 2625 1834 2666 Hic
1857 2630 1926 2667 est

1092 2678 1217 2728 panis
1247 2677 1303 2719 de
1336 2678 1450 2719 coelo
1483 2679 1778 2731 descendens,
1809 2685 1858 2722 ut
1889 2682 1925 2722 si

1094 2732 1191 2783 quis
1211 2745 1266 2775 ex
1285 2733 1383 2786 ipso
1398 2734 1645 2786 manducet,
1663 2749 1753 2777 non
1767 2736 1924 2778 moria-
