2080 2990
204 237 296 281 [212]

524 234 699 267 Officium
725 233 898 266 votivum
924 231 970 265 de
996 230 1030 264 S.
1055 228 1205 270 Joscph
1231 227 1385 269 Sponso
1411 225 1450 258 B.
1477 224 1522 257 M.
1548 223 1591 257 V.

492 329 690 369 Psalmus
712 330 739 367 l.
1054 290 1060 368 l
1137 321 1234 373 Ego
1259 323 1407 360 autem
1429 317 1699 359 constitutus
1723 329 1821 358 sum
1838 329 1918 358 rex

217 426 221 459 ²
300 386 919 496 ⁴³25ffi⁸11313323231⁰¹25¹3523
934 398 1033 494 322·

217 498 311 527 —-³
334 502 534 542 catorum
565 512 653 540 non
686 499 824 547 stetit,
856 499 879 523 *
910 502 954 538 et
991 497 1034 537 in

205 556 412 600 cathedra
431 555 696 608 pestilentiae
715 568 803 596 non
823 553 951 595 sedit:

256 613 344 655 Sed
359 613 402 653 in
417 612 514 663 lege
524 612 702 652 Domini
712 611 916 652 voluntas
933 610 1035 660 ejuS,

206 671 230 697 *
258 675 302 711 et
333 669 377 709 in
406 668 503 719 lege
533 668 623 718 ejus
651 665 935 708 meditabitur
964 664 1035 705 die

206 738 258 767 ac
276 730 417 766 nocte.

258 782 314 822 Et
342 780 423 821 erit
450 784 675 830 tamquam
702 778 885 828 lignum,
916 776 1036 828 quod

207 838 453 891 plantatum
466 839 532 876 est
542 846 669 876 secus
681 833 893 875 decursus
905 834 1035 884 aqua-

208 895 349 942 rum,*
361 891 479 944 quod
499 891 687 931 fructum
706 902 832 931 suum
852 888 974 930 dabit
992 889 1036 928 in

209 951 410 1001 tempore
429 959 524 988 suo:

260 1005 317 1046 Et
342 1003 493 1045 folium
518 1002 609 1053 ejus
635 1014 722 1042 non
749 1000 929 1042 defluet:
949 1002 973 1028 *
993 1005 1037 1041 et

209 1060 354 1102 omnia
374 1061 663 1111 quaecumque
682 1057 829 1106 faciet,
853 1069 1036 1109 prospe-

208 1116 430 1157 rabuntur.

259 1172 361 1213 Non
379 1171 441 1212 sic
460 1170 592 1222 impii,
611 1182 699 1211 non
715 1168 917 1210 sic:*sed
931 1173 1037 1209 tam-

211 1241 341 1281 quam
358 1226 518 1279 pulvis,
539 1238 669 1278 quem
687 1225 861 1277 projicit
880 1229 1038 1266 ventus

210 1297 235 1325 a
254 1283 363 1324 facie
382 1288 523 1324 terrae.

261 1339 369 1381 Ideo
395 1351 483 1380 non
510 1340 740 1388 resurgent
766 1336 887 1389 impii
911 1337 956 1377 in
981 1337 1038 1388 ju-

209 1396 339 1437 dicio:
365 1396 389 1422 *
414 1406 558 1446 neque
583 1394 842 1446 peccatores
868 1393 912 1433 in
938 1405 1038 1434 con-

210 1452 310 1494 cilio
329 1451 553 1503 justorum.

261 1507 478 1557 Quoniam
499 1505 623 1547 novit
646 1505 741 1546 Dfis
766 1505 884 1546 viam
907 1505 1040 1557 justo-

210 1576 322 1604 rum:
345 1564 369 1590 *
396 1567 439 1604 et
462 1562 544 1603 iter
569 1561 804 1613 impiorum
826 1560 998 1613 peribit.

262 1628 358 1668 Ant.
395 1625 602 1667 Ascendit
620 1626 644 1666 J
647 1625 787 1677 oseph
811 1638 835 1666 a
856 1625 1042 1666 Galilaea

211 1682 266 1723 de
299 1682 476 1723 civitate
503 1681 727 1722 Nazareth
761 1681 805 1721 in
831 1681 1041 1730 Juda'eam‚

210 1738 254 1779 in
283 1738 506 1779 civitatem
533 1737 695 1787 David,
729 1749 829 1788 quae
856 1739 1042 1779 vocatur

210 1793 489 1891 gethlehem,
534 1798 583 1835 ut
623 1793 908 1845 profiteretur
944 1806 1043 1835 cum

257 1863 358 1891 ana.

262 1918 358 1957 Ant.
395 1916 617 1956 Venerunt
635 1916 849 1967 pastores.

499 1997 696 2037 Psalmus
716 1999 751 2036 2.

216 2043 404 2166 Quare
440 2061 708 2103 fremuerunt
738 2060 924 2111 Gentes,
951 2062 975 2088 *
999 2066 1044 2103 et

316 2116 470 2169 populi
489 2116 688 2159 meditati
706 2122 807 2158 sunt
825 2116 991 2158 inania?

264 2173 509 2214 Astiterunt
531 2185 657 2223 reges
682 2177 828 2222 terrae,
857 2178 901 2214 et
928 2175 1043 2226 prin-

214 2229 334 2282 cipes
367 2230 664 2270 convenerunt
693 2228 737 2269 in
762 2242 896 2270 unum
921 2231 945 2257 *
971 2229 1043 2271 ad-

212 2287 365 2327 versus
375 2284 623 2334 Dominum,
643 2290 686 2326 et
701 2284 912 2327 adversus
924 2285 1043 2327 Chri-

213 2346 327 2384 stum
348 2341 449 2393 ejus.

264 2397 577 2449 Dirumpamus
610 2396 782 2437 vincula
815 2399 983 2439 eorum:
1020 2399 1044 2425 *

215 2457 259 2494 et
286 2452 567 2505 projiciamus
596 2465 622 2493 a
651 2452 780 2493 nobis
807 2454 954 2504 jugum
981 2454 1043 2506 ip-

216 2510 376 2550 sorum.

267 2564 353 2614 Qui
387 2563 557 2606 habitat
591 2564 636 2604 in
677 2564 802 2605 coelis
843 2564 1044 2607 irridebit

216 2633 307 2662 eos:
321 2622 345 2648 *
361 2625 405 2661 et
421 2620 636 2661 Dominus
652 2620 939 2662 subsannabit
955 2634 1043 2663 eos.

267 2676 393 2717 Tunc
412 2676 616 2727 loquetur
637 2676 694 2718 ad
715 2689 793 2718 eos
812 2677 856 2717 in
876 2677 939 2717 ira
955 2691 1043 2727 sua,

216 2732 239 2758 *
260 2737 304 2774 et
323 2732 367 2772 in
387 2732 534 2773 furore
554 2744 633 2773 suo
655 2732 937 2774 conturbabit
957 2745 1043 2775 eos.

1087 378 1142 419 ab
1162 389 1215 419 eo
1235 387 1368 427 super
1382 374 1489 416 Sion
1507 378 1703 415 montem
1717 378 1918 415 sanctum

1087 435 1190 486 ejus,
1208 433 1231 458 *
1251 430 1500 484 praedicans
1520 430 1795 482 praeceptum
1815 430 1918 481 ejus.

1138 488 1355 530 Dominus
1388 485 1501 527 dixit
1529 484 1587 527 ad
1613 497 1704 526 me:
1729 485 1754 511 *
1781 484 1919 526 Filius

1087 558 1211 587 meus
1232 557 1278 585 es
1295 548 1359 593 tu,
1383 554 1466 594 ego
1484 540 1618 583 hodie
1636 540 1769 593 genui
1785 545 1842 582 te.

1137 599 1323 642 Postula
1341 612 1367 640 a
1385 611 1473 648 me,
1500 602 1544 639 et
1564 596 1682 639 dabo
1703 596 1786 638 tibi
1806 596 1920 639 Gen-

1087 662 1156 700 tes
1188 655 1498 697 haereditatem
1530 658 1671 703 tuam,
1697 653 1722 679 *
1749 657 1794 694 et
1820 665 1920 706 pos-

1089 713 1334 756 sessionem
1351 716 1474 753 tuam
1493 709 1706 751 terminos
1724 714 1869 750 terrae.

1141 770 1290 820 Reges
1319 780 1396 809 eos
1424 767 1469 807 in
1496 766 1622 818 virga
1646 765 1804 815 ferrea,
1827 765 1851 791 *
1877 770 1922 806 et

1089 831 1316 877 tamquam
1330 836 1409 864 vas
1425 821 1548 873 figuli
1564 821 1815 873 confringes
1832 833 1922 863 eos.

1141 882 1197 922 Et
1222 893 1337 921 nunc
1362 891 1490 931 reges
1516 877 1765 929 intelligite:
1783 878 1807 903 *
1827 890 1921 919 eru-

1090 937 1243 979 dimini
1263 936 1339 988 qui
1357 934 1561 988 judicatis
1579 938 1754 975 terram.

1141 994 1313 1035 Servite
1337 991 1531 1033 Domino
1558 989 1603 1030 in
1629 990 1804 1032 timore:
1829 990 1854 1016 *
1879 994 1923 1031 et

1091 1050 1311 1092 exsultate
1331 1048 1372 1090 ei
1389 1060 1489 1089 cum
1506 1048 1710 1088 tremore.

1142 1103 1480 1159 Apprehendite
1517 1102 1811 1155 disciplinam,
1851 1113 1923 1142 ne-

1092 1161 1269 1214 quando
1307 1161 1523 1202 irascatur
1556 1158 1794 1209 Dominus,
1822 1158 1846 1183 *
1879 1162 1924 1199 et

1090 1218 1284 1271 pereatis
1304 1217 1360 1259 de
1379 1217 1451 1258 via
1469 1217 1593 1268 justa.

1143 1274 1253 1315 Cum
1278 1272 1492 1315 exarserit
1515 1272 1562 1312 in
1585 1271 1712 1313 brevi
1735 1270 1801 1311 ira
1820 1270 1924 1322 ejus,

1091 1331 1114 1357 *
1163 1330 1285 1372 beati
1337 1341 1510 1378 omnes,
1566 1328 1642 1380 qui
1695 1325 1924 1369 confidunt

1091 1401 1136 1428 1n
1165 1399 1230 1429 eo.

1144 1452 1242 1492 Ant.
1305 1451 1529 1492 Venerunt
1562 1450 1767 1502 pastores
1809 1446 1925 1488 festi-

1092 1510 1260 1549 nantes:
1298 1511 1342 1548 et
1378 1507 1635 1548 invenerunt
1666 1504 1851 1546 Mariam
1882 1507 1927 1544 et

1092 1563 1274 1616 Joseph‚
1318 1568 1362 1605 et
1401 1562 1611 1604 infantem
1651 1560 1848 1614 positum
1882 1559 1927 1599 in

1092 1620 1325 1673 praesepio.

1146 1686 1243 1726 Ant.
1274 1684 1389 1725 Ecce
1409 1682 1605 1733 Angelus
1624 1681 1812 1724 Domini.

1380 1771 1580 1811 Psalmus
1603 1772 1639 1811 3.

1186 1834 1331 1876 omine
1367 1833 1475 1886 quid
1512 1832 1793 1886 multiplicati
1827 1837 1929 1874 sunt

1201 1890 1276 1942 qui
1299 1889 1513 1932 tribulant
1540 1888 1634 1931 me?
1662 1889 1686 1915 *
1713 1887 1842 1930 multi
1867 1889 1928 1929 in-

1095 1951 1280 1999 surgunt
1300 1945 1535 1988 adversum
1555 1958 1637 1987 me.

1147 2002 1276 2045 Multi
1295 2002 1448 2044 dicunt
1466 2001 1625 2043 animae
1639 2014 1767 2043 meae:
1786 2002 1811 2029 *
1826 2001 1929 2043 Non

1096 2065 1164 2102 est
1184 2058 1302 2100 salus
1320 2058 1406 2111 ipsi
1424 2058 1469 2098 in
1487 2058 1586 2099 Deo
1606 2058 1708 2110 ejus.

1147 2116 1217 2156 Tu
1265 2119 1414 2156 autem
1459 2114 1651 2155 Domine
1695 2114 1928 2165 susceptor

1095 2185 1220 2213 meus
1241 2184 1304 2221 es,
1323 2171 1347 2196 *
1366 2170 1507 2221 gloria
1525 2182 1641 2219 mea,
1665 2173 1710 2211 et
1728 2168 1929 2211 exaltans

1096 2233 1230 2281 caput
1248 2240 1406 2270 meum.

1146 2284 1274 2326 Voce
1298 2294 1397 2324 mea
1421 2281 1479 2323 ad
1504 2281 1743 2323 Dominum
1773 2280 1929 2322 clama-

1095 2341 1159 2381 vi:
1189 2340 1214 2366 *
1247 2344 1291 2381 et
1323 2337 1548 2380 exaudivit
1583 2350 1655 2379 me
1686 2337 1742 2379 de
1779 2341 1930 2378 monte

1096 2401 1249 2438 sancto
1277 2407 1369 2436 suo.

1148 2453 1245 2504 Ego
1266 2451 1470 2500 dormivi,
1498 2455 1542 2492 et
1565 2452 1802 2502 soporatus
1821 2462 1931 2490 sum:

1095 2511 1119 2537 *
1140 2514 1184 2551 et
1209 2507 1452 2557 exsurrexi,
1479 2506 1582 2558 quia
1602 2505 1821 2547 Dominus
1839 2517 1930 2547 sus-

1096 2564 1215 2617 cepit
1232 2576 1313 2605 me.

1147 2621 1251 2662 Non
1289 2618 1457 2661 timebo
1489 2618 1626 2660 millia
1661 2618 1819 2672 populi
1851 2617 1930 2660 cir-

1096 2676 1343 2719 cumdantis
1368 2688 1453 2717 me:
1472 2677 1496 2702 *
1517 2679 1704 2726 exsurge
1728 2674 1930 2724 Domine,

1096 2734 1267 2776 salvum
1287 2745 1359 2776 me
1379 2732 1448 2774 fac
1469 2732 1592 2773 Deus
1611 2744 1747 2774 meus
