2040 2990
762 182 932 217 Sabbato
958 182 1007 216 ad
1029 182 1232 225 Vcsperas.

198 278 374 328 Praesta,
392 278 524 319 Pater
542 278 747 330 piissime,

247 336 455 387 Patrique
474 347 655 387 compar
672 335 820 385 Unice,

250 392 359 433 Cum
378 392 540 444 Spiritu
557 391 775 432 Paraclito

247 449 454 499 Regnans
472 461 552 500 per
572 460 700 489 omne
721 448 940 489 saeculum.

456 505 609 546 Amen.

198 566 247 617 V.
264 570 487 621 Dirigatur
498 569 687 610 Domine
707 569 847 610 oratio
862 581 970 610 mea.

146 628 196 679 R.
208 626 328 668 Sicut
341 627 565 668 incensum
575 626 619 666 in
629 627 870 678 conspectu
883 630 971 667 tuo.

199 691 269 732 Ad
288 691 461 741 Magnis.
492 692 589 731 Ant.
622 691 833 743 Deposuit
851 690 875 716 *
894 703 970 743 po-

145 748 307 797 tentes,
343 752 519 788 sanctos
551 748 882 800 persequentes:
927 752 970 788 et

146 803 353 845 exaltavit
371 803 572 853 humiles,
600 803 820 845 Christum
839 804 969 844 confi-

146 861 299 901 tentes.

199 928 353 967 Preces,
390 927 423 961 si
453 927 628 961 dicenda*
659 927 750 961 sint.
783 927 971 961 habentur

146 987 263 1020 supra
288 976 325 1010 in
346 976 463 1018 Vcsp.
489 975 570 1009 Fcr.
595 975 639 1008 Π.
663 973 733 1007 112.

262 1130 484 1173 sabbato
505 1131 570 1172 ad.
588 1132 853 1182 vesperas.

198 1202 296 1240 Ant.
326 1197 602 1239 Benedictus.

403 1271 602 1312 Psalmus
628 1272 712 1311 143.

156 1332 483 1379 μξ-Ἷθηεᾱίοῒυε
501 1332 717 1374 Dominus
738 1333 861 1374 Deus
884 1346 970 1375 me-

156 1383 249 1427 i!
271 1403 339 1438 us,
360 1389 584 1441 quidocet
602 1402 757 1430 manus
774 1402 895 1431 meas
915 1389 972 1431 ad

148 1440 221 1468 4
241 1443 249 1469 ³
270 1445 480 1498 praelium,
494 1446 518 1472 *
534 1450 577 1487 et
596 1444 757 1497 digitos
773 1459 897 1488 meos
915 1446 972 1488 ad

144 1501 318 1544 bellum.

195 1558 497 1601 Misericordia
525 1571 641 1610 mea,
683 1562 727 1600 et
757 1558 971 1609 refugium

143 1627 304 1657 meum:
322 1615 347 1642 *
365 1617 598 1668 susceptor
625 1628 765 1667 meus,
796 1619 851 1665 et,
867 1614 970 1658 libe-

145 1673 265 1713 rator
282 1684 421 1714 meus:

195 1729 427 1770 Protector
448 1741 588 1778 meus,
618 1732 662 1769 et
689 1728 734 1768 in
756 1727 854 1780 ipso
876 1741 970 1782 spe-

144 1785 252 1883 raxssi:
270 1785 294 1811 *
320 1785 394 1838 qui
419 1784 567 1827 subdit
589 1784 803 1838 populum
826 1797 971 1827 meum

145 1855 197 1883 su
244 1854 326 1883 me.

195 1898 385 1940 Domine
405 1897 511 1951 quid
530 1901 597 1939 est
614 1895 764 1948 homo,
787 1897 889 1950 quia
910 1898 970 1938 in-

144 1955 327 1996 notuisti
365 1952 425 1997 ei?
457 1954 481 1980 *
514 1958 588 1995 aut
619 1953 734 1996 filius
767 1954 970 2005 hominis,

147 2011 248 2064 quia
266 2013 444 2065 reputas
463 2008 584 2058 eum?

197 2068 344 2110 Homo
363 2067 545 2110 vanitati
563 2066 713 2108 similis
733 2066 873 2109 factus
892 2073 971 2110 est:

146 2124 171 2150 *
182 2123 275 2166 dies
292 2125 383 2177 ejus
398 2124 511 2166 sicut
525 2122 679 2165 umbra
693 2125 971 2176 praetereunt.

197 2185 387 2228 Domine
418 2184 577 2226 inclina
610 2184 748 2226 coelos
779 2189 895 2236 tuos,
928 2190 972 2227 et

148 2241 381 2284 descende:
398 2242 423 2268 *
441 2246 571 2293 tange
589 2246 774 2292 montes,
793 2246 836 2284 et
850 2241 970 2284 fumi-

146 2297 323 2349 gabunt.

197 2358 389 2410 Fulgura
407 2359 766 2409 coruscationem,
786 2363 830 2400 et
850 2358 970 2401 dissi-

147 2414 273 2467 pabis
294 2428 384 2457 eos:
398 2416 422 2441 *
438 2417 585 2456 emitte
606 2417 786 2466 sagittas
800 2419 909 2465 tuas,
930 2419 972 2456 et

148 2471 430 2527 conturbabis
450 2484 541 2513 eos:

199 2532 360 2574 Emitte
396 2545 574 2574 manum
612 2536 733 2574 tuam
775 2532 830 2574 de
867 2532 971 2581 alto,

150 2588 269 2640 eripe
294 2602 380 2639 me,
420 2593 463 2631 et
493 2588 630 2631 libera
660 2601 731 2630 me
764 2588 819 2630 de
847 2589 971 2640 aquis

148 2643 308 2686 multis:
326 2645 350 2671 *
370 2645 425 2688 de
446 2658 578 2687 manu
601 2644 788 2686 filiorum
814 2644 970 2686 alieno-

150 2714 256 2741 rum.

1075 276 1271 327 Quorum
1296 288 1346 316 os
1373 275 1569 316 locutum
1594 279 1660 316 est
1684 274 1847 315 vanita-

1022 338 1125 375 tem:
1149 333 1173 358 *
1199 336 1242 373 et
1268 331 1447 373 dextera
1471 333 1638 381 eorum,
1668 330 1848 373 dcxtera

1022 389 1272 442 iniquitatis.

1070 447 1192 488 Deus
1221 444 1438 486 canticum
1470 456 1633 485 novum
1661 443 1847 486 cantabo

1022 502 1115 544 tibi:
1126 502 1149 528 *
1160 502 1203 542 in
1213 501 1433 554 psalterio,
1445 500 1722 542 decachordo
1735 500 1847 553 psal-

1022 559 1109 600 lam
1127 558 1217 600 tibi.

1075 615 1160 665 Qui
1187 614 1267 656 das
1295 613 1480 655 salutem
1506 612 1695 664 regibus:
1723 614 1746 638 *
1775 614 1849 665 qui

1023 671 1247 714 redemisti
1270 669 1415 712 David
1443 683 1617 711 servum
1644 674 1767 711 tuum
1794 670 1847 711 de

1022 728 1169 780 gladio
1189 727 1394 778 maligno:
1415 727 1534 779 eripe
1552 739 1633 767 me.

1074 786 1131 826 Et
1163 786 1267 826 erue
1299 796 1370 825 me
1403 783 1458 825 de
1495 795 1626 824 manu
1660 782 1848 824 filiorum

1023 841 1273 891 alienorum,
1295 853 1481 893 quorum
1500 852 1550 881 os
1569 839 1764 881 locutum
1783 845 1850 882 est

1023 898 1273 939 vanitatem:
1284 898 1308 923 *
1320 901 1363 939 et
1374 896 1554 939 dextera
1571 898 1733 946 eorum,
1748 895 1847 938 dex-

1022 959 1117 996 tera
1135 954 1388 1006 iniquitatis:

1075 1012 1271 1061 Quorum
1289 1010 1377 1060 filii,
1396 1010 1509 1051 sicut
1525 1010 1712 1051 novellae
1730 1011 1848 1063 plan-

1023 1068 1212 1109 tationes
1230 1068 1254 1093 *
1272 1067 1316 1108 in
1334 1067 1556 1119 juventute
1577 1079 1666 1108 sua.

1074 1124 1196 1165 Fssiae
1229 1125 1381 1166 eorum
1414 1123 1687 1175 compositae:
1716 1124 1739 1149 *
1772 1124 1848 1165 cir-

1024 1182 1293 1222 cumornatae
1311 1184 1360 1221 ut
1379 1179 1616 1221 similitudo
1636 1180 1799 1233 templi.

1074 1237 1382 1290 Promptuaria
1397 1238 1548 1278 eorum
1563 1236 1704 1289 plena,
1718 1238 1742 1263 *
1758 1250 1848 1279 eru-

1024 1294 1188 1336 ctantia
1206 1307 1261 1335 ex
1278 1293 1364 1335 hoc
1383 1293 1426 1334 in
1444 1292 1561 1334 illud.

1076 1350 1193 1392 Oves
1209 1352 1361 1392 eorum
1374 1349 1558 1399 foetosae,
1577 1349 1849 1391 abundantes

1023 1407 1067 1448 in
1092 1406 1341 1458 egressibus
1366 1406 1470 1447 suis:
1488 1406 1511 1432 *
1535 1406 1673 1448 boves
1699 1408 1849 1448 eorum

1025 1476 1196 1505 crassae.

1074 1520 1177 1561 Non
1208 1524 1276 1562 est
1307 1521 1431 1561 ruina
1457 1519 1675 1569 maceriae,
1707 1532 1848 1571 neque

1024 1577 1248 1618 transitus:
1276 1576 1299 1602 *
1327 1588 1469 1628 neque
1498 1575 1661 1617 clamor
1688 1576 1732 1616 in
1759 1575 1848 1628 pla-

1024 1634 1106 1675 teis
1125 1635 1288 1675 eorum.

1075 1690 1263 1732 Beatum
1291 1689 1494 1731 dixerunt
1520 1688 1751 1741 populum,
1780 1690 1848 1729 cui

1023 1746 1120 1788 haec
1139 1751 1252 1788 sunt:
1271 1746 1295 1771 *
1319 1745 1474 1787 beatus
1498 1744 1704 1797 populus,
1729 1746 1847 1796 cujus

1023 1803 1237 1845 Dominus
1256 1803 1377 1843 Deus
1398 1802 1498 1853 ejus.

1077 1863 1176 1901 Ant.
1208 1857 1471 1901 Benedictus
1493 1857 1708 1899 Dominus
1726 1858 1847 1899 Deus

1023 1928 1158 1957 meus.

1079 1974 1177 2013 Ant.
1206 1973 1288 2013 Per
1306 1970 1500 2022 singulos
1520 1969 1624 2012 dies.

1286 2029 1484 2069 Psalmus
1506 2030 1590 2068 144.

1109 2084 1287 2126 xaltabo
1306 2089 1350 2126 te
1369 2084 1490 2126 Deus
1509 2097 1631 2126 meus
1651 2096 1741 2126 rex:
1759 2084 1783 2109 *
1804 2088 1847 2125 et

1127 2140 1384 2183 benedicam
1411 2141 1575 2181 nomini
1598 2145 1674 2182 tuo
1702 2140 1746 2181 in
1770 2142 1846 2181 sae-

1025 2197 1180 2248 culum,
1200 2202 1243 2239 et
1260 2197 1304 2238 in
1323 2197 1532 2239 saeculum
1551 2197 1710 2238 saeculi.

1075 2254 1159 2296 Per
1176 2254 1370 2305 singulos
1384 2252 1477 2295 dies
1487 2253 1744 2295 benedicam
1754 2252 1846 2294 tibi:

1025 2311 1048 2336 *
1064 2315 1107 2352 et
1124 2310 1315 2352 laudabo
1334 2322 1494 2351 nomen
1511 2314 1635 2351 tuum
1652 2310 1696 2350 in
1713 2311 1844 2350 saecu-

1025 2367 1124 2416 lum,
1144 2371 1187 2408 et
1205 2367 1248 2407 in
1268 2366 1476 2408 saeculum
1494 2365 1653 2407 saecffl.

1076 2424 1260 2474 Magnus
1291 2422 1505 2464 Dominus
1543 2426 1587 2463 et
1615 2420 1844 2463 laudabilis

1024 2480 1165 2521 nimis:
1188 2479 1211 2506 *
1235 2484 1280 2522 et
1305 2477 1615 2529 magnitudinis
1642 2478 1732 2529 ejus
1758 2489 1843 2518 non

1026 2541 1093 2577 est
1112 2536 1220 2577 finis.

1078 2587 1313 2630 Generatio
1338 2591 1382 2629 et
1403 2585 1626 2638 generatio
1649 2582 1843 2626 laudabit

1026 2646 1161 2696 opera
1195 2648 1285 2685 tua:
1319 2644 1343 2669 '⁰‘
1374 2647 1417 2685 et
1452 2642 1690 2694 potentiam
1724 2644 1841 2680 tuam

1024 2699 1378 2752 pronuntiabunt.
