2040 2990
804 185 865 219 Ad
892 184 1204 227 Completorium.

1789 183 1851 218 127

146 281 391 323 dilexerunt
415 294 477 330 se,
503 281 562 322 ita
588 285 631 322 et
653 280 696 320 in
719 284 861 321 morte
884 292 972 320 non

147 342 246 379 sunt
268 338 469 390 separati.

199 395 248 447 V.
275 399 325 438 In
355 410 529 439 omnem
557 402 720 438 terram
748 397 881 438 exivit
905 409 972 437 so-

146 469 226 496 nus
260 457 423 496 eorum.
468 458 516 508 R.
546 455 603 495 Et
632 454 675 494 in
711 454 820 495 fines
853 453 972 495 orbis

145 517 275 554 terrae
294 510 430 552 verba
450 513 611 552 eorum.

278 582 475 622 Oremus.
681 582 843 622 Oratio.

239 659 330 696 eus,
355 647 475 698 cujus
500 645 681 700 dextera
698 645 877 687 beatum
895 647 972 688 Pe-

249 707 364 744 trum
384 702 678 744 ambulantem
696 703 738 743 in
759 702 973 752 fliictibus,

146 773 201 801 ne
215 761 495 810 mergeretur,
515 760 662 808 erexit,
683 764 726 800 et
742 762 973 812 coaposto-

146 816 236 857 lum
257 816 346 867 ejus
365 816 548 857 Paulum
569 816 698 857 tertio
718 816 974 866 naufragan-

147 878 236 914 tem
259 871 314 914 de
337 872 558 925 profundo
586 872 730 925 pelagi
759 872 974 914 liberavit:

149 928 307 971 exandi
328 942 409 970 nos
434 929 666 982 propitius,
700 934 743 970 et
765 929 974 979 concede3

148 991 196 1027 ut
219 985 461 1043 *amberum
501 987 681 1035 meritis,
720 987 975 1027 aeternitatis

147 1042 332 1093 gloriam
352 1046 683 1095 consequamur.

421 1121 488 1156 De
514 1121 703 1157 Patrono

148 1187 211 1221 vel
223 1186 385 1220 Titulari
401 1185 575 1219 ecclesia)
590 1185 654 1218 fiat
666 1184 871 1218 Commem.
887 1195 973 1218 con-

150 1239 258 1269 sueta
271 1238 357 1268 ante
368 1234 431 1267 vel
442 1233 746 1277 postCommem.
756 1233 974 1275 praedietas,
1035 1277 1040 1282 .
1061 1256 1063 1259 v

203 1293 273 1327 pro
292 1282 478 1326 dignitate
497 1282 612 1322 illius,
630 1285 666 1315 et
683 1281 816 1315 ultimo
835 1281 920 1315 loco

450 1348 517 1384 De
542 1349 672 1383 Pace.

202 1411 275 1452 Ad
293 1412 427 1463 Vesp.
449 1415 491 1452 et
510 1410 644 1451 Laud.
679 1411 777 1451 Ant.
811 1410 879 1449 Da
902 1422 975 1462 pa-

91 1484 94 1486 *
149 1475 245 1504 cem
254 1463 442 1506 Domine
457 1465 501 1504 in
517 1464 670 1506 diebus
681 1466 853 1515 nostris,
875 1466 976 1517 quia

149 1532 237 1560 non
251 1525 317 1561 est
332 1519 451 1571 essius,
473 1521 546 1573 qui
560 1527 725 1574 pugnet
741 1535 823 1575 pro
838 1522 976 1572 nobis,

147 1577 230 1618 nisi
247 1581 295 1618 tu
313 1577 434 1618 Deus
456 1583 617 1619 noster.

203 1635 253 1688 V.
269 1637 367 1679 Fiat
387 1651 474 1690 pax
491 1639 534 1679 in
553 1639 714 1680 virtute
733 1643 818 1680 tua.
849 1640 898 1680 R
921 1641 978 1681 Et

152 1693 418 1736 abundantia
434 1695 477 1736 in
495 1696 688 1738 turribus
708 1696 805 1737 tuis.

282 1762 478 1802 Oremus.
685 1763 846 1804 Oratio.

154 1817 331 1924 Deus,
350 1834 375 1862 a
396 1834 482 1874 quo
499 1826 651 1863 sancta
666 1821 894 1871 desideria,
914 1835 976 1864 re-

255 1872 326 1920 cfa
337 1877 528 1925 consilia,
542 1883 585 1920 et
594 1879 705 1930 justa
717 1883 817 1920 sunt
828 1881 977 1931 opera:

154 1935 209 1977 da
229 1935 365 1977 servis
384 1935 470 1976 tuis
489 1934 622 1984 illam,
643 1947 774 1987 quam
789 1934 977 1976 mundus

153 1992 257 2034 dare
268 2005 355 2033 non
366 1995 525 2044 potest,
541 2004 710 2044 pacem3
729 1996 777 2032 ut
788 1996 831 2033 et
843 1991 978 2033 corda

151 2053 302 2090 nostra
320 2047 538 2089 mandatis
556 2049 642 2089 tuis
663 2047 821 2096 dedita,
842 2052 884 2089 et
902 2047 976 2089 ho-

154 2105 283 2146 stium
307 2104 478 2146 sublata
503 2103 750 2154 formidine,
777 2106 978 2157 tempora

153 2161 238 2202 sint
250 2166 326 2202 tua
340 2161 615 2215 protectione
630 2160 874 2212 tranquilla.
893 2161 978 2202 Per

152 2218 399 2259 Dominum.
430 2219 479 2270 Rv.
500 2218 652 2260 Amen.

206 2272 256 2324 V.
293 2275 508 2315 Dominus
545 2273 783 2315 vobiscum.
838 2273 887 2324 R.
922 2274 978 2314 Et

154 2344 252 2372 cum
280 2331 435 2384 spiritu
461 2335 550 2371 tuo.

205 2384 256 2436 V.
268 2386 587 2428 Benedicamus
599 2386 800 2427 Demino.
822 2386 871 2436 Ην.
880 2386 976 2427 Deo

153 2444 326 2494 gratias.

206 2495 257 2547 V.
281 2499 496 2541 Fidelium
525 2499 679 2539 animae
708 2511 788 2551 per
815 2499 976 2539 miseri-

155 2555 350 2596 cordiam
372 2556 456 2597 Dei
482 2556 759 2607 requiescant
785 2555 828 2594 in
856 2567 976 2607 pace.

88 2641 95 2645 -
156 2614 206 2665 R.
230 2611 382 2654 Amen.

212 2671 359 2707 Deinde
385 2668 456 2707 dic.
482 2683 574 2707 secr.
599 2672 711 2708 Pater
733 2675 872 2707 noster.

212 2720 274 2755 Sic
298 2720 523 2754 terminatur
546 2719 669 2758 Offic..
701 2719 767 2753 ubi
797 2719 872 2753 alia
903 2727 979 2751 non

1029 285 1212 323 sequatur
1237 280 1358 317 Hora,
1392 286 1428 314 ut
1461 281 1599 314 dieitur
1625 282 1659 314 in
1688 281 1853 315 Imm-ica

1029 329 1075 362 de
1101 328 1282 362 Oratione
1308 328 1520 363 Dominica.
1902 327 1903 330 ’

1083 377 1206 411 Dictat*
1241 377 1445 411 Commem.
1480 388 1546 411 seu
1578 378 1767 419 stiffi-agia
1801 378 1853 411 di-

1030 429 1164 459 cuntur
1183 426 1230 458 ab
1246 425 1390 459 Octava
1405 426 1635 469 Epiphaniae
1659 437 1778 469 usque
1806 427 1853 460 ud

1029 473 1270 507 Dominicurn
1290 474 1506 508 Passionis.
1533 475 1703 517 exceptis
1722 473 1853 517 Dupli-
1901 489 1903 491 ·

1029 522 1148 556 cibus.
1175 527 1209 555 ct
1235 522 1331 555 infru
1358 522 1533 558 Octavus.

1084 570 1246 610 Quando
1273 570 1412 604 dicitur
1430 570 1534 604 Offic.
1554 571 1593 605 B.
1612 571 1752 607 Mariae.
1778 583 1852 605 non

1029 619 1069 653 fit
1094 618 1400 653 aliaCommem.
1428 620 1473 653 de
1499 630 1552 653 ea.

1180 755 1258 795 Ad
1287 755 1693 806 completorium.

1081 824 1240 864 Lector
1270 824 1436 875 incipit:
1481 819 1526 870 S.
1551 822 1663 864 Jube
1694 822 1852 864 domne

1027 879 1299 921 benedicere.

1083 940 1348 981 Benedictio.
1376 940 1563 981 Noctem
1588 941 1789 992 quietam,
1813 945 1855 981 et

1027 997 1159 1038 finem
1195 996 1438 1049 perfectum
1476 996 1691 1038 concedat
1727 996 1854 1038 nobis

1027 1054 1242 1095 Dominus
1264 1055 1553 1106 omnipotens.
1583 1057 1631 1108 sp
1650 1054 1802 1095 Amen.

1083 1118 1231 1159 Lectio
1254 1119 1408 1159 brevis.
1536 1121 1560 1159 l.
1582 1120 1692 1159 Petr.
1713 1120 1749 1158 ἶ).
1770 1132 1802 1159 c.

1030 1184 1300 1267 ‘jn-ratres:
1327 1179 1470 1221 sobrii
1500 1182 1654 1229 estete,
1684 1185 1727 1221 et
1752 1180 1853 1231 vigi-

1084 1230 1128 1258 '”
1164 1236 1264 1278 leite:
1291 1237 1392 1288 quia
1412 1235 1688 1277 adversarius
1709 1242 1853 1278 vester

1061 1291 1063 1309 ³
1165 1292 1853 1344 diabolustamquamleorugiens

1029 1350 1192 1399 circuit,
1214 1362 1413 1401 quaerens
1430 1362 1559 1401 quem
1575 1349 1769 1390 devoret:
1786 1350 1855 1390 cui

1029 1406 1217 1447 resistite
1245 1406 1381 1447 fortes
1409 1406 1452 1445 in
1480 1405 1579 1447 fide.
1616 1407 1682 1447 Tu
1709 1411 1854 1447 autem

1029 1463 1217 1504 Demine
1236 1463 1443 1503 miserere
1462 1462 1599 1503 nobis.

1084 1522 1134 1573 Rg.
1149 1520 1246 1561 Deo
1266 1519 1441 1570 gratias.

1083 1576 1132 1628 V.
1170 1580 1447 1631 Adiutorium
1479 1584 1678 1620 nostrum
1709 1580 1753 1619 in
1780 1582 1854 1620 no-

1029 1637 1144 1678 mine
1166 1637 1352 1678 Demini.
1397 1640 1442 1681 R·
1465 1637 1548 1686 Qui
1573 1637 1674 1678 fecit
1696 1636 1854 1677 coelum

1031 1699 1074 1735 et
1092 1699 1265 1735 terram.

1086 1755 1198 1790 Pater
1220 1759 1361 1790 noster.
1389 1754 1527 1787 dieitur
1551 1758 1670 1786 totum
1696 1757 1852 1786 secreto.

1132 1816 1280 1849 Deinde
1308 1813 1642 1849 Hebdomadarius
1668 1812 1755 1846 facit

1295 1862 1597 1898 Confessionem.

1034 1915 1295 2023 Confiteor
1321 1919 1418 1960 Deo
1448 1917 1751 1970 omnipotenti,
1782 1917 1853 1959 be-

1116 1979 1200 2017 utae
1219 1975 1371 2016 Mariae
1393 1987 1566 2027 semper
1587 1974 1764 2025 Virgini,
1782 1973 1853 2016 be-

1031 2036 1103 2074 ato
1142 2031 1344 2073 Michaelj
1380 2030 1678 2082 Archangelm
1722 2030 1853 2072 beato

1028 2090 1053 2130 J
1057 2090 1186 2130 oanni
1204 2089 1429 2141 Baptistae,
1451 2087 1611 2129 sanctis
1626 2087 1854 2139 Apostolis

1028 2147 1161 2187 Petro
1191 2150 1234 2187 et
1259 2145 1414 2194 Paulo,
1444 2143 1645 2185 omnibus
1673 2144 1852 2194 Sanctis,

1030 2207 1074 2244 et
1086 2202 1212 2244 vobis
1226 2202 1398 2243 fratres:
1418 2201 1519 2253 quia
1532 2200 1714 2253 peccavi
1726 2200 1853 2240 nimis

1030 2259 1311 2310 cogitatione,
1339 2257 1475 2300 verbo
1503 2262 1546 2299 et
1576 2259 1724 2309 opere:
1755 2268 1854 2297 mea

1030 2315 1181 2368 culpa,
1221 2327 1320 2356 mea
1350 2314 1499 2367 culpa,
1534 2325 1632 2354 mea
1665 2313 1853 2353 mexima

1030 2371 1169 2425 eulpa.
1196 2371 1304 2413 Ideo
1318 2383 1476 2424 precor
1485 2369 1661 2412 beatam
1670 2369 1852 2409 Mariam

1030 2441 1203 2481 semper
1216 2428 1454 2478 Virginem,
1471 2426 1648 2467 beatum
1667 2425 1850 2466 Michae-

1029 2484 1114 2526 lem
1141 2483 1482 2534 Archangelum,
1517 2482 1694 2523 beamm
1723 2481 1849 2521 Joan-

1028 2554 1128 2582 nem
1142 2541 1398 2593 Baptistam,
1419 2543 1593 2580 sanctos
1608 2535 1849 2590 Apestolos

1027 2597 1205 2638 Petrum
1225 2601 1268 2638 et
1280 2595 1472 2644 Paulum,
1493 2607 1643 2636 omnes
1657 2594 1848 2640 Sanctos,

1030 2659 1073 2695 et
1101 2666 1181 2695 vos
1213 2653 1388 2702 fratres,
1420 2654 1546 2692 orare
1579 2662 1660 2702 pro
1692 2660 1760 2688 me
1792 2645 1848 2687 ad

992 2707 996 2712 ’
1027 2709 1264 2752 Dominum
1282 2709 1424 2750 Deum
1442 2709 1648 2749 nostrum.
