2040 2990
791 894 1198 976 IGNATIUS

179 1014 381 1048 DIVINA
409 1014 825 1048 MISERATIONE
856 1015 928 1049 ET
958 1014 1126 1049 SEDIS
1157 1014 1556 1049 APOSTOLICAE
1588 1014 1815 1049 GRATIA

516 1091 893 1140 EPISCOPUS
925 1093 1485 1142 RATISBONENSIS

716 1175 999 1215 PATRIGIUS
1026 1174 1278 1214 ROMANUS

261 1257 348 1291 SS.·1).
361 1258 391 1291 N.
405 1258 519 1292 LEONIS
534 1260 584 1292 ΡΡ.
597 1261 662 1293 XIII.
675 1260 858 1294 PRAELATUS
875 1260 1079 1294 DOMESTIGUS
1095 1261 1135 1294 ET
1152 1261 1245 1295 SOLIO
1261 1261 1449 1295 PONTIFIGIO
1465 1263 1636 1296 ASSISTENS
1650 1267 1687 1294 oto.
1698 1267 1736 1295 otc.

386 1334 530 1356 OMNIBUS
544 1334 605 1356 HAS
620 1335 776 1356 LITTERAS
792 1335 916 1357 VISURIS
932 1335 1083 1357 SALUTEM
1098 1336 1138 1356 ET
1156 1335 1421 1356 nENEDICTlsml-:M
1436 1335 1453 1355 Α
1473 1335 1606 1355 Donum».

400 1431 464 1456 um
487 1432 510 1456 a
531 1421 704 1458 Romano
727 1423 911 1460 Pontifice
934 1424 1091 1460 Urbano
1114 1425 1215 1460 VIII,
1239 1425 1432 1460 decretum
1455 1426 1518 1469 sit,
1541 1436 1588 1461 ne
1613 1437 1635 1461 a
1659 1430 1838 1472 typogra-

242 1494 344 1525 μη
422 1478 511 1522 phis
533 1478 773 1515 Breviarium
795 1481 1009 1516 Romanum
1035 1481 1274 1525 imprimatur
1302 1486 1338 1517 et
1366 1482 1406 1517 in
1427 1482 1551 1517 lucem
1575 1483 1724 1527 edatur,
1756 1483 1839 1518 sine

191 1578 198 1595 x
236 1515 356 1595 :¹55ssssss
420 1534 576 1570 licentia
598 1545 718 1580 eaque
746 1537 786 1571 in
813 1537 966 1582 scriptis
991 1539 1147 1573 obtenta
1171 1539 1219 1573 ab
1243 1538 1446 1574 Ordinario
1473 1539 1565 1574 loci:
1592 1539 1674 1574 Nos
1699 1540 1838 1575 dilecto

191 1604 226 1641 χ
246 1588 372 1647 *⁹ss
420 1590 521 1626 Filio
543 1591 686 1627 Nostro
709 1592 906 1628 Friderico
929 1593 1071 1639 Pustet,
1094 1593 1130 1629 S.
1146 1594 1257 1630 Sedis
1280 1595 1520 1639 Apostolicae
1541 1606 1692 1631 necnon
1712 1596 1746 1632 S.
1765 1596 1838 1631 Rit.

362 1647 367 1648 ⁷
421 1647 740 1692 congregationis
763 1649 1026 1694 Typographo
1051 1655 1088 1686 et
1104 1651 1337 1696 Bibliopolae
1352 1652 1626 1687 Ratisbonensi
1647 1652 1840 1687 licentiam

156 1701 331 1738 dedimus
353 1703 450 1739 illud
470 1704 724 1749 imprimendi,
748 1709 784 1741 et
805 1706 848 1741 R.
865 1706 906 1741 P.
931 1706 1170 1751 Georgium
1196 1708 1392 1744 Schober
1415 1708 1455 1744 C.
1477 1708 1533 1744 Ss.
1555 1708 1608 1752 R„
1632 1708 1839 1744 Censorem

155 1757 348 1803 Nostrum,
372 1759 656 1806 deputavimus,
681 1762 748 1806 qm·
771 1762 946 1806 diligenti
969 1764 1143 1799 examine
1166 1764 1340 1800 instituto
1368 1774 1482 1800 novae
1503 1765 1616 1808 hujus
1639 1765 1838 1808 Breviarii,

152 1814 194 1850 in
214 1815 251 1850 4⁰
274 1819 316 1850 ut
339 1815 483 1861 dicunt,
511 1821 549 1852 et
569 1817 609 1852 in
632 1822 796 1863 quatuor
816 1823 946 1863 partes
971 1820 1179 1864 distributi,
1208 1821 1388 1856 editioniS
1412 1821 1460 1855 ab
1485 1820 1620 1855 eodem
1641 1820 1837 1856 Friderico

152 1871 286 1907 Pustet
306 1874 535 1918 perpulchre
564 1879 759 1910 exornatae
782 1875 1054 1921 integritatem,
1082 1876 1414 1920 omnimodamque
1438 1886 1522 1911 cum
1546 1876 1727 1920 editione,
1751 1886 1838 1920 quae

155 1927 307 1964 decreto
330 1928 366 1965 S.
388 1929 431 1965 R.
456 1930 496 1966 C.
520 1930 567 1966 de
596 1931 658 1966 die
682 1931 732 1967 12.
753 1931 987 1976 Septembris
1015 1933 1106 1968 1885
1129 1933 1185 1968 uti
1212 1933 1343 1978 typica
1370 1933 1484 1968 fuerit
1514 1933 1720 1977 declarata,
1750 1943 1837 1968 con-

155 1985 371 2020 sonantiam
393 1988 669 2031 comprobaret.

306 2041 516 2087 Postquam
532 2048 658 2079 autem
672 2044 813 2080 fuimus
835 2055 883 2080 ex
897 2045 1001 2080 illius
1018 2045 1199 2081 Censoris
1215 2044 1434 2080 testimonio
1450 2044 1653 2088 informati,
1675 2044 1838 2088 primam

139 2089 264 2142 hanc,
281 2108 395 2143 quam
417 2100 649 2136 hiemalem
671 2105 821 2145 vocant,
836 2101 1025 2137 Breviarii
1043 2101 1206 2137 Romani
1221 2105 1368 2146 partem
1388 2112 1474 2136 eum
1494 2101 1673 2136 editionis
1694 2101 1835 2145 typicae

155 2157 263 2197 parte
296 2154 453 2191 hiemali
486 2157 536 2192 ad
572 2157 755 2193 amussim
793 2158 1041 2202 concordare,
1079 2168 1260 2193 excusam
1292 2157 1544 2193 libentissime
1577 2157 1834 2201 adprobamus

157 2211 438 2257 evulgandique
461 2213 655 2249 licentiam
677 2214 922 2259 impertimur.

308 2267 353 2302 In
376 2278 537 2313 quorum
559 2270 673 2305 fidem
694 2270 765 2305 has
788 2270 951 2306 Nostras
973 2271 1136 2315 litteras,
1162 2281 1278 2306 manu
1295 2270 1439 2306 Nostra
1461 2269 1698 2313 subscriptas
1723 2273 1835 2313 atque

156 2323 292 2366 majori
314 2324 457 2361 Nostro
481 2325 616 2370 Sigillo
639 2327 815 2370 munitas,
839 2327 1014 2371 expediri
1035 2327 1227 2371 jussimus.

308 2393 542 2438 Ratisbonae,
566 2395 628 2430 die
653 2395 710 2431 10.
732 2395 955 2431 Decembris
979 2396 1079 2431 1887.

573 2532 651 2592 ‘st
675 2505 952 2616 {audias
993 2523 1118 2610 ῥῷ,
1165 2510 1492 2628 ΛᾷᾶαΖέ

978 2707 980 2710 ·
1054 2697 1114 2730 Dr.
1136 2697 1193 2731 Fr.
1216 2697 1308 2733 Xav.
1329 2696 1488 2736 Leitner,
1515 2697 1634 2729 Secret.
