2040 2990
594 198 731 238 Quinta
757 198 818 233 die
844 198 941 232 infra
965 198 1148 233 Octavam
1171 198 1411 242 Epiphaniae.

150 296 218 337 bis
229 300 296 337 est
305 295 539 337 festivitate
549 295 796 337 laetandum.
808 296 971 338 Ferunt

151 352 281 402 enim,
317 351 449 394 hodie
483 352 702 393 Christum
734 352 971 393 Dominum

150 412 349 449 nostrum
378 408 447 450 vel
476 408 601 450 stella
629 408 741 450 duce
768 422 794 449 a
822 408 970 450 Genti-

151 463 235 506 bus
266 464 513 515 adoratum3
555 465 624 506 vel
654 465 883 506 invitatum
914 464 971 506 ad

150 521 335 573 naptias,
356 534 492 574 aquas
511 522 555 562 in
570 522 670 562 vina
685 524 883 571 vertisse;
901 521 971 562 vel

151 579 358 630 suscepto
370 591 395 619 a
404 579 429 619 J
432 581 571 619 oanne
581 578 856 631 baptismate,
872 590 969 619 con-

153 636 350 675 secrasse
378 635 541 676 fluenta
567 635 592 676 J
595 635 792 684 ordanis,
827 638 969 675 suum-

153 702 237 741 que
257 691 383 732 simul
402 691 659 744 purificasse
678 691 935 744 Baptistam.

205 747 256 799 Rz.
285 747 552 797 Illuminare‚
583 748 825 789 illuminare
850 748 873 788 J
878 751 969 789 eru-

151 803 297 854 salem,
317 804 419 856 quia
437 805 555 847 venit
573 805 647 847 lux
666 810 754 846 tua:
774 802 863 846 *Et
880 804 969 855 glo-

151 859 215 900 ria
228 860 405 901 Domini
423 874 555 914 super
570 866 615 903 te
631 866 729 902 orta
744 866 820 903 est.
848 856 898 908 V.
915 861 970 901 Et

150 915 434 959 ambulabunt
456 918 621 959 Gentes
639 918 683 958 in
701 918 862 959 himine
880 923 969 966 tuo,

151 976 195 1069 e}
212 984 338 1024 reges
357 973 402 1014 in
421 974 656 1027 splendore
675 979 797 1016 ortus
813 974 886 1015 tui.
914 974 970 1014 Et

150 1040 179 1078 g
197 1029 300 1070 oria.

456 1075 608 1117 Lectio
629 1089 667 1115 v.

219 1133 275 1175 ed
311 1133 415 1185 quid
452 1135 729 1187 potissimum
762 1136 970 1187 praesenti

226 1190 311 1232 hoc
330 1190 491 1232 factum
511 1191 567 1233 sit
587 1191 667 1239 die,
686 1192 858 1233 noverit
875 1193 969 1244 ipse

151 1246 225 1299 qui
242 1246 362 1288 fecit:
390 1260 472 1289 nos
495 1252 642 1289 tamen
670 1248 863 1298 credere,
890 1261 970 1290 nec

150 1303 351 1345 dubitare
374 1303 600 1355 debemus,
630 1304 844 1358 quidquid
864 1305 970 1346 illud

150 1364 231 1410 est,
260 1360 422 1402 factum
451 1374 548 1403 esse
576 1375 658 1414 pro
681 1361 817 1403 nobis.
856 1361 969 1402 Nam

151 1415 270 1468 quod
302 1429 401 1458 eum
431 1417 702 1468 fulgentioris
734 1418 872 1459 stellae
904 1419 969 1458 ra-

151 1472 233 1514 diis
268 1473 437 1516 incitati
480 1474 720 1516 adoravere
757 1474 969 1524 Chaldaei,

149 1529 292 1571 Deum
318 1542 470 1572 verum
496 1530 711 1573 Gentibus
740 1543 842 1584 spes
868 1531 969 1572 data

150 1590 218 1628 est
252 1586 477 1629 adorandi.
525 1587 654 1638 Quod
691 1601 817 1640 aquae
853 1600 969 1629 novo

150 1647 251 1685 sunt
275 1643 428 1686 ordine
453 1644 496 1685 in
520 1645 621 1686 vina
644 1647 839 1699 mutatae,
867 1645 970 1686 novi

148 1699 275 1741 nobis
293 1700 442 1752 poculi
458 1701 737 1754 praelibatum
751 1706 818 1743 est
830 1714 970 1742 sacra-

148 1758 352 1798 mffiltum·
393 1757 523 1808 Quod
550 1763 696 1800 autem
722 1758 969 1811 baptizatus
1142 1772 1166 1781 κ.

152 1817 218 1854 θεῖ
250 1813 403 1864 Agnus
434 1814 534 1864 Dei,
568 1815 866 1865 regenerantis
897 1814 969 1855 ba-

150 1870 301 1921 ptismi
332 1870 522 1912 salutare
556 1871 684 1913 nobis
716 1883 871 1912 munus
904 1876 970 1912 θεῖ

151 1925 413 1968 dedicatum.

203 1982 255 2035 Rz.
279 1983 442 2025 Omnes
467 1983 522 2026 de
541 1983 655 2025 Saba
679 1983 869 2033 venient,
898 1995 969 2024 au-

151 2051 246 2080 rum
265 2044 309 2081 et
326 2039 427 2082 thus
447 2039 708 2089 deferentes,
734 2044 778 2081 et
795 2039 969 2081 laudem

150 2095 339 2146 Domino
367 2097 691 2146 annuntianteS,
727 2098 750 2122 *
774 2095 969 2146 Alleluia,

151 2151 334 2204 alleluja,
351 2152 532 2205 alleluja.
563 2148 613 2199 V.
627 2153 771 2204 Reges
789 2151 968 2193 Tharsis

152 2212 196 2250 et
222 2209 376 2250 insulae
401 2213 580 2251 munera
609 2209 812 2258 offerent,
844 2220 969 2260 reges

151 2263 347 2306 Arabum
379 2271 423 2307 et
447 2265 561 2307 Saba
592 2265 709 2306 dona
740 2264 969 2306 adducent.

152 2320 348 2373 Alleluia,
368 2322 549 2373 alleluja,
568 2321 749 2373 alleluja.

453 2381 603 2422 Lectio
623 2380 676 2421 vi.

233 2436 381 2486 portet
409 2436 556 2485 itaque
584 2447 680 2483 nos,
714 2434 885 2481 fratres,
914 2432 969 2473 ad

246 2489 459 2531 honorem
473 2490 711 2531 Salvatoris
730 2489 879 2537 nostri,
900 2501 968 2529 cu-

152 2545 217 2595 jus
240 2546 509 2588 nativitatem
534 2546 681 2587 debita
708 2558 846 2598 nuper
870 2557 969 2586 cum

153 2601 443 2644 exsultatione
491 2603 799 2652 transegimus,
853 2600 969 2642 omni

154 2669 252 2697 cum
280 2656 514 2700 devotione
542 2659 672 2699 etiam
699 2657 813 2698 hunc
839 2657 968 2697 virtu-

153 2717 246 2753 tum
282 2713 372 2764 ejus
407 2713 629 2756 celebrare
665 2714 865 2755 natalem.
913 2711 969 2752 Et

306 2854 370 2879 Pars
386 2854 518 2879 Hiemalis.

1025 307 1154 347 quam
1190 300 1309 336 recte
1343 296 1425 337 tria
1461 296 1555 337 haec
1591 297 1717 339 nobis
1753 311 1839 340 uno

1023 355 1122 392 acta
1145 351 1189 391 in
1215 350 1284 392 die
1307 353 1513 404 mysteria
1536 353 1841 405 praedicantur,

1025 408 1098 459 qui
1124 407 1354 449 ineffabilis
1382 408 1607 450 Trinitatis
1635 413 1840 451 arcanum

1023 476 1108 504 uno
1138 464 1221 505 Dei
1251 464 1330 506 sub
1368 465 1540 507 nomine
1573 467 1840 508 confitemur.

1022 521 1106 561 Per
1135 521 1231 562 haec
1269 533 1372 572 ergo
1405 522 1611 563 miracula
1644 522 1840 564 Christus

1022 577 1237 618 Dominus
1265 577 1535 630 Redemptor
1567 584 1714 620 noster
1742 581 1840 620 ocu-

1022 633 1075 674 lis
1107 646 1154 675 se
1188 634 1325 675 voluit
1358 634 1553 676 revelare
1583 635 1840 684 mortalium,

1024 692 1237 742 quatenus
1261 690 1488 732 invisibilis
1515 692 1604 742 ejus
1628 691 1839 742 divinitas,

1023 758 1121 797 quae
1149 746 1314 788 latebat
1340 747 1383 787 in
1412 746 1602 797 homine,
1633 748 1676 788 in
1706 750 1839 800 opere

1022 815 1110 843 non
1127 802 1295 844 lateret.

1082 871 1132 922 R.
1150 868 1266 919 Magi
1285 869 1472 910 veniunt.
1492 870 1586 910 255.

1251 956 1299 995 In
1319 956 1390 996 111.
1410 955 1630 996 Nocturno.

1032 1023 1185 1064 Lectio
1206 1025 1344 1064 sancti
1361 1024 1585 1075 Evangelii
1603 1024 1841 1066 secandum

1301 1080 1565 1121 Matthaeum.

1130 1151 1281 1192 Lectio
1301 1151 1369 1191 vii.
1587 1152 1689 1203 Cap.
1708 1151 1744 1190 2.

1095 1223 1169 1250 um
1196 1215 1323 1251 natus
1353 1216 1468 1252 esset
1488 1212 1512 1251 J
1515 1224 1614 1252 esus
1640 1211 1683 1251 in
1710 1211 1839 1252 Beth-

1112 1266 1254 1308 lehem
1272 1267 1384 1308 Juda
1407 1268 1450 1308 in
1474 1267 1627 1309 diebus
1650 1267 1840 1309 Herodis

1022 1323 1153 1373 regis,
1182 1335 1284 1364 ecce
1304 1323 1421 1374 Magi
1440 1323 1494 1365 ab
1517 1324 1694 1365 Oriente
1712 1326 1837 1365 vene-

1022 1384 1122 1420 runt
1149 1380 1173 1420 J
1177 1380 1481 1432 erosolymam,
1515 1380 1724 1421 dicentes:
1755 1380 1840 1422 Ubi

1023 1440 1089 1476 est
1113 1436 1186 1487 qui
1210 1442 1337 1478 natus
1362 1442 1428 1478 est
1445 1438 1542 1478 Rex
1560 1437 1584 1477 J
1587 1434 1839 1478 udaeorum?

1021 1492 1078 1533 Et
1094 1492 1272 1544 reliqua.

1116 1570 1303 1612 Homilia
1330 1570 1468 1611 sancti
1495 1570 1751 1622 Hieronymi

1303 1626 1563 1679 Presbyteri.

1062 1696 1145 1731 Lib.
1171 1696 1198 1731 1.
1224 1696 1434 1731 Comment.
1459 1696 1498 1730 in
1523 1706 1603 1739 cap.
1624 1695 1654 1729 2.
1678 1694 1808 1728 Matth.

1030 1755 1838 1884 *summm

1033 1848 1096 1893 Β
1107 1853 1170 1893 ‘³⁷3⁵
1191 1870 1215 1910 J
1218 1869 1460 1919 udaeorum,
1494 1873 1542 1910 ut
1570 1867 1839 1908 nativitatem

1022 1925 1181 1966 Christi
1204 1938 1230 1966 a
1254 1924 1466 1966 Gentibus
1494 1923 1728 1973 discerent,
1756 1923 1837 1964 ori-

1020 1987 1090 2023 tur
1120 1981 1163 2022 in
1191 1981 1362 2022 Oriente
1395 1980 1535 2030 stella;
1569 1992 1698 2032 quam
1728 1979 1838 2020 futu-

1020 2051 1131 2087 ram,
1167 2037 1366 2086 Balaam,
1404 2038 1523 2089 cujus
1562 2037 1838 2077 successores

1021 2098 1162 2143 erant,
1206 2093 1410 2135 vaticinio
1447 2095 1669 2134 noverant.
1720 2092 1838 2142 Lege

1019 2150 1062 2191 N
1064 2151 1312 2191 umerorum
1352 2149 1520 2191 librum.
1574 2148 1838 2189 Deferuntur

1021 2211 1166 2248 autem
1192 2206 1309 2256 Magi
1338 2205 1476 2247 stellae
1510 2204 1670 2246 indicio
1699 2204 1741 2244 in
1767 2203 1792 2243 J
1794 2216 1837 2243 u-

1021 2263 1177 2311 da'eam,
1208 2267 1256 2303 ut
1285 2261 1536 2303 sacerdotes
1563 2273 1589 2301 a
1615 2260 1754 2311 Magis
1778 2259 1836 2299 in-

1020 2319 1243 2369 terrogati,
1270 2317 1344 2359 ubi
1363 2317 1558 2358 Christus
1576 2317 1836 2363 nasceretur,

1020 2374 1337 2416 inexcusabiles
1373 2374 1528 2415 fierent
1561 2372 1615 2414 de
1648 2371 1835 2412 adventu

1020 2443 1043 2472 e
1060 2443 1121 2471 us.

1046 2444 1127 2537 1Ιῖι.
1156 2486 1305 2535 Stella,
1338 2498 1467 2538 quam
1495 2484 1693 2525 viderant
1719 2482 1835 2533 Magi

1019 2544 1062 2584 in
1078 2543 1266 2593 Oriente,
1286 2540 1571 2583 antecedebat
1589 2552 1675 2589 eos,
1695 2538 1835 2580 donec

1019 2601 1216 2640 venirent
1239 2598 1295 2639 ad
1314 2598 1474 2645 locum,
1497 2595 1572 2637 ubi
1596 2607 1705 2648 puer
1728 2596 1834 2635 erat:

1024 2657 1047 2681 *
1062 2654 1274 2696 Videntes
1294 2657 1439 2694 autem
1459 2664 1565 2700 eam,
1584 2649 1719 2701 gavisi
1735 2651 1834 2688 sunt

1018 2710 1180 2761 gaudio
1195 2721 1364 2760 magno.
1387 2703 1437 2755 V.
1460 2708 1516 2748 Et
1533 2707 1739 2747 intrantes
1759 2702 1832 2744 do-

1566 2834 1629 2867 18*
