2080 2990
455 255 629 288 Officium
660 254 829 287 votivum
857 254 903 286 de
929 252 1262 286 Ss.E110h:11-isti:1;
1287 255 1543 285 Sat-ramento.

77 399 81 402 Α
197 346 452 389 Confitebor
478 346 560 388 tibi
587 347 631 386 in
660 346 827 387 cithara
851 346 973 386 Deus

135 403 264 444 Deus
281 415 420 444 meus:
443 403 467 428 *
492 415 628 454 quare
651 402 789 443 tristis
814 414 861 443 es
887 402 973 442 ani-

142 471 214 499 ma
231 457 353 500 mea?
375 463 418 500 et
439 471 575 510 quare
594 457 832 499 conturbas
853 456 947 499 me?

194 514 334 566 Spera
363 515 408 554 in
439 515 558 563 Deo,
593 514 800 566 queniam
830 514 975 554 adhuc

144 570 390 612 confitebor
426 570 507 610 illi:
543 570 567 595 *
604 569 795 611 salutare
828 570 974 610 vultus

143 627 240 676 mei,
261 630 304 668 et
322 626 444 667 Deus
463 638 599 667 meus.

200 685 297 724 Ant.
326 681 524 723 Introibo
547 680 606 722 ad
624 681 763 722 altare
783 681 882 722 Dei:
907 694 974 722 su-

143 751 260 779 mam
280 737 511 786 Christum,
534 738 607 789 qui
626 739 812 778 renovat
830 739 974 789 juven-

142 797 283 835 tutem
301 807 456 835 meam.

195 853 296 892 Ant.
326 850 502 891 Cibavit
521 862 603 891 nos
622 851 849 891 Dominus.

418 907 614 947 l'salmus
635 908 706 945 80.

144 959 416 1064 Exsultate
434 963 532 1004 Deo
553 962 743 1014 adjutori
761 967 929 1004 nostro:
952 963 976 988 *

247 1019 426 1070 jubilate
444 1019 542 1060 Deo
563 1018 714 1060 Jacob.

196 1074 364 1116 Sumite
381 1075 611 1128 psalmum,
632 1079 676 1116 et
690 1074 793 1116 date
808 1077 976 1128 tympa-

144 1144 263 1172 num:
287 1132 311 1158 *
335 1131 593 1184 psalterium
616 1130 853 1182 jucundum
877 1144 977 1172 cum

145 1187 322 1228 cithara.

196 1242 437 1285 Buccinate
465 1243 508 1284 in
533 1243 777 1284 Neomenia
803 1243 926 1293 tuba,
953 1243 977 1269 *

144 1298 188 1338 in
207 1299 365 1350 insigni
390 1298 461 1340 die
486 1299 777 1341 solemnitatis
802 1304 977 1340 vestrae:

199 1355 311 1405 Quia
331 1357 606 1408 praeceptum
628 1355 673 1396 in
693 1356 830 1396 Israel
850 1361 930 1397 est:
953 1358 977 1383 *

146 1415 190 1452 et
208 1411 416 1463 judicium
435 1413 532 1453 Deo
552 1411 702 1453 Jacob.

197 1467 519 1509 Testimonium
551 1468 595 1508 in
627 1467 795 1519 Joseph
828 1468 978 1520 pesuit

145 1522 266 1573 illud,
288 1536 388 1564 cum
409 1526 547 1565 exiret
567 1523 622 1565 de
643 1528 760 1565 terra
778 1524 978 1576 AEgypti:

145 1578 396 1676 {linguam‚
422 1593 554 1632 quam
572 1593 661 1621 non
682 1582 881 1629 noverat,
906 1593 978 1620 au-

177 1636 265 1676 ivit.

197 1691 387 1733 Divertit
435 1692 490 1733 ab
542 1691 749 1733 oneribus
797 1691 979 1732 dorsum

148 1747 254 1798 ejus:
275 1749 299 1774 *
322 1760 477 1789 manus
498 1749 590 1800 ejus
609 1748 653 1788 in
677 1747 870 1800 cophino
891 1760 978 1788 ser-

146 1803 330 1845 vierunt.

197 1860 250 1900 In
273 1859 555 1901 tribulatiOne
581 1858 800 1900 invocasti
822 1871 910 1907 me,
936 1862 980 1899 et

146 1914 333 1956 liberavi
359 1920 423 1956 te:
454 1917 478 1942 *
507 1914 711 1956 exaudivi
738 1919 783 1955 te
811 1915 854 1954 in
883 1913 979 1955 abs-

148 1970 330 2012 condito
370 1971 668 2023 tempestatis:
712 1969 899 2022 probavi
935 1974 980 2010 te

148 2026 267 2080 apud
292 2039 452 2079 aquam
476 2026 844 2068 contradictic'mis.

202 2082 320 2124 Audi
353 2082 546 2135 papulus
579 2095 723 2131 meuS‚
757 2086 801 2122 et
834 2084 980 2122 conte-

149 2139 303 2180 stabor
327 2143 387 2180 te:
411 2139 435 2163 *
459 2138 598 2178 Israel
622 2138 659 2178 si
683 2136 874 2179 audieris
898 2148 980 2185 me,

150 2207 239 2236 non
265 2194 346 2236 erit
369 2195 413 2234 in
438 2198 482 2235 te
509 2193 617 2235 deus
642 2206 811 2242 recens,
837 2204 980 2244 neque

149 2250 357 2291 adorabis
378 2250 509 2291 deum
529 2249 728 2290 alienum.

200 2306 295 2356 Ego
326 2306 441 2346 enim
472 2318 569 2346 sum
598 2305 691 2345 Dfis
718 2305 841 2345 Deus
868 2309 981 2352 tuus,

151 2362 226 2413 qui
253 2361 386 2403 eduxi
415 2368 460 2404 te
490 2361 545 2402 de
577 2366 696 2402 terra
723 2360 926 2412 AEgypti:
958 2361 981 2385 *

151 2417 286 2458 dilata
305 2430 356 2458 os
374 2422 508 2466 tuum,
529 2421 573 2458 et
592 2415 785 2468 implebo
805 2415 924 2456 illud.

202 2474 258 2515 Et
295 2486 384 2514 non
425 2473 593 2514 audivit
628 2472 822 2524 populus
858 2484 981 2512 meus

150 2542 306 2570 vocem
333 2542 492 2571 meam:
519 2530 543 2556 *
572 2533 616 2570 et
642 2527 779 2568 Israel
806 2540 895 2568 non
922 2527 982 2567 in-

150 2584 292 2625 tendit
311 2585 429 2625 mihi.

204 2641 263 2681 Et
299 2640 443 2681 dimisi
480 2653 557 2682 eos
594 2638 834 2681 secundum
871 2637 982 2678 desi-

154 2696 275 2737 deria
297 2696 443 2737 cordis
468 2698 632 2745 earum,
656 2697 679 2720 *
703 2695 828 2735 ibunt
848 2694 891 2734 in
910 2694 983 2735 ad.-

152 2751 477 2793 inventi6nibus
499 2752 599 2792 suis.
716 2756 728 2761 ‘

309 2892 373 2917 Pars
390 2892 524 2917 Hiemalis.

1079 346 1124 387 Si
1147 346 1339 398 populus
1363 359 1486 387 meus
1511 347 1706 388 audisset
1724 360 1809 387 me:
1833 348 1856 373 *

1027 402 1165 443 Israel
1185 403 1221 442 si
1239 403 1283 442 in
1302 403 1384 443 viis
1403 404 1513 444 meis
1533 403 1816 444 ambulasset:

1079 459 1166 499 Pro
1192 458 1328 499 nihilo
1354 459 1537 500 forsitan
1562 459 1762 501 inimicos
1787 462 1857 501 eo-

1027 527 1125 554 rum
1138 514 1453 555 humiliassem:
1473 515 1496 540 *
1517 519 1559 556 et
1574 528 1706 567 super
1723 516 1857 556 tribu-

1027 570 1170 611 lantes
1189 583 1266 611 eos
1282 571 1500 612 misissem
1514 583 1690 612 manum
1704 585 1858 613 meam.

1080 627 1251 667 Inimici
1274 627 1454 667 Domini
1478 627 1648 668 mentiti
1678 633 1778 669 sunt
1804 628 1858 669 ei:

1029 687 1052 709 *
1073 687 1116 723 et
1137 683 1220 723 erit
1244 687 1420 735 tempus
1445 684 1597 723 eorum
1620 683 1663 723 in
1686 684 1858 725 saecula.

1080 739 1138 779 Et
1153 738 1317 780 cibavit
1331 751 1409 779 eos
1424 751 1480 780 ex
1495 738 1627 791 adipe
1641 739 1859 781 frumenti:

1029 796 1053 821 *
1073 799 1116 835 et
1137 794 1193 835 de
1212 799 1355 846 petra,
1379 794 1509 835 melle
1535 795 1749 836 saturavit
1772 809 1860 837 eos.

1085 861 1181 899 Ant.
1220 859 1396 909 Cibavit
1432 871 1513 899 nos
1551 859 1769 900 Deminus
1807 872 1860 900 ex

1030 915 1161 968 adipe
1180 915 1400 956 frumenti:
1427 919 1470 955 et
1491 914 1546 956 de
1565 919 1708 967 petra,
1732 915 1860 956 melle

1030 972 1245 1012 saturavit
1263 984 1354 1012 nos.

1082 1039 1181 1078 Ant.
1211 1038 1278 1077 Ex
1298 1036 1423 1078 altari
1441 1040 1530 1077 tuo.

1303 1121 1500 1159 psalmus
1530 1121 1594 1159 83.

1115 1201 1217 1228 uam
1261 1187 1420 1228 dilecta
1461 1186 1746 1228 tabernacula
1787 1192 1862 1227 tua

1137 1244 1327 1284 Domine
1353 1243 1579 1284 virtutum:
1606 1243 1630 1268 *
1659 1245 1860 1294 concupi-

1032 1299 1129 1349 scit,
1157 1304 1200 1340 et
1224 1299 1371 1340 deficit
1396 1299 1539 1339 anima
1562 1311 1660 1339 mea
1683 1299 1728 1338 in
1753 1299 1862 1339 atria

1030 1356 1219 1397 Demini.

1086 1413 1173 1454 Cor
1191 1425 1353 1460 meum,
1373 1415 1417 1452 et
1437 1423 1540 1451 caro
1560 1423 1659 1451 mea
1678 1410 1702 1436 *
1722 1410 1861 1451 exsul-

1031 1471 1235 1510 taverunt
1254 1468 1298 1508 in
1316 1468 1461 1507 Deum
1478 1467 1636 1507 vivum.

1083 1524 1259 1566 Etenim
1289 1536 1443 1575 passer
1474 1523 1638 1563 invenit
1671 1522 1753 1563 sibi
1787 1522 1861 1563 do-

1031 1594 1165 1621 mum:
1189 1581 1213 1606 *
1237 1585 1280 1620 et
1307 1583 1451 1620 turtur
1479 1578 1630 1619 nidum
1656 1578 1755 1628 sibi,
1787 1578 1863 1619 ubi

1030 1642 1169 1689 ponat
1188 1635 1333 1688 pullos
1354 1647 1468 1675 suos.

1083 1693 1254 1733 Altaria
1278 1697 1354 1733 tua
1372 1691 1563 1732 Domine
1589 1691 1815 1731 virtutum:
1840 1691 1863 1715 *

1031 1749 1130 1789 Rex
1149 1761 1283 1797 meus,
1303 1752 1346 1788 et
1367 1747 1486 1787 De'us
1505 1759 1640 1787 meus.

1084 1805 1227 1853 Beati,
1257 1803 1330 1855 qui
1349 1802 1550 1843 habitant
1568 1803 1612 1842 in
1635 1802 1768 1843 domo
1787 1806 1863 1842 tua

1031 1860 1234 1901 Demine:
1266 1860 1290 1885 *
1322 1859 1365 1899 in
1403 1858 1565 1899 saecula
1600 1857 1863 1898 saeculorum

1032 1915 1274 1956 laudabunt
1291 1919 1346 1956 te.

1084 1972 1250 2012 Beatus
1281 1971 1368 2019 vir,
1401 1970 1521 2021 cujus
1555 1973 1621 2010 est
1655 1968 1863 2009 auxilium

1033 2027 1112 2068 abs
1131 2031 1190 2068 te:
1208 2027 1232 2052 *
1253 2026 1533 2067 ascensiones
1556 2025 1599 2066 in
1624 2025 1759 2067 corde
1783 2037 1862 2066 suo

1035 2082 1271 2135 dispesuit,
1300 2082 1344 2122 in
1371 2081 1486 2123 valle
1513 2081 1793 2122 lacrimarum
1820 2081 1863 2121 in

1032 2138 1145 2187 loco,
1166 2150 1296 2189 quem
1314 2137 1475 2189 pesuit.

1085 2193 1260 2235 Etenim
1283 2192 1635 2234 benedictionem
1662 2192 1784 2235 dabit
1806 2192 1863 2233 le-

1033 2249 1232 2299 gislator,
1261 2248 1386 2290 ibunt
1410 2247 1465 2289 de
1485 2248 1645 2289 virtute
1669 2248 1714 2288 in
1732 2248 1863 2288 virtu-

1032 2309 1137 2346 tem:
1161 2305 1184 2330 *
1210 2303 1430 2345 videbitur
1457 2304 1579 2345 Deus
1609 2303 1792 2344 deorum
1819 2303 1863 2342 in

1034 2361 1149 2402 Sion.

1085 2416 1274 2456 Domine
1306 2416 1428 2456 Deus
1461 2414 1672 2454 virtutum
1705 2412 1864 2454 exaudi

1036 2472 1279 2512 orati6nem
1304 2483 1461 2511 meam:
1480 2470 1504 2495 *
1524 2468 1702 2509 auribus
1725 2469 1863 2520 perci-

1034 2540 1091 2579 pe
1110 2528 1231 2568 Deus
1250 2526 1400 2567 Jacob.

1086 2583 1319 2624 Protector
1342 2585 1492 2622 noster
1516 2580 1664 2631 aspice
1686 2580 1821 2620 Deus:
1840 2580 1864 2605 *

1036 2643 1079 2679 et
1097 2639 1267 2690 respice
1286 2638 1330 2678 in
1348 2636 1505 2677 faciem
1525 2635 1685 2676 Christi
1703 2635 1780 2675 tui:

1088 2695 1199 2744 Quia
1217 2693 1372 2734 melior
1390 2696 1457 2732 est
1472 2691 1566 2732 dies
1583 2703 1668 2731 una
1683 2691 1727 2730 in
1743 2690 1864 2730 atriis

1035 2749 1134 2798 tuis,
1151 2750 1176 2775 *
1196 2761 1328 2800 super
1347 2746 1493 2787 millia.

1609 2874 1658 2906 P*
