<?xml version="1.0" encoding="UTF-8"?>
<!DOCTYPE html PUBLIC "-//W3C//DTD XHTML 1.0 Transitional//EN"
    "http://www.w3.org/TR/xhtml1/DTD/xhtml1-transitional.dtd">
<html xmlns="http://www.w3.org/1999/xhtml" xml:lang="en" lang="en">
 <head>
  <title>
</title>
<meta http-equiv="Content-Type" content="text/html;charset=utf-8" />
  <meta name='ocr-system' content='tesseract 3.04.00' />
  <meta name='ocr-capabilities' content='ocr_page ocr_carea ocr_par ocr_line ocrx_word'/>
</head>
<body>
  <div class='ocr_page' id='page_1' title='image "./p1breviariumroma00cathuoft_0828.png"; bbox 0 0 2080 2990; ppageno 0'>
   <div class='ocr_carea' id='block_1_1' title="bbox 218 214 310 259">
    <p class='ocr_par' dir='ltr' id='par_1_1' title="bbox 218 214 310 259">
     <span class='ocr_line' id='line_1_1' title="bbox 218 214 310 259; baseline 0.011 -1"><span class='ocrx_word' id='word_1_1' title='bbox 218 214 310 259; x_wconf 82' lang='lat'>[266]</span> 
     </span>
    </p>
   </div>
   <div class='ocr_carea' id='block_1_2' title="bbox 497 216 1655 259">
    <p class='ocr_par' dir='ltr' id='par_1_2' title="bbox 497 216 1655 259">
     <span class='ocr_line' id='line_1_2' title="bbox 497 216 1655 259; baseline 0 -10"><span class='ocrx_word' id='word_1_2' title='bbox 497 217 563 250; x_wconf 73' lang='lat' dir='ltr'>Dic</span> <span class='ocrx_word' id='word_1_3' title='bbox 588 219 638 250; x_wconf 71' lang='lat'>213.</span> <span class='ocrx_word' id='word_1_4' title='bbox 664 217 752 250; x_wconf 74' lang='lat' dir='ltr'>Dec.</span> <span class='ocrx_word' id='word_1_5' title='bbox 801 217 1124 250; x_wconf 78' lang='lat' dir='ltr'>Commemoratio</span> <span class='ocrx_word' id='word_1_6' title='bbox 1151 216 1326 250; x_wconf 81' lang='lat' dir='ltr'><strong>Omnium</strong></span> <span class='ocrx_word' id='word_1_7' title='bbox 1353 216 1410 250; x_wconf 75' lang='lat' dir='ltr'>Ss.</span> <span class='ocrx_word' id='word_1_8' title='bbox 1437 216 1655 259; x_wconf 80' lang='lat' dir='ltr'>Martyrum.</span> 
     </span>
    </p>
   </div>
   <div class='ocr_carea' id='block_1_3' title="bbox 214 272 1932 290">
    <p class='ocr_par' dir='ltr' id='par_1_3' title="bbox 214 272 1932 290">
     <span class='ocr_line' id='line_1_3' title="bbox 214 272 1932 290; baseline 0 2700"><span class='ocrx_word' id='word_1_9' title='bbox 214 272 1932 290; x_wconf 95' lang='lat' dir='ltr'> </span> 
     </span>
    </p>
   </div>
   <div class='ocr_carea' id='block_1_4' title="bbox 216 312 1047 801">
    <p class='ocr_par' dir='ltr' id='par_1_4' title="bbox 218 312 1047 420">
     <span class='ocr_line' id='line_1_4' title="bbox 218 312 1047 365; baseline 0 -10"><span class='ocrx_word' id='word_1_10' title='bbox 218 313 335 363; x_wconf 89' lang='lat' dir='ltr'>edet,</span> <span class='ocrx_word' id='word_1_11' title='bbox 356 318 402 354; x_wconf 92' lang='lat' dir='ltr'>ut</span> <span class='ocrx_word' id='word_1_12' title='bbox 421 314 530 355; x_wconf 86' lang='lat' dir='ltr'>sciat</span> <span class='ocrx_word' id='word_1_13' title='bbox 548 312 788 365; x_wconf 73' lang='lat' dir='ltr'>reprobare</span> <span class='ocrx_word' id='word_1_14' title='bbox 806 313 983 363; x_wconf 87' lang='lat' dir='ltr'>malum,</span> <span class='ocrx_word' id='word_1_15' title='bbox 1004 318 1047 355; x_wconf 90' lang='lat' dir='ltr'>et</span> 
     </span>
     <span class='ocr_line' id='line_1_5' title="bbox 219 368 572 420; baseline -0.003 -10"><span class='ocrx_word' id='word_1_16' title='bbox 219 369 378 420; x_wconf 81' lang='lat' dir='ltr'>eligere</span> <span class='ocrx_word' id='word_1_17' title='bbox 397 368 572 410; x_wconf 89' lang='lat' dir='ltr'>bonum.</span> 
     </span>
    </p>

    <p class='ocr_par' dir='ltr' id='par_1_5' title="bbox 216 422 1047 633">
     <span class='ocr_line' id='line_1_6' title="bbox 270 422 1042 478; baseline -0.004 -12"><span class='ocrx_word' id='word_1_18' title='bbox 270 428 317 478; x_wconf 83' lang='lat' dir='ltr'>R.</span> <span class='ocrx_word' id='word_1_19' title='bbox 348 427 408 466; x_wconf 84' lang='lat' dir='ltr'>br.</span> <span class='ocrx_word' id='word_1_20' title='bbox 453 424 619 465; x_wconf 81' lang='lat' dir='ltr'>Rorate</span> <span class='ocrx_word' id='word_1_21' title='bbox 653 423 754 465; x_wconf 89' lang='lat' dir='ltr'>coeli</span> <span class='ocrx_word' id='word_1_22' title='bbox 787 422 992 476; x_wconf 89' lang='lat' dir='ltr'>desuper</span> <span class='ocrx_word' id='word_1_23' title='bbox 1022 429 1042 449; x_wconf 84' lang='lat'>*</span> 
     </span>
     <span class='ocr_line' id='line_1_7' title="bbox 217 479 1046 532; baseline -0.001 -12"><span class='ocrx_word' id='word_1_24' title='bbox 217 480 273 520; x_wconf 89' lang='lat' dir='ltr'>Et</span> <span class='ocrx_word' id='word_1_25' title='bbox 305 479 444 521; x_wconf 91' lang='lat' dir='ltr'>nubes</span> <span class='ocrx_word' id='word_1_26' title='bbox 474 480 628 532; x_wconf 79' lang='lat' dir='ltr'>pluant</span> <span class='ocrx_word' id='word_1_27' title='bbox 655 481 824 531; x_wconf 90' lang='lat' dir='ltr'>justum.</span> <span class='ocrx_word' id='word_1_28' title='bbox 869 480 1046 520; x_wconf 77' lang='lat' dir='ltr'>Rorate.</span> 
     </span>
     <span class='ocr_line' id='line_1_8' title="bbox 216 529 1047 587; baseline 0.002 -14"><span class='ocrx_word' id='word_1_29' title='bbox 216 529 263 579; x_wconf 86' lang='lat' dir='ltr'>Y.</span> <span class='ocrx_word' id='word_1_30' title='bbox 303 536 541 587; x_wconf 87' lang='lat' dir='ltr'>Aperiatur</span> <span class='ocrx_word' id='word_1_31' title='bbox 578 541 710 585; x_wconf 85' lang='lat' dir='ltr'>terra,</span> <span class='ocrx_word' id='word_1_32' title='bbox 755 541 798 577; x_wconf 91' lang='lat' dir='ltr'>et</span> <span class='ocrx_word' id='word_1_33' title='bbox 833 536 1047 585; x_wconf 84' lang='lat' dir='ltr'>germinet</span> 
     </span>
     <span class='ocr_line' id='line_1_9' title="bbox 217 591 1006 633; baseline -0.003 0"><span class='ocrx_word' id='word_1_34' title='bbox 217 591 497 633; x_wconf 80' lang='lat' dir='ltr'>Salvatorem</span> <span class='ocrx_word' id='word_1_35' title='bbox 531 592 598 633; x_wconf 93' lang='lat' dir='ltr'>Et.</span> <span class='ocrx_word' id='word_1_36' title='bbox 634 591 795 633; x_wconf 73' lang='lat' dir='ltr'>Gloria.</span> <span class='ocrx_word' id='word_1_37' title='bbox 829 591 1006 631; x_wconf 78' lang='lat' dir='ltr'>Rorate.</span> 
     </span>
    </p>

    <p class='ocr_par' dir='ltr' id='par_1_6' title="bbox 216 643 1045 801">
     <span class='ocr_line' id='line_1_10' title="bbox 268 643 1045 698; baseline 0.001 -13"><span class='ocrx_word' id='word_1_38' title='bbox 268 643 315 692; x_wconf 91' lang='lat' dir='ltr'>Y.</span> <span class='ocrx_word' id='word_1_39' title='bbox 355 647 516 689; x_wconf 82' lang='lat' dir='ltr'>Emitte</span> <span class='ocrx_word' id='word_1_40' title='bbox 544 648 720 698; x_wconf 85' lang='lat' dir='ltr'>Agnum</span> <span class='ocrx_word' id='word_1_41' title='bbox 748 646 936 687; x_wconf 85' lang='lat' dir='ltr'>Domine</span> <span class='ocrx_word' id='word_1_42' title='bbox 969 645 1045 687; x_wconf 93' lang='lat' dir='ltr'>do-</span> 
     </span>
     <span class='ocr_line' id='line_1_11' title="bbox 216 701 1044 754; baseline -0.001 -10"><span class='ocrx_word' id='word_1_43' title='bbox 216 703 474 745; x_wconf 76' lang='lat' dir='ltr'>minaterem</span> <span class='ocrx_word' id='word_1_44' title='bbox 493 709 634 744; x_wconf 79' lang='lat' dir='ltr'>terrae.</span> <span class='ocrx_word' id='word_1_45' title='bbox 661 703 710 754; x_wconf 68' lang='lat' dir='ltr'>R».</span> <span class='ocrx_word' id='word_1_46' title='bbox 738 703 806 743; x_wconf 92' lang='lat' dir='ltr'>De</span> <span class='ocrx_word' id='word_1_47' title='bbox 824 702 955 743; x_wconf 88' lang='lat' dir='ltr'>Petra</span> <span class='ocrx_word' id='word_1_48' title='bbox 974 701 1044 743; x_wconf 90' lang='lat' dir='ltr'>de-</span> 
     </span>
     <span class='ocr_line' id='line_1_12' title="bbox 216 758 866 801; baseline -0.002 -2"><span class='ocrx_word' id='word_1_49' title='bbox 216 759 321 800; x_wconf 89' lang='lat' dir='ltr'>serti</span> <span class='ocrx_word' id='word_1_50' title='bbox 340 758 397 800; x_wconf 92' lang='lat' dir='ltr'>ad</span> <span class='ocrx_word' id='word_1_51' title='bbox 416 765 611 801; x_wconf 92' lang='lat' dir='ltr'>montem</span> <span class='ocrx_word' id='word_1_52' title='bbox 630 759 732 799; x_wconf 82' lang='lat' dir='ltr'>filiae</span> <span class='ocrx_word' id='word_1_53' title='bbox 751 759 866 800; x_wconf 89' lang='lat' dir='ltr'>Sion.</span> 
     </span>
    </p>
   </div>
   <div class='ocr_carea' id='block_1_5' title="bbox 494 833 768 868">
    <p class='ocr_par' dir='ltr' id='par_1_7' title="bbox 494 833 768 868">
     <span class='ocr_line' id='line_1_13' title="bbox 494 833 768 868; baseline -0.004 0"><span class='ocrx_word' id='word_1_54' title='bbox 494 833 561 868; x_wconf 92' lang='lat' dir='ltr'>Ad</span> <span class='ocrx_word' id='word_1_55' title='bbox 584 833 768 868; x_wconf 89' lang='lat' dir='ltr'>Nonam.</span> 
     </span>
    </p>
   </div>
   <div class='ocr_carea' id='block_1_6' title="bbox 214 890 1047 2140">
    <p class='ocr_par' dir='ltr' id='par_1_8' title="bbox 214 890 1046 1109">
     <span class='ocr_line' id='line_1_14' title="bbox 267 890 896 933; baseline -0.003 -1"><span class='ocrx_word' id='word_1_56' title='bbox 267 895 365 932; x_wconf 80' lang='lat' dir='ltr'>Ant.</span> <span class='ocrx_word' id='word_1_57' title='bbox 397 894 511 933; x_wconf 76' lang='lat' dir='ltr'>Ecce</span> <span class='ocrx_word' id='word_1_58' title='bbox 531 891 687 932; x_wconf 85' lang='lat' dir='ltr'>ancilla</span> <span class='ocrx_word' id='word_1_59' title='bbox 708 890 896 931; x_wconf 86' lang='lat' dir='ltr'>Domini.</span> 
     </span>
     <span class='ocr_line' id='line_1_15' title="bbox 322 952 938 1004; baseline -0.005 -12"><span class='ocrx_word' id='word_1_60' title='bbox 322 953 579 1004; x_wconf 71' lang='lat' dir='ltr'>Capitulum.</span> <span class='ocrx_word' id='word_1_61' title='bbox 748 953 801 991; x_wconf 85' lang='lat' dir='ltr'>Is.</span> <span class='ocrx_word' id='word_1_62' title='bbox 818 953 883 991; x_wconf 77' lang='lat'>45.</span> <span class='ocrx_word' id='word_1_63' title='bbox 900 952 938 992; x_wconf 88' lang='lat' dir='ltr'>b.</span> 
     </span>
     <span class='ocr_line' id='line_1_16' title="bbox 214 1005 1046 1109; baseline -0.004 -60"><span class='ocrx_word' id='word_1_64' title='bbox 214 1005 419 1109; x_wconf 82' lang='lat' dir='ltr'>Rorate</span> <span class='ocrx_word' id='word_1_65' title='bbox 454 1006 554 1048; x_wconf 87' lang='lat' dir='ltr'>coeli</span> <span class='ocrx_word' id='word_1_66' title='bbox 589 1006 793 1058; x_wconf 85' lang='lat' dir='ltr'>desuper,</span> <span class='ocrx_word' id='word_1_67' title='bbox 831 1010 875 1047; x_wconf 90' lang='lat' dir='ltr'>et</span> <span class='ocrx_word' id='word_1_68' title='bbox 906 1005 1046 1047; x_wconf 93' lang='lat' dir='ltr'>nubes</span> 
     </span>
    </p>

    <p class='ocr_par' dir='ltr' id='par_1_9' title="bbox 217 1062 1046 1272">
     <span class='ocr_line' id='line_1_17' title="bbox 319 1062 1046 1116; baseline -0.001 -12"><span class='ocrx_word' id='word_1_69' title='bbox 319 1064 471 1116; x_wconf 83' lang='lat' dir='ltr'>pluant</span> <span class='ocrx_word' id='word_1_70' title='bbox 491 1064 663 1114; x_wconf 89' lang='lat' dir='ltr'>justum:</span> <span class='ocrx_word' id='word_1_71' title='bbox 684 1062 904 1115; x_wconf 73' lang='lat' dir='ltr'>aperietur</span> <span class='ocrx_word' id='word_1_72' title='bbox 918 1067 1046 1111; x_wconf 86' lang='lat' dir='ltr'>terra,</span> 
     </span>
     <span class='ocr_line' id='line_1_18' title="bbox 217 1118 1045 1170; baseline -0.004 -9"><span class='ocrx_word' id='word_1_73' title='bbox 217 1126 259 1161; x_wconf 93' lang='lat' dir='ltr'>et</span> <span class='ocrx_word' id='word_1_74' title='bbox 277 1119 489 1170; x_wconf 78' lang='lat' dir='ltr'>germinet</span> <span class='ocrx_word' id='word_1_75' title='bbox 508 1118 795 1167; x_wconf 82' lang='lat' dir='ltr'>Salvaterem‚</span> <span class='ocrx_word' id='word_1_76' title='bbox 821 1124 864 1159; x_wconf 94' lang='lat' dir='ltr'>et</span> <span class='ocrx_word' id='word_1_77' title='bbox 883 1118 1045 1170; x_wconf 88' lang='lat' dir='ltr'>justitia</span> 
     </span>
     <span class='ocr_line' id='line_1_19' title="bbox 217 1173 1046 1224; baseline -0.002 -8"><span class='ocrx_word' id='word_1_78' title='bbox 217 1176 382 1216; x_wconf 68' lang='lat' dir='ltr'>orietur</span> <span class='ocrx_word' id='word_1_79' title='bbox 401 1174 544 1215; x_wconf 91' lang='lat' dir='ltr'>simul:</span> <span class='ocrx_word' id='word_1_80' title='bbox 564 1187 646 1224; x_wconf 89' lang='lat' dir='ltr'>ego</span> <span class='ocrx_word' id='word_1_81' title='bbox 666 1174 880 1215; x_wconf 78' lang='lat' dir='ltr'>Deminus</span> <span class='ocrx_word' id='word_1_82' title='bbox 900 1173 1046 1215; x_wconf 82' lang='lat' dir='ltr'>creavi</span> 
     </span>
     <span class='ocr_line' id='line_1_20' title="bbox 217 1244 326 1272; baseline -0.009 0"><span class='ocrx_word' id='word_1_83' title='bbox 217 1244 326 1272; x_wconf 91' lang='lat' dir='ltr'>eum.</span> 
     </span>
    </p>

    <p class='ocr_par' dir='ltr' id='par_1_10' title="bbox 214 1286 1046 1496">
     <span class='ocr_line' id='line_1_21' title="bbox 266 1286 1042 1338; baseline 0.001 -12"><span class='ocrx_word' id='word_1_84' title='bbox 266 1289 315 1338; x_wconf 73' lang='lat' dir='ltr'>R.</span> <span class='ocrx_word' id='word_1_85' title='bbox 337 1288 396 1328; x_wconf 89' lang='lat' dir='ltr'>br.</span> <span class='ocrx_word' id='word_1_86' title='bbox 428 1287 590 1328; x_wconf 83' lang='lat' dir='ltr'>Emitte</span> <span class='ocrx_word' id='word_1_87' title='bbox 615 1286 791 1336; x_wconf 88' lang='lat' dir='ltr'>Agnum</span> <span class='ocrx_word' id='word_1_88' title='bbox 813 1286 1003 1327; x_wconf 81' lang='lat' dir='ltr'>Demine</span> <span class='ocrx_word' id='word_1_89' title='bbox 1021 1289 1042 1311; x_wconf 84' lang='lat'>*</span> 
     </span>
     <span class='ocr_line' id='line_1_22' title="bbox 215 1338 1046 1388; baseline -0.004 -4"><span class='ocrx_word' id='word_1_90' title='bbox 215 1343 549 1384; x_wconf 76' lang='lat' dir='ltr'>Dominaterem</span> <span class='ocrx_word' id='word_1_91' title='bbox 562 1347 703 1384; x_wconf 84' lang='lat' dir='ltr'>terrae.</span> <span class='ocrx_word' id='word_1_92' title='bbox 723 1343 896 1384; x_wconf 82' lang='lat' dir='ltr'>Emitte.</span> <span class='ocrx_word' id='word_1_93' title='bbox 913 1338 964 1388; x_wconf 88' lang='lat' dir='ltr'>Y.</span> <span class='ocrx_word' id='word_1_94' title='bbox 978 1342 1046 1382; x_wconf 90' lang='lat' dir='ltr'>De</span> 
     </span>
     <span class='ocr_line' id='line_1_23' title="bbox 214 1398 1046 1441; baseline -0.005 0"><span class='ocrx_word' id='word_1_95' title='bbox 214 1400 346 1441; x_wconf 87' lang='lat' dir='ltr'>Petra</span> <span class='ocrx_word' id='word_1_96' title='bbox 362 1398 524 1440; x_wconf 84' lang='lat' dir='ltr'>deserti</span> <span class='ocrx_word' id='word_1_97' title='bbox 540 1398 597 1440; x_wconf 90' lang='lat' dir='ltr'>ad</span> <span class='ocrx_word' id='word_1_98' title='bbox 611 1403 806 1439; x_wconf 92' lang='lat' dir='ltr'>montem</span> <span class='ocrx_word' id='word_1_99' title='bbox 818 1398 920 1438; x_wconf 76' lang='lat' dir='ltr'>filiae</span> <span class='ocrx_word' id='word_1_100' title='bbox 931 1398 1046 1438; x_wconf 90' lang='lat' dir='ltr'>Sion.</span> 
     </span>
     <span class='ocr_line' id='line_1_24' title="bbox 215 1454 1045 1496; baseline -0.001 -1"><span class='ocrx_word' id='word_1_101' title='bbox 215 1455 558 1496; x_wconf 82' lang='lat' dir='ltr'>Dominaterem.</span> <span class='ocrx_word' id='word_1_102' title='bbox 571 1454 723 1495; x_wconf 77' lang='lat' dir='ltr'>Gleria</span> <span class='ocrx_word' id='word_1_103' title='bbox 732 1454 862 1495; x_wconf 88' lang='lat' dir='ltr'>Patri.</span> <span class='ocrx_word' id='word_1_104' title='bbox 872 1454 1045 1494; x_wconf 81' lang='lat' dir='ltr'>Emitte.</span> 
     </span>
    </p>

    <p class='ocr_par' dir='ltr' id='par_1_11' title="bbox 216 1505 1047 1663">
     <span class='ocr_line' id='line_1_25' title="bbox 266 1505 1047 1563; baseline 0.003 -14"><span class='ocrx_word' id='word_1_105' title='bbox 266 1505 314 1556; x_wconf 91' lang='lat' dir='ltr'>Y.</span> <span class='ocrx_word' id='word_1_106' title='bbox 345 1510 532 1563; x_wconf 82' lang='lat' dir='ltr'>Spiritus</span> <span class='ocrx_word' id='word_1_107' title='bbox 561 1516 737 1551; x_wconf 86' lang='lat' dir='ltr'>sanctus</span> <span class='ocrx_word' id='word_1_108' title='bbox 767 1510 1047 1562; x_wconf 81' lang='lat' dir='ltr'>superveniet</span> 
     </span>
     <span class='ocr_line' id='line_1_26' title="bbox 216 1565 1045 1618; baseline 0.001 -12"><span class='ocrx_word' id='word_1_109' title='bbox 216 1567 259 1606; x_wconf 92' lang='lat' dir='ltr'>in</span> <span class='ocrx_word' id='word_1_110' title='bbox 278 1571 333 1607; x_wconf 91' lang='lat' dir='ltr'>te.</span> <span class='ocrx_word' id='word_1_111' title='bbox 356 1568 405 1618; x_wconf 74' lang='lat' dir='ltr'>R:—</span> <span class='ocrx_word' id='word_1_112' title='bbox 430 1566 485 1607; x_wconf 92' lang='lat' dir='ltr'>Et</span> <span class='ocrx_word' id='word_1_113' title='bbox 504 1567 641 1608; x_wconf 87' lang='lat' dir='ltr'>virtus</span> <span class='ocrx_word' id='word_1_114' title='bbox 659 1566 874 1607; x_wconf 92' lang='lat' dir='ltr'>Altissimi</span> <span class='ocrx_word' id='word_1_115' title='bbox 894 1565 1045 1607; x_wconf 88' lang='lat' dir='ltr'>obum-</span> 
     </span>
     <span class='ocr_line' id='line_1_27' title="bbox 216 1622 475 1663; baseline -0.004 0"><span class='ocrx_word' id='word_1_116' title='bbox 216 1622 362 1663; x_wconf 81' lang='lat' dir='ltr'>brabit</span> <span class='ocrx_word' id='word_1_117' title='bbox 385 1622 475 1663; x_wconf 91' lang='lat' dir='ltr'>tibi.</span> 
     </span>
    </p>

    <p class='ocr_par' dir='ltr' id='par_1_12' title="bbox 423 1702 837 1752">
     <span class='ocr_line' id='line_1_28' title="bbox 423 1702 837 1752; baseline 0.002 -10"><span class='ocrx_word' id='word_1_118' title='bbox 423 1702 484 1742; x_wconf 91' lang='lat' dir='ltr'>In</span> <span class='ocrx_word' id='word_1_119' title='bbox 503 1702 565 1743; x_wconf 91' lang='lat'>11.</span> <span class='ocrx_word' id='word_1_120' title='bbox 585 1702 837 1752; x_wconf 81' lang='lat' dir='ltr'>vesperis.</span> 
     </span>
    </p>

    <p class='ocr_par' dir='ltr' id='par_1_13' title="bbox 267 1762 1042 1806">
     <span class='ocr_line' id='line_1_29' title="bbox 267 1762 1042 1806; baseline 0.007 -13"><span class='ocrx_word' id='word_1_121' title='bbox 267 1762 402 1796; x_wconf 67' lang='lat' dir='ltr'>Omni&#39;r</span> <span class='ocrx_word' id='word_1_122' title='bbox 429 1767 467 1796; x_wconf 90' lang='lat' dir='ltr'>ut</span> <span class='ocrx_word' id='word_1_123' title='bbox 493 1763 529 1796; x_wconf 84' lang='lat' dir='ltr'>in</span> <span class='ocrx_word' id='word_1_124' title='bbox 556 1763 701 1805; x_wconf 83' lang='lat' dir='ltr'>primis</span> <span class='ocrx_word' id='word_1_125' title='bbox 728 1768 867 1806; x_wconf 64' lang='lat' dir='ltr'>practer</span> <span class='ocrx_word' id='word_1_126' title='bbox 890 1765 976 1798; x_wconf 90' lang='lat' dir='ltr'>Ant</span> <span class='ocrx_word' id='word_1_127' title='bbox 1001 1766 1042 1800; x_wconf 87' lang='lat'>5</span> 
     </span>
    </p>

    <p class='ocr_par' dir='ltr' id='par_1_14' title="bbox 215 1811 1028 1969">
     <span class='ocr_line' id='line_1_30' title="bbox 215 1811 791 1854; baseline 0.002 -11"><span class='ocrx_word' id='word_1_128' title='bbox 215 1811 321 1852; x_wconf 78' lang='lat' dir='ltr'>cujus</span> <span class='ocrx_word' id='word_1_129' title='bbox 347 1811 433 1844; x_wconf 84' lang='lat' dir='ltr'>loco</span> <span class='ocrx_word' id='word_1_130' title='bbox 460 1811 600 1844; x_wconf 85' lang='lat' dir='ltr'>dicitur</span> <span class='ocrx_word' id='word_1_131' title='bbox 625 1821 791 1854; x_wconf 84' lang='lat' dir='ltr'>sequens</span> 
     </span>
     <span class='ocr_line' id='line_1_31' title="bbox 267 1861 1045 1917; baseline 0.008 -17.129"><span class='ocrx_word' id='word_1_132' title='bbox 267 1862 365 1901; x_wconf 88' lang='lat' dir='ltr'>Ant.</span> <span class='ocrx_word' id='word_1_133' title='bbox 385 1863 421 1900; x_wconf 91' lang='lat'>³.</span> <span class='ocrx_word' id='word_1_134' title='bbox 450 1861 518 1902; x_wconf 93' lang='lat' dir='ltr'>De</span> <span class='ocrx_word' id='word_1_135' title='bbox 542 1861 684 1903; x_wconf 89' lang='lat' dir='ltr'>fructu</span> <span class='ocrx_word' id='word_1_136' title='bbox 704 1877 730 1903; x_wconf 88' lang='lat' dir='ltr'>v</span> <span class='ocrx_word' id='word_1_137' title='bbox 734 1864 867 1905; x_wconf 91' lang='lat' dir='ltr'>entris</span> <span class='ocrx_word' id='word_1_138' title='bbox 886 1865 950 1906; x_wconf 92' lang='lat' dir='ltr'>tui</span> <span class='ocrx_word' id='word_1_139' title='bbox 968 1878 1045 1917; x_wconf 90' lang='lat' dir='ltr'>po-</span> 
     </span>
     <span class='ocr_line' id='line_1_32' title="bbox 217 1916 788 1969; baseline 0.007 -13"><span class='ocrx_word' id='word_1_140' title='bbox 217 1929 317 1957; x_wconf 86' lang='lat' dir='ltr'>nam</span> <span class='ocrx_word' id='word_1_141' title='bbox 336 1930 467 1969; x_wconf 90' lang='lat' dir='ltr'>super</span> <span class='ocrx_word' id='word_1_142' title='bbox 488 1916 639 1959; x_wconf 88' lang='lat' dir='ltr'>sedem</span> <span class='ocrx_word' id='word_1_143' title='bbox 658 1924 788 1960; x_wconf 90' lang='lat' dir='ltr'>tuam.</span> 
     </span>
    </p>

    <p class='ocr_par' dir='ltr' id='par_1_15' title="bbox 270 1973 999 2018">
     <span class='ocr_line' id='line_1_33' title="bbox 270 1973 999 2018; baseline 0.011 -8"><span class='ocrx_word' id='word_1_144' title='bbox 270 1973 298 2010; x_wconf 96' lang='lat' dir='ltr'>l</span> <span class='ocrx_word' id='word_1_145' title='bbox 303 1987 332 2011; x_wconf 98' lang='grc'>5</span> <span class='ocrx_word' id='word_1_146' title='bbox 356 1974 430 2011; x_wconf 56' lang='grc'>11-.11</span> <span class='ocrx_word' id='word_1_147' title='bbox 465 1974 684 2015; x_wconf 80' lang='lat' dir='ltr'>Memento</span> <span class='ocrx_word' id='word_1_148' title='bbox 703 1976 901 2018; x_wconf 83' lang='lat' dir='ltr'>Domine.</span> <span class='ocrx_word' id='word_1_149' title='bbox 920 1978 999 2018; x_wconf 91' lang='lat'>117.</span> 
     </span>
    </p>

    <p class='ocr_par' dir='ltr' id='par_1_16' title="bbox 268 2029 875 2088">
     <span class='ocr_line' id='line_1_34' title="bbox 268 2029 875 2088; baseline 0.012 -20"><span class='ocrx_word' id='word_1_150' title='bbox 268 2030 404 2079; x_wconf 71' lang='lat' dir='ltr'>Capit.</span> <span class='ocrx_word' id='word_1_151' title='bbox 436 2029 709 2083; x_wconf 69' lang='lat' dir='ltr'>ljgredietur.</span> <span class='ocrx_word' id='word_1_152' title='bbox 738 2034 875 2088; x_wconf 88' lang='lat'>[265]</span> 
     </span>
    </p>

    <p class='ocr_par' dir='ltr' id='par_1_17' title="bbox 270 2091 811 2140">
     <span class='ocr_line' id='line_1_35' title="bbox 270 2091 811 2140; baseline 0.013 -12"><span class='ocrx_word' id='word_1_153' title='bbox 270 2091 337 2140; x_wconf 67' lang='lat' dir='ltr'>H)</span> <span class='ocrx_word' id='word_1_154' title='bbox 342 2103 476 2129; x_wconf 83' lang='grc'>11111115.</span> <span class='ocrx_word' id='word_1_155' title='bbox 507 2094 540 2131; x_wconf 66' lang='lat' dir='ltr'>t</span> <span class='ocrx_word' id='word_1_156' title='bbox 545 2094 811 2135; x_wconf 76' lang='lat' dir='ltr'>reator.132.</span> 
     </span>
    </p>
   </div>
   <div class='ocr_carea' id='block_1_7' title="bbox 217 2147 1047 2248">
    <p class='ocr_par' dir='ltr' id='par_1_18' title="bbox 217 2147 1047 2248">
     <span class='ocr_line' id='line_1_36' title="bbox 269 2147 1047 2207; baseline 0.009 -17"><span class='ocrx_word' id='word_1_157' title='bbox 269 2147 316 2197; x_wconf 97' lang='lat' dir='ltr'>Y.</span> <span class='ocrx_word' id='word_1_158' title='bbox 334 2150 430 2192; x_wconf 94' lang='lat' dir='ltr'>Ave</span> <span class='ocrx_word' id='word_1_159' title='bbox 441 2151 588 2201; x_wconf 85' lang='lat' dir='ltr'>Maria,</span> <span class='ocrx_word' id='word_1_160' title='bbox 599 2154 739 2203; x_wconf 80' lang='lat' dir='ltr'>gratia</span> <span class='ocrx_word' id='word_1_161' title='bbox 749 2154 890 2206; x_wconf 88' lang='lat' dir='ltr'>plena.</span> <span class='ocrx_word' id='word_1_162' title='bbox 903 2157 951 2207; x_wconf 91' lang='lat' dir='ltr'>R</span> <span class='ocrx_word' id='word_1_163' title='bbox 966 2156 1047 2197; x_wconf 78' lang='lat' dir='ltr'>De-</span> 
     </span>
     <span class='ocr_line' id='line_1_37' title="bbox 217 2206 533 2248; baseline 0.007 -3"><span class='ocrx_word' id='word_1_164' title='bbox 217 2206 359 2247; x_wconf 91' lang='lat' dir='ltr'>minus</span> <span class='ocrx_word' id='word_1_165' title='bbox 376 2211 533 2248; x_wconf 90' lang='lat' dir='ltr'>tecum.</span> 
     </span>
    </p>
   </div>
   <div class='ocr_carea' id='block_1_8' title="bbox 217 2273 1046 2543">
    <p class='ocr_par' dir='ltr' id='par_1_19' title="bbox 217 2273 1046 2543">
     <span class='ocr_line' id='line_1_38' title="bbox 271 2273 1046 2327; baseline 0.007 -14.094"><span class='ocrx_word' id='word_1_166' title='bbox 271 2273 339 2313; x_wconf 84' lang='lat' dir='ltr'>Ad</span> <span class='ocrx_word' id='word_1_167' title='bbox 364 2274 534 2324; x_wconf 79' lang='lat' dir='ltr'>Magnis.</span> <span class='ocrx_word' id='word_1_168' title='bbox 567 2276 663 2315; x_wconf 89' lang='lat' dir='ltr'>A.nt</span> <span class='ocrx_word' id='word_1_169' title='bbox 694 2276 730 2312; x_wconf 86' lang='grc'>()</span> <span class='ocrx_word' id='word_1_170' title='bbox 753 2275 892 2325; x_wconf 86' lang='lat' dir='ltr'>Virgo</span> <span class='ocrx_word' id='word_1_171' title='bbox 920 2278 1046 2327; x_wconf 88' lang='lat' dir='ltr'>virgi-</span> 
     </span>
     <span class='ocr_line' id='line_1_39' title="bbox 217 2326 1046 2383; baseline 0.011 -18"><span class='ocrx_word' id='word_1_172' title='bbox 217 2339 330 2375; x_wconf 90' lang='lat' dir='ltr'>num,</span> <span class='ocrx_word' id='word_1_173' title='bbox 352 2326 575 2378; x_wconf 78' lang='lat' dir='ltr'>quemodo</span> <span class='ocrx_word' id='word_1_174' title='bbox 598 2328 674 2369; x_wconf 90' lang='lat' dir='ltr'>fiet</span> <span class='ocrx_word' id='word_1_175' title='bbox 692 2329 831 2371; x_wconf 86' lang='lat' dir='ltr'>istud?</span> <span class='ocrx_word' id='word_1_176' title='bbox 851 2332 951 2383; x_wconf 89' lang='lat' dir='ltr'>quia</span> <span class='ocrx_word' id='word_1_177' title='bbox 965 2346 1046 2375; x_wconf 92' lang='lat' dir='ltr'>nec</span> 
     </span>
     <span class='ocr_line' id='line_1_40' title="bbox 217 2382 1045 2436; baseline 0.011 -15"><span class='ocrx_word' id='word_1_178' title='bbox 217 2382 401 2433; x_wconf 86' lang='lat' dir='ltr'>primam</span> <span class='ocrx_word' id='word_1_179' title='bbox 430 2383 614 2424; x_wconf 89' lang='lat' dir='ltr'>similem</span> <span class='ocrx_word' id='word_1_180' title='bbox 643 2384 735 2425; x_wconf 87' lang='lat' dir='ltr'>visa</span> <span class='ocrx_word' id='word_1_181' title='bbox 765 2399 831 2436; x_wconf 86' lang='lat' dir='ltr'>es,</span> <span class='ocrx_word' id='word_1_182' title='bbox 863 2400 943 2429; x_wconf 89' lang='lat' dir='ltr'>nec</span> <span class='ocrx_word' id='word_1_183' title='bbox 974 2388 1045 2430; x_wconf 86' lang='lat' dir='ltr'>ha-</span> 
     </span>
     <span class='ocr_line' id='line_1_41' title="bbox 217 2436 1045 2495; baseline 0.01 -18"><span class='ocrx_word' id='word_1_184' title='bbox 217 2436 322 2478; x_wconf 91' lang='lat' dir='ltr'>bere</span> <span class='ocrx_word' id='word_1_185' title='bbox 347 2440 612 2490; x_wconf 82' lang='lat' dir='ltr'>sequentem.</span> <span class='ocrx_word' id='word_1_186' title='bbox 646 2440 768 2481; x_wconf 80' lang='lat' dir='ltr'>Filiae</span> <span class='ocrx_word' id='word_1_187' title='bbox 791 2442 1045 2495; x_wconf 84' lang='lat' dir='ltr'>Jerusalem,</span> 
     </span>
     <span class='ocr_line' id='line_1_42' title="bbox 219 2492 1046 2543; baseline 0.011 -10"><span class='ocrx_word' id='word_1_188' title='bbox 219 2492 324 2543; x_wconf 92' lang='lat' dir='ltr'>quid</span> <span class='ocrx_word' id='word_1_189' title='bbox 341 2506 411 2534; x_wconf 92' lang='lat' dir='ltr'>me</span> <span class='ocrx_word' id='word_1_190' title='bbox 432 2493 727 2535; x_wconf 84' lang='lat' dir='ltr'>admiramini?</span> <span class='ocrx_word' id='word_1_191' title='bbox 756 2496 960 2539; x_wconf 88' lang='lat' dir='ltr'>Divinum</span> <span class='ocrx_word' id='word_1_192' title='bbox 979 2506 1046 2543; x_wconf 89' lang='lat' dir='ltr'>est</span> 
     </span>
    </p>
   </div>
   <div class='ocr_carea' id='block_1_9' title="bbox 217 2549 920 2602">
    <p class='ocr_par' dir='ltr' id='par_1_20' title="bbox 217 2549 920 2602">
     <span class='ocr_line' id='line_1_43' title="bbox 217 2549 920 2602; baseline 0.007 -14"><span class='ocrx_word' id='word_1_193' title='bbox 217 2549 471 2600; x_wconf 84' lang='lat' dir='ltr'>mysterium</span> <span class='ocrx_word' id='word_1_194' title='bbox 490 2549 574 2591; x_wconf 95' lang='lat' dir='ltr'>hoc</span> <span class='ocrx_word' id='word_1_195' title='bbox 596 2550 715 2602; x_wconf 93' lang='lat' dir='ltr'>quod</span> <span class='ocrx_word' id='word_1_196' title='bbox 735 2553 920 2594; x_wconf 89' lang='lat' dir='ltr'>cernitis.</span> 
     </span>
    </p>
   </div>
   <div class='ocr_carea' id='block_1_10' title="bbox 217 2608 1042 2691">
    <p class='ocr_par' dir='ltr' id='par_1_21' title="bbox 217 2608 1042 2691">
     <span class='ocr_line' id='line_1_44' title="bbox 271 2608 1042 2645; baseline 0.005 -5"><span class='ocrx_word' id='word_1_197' title='bbox 271 2608 343 2641; x_wconf 84' lang='lat' dir='ltr'>Pro</span> <span class='ocrx_word' id='word_1_198' title='bbox 385 2618 624 2642; x_wconf 77' lang='lat' dir='ltr'>commemor.</span> <span class='ocrx_word' id='word_1_199' title='bbox 666 2609 830 2642; x_wconf 78' lang='lat' dir='ltr'>Advent.</span> <span class='ocrx_word' id='word_1_200' title='bbox 880 2611 962 2643; x_wconf 78' lang='lat' dir='ltr'>Ant.</span> <span class='ocrx_word' id='word_1_201' title='bbox 1012 2611 1042 2645; x_wconf 87' lang='lat' dir='ltr'><em>O</em></span> 
     </span>
     <span class='ocr_line' id='line_1_45' title="bbox 217 2655 479 2691; baseline 0.008 -2"><span class='ocrx_word' id='word_1_202' title='bbox 217 2655 382 2691; x_wconf 77' lang='lat' dir='ltr'>Adenai.</span> <span class='ocrx_word' id='word_1_203' title='bbox 408 2657 479 2691; x_wconf 88' lang='lat'>156.</span> 
     </span>
    </p>
   </div>
   <div class='ocr_carea' id='block_1_11' title="bbox 424 2717 839 2746">
    <p class='ocr_par' dir='ltr' id='par_1_22' title="bbox 424 2717 839 2746">
     <span class='ocr_line' id='line_1_46' title="bbox 424 2717 839 2746; baseline 0.005 -15"><span class='ocrx_word' id='word_1_204' title='bbox 424 2729 522 2731; x_wconf 32' lang='lat' dir='ltr'>-.-A</span> <span class='ocrx_word' id='word_1_205' title='bbox 535 2717 791 2746; x_wconf 26' lang='lat' dir='ltr'>.-.w-EA</span> <span class='ocrx_word' id='word_1_206' title='bbox 809 2731 839 2733; x_wconf 74' lang='grc'>,,</span> 
     </span>
    </p>
   </div>
   <div class='ocr_carea' id='block_1_12' title="bbox 1283 309 1742 418">
    <p class='ocr_par' dir='ltr' id='par_1_23' title="bbox 1283 309 1742 418">
     <span class='ocr_line' id='line_1_47' title="bbox 1283 309 1742 352; baseline 0 -1"><span class='ocrx_word' id='word_1_207' title='bbox 1283 310 1367 352; x_wconf 91' lang='lat' dir='ltr'>Die</span> <span class='ocrx_word' id='word_1_208' title='bbox 1385 311 1452 351; x_wconf 88' lang='lat'>26.</span> <span class='ocrx_word' id='word_1_209' title='bbox 1470 309 1742 351; x_wconf 90' lang='lat' dir='ltr'>Decembris.</span> 
     </span>
     <span class='ocr_line' id='line_1_48' title="bbox 1325 372 1727 418; baseline 0.002 -6"><span class='ocrx_word' id='word_1_210' title='bbox 1325 372 1695 413; x_wconf 88' lang='lat' dir='ltr'>Commemoratio</span> <span class='ocrx_word' id='word_1_211' title='bbox 1726 415 1727 418; x_wconf 60' lang='grc'>,</span> 
     </span>
    </p>
   </div>
   <div class='ocr_carea' id='block_1_13' title="bbox 1183 433 1846 483">
    <p class='ocr_par' dir='ltr' id='par_1_24' title="bbox 1183 433 1846 483">
     <span class='ocr_line' id='line_1_49' title="bbox 1183 433 1846 483; baseline 0 -9"><span class='ocrx_word' id='word_1_212' title='bbox 1183 434 1417 475; x_wconf 89' lang='lat' dir='ltr'>Omnium</span> <span class='ocrx_word' id='word_1_213' title='bbox 1445 434 1516 475; x_wconf 88' lang='lat' dir='ltr'>Ss.</span> <span class='ocrx_word' id='word_1_214' title='bbox 1543 433 1846 483; x_wconf 82' lang='lat' dir='ltr'>Martyrum.</span> 
     </span>
    </p>
   </div>
   <div class='ocr_carea' id='block_1_14' title="bbox 1099 496 1930 634">
    <p class='ocr_par' dir='ltr' id='par_1_25' title="bbox 1099 496 1930 634">
     <span class='ocr_line' id='line_1_50' title="bbox 1152 496 1930 539; baseline 0.005 -11"><span class='ocrx_word' id='word_1_215' title='bbox 1152 496 1192 528; x_wconf 88' lang='lat' dir='ltr'>In</span> <span class='ocrx_word' id='word_1_216' title='bbox 1219 497 1392 539; x_wconf 77' lang='lat' dir='ltr'>utrisque</span> <span class='ocrx_word' id='word_1_217' title='bbox 1419 496 1604 539; x_wconf 83' lang='lat' dir='ltr'>Vesperis</span> <span class='ocrx_word' id='word_1_218' title='bbox 1634 502 1670 531; x_wconf 84' lang='lat' dir='ltr'>et</span> <span class='ocrx_word' id='word_1_219' title='bbox 1695 498 1815 532; x_wconf 85' lang='lat' dir='ltr'>Laud.</span> <span class='ocrx_word' id='word_1_220' title='bbox 1842 499 1930 533; x_wconf 84' lang='lat' dir='ltr'>festi</span> 
     </span>
     <span class='ocr_line' id='line_1_51' title="bbox 1099 541 1928 587; baseline 0.005 -11.005"><span class='ocrx_word' id='word_1_221' title='bbox 1099 545 1133 577; x_wconf 73' lang='lat' dir='ltr'>S.</span> <span class='ocrx_word' id='word_1_222' title='bbox 1159 544 1346 586; x_wconf 65' lang='lat' dir='ltr'>Stephani</span> <span class='ocrx_word' id='word_1_223' title='bbox 1374 544 1602 578; x_wconf 78' lang='lat' dir='ltr'>Protomart.</span> <span class='ocrx_word' id='word_1_224' title='bbox 1633 546 1720 579; x_wconf 85' lang='lat' dir='ltr'>Ant.</span> <span class='ocrx_word' id='word_1_225' title='bbox 1750 550 1786 579; x_wconf 92' lang='lat' dir='ltr'>et</span> <span class='ocrx_word' id='word_1_226' title='bbox 1809 541 1854 587; x_wconf 76' lang='lat' dir='ltr'>Y.</span> <span class='ocrx_word' id='word_1_227' title='bbox 1881 546 1928 580; x_wconf 87' lang='lat' dir='ltr'>de</span> 
     </span>
     <span class='ocr_line' id='line_1_52' title="bbox 1099 592 1557 634; baseline 0.002 -10"><span class='ocrx_word' id='word_1_228' title='bbox 1099 592 1303 625; x_wconf 74' lang='lat' dir='ltr'>Communi</span> <span class='ocrx_word' id='word_1_229' title='bbox 1328 592 1425 634; x_wconf 82' lang='lat' dir='ltr'>plur.</span> <span class='ocrx_word' id='word_1_230' title='bbox 1450 592 1557 626; x_wconf 79' lang='lat' dir='ltr'>Mart.</span> 
     </span>
    </p>
   </div>
   <div class='ocr_carea' id='block_1_15' title="bbox 1098 648 1930 1236">
    <p class='ocr_par' dir='ltr' id='par_1_26' title="bbox 1098 648 1930 1040">
     <span class='ocr_line' id='line_1_53' title="bbox 1436 648 1600 689; baseline -0.006 -1"><span class='ocrx_word' id='word_1_231' title='bbox 1436 648 1600 689; x_wconf 88' lang='lat' dir='ltr'>Oratio.</span> 
     </span>
     <span class='ocr_line' id='line_1_54' title="bbox 1188 706 1930 758; baseline -0.001 -11"><span class='ocrx_word' id='word_1_232' title='bbox 1188 719 1281 755; x_wconf 90' lang='lat' dir='ltr'>eus,</span> <span class='ocrx_word' id='word_1_233' title='bbox 1313 706 1387 758; x_wconf 91' lang='lat' dir='ltr'>qui</span> <span class='ocrx_word' id='word_1_234' title='bbox 1409 718 1491 747; x_wconf 91' lang='lat' dir='ltr'>nos</span> <span class='ocrx_word' id='word_1_235' title='bbox 1517 707 1659 746; x_wconf 79' lang='lat' dir='ltr'>annua</span> <span class='ocrx_word' id='word_1_236' title='bbox 1679 706 1930 746; x_wconf 82' lang='lat' dir='ltr'>sancterum</span> 
     </span>
     <span class='ocr_line' id='line_1_55' title="bbox 1204 762 1929 814; baseline -0.003 -11"><span class='ocrx_word' id='word_1_237' title='bbox 1204 762 1447 814; x_wconf 79' lang='lat' dir='ltr'>Martyrum</span> <span class='ocrx_word' id='word_1_238' title='bbox 1471 763 1649 802; x_wconf 78' lang='lat' dir='ltr'>tuerum</span> <span class='ocrx_word' id='word_1_239' title='bbox 1668 772 1929 802; x_wconf 87' lang='lat' dir='ltr'>commemo-</span> 
     </span>
     <span class='ocr_line' id='line_1_56' title="bbox 1098 815 1930 869; baseline -0.002 -10"><span class='ocrx_word' id='word_1_240' title='bbox 1098 818 1267 859; x_wconf 72' lang='lat' dir='ltr'>ratiOne</span> <span class='ocrx_word' id='word_1_241' title='bbox 1298 817 1512 859; x_wconf 77' lang='lat' dir='ltr'>laetificas:</span> <span class='ocrx_word' id='word_1_242' title='bbox 1553 815 1748 858; x_wconf 85' lang='lat' dir='ltr'>concede</span> <span class='ocrx_word' id='word_1_243' title='bbox 1783 818 1930 869; x_wconf 90' lang='lat' dir='ltr'>propi-</span> 
     </span>
     <span class='ocr_line' id='line_1_57' title="bbox 1098 872 1930 926; baseline -0.004 -11"><span class='ocrx_word' id='word_1_244' title='bbox 1098 874 1199 924; x_wconf 90' lang='lat' dir='ltr'>tius;</span> <span class='ocrx_word' id='word_1_245' title='bbox 1218 878 1267 915; x_wconf 94' lang='lat' dir='ltr'>ut</span> <span class='ocrx_word' id='word_1_246' title='bbox 1288 886 1475 926; x_wconf 90' lang='lat' dir='ltr'>quorum</span> <span class='ocrx_word' id='word_1_247' title='bbox 1492 872 1735 923; x_wconf 87' lang='lat' dir='ltr'>gaudemus</span> <span class='ocrx_word' id='word_1_248' title='bbox 1753 872 1930 922; x_wconf 90' lang='lat' dir='ltr'>meritis,</span> 
     </span>
     <span class='ocr_line' id='line_1_58' title="bbox 1099 928 1930 981; baseline -0.004 -10"><span class='ocrx_word' id='word_1_249' title='bbox 1099 929 1391 971; x_wconf 79' lang='lat' dir='ltr'>accendamur</span> <span class='ocrx_word' id='word_1_250' title='bbox 1411 928 1635 981; x_wconf 72' lang='lat' dir='ltr'>exemplis</span> <span class='ocrx_word' id='word_1_251' title='bbox 1678 928 1764 969; x_wconf 93' lang='lat' dir='ltr'>Per</span> <span class='ocrx_word' id='word_1_252' title='bbox 1781 928 1930 969; x_wconf 81' lang='lat' dir='ltr'>Demi-</span> 
     </span>
     <span class='ocr_line' id='line_1_59' title="bbox 1099 990 1441 1040; baseline 0 -15"><span class='ocrx_word' id='word_1_253' title='bbox 1099 999 1203 1026; x_wconf 92' lang='lat' dir='ltr'>num</span> <span class='ocrx_word' id='word_1_254' title='bbox 1230 990 1441 1040; x_wconf 78' lang='lat' dir='ltr'>nostrum.</span> 
     </span>
    </p>

    <p class='ocr_par' dir='ltr' id='par_1_27' title="bbox 1098 1049 1929 1236">
     <span class='ocr_line' id='line_1_60' title="bbox 1151 1049 1929 1094; baseline 0.003 -12"><span class='ocrx_word' id='word_1_255' title='bbox 1151 1050 1174 1094; x_wconf 63' lang='grc'>5</span> <span class='ocrx_word' id='word_1_256' title='bbox 1204 1049 1310 1082; x_wconf 80' lang='lat' dir='ltr'>Alibi</span> <span class='ocrx_word' id='word_1_257' title='bbox 1344 1060 1391 1082; x_wconf 86' lang='lat' dir='ltr'>ex</span> <span class='ocrx_word' id='word_1_258' title='bbox 1425 1049 1580 1083; x_wconf 82' lang='lat' dir='ltr'>decreto</span> <span class='ocrx_word' id='word_1_259' title='bbox 1610 1049 1670 1082; x_wconf 89' lang='lat' dir='ltr'>Pii</span> <span class='ocrx_word' id='word_1_260' title='bbox 1699 1049 1771 1083; x_wconf 82' lang='lat' dir='ltr'>PP.</span> <span class='ocrx_word' id='word_1_261' title='bbox 1800 1049 1863 1084; x_wconf 80' lang='lat' dir='ltr'>VI.</span> <span class='ocrx_word' id='word_1_262' title='bbox 1895 1050 1929 1084; x_wconf 89' lang='lat' dir='ltr'>d.</span> 
     </span>
     <span class='ocr_line' id='line_1_61' title="bbox 1100 1097 1929 1139; baseline 0.002 -9"><span class='ocrx_word' id='word_1_263' title='bbox 1100 1099 1151 1131; x_wconf 61' lang='lat' dir='ltr'>is.</span> <span class='ocrx_word' id='word_1_264' title='bbox 1182 1097 1271 1138; x_wconf 77' lang='lat' dir='ltr'>Maii</span> <span class='ocrx_word' id='word_1_265' title='bbox 1303 1097 1391 1130; x_wconf 58' lang='lat'>1798</span> <span class='ocrx_word' id='word_1_266' title='bbox 1420 1106 1491 1139; x_wconf 92' lang='lat' dir='ltr'>pro</span> <span class='ocrx_word' id='word_1_267' title='bbox 1522 1097 1638 1139; x_wconf 77' lang='lat' dir='ltr'>aliqu.</span> <span class='ocrx_word' id='word_1_268' title='bbox 1667 1097 1764 1130; x_wconf 89' lang='lat' dir='ltr'>locis</span> <span class='ocrx_word' id='word_1_269' title='bbox 1795 1102 1831 1131; x_wconf 88' lang='lat' dir='ltr'>et</span> <span class='ocrx_word' id='word_1_270' title='bbox 1859 1097 1929 1132; x_wconf 84' lang='lat' dir='ltr'>Re-</span> 
     </span>
     <span class='ocr_line' id='line_1_62' title="bbox 1099 1143 1928 1187; baseline 0.001 -9"><span class='ocrx_word' id='word_1_271' title='bbox 1099 1155 1229 1187; x_wconf 75' lang='lat' dir='ltr'>sponS.</span> <span class='ocrx_word' id='word_1_272' title='bbox 1256 1144 1290 1178; x_wconf 73' lang='lat' dir='ltr'>S.</span> <span class='ocrx_word' id='word_1_273' title='bbox 1308 1144 1349 1177; x_wconf 81' lang='lat' dir='ltr'>R.</span> <span class='ocrx_word' id='word_1_274' title='bbox 1370 1144 1408 1178; x_wconf 92' lang='lat' dir='ltr'>C.</span> <span class='ocrx_word' id='word_1_275' title='bbox 1436 1144 1469 1177; x_wconf 86' lang='lat' dir='ltr'>d.</span> <span class='ocrx_word' id='word_1_276' title='bbox 1490 1144 1542 1177; x_wconf 70' lang='lat'>18.</span> <span class='ocrx_word' id='word_1_277' title='bbox 1561 1143 1639 1179; x_wconf 89' lang='lat' dir='ltr'>Oct.</span> <span class='ocrx_word' id='word_1_278' title='bbox 1660 1145 1751 1178; x_wconf 70' lang='lat'>1818</span> <span class='ocrx_word' id='word_1_279' title='bbox 1775 1155 1928 1179; x_wconf 86' lang='lat' dir='ltr'>sumun-</span> 
     </span>
     <span class='ocr_line' id='line_1_63' title="bbox 1098 1198 1509 1236; baseline -0.005 -9"><span class='ocrx_word' id='word_1_280' title='bbox 1098 1198 1158 1227; x_wconf 88' lang='lat' dir='ltr'>tur</span> <span class='ocrx_word' id='word_1_281' title='bbox 1182 1203 1286 1236; x_wconf 84' lang='lat' dir='ltr'>sequ.</span> <span class='ocrx_word' id='word_1_282' title='bbox 1313 1202 1509 1226; x_wconf 80' lang='lat' dir='ltr'>commem.</span> 
     </span>
    </p>
   </div>
   <div class='ocr_carea' id='block_1_16' title="bbox 1098 1265 1933 1654">
    <p class='ocr_par' dir='ltr' id='par_1_28' title="bbox 1314 1265 1714 1316">
     <span class='ocr_line' id='line_1_64' title="bbox 1314 1265 1714 1316; baseline -0.005 -8"><span class='ocrx_word' id='word_1_283' title='bbox 1314 1268 1376 1308; x_wconf 89' lang='lat' dir='ltr'>In</span> <span class='ocrx_word' id='word_1_284' title='bbox 1399 1267 1436 1307; x_wconf 92' lang='lat'>1.</span> <span class='ocrx_word' id='word_1_285' title='bbox 1459 1265 1714 1316; x_wconf 82' lang='lat' dir='ltr'>vesperis.</span> 
     </span>
    </p>

    <p class='ocr_par' dir='ltr' id='par_1_29' title="bbox 1099 1326 1933 1491">
     <span class='ocr_line' id='line_1_65' title="bbox 1151 1326 1933 1378; baseline -0.001 -9"><span class='ocrx_word' id='word_1_286' title='bbox 1151 1330 1251 1369; x_wconf 86' lang='lat' dir='ltr'>Ant.</span> <span class='ocrx_word' id='word_1_287' title='bbox 1280 1328 1360 1369; x_wconf 90' lang='lat' dir='ltr'>Isti</span> <span class='ocrx_word' id='word_1_288' title='bbox 1379 1332 1479 1369; x_wconf 92' lang='lat' dir='ltr'>sunt</span> <span class='ocrx_word' id='word_1_289' title='bbox 1498 1327 1648 1376; x_wconf 88' lang='lat' dir='ltr'>sancti,</span> <span class='ocrx_word' id='word_1_290' title='bbox 1669 1338 1781 1378; x_wconf 92' lang='lat' dir='ltr'>quos</span> <span class='ocrx_word' id='word_1_291' title='bbox 1801 1326 1933 1377; x_wconf 85' lang='lat' dir='ltr'>elegit</span> 
     </span>
     <span class='ocr_line' id='line_1_66' title="bbox 1099 1382 1931 1433; baseline -0.001 -7"><span class='ocrx_word' id='word_1_292' title='bbox 1099 1385 1314 1426; x_wconf 80' lang='lat' dir='ltr'>Deminus</span> <span class='ocrx_word' id='word_1_293' title='bbox 1337 1384 1382 1424; x_wconf 91' lang='lat' dir='ltr'>in</span> <span class='ocrx_word' id='word_1_294' title='bbox 1405 1383 1587 1425; x_wconf 66' lang='lat' dir='ltr'>caritate</span> <span class='ocrx_word' id='word_1_295' title='bbox 1606 1396 1695 1424; x_wconf 87' lang='lat' dir='ltr'>non</span> <span class='ocrx_word' id='word_1_296' title='bbox 1713 1383 1832 1433; x_wconf 84' lang='lat' dir='ltr'>ficta,</span> <span class='ocrx_word' id='word_1_297' title='bbox 1859 1382 1931 1425; x_wconf 91' lang='lat' dir='ltr'>de-</span> 
     </span>
     <span class='ocr_line' id='line_1_67' title="bbox 1100 1439 1810 1491; baseline -0.006 -9"><span class='ocrx_word' id='word_1_298' title='bbox 1100 1440 1164 1482; x_wconf 89' lang='lat' dir='ltr'>dit</span> <span class='ocrx_word' id='word_1_299' title='bbox 1182 1440 1267 1481; x_wconf 90' lang='lat' dir='ltr'>illis</span> <span class='ocrx_word' id='word_1_300' title='bbox 1286 1440 1471 1490; x_wconf 81' lang='lat' dir='ltr'>glotiam</span> <span class='ocrx_word' id='word_1_301' title='bbox 1490 1439 1810 1491; x_wconf 88' lang='lat' dir='ltr'>sempiternam.</span> 
     </span>
    </p>

    <p class='ocr_par' dir='ltr' id='par_1_30' title="bbox 1098 1494 1932 1654">
     <span class='ocr_line' id='line_1_68' title="bbox 1152 1494 1932 1551; baseline 0.004 -13"><span class='ocrx_word' id='word_1_302' title='bbox 1152 1494 1201 1545; x_wconf 93' lang='lat' dir='ltr'>Y.</span> <span class='ocrx_word' id='word_1_303' title='bbox 1237 1501 1261 1541; x_wconf 88' lang='lat' dir='ltr'><strong>J</strong></span> <span class='ocrx_word' id='word_1_304' title='bbox 1264 1500 1351 1541; x_wconf 80' lang='lat' dir='ltr'>usti</span> <span class='ocrx_word' id='word_1_305' title='bbox 1382 1499 1613 1551; x_wconf 90' lang='lat' dir='ltr'>epulentur</span> <span class='ocrx_word' id='word_1_306' title='bbox 1642 1503 1686 1540; x_wconf 93' lang='lat' dir='ltr'>et</span> <span class='ocrx_word' id='word_1_307' title='bbox 1711 1498 1932 1541; x_wconf 78' lang='lat' dir='ltr'>exsultent</span> 
     </span>
     <span class='ocr_line' id='line_1_69' title="bbox 1098 1554 1930 1609; baseline -0.002 -12"><span class='ocrx_word' id='word_1_308' title='bbox 1098 1557 1142 1597; x_wconf 91' lang='lat' dir='ltr'>in</span> <span class='ocrx_word' id='word_1_309' title='bbox 1167 1558 1407 1609; x_wconf 91' lang='lat' dir='ltr'>conspectu</span> <span class='ocrx_word' id='word_1_310' title='bbox 1427 1555 1522 1596; x_wconf 92' lang='lat' dir='ltr'>Dei.</span> <span class='ocrx_word' id='word_1_311' title='bbox 1557 1557 1609 1607; x_wconf 74' lang='lat' dir='ltr'>R.</span> <span class='ocrx_word' id='word_1_312' title='bbox 1633 1555 1690 1596; x_wconf 88' lang='lat' dir='ltr'>Et</span> <span class='ocrx_word' id='word_1_313' title='bbox 1713 1554 1930 1596; x_wconf 89' lang='lat' dir='ltr'>delecten-</span> 
     </span>
     <span class='ocr_line' id='line_1_70' title="bbox 1099 1612 1413 1654; baseline -0.006 0"><span class='ocrx_word' id='word_1_314' title='bbox 1099 1618 1169 1654; x_wconf 88' lang='lat' dir='ltr'>tur</span> <span class='ocrx_word' id='word_1_315' title='bbox 1188 1613 1233 1653; x_wconf 91' lang='lat' dir='ltr'>in</span> <span class='ocrx_word' id='word_1_316' title='bbox 1251 1612 1413 1654; x_wconf 76' lang='lat' dir='ltr'>laetitia.</span> 
     </span>
    </p>
   </div>
   <div class='ocr_carea' id='block_1_17' title="bbox 1098 1692 1933 2040">
    <p class='ocr_par' dir='ltr' id='par_1_31' title="bbox 1098 1692 1933 2040">
     <span class='ocr_line' id='line_1_71' title="bbox 1338 1692 1695 1734; baseline 0 -1"><span class='ocrx_word' id='word_1_317' title='bbox 1338 1694 1400 1733; x_wconf 89' lang='lat' dir='ltr'>In</span> <span class='ocrx_word' id='word_1_318' title='bbox 1425 1692 1695 1734; x_wconf 85' lang='lat' dir='ltr'>Laudibus.</span> 
     </span>
     <span class='ocr_line' id='line_1_72' title="bbox 1152 1753 1933 1806; baseline -0.003 -11"><span class='ocrx_word' id='word_1_319' title='bbox 1152 1756 1250 1795; x_wconf 89' lang='lat' dir='ltr'>Ant.</span> <span class='ocrx_word' id='word_1_320' title='bbox 1283 1755 1432 1796; x_wconf 87' lang='lat' dir='ltr'>Sancti</span> <span class='ocrx_word' id='word_1_321' title='bbox 1456 1754 1519 1796; x_wconf 89' lang='lat' dir='ltr'>tui</span> <span class='ocrx_word' id='word_1_322' title='bbox 1542 1753 1730 1795; x_wconf 77' lang='lat' dir='ltr'>Demine</span> <span class='ocrx_word' id='word_1_323' title='bbox 1758 1765 1933 1806; x_wconf 89' lang='lat' dir='ltr'>semper</span> 
     </span>
     <span class='ocr_line' id='line_1_73' title="bbox 1098 1809 1933 1909; baseline -0.002 -58"><span class='ocrx_word' id='word_1_324' title='bbox 1098 1810 1362 1909; x_wconf 56' lang='lat' dir='ltr'>Benedicant</span> <span class='ocrx_word' id='word_1_325' title='bbox 1379 1815 1441 1860; x_wconf 88' lang='lat' dir='ltr'>te,</span> <span class='ocrx_word' id='word_1_326' title='bbox 1462 1814 1505 1851; x_wconf 95' lang='lat' dir='ltr'>et</span> <span class='ocrx_word' id='word_1_327' title='bbox 1523 1809 1709 1860; x_wconf 78' lang='lat' dir='ltr'>gleriam</span> <span class='ocrx_word' id='word_1_328' title='bbox 1727 1809 1851 1859; x_wconf 87' lang='lat' dir='ltr'>regni</span> <span class='ocrx_word' id='word_1_329' title='bbox 1868 1809 1933 1851; x_wconf 88' lang='lat' dir='ltr'>tui</span> 
     </span>
     <span class='ocr_line' id='line_1_74' title="bbox 1131 1872 1933 1975; baseline -0.004 -7"><span class='ocrx_word' id='word_1_330' title='bbox 1131 1872 1435 1975; x_wconf 43' lang='lat' dir='ltr'>l‘1.:ls{l.nli·1irabilis</span> <span class='ocrx_word' id='word_1_331' title='bbox 1450 1926 1572 1967; x_wconf 89' lang='lat' dir='ltr'>Deus</span> <span class='ocrx_word' id='word_1_332' title='bbox 1590 1926 1635 1966; x_wconf 92' lang='lat' dir='ltr'>in</span> <span class='ocrx_word' id='word_1_333' title='bbox 1653 1925 1815 1967; x_wconf 88' lang='lat' dir='ltr'>sanctis</span> <span class='ocrx_word' id='word_1_334' title='bbox 1833 1924 1933 1966; x_wconf 84' lang='lat' dir='ltr'>suis.</span> 
     </span>
     <span class='ocr_line' id='line_1_75' title="bbox 1100 1981 1910 2040; baseline -0.002 -16"><span class='ocrx_word' id='word_1_335' title='bbox 1100 1987 1148 2037; x_wconf 70' lang='lat' dir='ltr'>R.</span> <span class='ocrx_word' id='word_1_336' title='bbox 1170 1984 1221 2023; x_wconf 93' lang='lat' dir='ltr'>In</span> <span class='ocrx_word' id='word_1_337' title='bbox 1241 1983 1403 2025; x_wconf 90' lang='lat' dir='ltr'>sanctis</span> <span class='ocrx_word' id='word_1_338' title='bbox 1423 1983 1514 2035; x_wconf 91' lang='lat' dir='ltr'>ejus</span> <span class='ocrx_word' id='word_1_339' title='bbox 1530 1981 1711 2023; x_wconf 75' lang='lat' dir='ltr'>laudate</span> <span class='ocrx_word' id='word_1_340' title='bbox 1730 1981 1885 2022; x_wconf 92' lang='lat' dir='ltr'>Deum.</span> <span class='ocrx_word' id='word_1_341' title='bbox 1904 2028 1910 2040; x_wconf 42' lang='lat'>¹</span> 
     </span>
    </p>
   </div>
   <div class='ocr_carea' id='block_1_18' title="bbox 1099 2061 1932 2505">
    <p class='ocr_par' dir='ltr' id='par_1_32' title="bbox 1308 2061 1732 2113">
     <span class='ocr_line' id='line_1_76' title="bbox 1308 2061 1732 2113; baseline -0.002 -10"><span class='ocrx_word' id='word_1_342' title='bbox 1308 2064 1370 2103; x_wconf 88' lang='lat' dir='ltr'>In</span> <span class='ocrx_word' id='word_1_343' title='bbox 1392 2063 1454 2103; x_wconf 91' lang='lat'>11.</span> <span class='ocrx_word' id='word_1_344' title='bbox 1479 2061 1732 2113; x_wconf 84' lang='lat' dir='ltr'>vesperis.</span> 
     </span>
    </p>

    <p class='ocr_par' dir='ltr' id='par_1_33' title="bbox 1099 2122 1932 2344">
     <span class='ocr_line' id='line_1_77' title="bbox 1150 2122 1932 2166; baseline -0.003 -1"><span class='ocrx_word' id='word_1_345' title='bbox 1150 2127 1249 2166; x_wconf 88' lang='lat' dir='ltr'>Ant.</span> <span class='ocrx_word' id='word_1_346' title='bbox 1292 2124 1404 2165; x_wconf 92' lang='lat' dir='ltr'>Dico</span> <span class='ocrx_word' id='word_1_347' title='bbox 1441 2129 1588 2166; x_wconf 88' lang='lat' dir='ltr'>autem</span> <span class='ocrx_word' id='word_1_348' title='bbox 1620 2122 1746 2165; x_wconf 88' lang='lat' dir='ltr'>vobis</span> <span class='ocrx_word' id='word_1_349' title='bbox 1782 2122 1932 2164; x_wconf 87' lang='lat' dir='ltr'>amicis</span> 
     </span>
     <span class='ocr_line' id='line_1_78' title="bbox 1099 2178 1930 2230; baseline -0.002 -9"><span class='ocrx_word' id='word_1_350' title='bbox 1099 2180 1224 2230; x_wconf 87' lang='lat' dir='ltr'>meis,</span> <span class='ocrx_word' id='word_1_351' title='bbox 1252 2192 1307 2221; x_wconf 92' lang='lat' dir='ltr'>ne</span> <span class='ocrx_word' id='word_1_352' title='bbox 1332 2180 1584 2222; x_wconf 72' lang='lat' dir='ltr'>terreamini</span> <span class='ocrx_word' id='word_1_353' title='bbox 1604 2179 1659 2221; x_wconf 88' lang='lat' dir='ltr'>ab</span> <span class='ocrx_word' id='word_1_354' title='bbox 1678 2178 1746 2219; x_wconf 91' lang='lat' dir='ltr'>his</span> <span class='ocrx_word' id='word_1_355' title='bbox 1766 2178 1841 2230; x_wconf 90' lang='lat' dir='ltr'>qui</span> <span class='ocrx_word' id='word_1_356' title='bbox 1859 2190 1930 2220; x_wconf 88' lang='lat' dir='ltr'>oc-</span> 
     </span>
     <span class='ocr_line' id='line_1_79' title="bbox 1100 2235 1932 2288; baseline -0.002 -11"><span class='ocrx_word' id='word_1_357' title='bbox 1100 2235 1250 2278; x_wconf 89' lang='lat' dir='ltr'>cidunt</span> <span class='ocrx_word' id='word_1_358' title='bbox 1269 2249 1449 2288; x_wconf 92' lang='lat' dir='ltr'>corpus,</span> <span class='ocrx_word' id='word_1_359' title='bbox 1470 2235 1659 2277; x_wconf 75' lang='lat' dir='ltr'>animam</span> <span class='ocrx_word' id='word_1_360' title='bbox 1678 2239 1826 2276; x_wconf 87' lang='lat' dir='ltr'>autem</span> <span class='ocrx_word' id='word_1_361' title='bbox 1843 2247 1932 2276; x_wconf 91' lang='lat' dir='ltr'>non</span> 
     </span>
     <span class='ocr_line' id='line_1_80' title="bbox 1099 2290 1519 2344; baseline 0 -11"><span class='ocrx_word' id='word_1_362' title='bbox 1099 2298 1286 2344; x_wconf 91' lang='lat' dir='ltr'>possunt</span> <span class='ocrx_word' id='word_1_363' title='bbox 1305 2290 1519 2333; x_wconf 88' lang='lat' dir='ltr'>occidere.</span> 
     </span>
    </p>

    <p class='ocr_par' dir='ltr' id='par_1_34' title="bbox 1099 2348 1932 2505">
     <span class='ocr_line' id='line_1_81' title="bbox 1153 2348 1930 2404; baseline 0.003 -14"><span class='ocrx_word' id='word_1_364' title='bbox 1153 2348 1201 2398; x_wconf 90' lang='lat' dir='ltr'>Y.</span> <span class='ocrx_word' id='word_1_365' title='bbox 1229 2352 1254 2392; x_wconf 89' lang='lat' dir='ltr'><strong>J</strong></span> <span class='ocrx_word' id='word_1_366' title='bbox 1256 2352 1342 2393; x_wconf 91' lang='lat' dir='ltr'>usti</span> <span class='ocrx_word' id='word_1_367' title='bbox 1363 2358 1508 2393; x_wconf 88' lang='lat' dir='ltr'>autem</span> <span class='ocrx_word' id='word_1_368' title='bbox 1527 2352 1570 2392; x_wconf 85' lang='lat' dir='ltr'>in</span> <span class='ocrx_word' id='word_1_369' title='bbox 1589 2353 1854 2404; x_wconf 90' lang='lat' dir='ltr'>perpetuum</span> <span class='ocrx_word' id='word_1_370' title='bbox 1871 2352 1930 2393; x_wconf 88' lang='lat' dir='ltr'>vi-</span> 
     </span>
     <span class='ocr_line' id='line_1_82' title="bbox 1099 2407 1932 2460; baseline 0 -11"><span class='ocrx_word' id='word_1_371' title='bbox 1099 2412 1213 2449; x_wconf 87' lang='lat' dir='ltr'>vent.</span> <span class='ocrx_word' id='word_1_372' title='bbox 1271 2408 1321 2459; x_wconf 74' lang='lat' dir='ltr'>R.</span> <span class='ocrx_word' id='word_1_373' title='bbox 1357 2408 1413 2449; x_wconf 91' lang='lat' dir='ltr'>Et</span> <span class='ocrx_word' id='word_1_374' title='bbox 1445 2407 1564 2460; x_wconf 87' lang='lat' dir='ltr'>apud</span> <span class='ocrx_word' id='word_1_375' title='bbox 1596 2408 1834 2449; x_wconf 79' lang='lat' dir='ltr'>Deminum</span> <span class='ocrx_word' id='word_1_376' title='bbox 1865 2413 1932 2449; x_wconf 92' lang='lat' dir='ltr'>est</span> 
     </span>
     <span class='ocr_line' id='line_1_83' title="bbox 1100 2466 1451 2505; baseline 0 -1"><span class='ocrx_word' id='word_1_377' title='bbox 1100 2476 1269 2505; x_wconf 90' lang='lat' dir='ltr'>merces</span> <span class='ocrx_word' id='word_1_378' title='bbox 1289 2466 1451 2505; x_wconf 79' lang='lat' dir='ltr'>eerum.</span> 
     </span>
    </p>
   </div>
   <div class='ocr_carea' id='block_1_19' title="bbox 1437 2535 1599 2575">
    <p class='ocr_par' dir='ltr' id='par_1_35' title="bbox 1437 2535 1599 2575">
     <span class='ocr_line' id='line_1_84' title="bbox 1437 2535 1599 2575; baseline 0.012 -2"><span class='ocrx_word' id='word_1_379' title='bbox 1437 2535 1599 2575; x_wconf 84' lang='lat' dir='ltr'>Oratio.</span> 
     </span>
    </p>
   </div>
   <div class='ocr_carea' id='block_1_20' title="bbox 1099 2596 1931 2764">
    <p class='ocr_par' dir='ltr' id='par_1_36' title="bbox 1099 2596 1931 2764">
     <span class='ocr_line' id='line_1_85' title="bbox 1099 2596 1930 2700; baseline 0.002 -59"><span class='ocrx_word' id='word_1_380' title='bbox 1099 2596 1280 2700; x_wconf 87' lang='lat' dir='ltr'>Deus,</span> <span class='ocrx_word' id='word_1_381' title='bbox 1307 2600 1381 2652; x_wconf 80' lang='lat' dir='ltr'>qui</span> <span class='ocrx_word' id='word_1_382' title='bbox 1399 2600 1660 2651; x_wconf 72' lang='lat' dir='ltr'>glorificaris</span> <span class='ocrx_word' id='word_1_383' title='bbox 1678 2602 1722 2642; x_wconf 92' lang='lat' dir='ltr'>in</span> <span class='ocrx_word' id='word_1_384' title='bbox 1743 2602 1930 2643; x_wconf 89' lang='lat' dir='ltr'>concilio</span> 
     </span>
     <span class='ocr_line' id='line_1_86' title="bbox 1205 2656 1931 2709; baseline 0.004 -13"><span class='ocrx_word' id='word_1_385' title='bbox 1205 2658 1456 2697; x_wconf 84' lang='lat' dir='ltr'>sanctorum</span> <span class='ocrx_word' id='word_1_386' title='bbox 1475 2656 1718 2709; x_wconf 79' lang='lat' dir='ltr'>Martyrum</span> <span class='ocrx_word' id='word_1_387' title='bbox 1740 2659 1931 2699; x_wconf 76' lang='lat' dir='ltr'>tuorum:</span> 
     </span>
     <span class='ocr_line' id='line_1_87' title="bbox 1100 2711 1929 2764; baseline 0.005 -13"><span class='ocrx_word' id='word_1_388' title='bbox 1100 2712 1271 2763; x_wconf 89' lang='lat' dir='ltr'>respice</span> <span class='ocrx_word' id='word_1_389' title='bbox 1299 2711 1356 2752; x_wconf 86' lang='lat' dir='ltr'>ad</span> <span class='ocrx_word' id='word_1_390' title='bbox 1388 2724 1544 2764; x_wconf 88' lang='lat' dir='ltr'>preces</span> <span class='ocrx_word' id='word_1_391' title='bbox 1570 2712 1827 2756; x_wconf 63' lang='lat' dir='ltr'>humilitatis</span> <span class='ocrx_word' id='word_1_392' title='bbox 1854 2726 1929 2755; x_wconf 91' lang='lat' dir='ltr'>no-</span> 
     </span>
    </p>
   </div>
  </div>
 </body>
</html>
