2080 2990
570 218 672 252 Infra
698 218 881 253 Octavam
905 218 1169 251 Dcdicationis
1195 218 1388 251 Ecclesizc.

141 319 207 356 est
219 318 349 365 atque
360 312 599 364 jucundior:
615 318 657 354 et
670 312 847 354 lucerna
856 312 961 362 haec,

144 383 272 423 quam
290 369 378 419 illa,
405 374 452 411 ut
474 374 633 411 norunt
659 370 732 422 qui
756 382 854 411 cum
875 368 962 410 fide

142 425 239 468 eleo
270 426 487 478 peruncti,
529 439 555 467 a
590 425 755 467 morbis
792 425 962 466 liberati

141 487 250 524 sunt.
290 483 407 522 Arca
436 482 565 523 etiam
591 481 686 523 haec
712 481 850 523 multo
876 483 961 522 me-

1060 314 1126 354 De
1145 311 1337 353 Homilia
1354 311 1628 352 Venerabilis
1646 310 1780 352 Bedae

1292 367 1550 419 Presbyteri.

1195 436 1315 470 Paulo
1340 440 1428 479 post
1452 436 1647 479 praedicta.

1054 494 1271 538 1⁷³³<thum
1299 487 1495 530 viderent
1524 501 1689 537 omneS,
1721 502 1832 529 mur-

140 538 238 588 lior,
284 540 508 590 magisque
550 538 804 579 necessaria·
861 537 962 578 NOU
1026 566 1030 587 2,
1053 543 1075 589 ᾗ,
1088 547 1122 594 j}
1144 545 1389 594 murabant,
1409 544 1616 595 dicentes,
1641 544 1759 596 quod
1778 545 1833 586 ad

1019 592 1123 627 —4
1145 602 1364 643 hominem
1392 603 1669 654 peccatorem
1696 601 1832 643 diver-

142 595 255 636 enim
270 598 426 643 vestes,
446 593 525 635 sed
542 593 884 636 misericerdiam
902 594 961 634 in-

142 651 307 692 clusam
346 651 559 692 continet:
601 650 797 703 quamvis
834 650 963 702 pauci

143 708 243 757 sint,
278 707 351 759 qui
383 719 478 748 eam
504 706 768 759 possideant.
808 706 892 746 Hic
920 711 963 747 et

141 762 325 805 lectulus
343 767 409 804 est
428 762 557 804 valde
576 762 649 803 illo
669 762 963 815 praestantior:

142 819 383 860 divinarum
416 819 529 860 enim
556 819 876 871 Scripturarum
900 820 962 859 re-

144 875 265 928 quies
285 874 439 926 quovis
458 873 573 916 lecto
592 875 767 916 suavior
787 879 863 916 est.

190 933 242 985 R.
272 931 309 972 O
330 943 470 982 quam.
499 930 595 983 [118]

438 995 588 1037 Lectio
608 996 660 1036 vi.

224 1057 243 1094 t
263 1052 438 1104 quidem
461 1053 498 1094 si
516 1052 753 1094 concerdia
770 1053 963 1105 perfecte

247 1111 494 1151 servaretur
539 1122 565 1150 a
606 1109 749 1159 nobis,
802 1109 964 1151 nullam

143 1165 271 1206 aliam
299 1164 477 1207 domum
503 1171 665 1219 praeter
692 1165 803 1207 hanc
834 1165 962 1207 habe-

142 1223 296 1262 remus.
330 1222 430 1263 Hoc
449 1227 593 1264 autem
612 1221 731 1274 quod
750 1222 853 1272 dixi,
876 1235 963 1263 non

143 1290 239 1319 esse
259 1277 428 1328 durum,
447 1281 662 1320 testantur
680 1278 754 1319 illa
773 1279 856 1320 tria
872 1278 963 1319 mil-

140 1333 212 1384 lia,
259 1339 302 1376 et
339 1335 528 1387 quinque
564 1334 697 1376 millia
731 1334 963 1385 heminum,

143 1390 298 1443 quibus
334 1395 377 1433 et
413 1390 567 1433 domus
603 1404 702 1441 una,
739 1396 782 1433 et
815 1404 964 1433 mensa

142 1460 243 1497 una,
265 1452 309 1489 et
327 1448 470 1489 anima
487 1461 573 1489 una
592 1453 694 1489 erat.
726 1447 963 1490 Multitudi-

141 1504 207 1544 nis
227 1504 340 1545 enim
360 1503 638 1554 credentium,
661 1505 810 1556 inquit,
831 1518 963 1545 unum

143 1565 238 1602 erat
261 1573 351 1610 cor,
380 1565 423 1602 et
447 1561 589 1601 anima
614 1573 709 1602 una.
752 1560 839 1602 Sed
864 1561 963 1613 quia

141 1615 270 1668 longe
293 1616 347 1658 ab
370 1617 543 1658 illerum
562 1617 721 1659 virtute
746 1616 963 1667 absumus,

144 1677 187 1714 et
203 1685 283 1725 per
302 1673 457 1715 domos
477 1673 679 1725 disjuncti
696 1686 859 1723 sumus,
884 1673 962 1715 sal-

102 1778 104 1780 v
141 1733 231 1770 tem
265 1729 439 1782 quando
470 1729 556 1771 huc
588 1732 883 1780 convenimus,
918 1730 963 1772 id

143 1785 261 1826 omni
279 1785 424 1827 studio
443 1786 662 1827 faciamus.
689 1786 803 1827 Nam
824 1786 904 1828 etsi
920 1787 963 1827 in

141 1841 235 1882 aliis
254 1841 383 1883 rebus
403 1845 637 1894 paupereS,
662 1847 705 1883 et
722 1844 876 1894 inopes
896 1855 962 1883 su-

140 1910 247 1948 mus,
271 1897 356 1939 hoc
374 1897 474 1939 loco
492 1897 655 1947 saltem,
682 1910 781 1939 cum
803 1897 887 1939 huc
907 1898 962 1939 ad

141 1965 220 1994 vos
262 1953 482 2004 intramuS,
524 1966 622 1995 cum
659 1954 837 1995 caritate
881 1967 961 1996 nos

141 2010 362 2062 suscipite:
380 2022 576 2062 cumque,
586 2010 678 2051 Pax
696 2009 832 2060 vobis,
849 2010 962 2052 dico:

142 2065 199 2108 Et
222 2078 321 2107 cum
346 2066 501 2118 spiritu
524 2071 617 2116 tuo,
647 2079 734 2108 non
758 2079 868 2108 voce
895 2079 961 2108 so-

141 2121 242 2172 lum,
258 2122 336 2164 sed
347 2122 490 2164 animo
504 2135 678 2175 quoque
689 2123 961 2175 respondete.

191 2186 242 2238 Rz.
270 2183 398 2225 Mane
417 2196 607 2234 surgens.
636 2183 731 2236 [118]

356 2262 405 2300 In
432 2261 502 2299 III.
530 2260 750 2299 Nocturno.

142 2326 294 2369 Lectio
320 2328 458 2369 sancti
477 2327 702 2379 Evangelii
725 2328 963 2370 secundum

464 2383 637 2426 Lucam.

244 2444 393 2485 Lectio
414 2444 480 2484 vii.
684 2443 857 2494 Cap.19.

145 2498 221 2603 In
243 2500 320 2544 illo
342 2505 557 2557 tempore:
587 2506 813 2556 Ingressus
836 2505 861 2546 J
864 2518 962 2546 esus

210 2559 540 2611 perambulabat
562 2562 585 2602 J
589 2561 747 2603 ericho.
782 2562 838 2602 Et
862 2574 963 2603 ecce

146 2615 211 2656 vir
234 2615 406 2657 nemine
429 2617 654 2659 Zachaeus:
686 2623 730 2659 et
755 2617 824 2659 hic
850 2618 962 2670 prin-

147 2684 251 2724 ceps
283 2677 376 2714 erat
406 2673 751 2725 publicanorum,
793 2679 836 2716 et
869 2674 963 2726 ipse

146 2727 280 2769 dives.
314 2728 371 2770 Et
389 2728 563 2781 reliqua.

1014 663 1149 702 tisset.
1202 658 1480 699 Manifestum
1525 662 1607 708 est,
1656 658 1677 698 J
1682 657 1833 698 udaeos

1014 729 1187 768 semper
1220 714 1426 756 Gentium
1460 713 1604 754 odisse
1641 713 1833 755 saliitem.

1014 773 1231 824 Scriptum
1256 775 1322 812 est
1347 770 1474 811 enim:
1501 769 1707 821 Sequenti
1729 783 1833 811 vero

1016 828 1200 870 sabbato
1219 839 1331 880 pene
1349 826 1550 867 universa
1570 826 1721 867 civitas
1737 839 1833 867 con-

1015 885 1132 926 venit
1160 883 1309 925 audire
1336 881 1518 924 verbum
1542 882 1636 923 Dei.
1675 882 1834 923 Viden-

1016 946 1082 982 tes
1124 945 1269 981 autem
1307 938 1458 980 turbas
1499 937 1640 979 Judaei
1680 938 1836 990 repleti

1016 1002 1115 1038 sunt
1151 996 1263 1045 zelo,
1301 999 1344 1036 et
1381 993 1738 1036 contradicebant
1772 995 1834 1045 iis,

1018 1066 1114 1105 quae
1139 1066 1163 1094 a
1180 1051 1317 1093 Paulo
1343 1050 1609 1092 dicebantur.
1644 1051 1700 1092 Et
1724 1051 1834 1102 alibi,

1015 1109 1165 1150 fideles
1185 1109 1315 1150 etiam
1328 1108 1485 1148 fratres
1502 1106 1710 1148 adversus
1725 1108 1836 1160 Apo-

1016 1167 1228 1207 stolorum
1251 1164 1493 1216 principem
1520 1162 1834 1215 disceptabant,

1016 1221 1224 1263 dicentes:
1257 1221 1400 1271 Quare
1425 1219 1614 1261 introisti
1639 1219 1694 1261 ad
1718 1220 1834 1261 viros

1014 1278 1277 1330 praeputium
1295 1275 1519 1325 habenteS,
1544 1281 1587 1317 et
1604 1275 1833 1317 manduca-

1015 1335 1070 1376 sti
1089 1347 1188 1375 cum
1205 1331 1312 1374 illis?

1063 1394 1114 1445 R.
1144 1391 1313 1432 Domus
1332 1401 1438 1429 mea.
1466 1388 1574 1440 [120]

1293 1461 1443 1501 Lectio
1465 1461 1545 1501 viii.

1084 1531 1179 1568 tans
1208 1531 1353 1568 autem
1379 1524 1607 1574 Zachaeus,
1645 1523 1753 1565 dixit
1780 1524 1835 1565 ad

1101 1583 1350 1624 Deminum:
1377 1582 1492 1623 Ecce
1516 1580 1742 1622 dimidium
1760 1580 1834 1622 bo-

1015 1642 1170 1682 norum
1183 1642 1380 1681 meorum
1392 1637 1578 1678 Demine
1598 1636 1655 1678 do
1675 1638 1835 1689 paupe-

1015 1696 1149 1738 ribus:
1183 1701 1226 1738 et
1257 1697 1293 1736 si
1322 1694 1426 1747 quid
1453 1693 1641 1745 aliquem
1669 1693 1835 1735 defrau-

1016 1752 1126 1802 davi,
1146 1752 1283 1794 reddo
1305 1750 1605 1804 quadruplum.
1639 1749 1749 1790 Aliis
1768 1762 1834 1790 ca-

1014 1808 1322 1850 lumniantibus
1370 1806 1590 1847 hominem
1634 1807 1833 1858 peccate-

1015 1878 1117 1915 rem,
1135 1865 1230 1917 ipse
1249 1863 1460 1904 Zachaeus
1479 1866 1608 1911 stans,
1627 1861 1672 1903 id
1691 1867 1767 1911 est,
1790 1862 1834 1902 in

1016 1934 1067 1962 ea
1109 1934 1238 1973 quam
1278 1922 1474 1972 co'eperat
1513 1917 1617 1959 fidei
1651 1917 1833 1959 veritate

1013 1979 1263 2029 persistens,
1281 1988 1370 2017 non
1388 1974 1528 2016 solum
1546 1987 1593 2015 se
1613 1986 1667 2015 ex
1682 1986 1833 2026 pecca-

1013 2035 1109 2075 tere
1142 2034 1415 2080 conversum,
1453 2030 1532 2072 sed
1563 2030 1692 2072 etiam
1722 2030 1834 2072 inter

1014 2089 1232 2142 perfectos
1271 2087 1431 2141 probat
1472 2099 1568 2128 esse
1606 2088 1833 2128 conversa-

1013 2151 1116 2187 tum.
1150 2145 1333 2186 Dicente
1353 2144 1466 2186 enim
1483 2143 1687 2184 Demino:
1705 2143 1750 2185 Si
1768 2143 1833 2183 vis

1013 2202 1232 2254 perfectus
1252 2213 1364 2251 esse,
1386 2199 1512 2250 vade,
1531 2199 1671 2241 vende
1691 2200 1835 2240 emnia

1016 2270 1114 2310 quae
1128 2257 1274 2307 habes,
1295 2262 1338 2299 et
1353 2256 1409 2298 da
1422 2255 1702 2313 pauperibus:
1723 2255 1832 2307 quis-

1016 2314 1111 2366 quis
1126 2318 1225 2356 ante
1241 2313 1570 2355 conversionem
1583 2312 1833 2353 innocenter

1014 2370 1131 2419 vixit,
1152 2370 1295 2411 emnia
1314 2370 1551 2411 conversus
1569 2372 1716 2420 potest
1730 2367 1834 2409 dare

1015 2426 1291 2479 pauperibus.
1342 2426 1391 2477 Ru
1423 2423 1624 2476 Lapides.
1652 2423 1747 2475 [121]

1309 2494 1458 2535 Lectio
1479 2494 1531 2533 ix.

1014 2550 1110 2655 At
1130 2561 1203 2613 qui
1222 2560 1366 2613 aliqua
1382 2557 1534 2600 fraude
1550 2557 1732 2606 sustulit,
1749 2556 1832 2609 pri-

1124 2630 1196 2658 mo
1215 2617 1311 2658 haec
1333 2618 1450 2668 juxta
1472 2614 1614 2664 legem
1638 2612 1832 2661 reddere,

1017 2673 1173 2715 deinde
1190 2673 1309 2726 quod
1324 2671 1406 2713 sibi
1419 2670 1683 2718 remanserit,
1703 2667 1833 2710 debet

1016 2729 1121 2771 dare
1147 2728 1421 2782 pauperibus,
1461 2726 1528 2768 Ac
1560 2726 1621 2768 sic
1654 2730 1696 2766 et
1726 2724 1831 2776 ipse,
