2080 2990
582 227 755 261 Officium
782 227 953 261 votivum
978 226 1024 259 de
1049 225 1198 259 Sanctis
1227 225 1392 266 Angelis.

140 327 271 369 animi
286 325 525 379 cupiditate
535 322 772 365 ascendere
783 321 961 363 studeas

139 383 196 426 ad
218 395 431 424 summam
453 386 497 424 et
514 382 774 434 perpetuam
791 378 960 420 Verita-

138 445 238 482 tem.
277 439 392 480 Hinc
419 438 533 480 enim
559 438 787 478 monemur
813 434 961 476 levare

140 496 275 538 corda
304 499 455 537 nostra
486 507 584 536 cum
615 491 829 542 manibus3
860 490 962 531 hinc

138 551 338 594 audimus
367 550 576 604 quotidie:
607 550 788 591 Sursum
816 546 961 588 corda.

138 609 253 651 Hinc
297 620 472 662 quoque
512 606 781 658 negligentes
824 603 962 654 argui-

138 679 250 716 mur,
283 670 327 707 et
351 664 508 706 dicitur
530 662 674 705 nobis:
706 660 804 702 Filii
827 659 962 701 hemi-

138 735 258 772 num,
293 724 524 774 usquequo
560 718 683 771 gravi
718 714 873 759 corde?
916 720 964 756 ut

139 777 246 830 quid
265 777 442 829 diligitis
458 776 694 818 vanitatem
708 779 752 816 et
768 772 963 825 quaeritis

138 832 437 876 mendacium?
452 834 751 874 Exoneratum
763 830 877 871 enim
888 841 964 870 cor

139 895 183 932 et
200 890 296 932 leve
315 890 485 932 levatur
503 889 652 940 magis,
671 892 719 929 ut
739 890 906 938 quaerat
921 890 964 926 et

140 946 292 998 diligat
309 946 550 990 veritatem.

194 1008 256 1049 Te
273 1007 418 1049 Deum
434 1005 674 1048 laudamus.
693 1005 752 1045 14.

404 1087 484 1129 Ad
505 1086 701 1128 Laudes

347 1152 398 1181 et
434 1157 531 1190 per
568 1147 761 1180 Horas.

194 1203 295 1245 Ant.
319 1203 347 1242 1.
382 1201 537 1254 Angeli
563 1200 740 1242 Demini
766 1200 789 1225 *
817 1197 965 1240 Demi-

141 1272 243 1300 num
261 1258 507 1301 benedicite
526 1258 570 1299 in
589 1259 810 1299 aeternum.

194 1315 261 1355 Ps.
288 1315 500 1357 Dominus
519 1313 729 1366 regnavit.
747 1313 807 1353 15.

194 1373 231 1411 2.
258 1372 434 1423 Angelis
455 1371 544 1413 suis
562 1371 585 1397 *
604 1370 724 1411 Deus
744 1367 966 1409 mandavit

142 1428 198 1470 de
216 1433 275 1479 te,
298 1434 347 1470 ut
370 1427 618 1470 custodiant
639 1432 684 1468 te
702 1426 746 1466 in
765 1424 965 1466 omnibus

141 1484 222 1526 viis
240 1485 338 1527 tuis.

197 1544 232 1583 3.
253 1541 406 1593 Angeli
421 1543 573 1583 eorum
587 1540 610 1566 *
625 1551 798 1591 semper
815 1537 966 1579 vident

141 1596 298 1639 faciem
314 1598 456 1640 Patris
474 1597 570 1647 mei,
593 1596 667 1648 qui
686 1600 752 1637 est
770 1594 814 1634 in
833 1593 966 1635 coelis.

195 1657 232 1696 4.
260 1653 455 1696 Laudate
481 1654 626 1695 Deum
648 1652 672 1678 *
703 1663 855 1693 omnes
880 1650 966 1690 An-

141 1709 227 1761 geli
251 1711 357 1762 ejus,
384 1709 561 1752 laudate
585 1722 685 1750 eum
710 1719 860 1749 omnes
884 1707 966 1748 vir-

141 1769 258 1808 tutes
278 1767 379 1819 ejus.

196 1825 234 1865 5.
262 1822 429 1874 Angeli,
455 1820 734 1873 Archangeli,
753 1820 777 1846 *
800 1819 967 1860 Throni

143 1883 187 1920 et
222 1878 570 1927 Dominationes,
610 1876 887 1928 Principatus
925 1879 969 1916 et

141 1934 402 1984 Potestates,
420 1934 619 1975 Virtutes
639 1931 861 1980 coelorum,
879 1930 967 1971 lau-

144 1990 245 2032 date
264 1991 502 2032 Dominum
520 1989 575 2031 de
595 1988 729 2038 coelis,
748 1987 930 2038 alleluja.

226 2056 484 2109 Capitulum.
622 2053 759 2095 Exod.
774 2054 837 2094 23
855 2052 893 2094 d.

224 2129 300 2158 cce
329 2129 410 2168 ego
438 2117 608 2158 mittam
634 2112 853 2165 Angelum
882 2125 969 2154 me-

241 2187 329 2223 um,
350 2173 424 2226 qui
441 2171 665 2226 praecedat
683 2175 743 2219 te,
763 2174 807 2211 et
826 2171 968 2211 custo-

146 2229 237 2271 diat
253 2230 298 2270 in
315 2229 401 2279 via,
428 2234 471 2271 et
494 2227 744 2270 introducat
763 2226 806 2266 in
824 2225 970 2266 locum

148 2298 278 2338 quem
294 2285 458 2339 paravi.
486 2285 686 2326 Observa
705 2295 816 2332 eum,
836 2286 879 2323 et
898 2294 969 2322 au-

146 2341 191 2383 di
208 2354 366 2383 vocem
384 2342 485 2394 ejus.

458 2407 666 2458 Hymnus.

251 2467 371 2518 riste,
398 2469 650 2508 sanctorum
674 2464 808 2507 decus
827 2464 970 2513 Ange-

455 2523 609 2572 lorum,

200 2578 353 2621 Gentis
376 2580 577 2621 humanae
602 2582 723 2619 sator
742 2581 786 2618 et
804 2574 970 2617 redem-

488 2641 568 2686 tor,

203 2692 406 2734 Co'elitum
425 2649 552 2734 ughis
570 2690 735 2733 tribuas
754 2689 906 2731 beatas

354 2747 574 2790 Scandere
592 2747 732 2789 sedes.

1018 319 1208 371 Angelus
1228 320 1349 372 pacis
1368 319 1555 361 Michael
1573 320 1617 360 in
1636 318 1756 360 aedes

1066 376 1248 418 Co'elitus
1268 382 1439 418 nostras
1458 376 1614 426 veniat,
1635 377 1800 417 serenae

1065 432 1233 474 Auctor
1251 437 1300 474 ut
1318 433 1438 485 pacis
1459 433 1690 474 lacrimosa
1708 431 1752 472 in
1771 443 1837 472 or-

1221 501 1539 596 Bellglilelleget.

1020 610 1210 661 Angelus
1229 610 1352 652 fortis
1374 610 1564 659 Gabriel,
1584 614 1631 651 ut
1649 609 1801 651 hostes

1066 667 1207 708 Pellat
1226 669 1441 719 antiquos,
1461 672 1504 708 et
1523 668 1662 707 amica
1681 665 1808 715 coelo,

1068 724 1176 774 Quae
1194 723 1486 821 triumphator
1506 723 1658 764 statuit
1676 735 1755 775 per
1772 735 1838 763 or-

1222 792 1601 889 Temp‘lgn'revisat.

1020 901 1211 952 Angelus
1230 906 1394 943 nostrae
1413 901 1610 942 medicus
1629 899 1792 949 salutis,

1067 958 1198 999 Adsit
1217 971 1241 999 e
1261 958 1375 999 coelo
1394 956 1604 1010 Raphael,
1623 961 1671 997 ut
1690 968 1843 997 omnes

1068 1015 1200 1056 Sanet
1219 1017 1423 1066 aegrotos,
1443 1014 1689 1065 dubiosque
1708 1012 1810 1054 vitae

1221 1071 1392 1122 Dirigat
1411 1076 1545 1112 actus.

1022 1136 1154 1187 Virgo
1169 1136 1258 1177 dux
1271 1136 1404 1188 pacis,
1419 1136 1707 1187 Genitrixque
1722 1134 1842 1184 lucis,
1889 1144 1892 1145 ⁷

1069 1193 1126 1235 Et
1153 1205 1276 1234 sacer
1306 1193 1436 1234 nobis
1465 1192 1625 1234 chorus
1653 1189 1842 1241 Angelo-

1326 1262 1423 1290 rum

1069 1305 1251 1358 Semper
1269 1308 1455 1355 assistat,
1475 1304 1602 1346 simul
1622 1308 1665 1346 et
1683 1303 1842 1344 mican-

1325 1362 1382 1403 tis

1224 1419 1363 1470 Regia
1382 1418 1494 1460 coeli.

1022 1485 1206 1525 Praestet
1223 1483 1309 1525 hoc
1327 1483 1454 1525 nobis
1473 1482 1626 1523 Deitas
1644 1480 1774 1523 beata

1069 1540 1221 1591 Patris,
1241 1554 1292 1582 ac
1306 1541 1421 1590 Nati,
1439 1539 1689 1592 pariterque
1706 1537 1844 1578 sancti

1071 1597 1274 1649 Spiritus,
1315 1598 1436 1649 cujus
1472 1597 1648 1636 resonat
1684 1606 1764 1646 per
1801 1605 1844 1633 0-

1328 1665 1474 1693 111116111

1227 1709 1380 1751 Gloria
1397 1707 1620 1749 mundum.
1666 1706 1818 1746 Amen.
1893 1743 1895 1745 ,

1073 1763 1124 1815 V.
1135 1771 1186 1811 In
1201 1771 1441 1822 conspectu
1455 1767 1725 1819 Angelorum
1738 1765 1846 1818 psal-

1020 1827 1107 1867 lam
1132 1826 1211 1868 tibi
1236 1827 1356 1867 Deus
1381 1838 1515 1867 meus.
1558 1825 1607 1874 R.
1632 1821 1844 1863 Adorabo

1021 1882 1077 1924 ad
1092 1883 1303 1935 templum
1318 1887 1519 1923 sanctum
1532 1885 1666 1929 tuum,
1685 1883 1729 1919 et
1744 1891 1844 1919 con-

1021 1938 1179 1980 fitebor
1197 1938 1362 1980 nomini
1379 1943 1468 1980 tuo.

1075 1999 1145 2039 Ad
1178 1998 1337 2039 Bened.
1384 1999 1482 2039 Ant.
1532 1995 1738 2048 Angelus,
1771 1995 1846 2047 qui

1020 2055 1283 2108 loquebatur
1301 2056 1325 2081 *
1343 2056 1387 2096 in
1406 2067 1492 2105 me,
1517 2051 1745 2097 suscitavit
1766 2064 1847 2100 me,

1025 2112 1149 2164 quasi
1181 2113 1321 2153 virum
1355 2111 1428 2164 qui
1460 2110 1695 2152 suscitatur
1727 2121 1753 2149 a
1781 2120 1847 2148 so·

1023 2181 1126 2210 mno
1145 2181 1236 2210 suo.

1367 2220 1528 2260 Oratio.

1022 2277 1203 2382 DeuS,
1238 2281 1312 2334 qui
1338 2281 1449 2322 miro
1478 2279 1631 2321 ordine
1659 2276 1847 2327 Angelo-

1121 2351 1218 2379 rum
1246 2337 1501 2387 ministeria,
1534 2335 1846 2385 hominumque

1023 2395 1267 2447 dispensas:
1288 2393 1483 2436 concede
1500 2392 1732 2446 propitius;
1755 2394 1804 2430 ut
1822 2401 1848 2429 a

1025 2451 1181 2504 quibus
1203 2450 1284 2493 tibi
1305 2448 1650 2492 ministrantibus
1668 2446 1713 2487 in
1732 2445 1847 2487 coelo

1023 2520 1197 2560 semper
1223 2507 1458 2555 assistitur,
1490 2504 1544 2546 ab
1570 2504 1639 2545 his
1664 2503 1709 2543 in
1733 2506 1849 2543 terra

1023 2565 1113 2605 vita
1130 2568 1281 2605 nostra
1300 2563 1527 2605 muniatur.
1554 2561 1639 2602 Per
1656 2559 1784 2600 Dfim.

1294 2632 1361 2669 Ad
1384 2630 1585 2667 Tertiam.

1077 2686 1175 2728 Ant.
1211 2684 1387 2736 Angelis
1413 2683 1513 2724 suis,

1078 2742 1217 2795 Capit.
1244 2741 1359 2783 Ecce
1378 2752 1472 2790 ego.
1499 2743 1545 2778 ut
1563 2749 1704 2788 supra.
