2040 2990
725 194 926 229 Dominica
952 196 1001 230 ad
1024 197 1259 232 Matutinum.

1070 293 1176 334 Ideo
1202 307 1287 335 non
1315 299 1539 346 resurgent
1565 299 1685 351 impii
1711 300 1753 340 in
1779 301 1834 351 ju-

1019 349 1148 390 dicio:
1174 350 1196 375 *
1223 364 1362 403 neque
1391 357 1644 404 peccatores
1668 356 1711 395 in
1735 369 1834 397 con-

1019 406 1117 447 cilio
1139 407 1359 457 justorum.

1069 463 1285 512 Quoniam
1321 465 1442 506 novit
1473 465 1685 507 Deminus
1718 469 1831 509 viam

1017 520 1242 570 justerum:
1265 521 1287 545 *
1313 526 1356 562 et
1379 522 1460 562 iter
1484 522 1715 574 impiorum
1740 538 1832 576 per-

1016 574 1105 616 ibit.

1067 632 1218 673 Gloria
1244 634 1378 683 Patri,
1408 640 1451 675 et
1478 634 1608 684 Filio,
1631 636 1654 661 *
1677 642 1719 677 et
1740 637 1830 689 Spi-

1015 690 1113 729 ritui
1135 695 1296 731 sancto.

1065 745 1185 787 Sicut
1209 752 1301 788 erat
1323 747 1366 787 in
1386 747 1617 800 principio,
1642 754 1684 789 et
1708 763 1830 799 nunc,

1014 805 1057 841 et
1081 815 1269 854 semper:
1292 804 1315 828 *
1342 808 1385 844 et
1411 804 1455 843 in
1475 805 1634 845 saecula
1653 806 1830 847 saeculo-

1013 870 1118 898 rum.
1154 858 1307 900 Amen.

1066 919 1138 952 Hic
1172 930 1304 953 versus
1337 920 1476 955 (filoria.
1512 932 1661 965 semper
1694 924 1830 957 dicitur

1014 967 1050 999 in
1073 968 1144 1001 tine
1166 968 1332 1001 omnium
1352 968 1598 1008 I'salmmnm,
1624 971 1695 1003 nisi
1722 972 1831 1005 aliter

1014 1020 1171 1049 notetur.
1299 1030 1490 1069 psalmus
1518 1032 1552 1069 2.

1097 1096 1200 1124 uare
1228 1083 1496 1126 fremuerunt
1524 1086 1702 1135 Gentes,
1735 1088 1757 1112 *
1786 1093 1828 1128 et

1114 1139 1264 1191 populi
1289 1140 1485 1182 meditati
1515 1147 1614 1183 sunt
1643 1143 1808 1184 inania?

1061 1195 1305 1237 Astiterunt
1329 1210 1452 1248 reges
1480 1203 1623 1247 terrae,
1647 1204 1690 1240 et
1713 1202 1825 1251 prin-

1010 1251 1129 1303 cipes
1154 1254 1451 1294 convenerunt
1475 1254 1518 1294 in
1543 1268 1674 1295 unum
1702 1256 1725 1281 *
1753 1255 1824 1296 ad-

1009 1309 1159 1348 versus
1210 1309 1469 1359 Dominum,
1522 1315 1564 1352 et
1616 1311 1823 1352 adversus

1009 1363 1226 1405 Christum
1254 1367 1354 1417 ejus.

1058 1421 1368 1473 Dirumpamus
1401 1423 1571 1463 vincula
1605 1426 1773 1464 eorum:
1800 1425 1822 1449 *

1007 1481 1050 1517 et
1077 1477 1355 1529 projiciamus
1383 1492 1408 1519 a
1436 1479 1562 1520 nobis
1590 1481 1734 1532 jugum
1762 1481 1822 1532 ip-

1007 1534 1165 1574 so'rum.

1058 1590 1141 1640 Qui
1173 1589 1340 1632 habitat
1372 1591 1415 1631 in
1448 1591 1589 1641 coelis,
1626 1592 1822 1634 irridebit

1006 1658 1095 1686 eos:
1110 1647 1134 1671 *
1150 1651 1194 1687 et
1207 1647 1421 1688 Deminus
1437 1647 1720 1689 subsannabit
1735 1662 1820 1690 eos.

1055 1702 1178 1744 Tunc
1198 1703 1399 1755 loquetur
1419 1704 1475 1745 ad
1494 1717 1569 1745 eos
1593 1705 1634 1744 in
1654 1705 1718 1745 ira
1733 1718 1819 1754 sua,

1004 1758 1026 1783 *
1046 1763 1089 1800 et
1108 1759 1151 1799 in
1171 1759 1315 1800 furore
1335 1773 1414 1801 suo
1434 1760 1711 1801 conturbabit
1734 1773 1818 1801 eos.

1053 1815 1147 1865 Ego
1168 1820 1312 1856 autem
1332 1816 1592 1857 constitutus
1612 1829 1706 1857 sum
1723 1817 1817 1858 Rex

1002 1870 1056 1912 ab
1077 1884 1129 1912 eo
1150 1884 1280 1923 super
1295 1872 1398 1912 Sion
1413 1877 1605 1913 montem
1621 1878 1817 1914 sanctum

1002 1928 1102 1978 ejus,
1121 1928 1144 1952 *
1163 1927 1408 1979 praedicans
1427 1930 1697 1980 praeceptum
1716 1930 1815 1979 ejus.

1050 1984 1265 2024 Dominus
1293 1983 1402 2029 dixit
1429 1983 1485 2025 ad
1512 1998 1599 2025 me:
1626 1985 1649 2010 *
1682 1985 1814 2026 Filius

999 2052 1120 2080 meus
1141 2052 1187 2081 es
1205 2045 1263 2089 tu,
1282 2053 1362 2090 ego
1381 2040 1513 2082 hedie
1531 2041 1658 2091 genui
1677 2046 1730 2082 te.

1049 2096 1228 2137 Postula
1252 2109 1277 2137 a
1301 2109 1380 2146 me,
1406 2101 1449 2138 et
1468 2096 1582 2138 dabo
1602 2097 1682 2138 tibi
1702 2098 1812 2139 Gen-

997 2157 1063 2193 tes
1081 2152 1381 2195 haereditatem
1400 2158 1529 2203 tuam,
1544 2154 1567 2179 *
1586 2158 1629 2194 et
1644 2166 1812 2205 posses-

998 2209 1164 2251 sionem
1182 2214 1301 2251 tuam
1319 2210 1527 2250 terminos
1546 2215 1684 2250 terrae.

1047 2265 1191 2316 Reges
1219 2279 1295 2307 eos
1322 2266 1366 2306 in
1390 2266 1508 2316 virga
1531 2265 1690 2315 ferrea,
1717 2266 1739 2290 *
1768 2271 1810 2307 et

995 2325 1217 2373 tamquam
1231 2334 1307 2362 vas
1326 2321 1446 2372 figuli
1465 2322 1708 2373 confringes
1723 2335 1808 2363 eos.

1045 2378 1101 2419 Et
1124 2391 1237 2419 nunc
1256 2391 1380 2429 reges
1399 2377 1638 2428 intelligite:
1665 2378 1688 2403 *
1716 2391 1806 2418 eru-

995 2432 1144 2474 dimini
1166 2435 1238 2485 qui
1258 2434 1455 2486 judicatis
1476 2439 1646 2475 terram.

1043 2489 1209 2531 Servite
1234 2491 1423 2533 Domino
1449 2491 1491 2530 in
1515 2490 1685 2531 timere:
1712 2490 1735 2515 *
1763 2495 1806 2530 et

201 290 268 330 Ne
287 289 406 331 foeda
425 290 492 340 sit,
511 291 580 332 vel
600 291 767 332 lubrica

253 345 475 399 Compago
494 348 635 388 nostri
654 348 864 400 corporis,

253 401 322 443 Ob
342 404 462 454 cujus
481 403 603 454 ignes
622 404 795 455 ignibus

250 459 450 500 Avernus
470 465 568 501 urat
588 461 740 501 acrius.

196 531 350 573 Mundi
368 533 641 586 Redemptor
660 536 920 586 quaesumus,

250 588 318 629 Tu
335 589 499 641 probra
517 595 668 631 nostra
687 590 840 632 diluas:

249 645 476 698 Nobisque
493 646 641 699 >largus
661 647 892 689 commoda

247 701 364 743 Vitae
383 703 586 754 perennis
607 704 815 751 conferas.

196 771 375 820 Praesta,
393 771 523 813 Pater
542 772 748 824 piissime,

246 827 454 879 Patrique
474 841 654 881 compar
672 829 822 878 Unice,

249 883 358 924 Cum
375 885 541 937 Spiritu
559 885 777 926 Paraclito

244 940 449 992 Regnans
468 955 547 994 per
566 954 694 983 omne
714 942 933 983 saeculum.

448 998 602 1039 Amen.

192 1062 293 1096 Aliis
317 1064 554 1106 temporibus
580 1076 600 1098 a
627 1066 875 1108 supradictis,
900 1067 957 1100 In-

138 1109 242 1144 vitat.
265 1115 300 1144 et
317 1111 491 1154 Hymnus
513 1112 690 1146 dicuntur
710 1124 795 1156 qum
817 1114 956 1148 haben-

138 1162 198 1191 tur
219 1158 256 1191 in
275 1159 437 1202 Propi-io
461 1160 506 1193 dc
527 1160 725 1203 Tempore,
743 1172 812 1204 pro
832 1162 955 1196 Officii

137 1206 335 1241 varietate:
359 1208 462 1250 quod
485 1212 520 1241 et
542 1208 578 1241 in
595 1208 716 1251 Capit.
740 1214 775 1243 et
792 1210 954 1253 Hymni<

138 1253 186 1286 ad
213 1254 379 1294 Laudes,
409 1260 444 1289 et
475 1256 513 1289 in
543 1256 629 1290 aliis
661 1257 850 1291 similibus
881 1269 954 1291 scr-

136 1305 255 1335 vetur.

370 1368 418 1406 In
445 1369 475 1407 I.
504 1369 724 1408 Nocturno.

188 1440 237 1479 In
272 1440 485 1482 Adventu.
524 1443 622 1483 Ant.
661 1443 821 1485 Veniet
853 1458 955 1486 ecce

137 1499 244 1541 Rex.

187 1556 269 1597 Per
297 1557 482 1599 Annum.
519 1560 617 1600 Ant.
649 1561 818 1603 Servite
846 1562 954 1603 Dfio.

184 1622 404 1657 Asteriscus
423 1626 443 1647 *
461 1628 567 1659 notat
583 1635 743 1668 pausam
762 1631 894 1661 cantus
915 1627 952 1661 in

134 1668 274 1703 Choro.

415 1740 614 1781 Psalmus
644 1743 672 1781 1.

237 1813 367 1852 eatus
383 1812 458 1861 vir,
474 1813 547 1864 qui
567 1826 654 1853 non
669 1812 776 1854 abiit
790 1814 833 1854 in
853 1827 952 1854 con-

231 1896 232 1899 ,
260 1867 358 1909 silio
378 1868 621 1921 impierum,
642 1874 685 1910 et
702 1870 746 1909 in
764 1870 835 1910 via
853 1883 951 1922 pec-

231 1925 457 1965 catorum
489 1938 577 1966 non
607 1925 742 1975 stetit,
774 1926 797 1951 *
830 1931 873 1967 et
906 1927 949 1966 in

119 1978 340 2022 cathedra
358 1981 617 2033 pestilentiae
637 1994 724 2023 non
743 1981 869 2023 sedit:

182 2035 269 2077 Sed
283 2037 326 2077 in
341 2037 435 2089 lege
446 2038 623 2079 Domini
633 2038 834 2080 voluntas
848 2039 949 2090 ejus,

131 2091 154 2116 *
174 2097 217 2133 et
235 2092 279 2133 in
296 2093 390 2145 lege
406 2095 495 2147 ejus
514 2094 795 2136 meditabitur
812 2094 882 2136 die
897 2108 948 2136 ac

131 2154 271 2190 nocte.

181 2205 237 2246 Et
264 2206 345 2247 erit
371 2211 594 2258 tamquam
621 2207 800 2259 lignum,
829 2207 947 2259 quod

129 2259 371 2312 plantatum
382 2268 448 2304 est
462 2276 588 2304 secus
599 2263 807 2305 decursus
818 2266 945 2315 aqua-

129 2329 235 2367 rum,
261 2319 285 2343 *
313 2318 431 2370 quod
458 2319 646 2361 fructum
674 2333 798 2361 suum
824 2319 946 2361 dabit

128 2372 172 2412 in
191 2375 388 2427 tempore
409 2388 503 2416 suo:

179 2430 235 2471 Et
262 2431 413 2472 folium
440 2433 530 2483 ejus
558 2445 644 2474 non
664 2432 840 2473 defluet:
858 2433 881 2457 *
902 2438 944 2473 et

129 2486 274 2528 omnia
292 2491 578 2540 quaecumque
597 2489 741 2538 faciet,
765 2501 942 2541 prospe-

127 2541 345 2584 rabuntur.
993 2546 1204 2587 exsultate
1225 2547 1265 2587 ei
1284 2559 1381 2587 cum
1400 2548 1598 2587 tremore.

177 2597 278 2639 Non
310 2600 373 2641 sic
405 2601 545 2653 impii,
578 2614 665 2642 non
698 2602 778 2642 sic:
809 2602 831 2626 *
864 2600 941 2642 sed
1042 2602 1371 2654 Apprehendite
1416 2601 1706 2654 disciplinam,
1733 2613 1801 2641 ne-

126 2658 347 2705 tamquam
391 2657 554 2708 pulvis,
596 2670 724 2708 quem
769 2657 942 2709 projicit
992 2657 1166 2708 quando
1203 2659 1412 2699 irascatur
1444 2658 1672 2706 Dominus,
1704 2658 1726 2682 *
1758 2661 1801 2696 et

126 2715 280 2751 ventus
298 2724 324 2751 a
340 2712 450 2753 facie
468 2718 607 2754 terrae.
968 2704 1178 2772 [pereatis
1197 2713 1251 2755 de
1270 2714 1339 2754 via
1357 2715 1477 2765 justa.

1555 2829 1596 2862 1*
