2080 2990
597 203 665 236 Die
691 203 740 235 21.
766 202 849 235 dun.
898 204 930 234 S.
960 201 1118 237 Afflictis
1147 201 1246 237 vim.
1274 208 1307 234 ct
1335 202 1438 235 Mart.

167 310 331 346 escam,
378 295 433 337 de
468 295 667 337 manibus
706 294 991 346 quaerentium

168 353 356 399 animam
377 365 535 402 meam,
560 356 604 393 et
628 351 682 393 de
701 351 840 404 portis
859 350 991 392 tribu-

166 409 387 459 lationum,
403 421 502 460 quae
518 407 897 450 circumdederunt
907 420 991 448 me:

167 478 193 507 a
216 468 422 518 pressura
446 465 650 513 flammae,
685 477 783 515 quae
812 464 990 505 circum-

167 520 289 563 dedit
319 534 405 571 me,
440 526 482 562 et
512 521 556 561 in
587 519 734 562 medio
765 520 876 571 ignis
904 533 991 561 non

167 591 264 619 sum
284 580 482 619 aestuata:
506 576 560 618 de
580 575 808 618 altitudine
827 577 991 618 ventris

165 634 301 684 inferi,
321 639 364 675 et
383 647 408 675 a
425 634 571 684 lingua
590 632 880 685 coinquinata⁷
905 638 948 674 et
967 646 992 674 a

166 689 301 731 verbo
320 689 551 740 mendacii,
578 702 603 731 a
626 701 728 741 rege
754 689 922 740 iniquo,
949 695 992 731 et

167 759 192 788 a
209 746 356 797 lingua
373 746 541 798 injusta.

220 812 269 864 Re.
309 811 438 852 Diem
482 811 642 852 festum
686 810 991 852 sacratissimae

166 868 358 918 Virginis
378 866 663 917 celebremus,
691 866 876 918 qualiter
894 880 990 919 pas-

167 936 216 964 sa
243 923 299 964 sit
325 922 455 965 beata
478 924 626 973 Agnes
655 923 711 964 ad
738 924 991 964 memoriam

166 981 438 1021 revocemus:
490 978 794 1021 tertiodecimo
849 980 991 1021 aetatis

168 1048 260 1077 suae
284 1048 396 1076 anno
420 1040 607 1076 mortem
629 1034 837 1087 perdidit,
867 1040 910 1076 et
932 1036 991 1077 vi-

166 1096 256 1133 tam
274 1091 450 1133 invenit:
471 1097 492 1120 *
514 1091 624 1141 Quia
647 1091 789 1132 solum
808 1092 910 1133 vitae
931 1091 990 1133 di-

166 1147 273 1188 lexit
291 1150 526 1189 auctorem.
547 1143 593 1193 V.
614 1148 801 1189 Infantia
816 1147 992 1199 quidem

168 1203 504 1256 computabatur
535 1204 579 1244 in
611 1204 751 1254 annis,
789 1204 867 1245 sed
900 1209 992 1245 erat

167 1261 368 1301 senectus
386 1260 543 1301 mentis
562 1260 782 1301 immensa.
810 1261 931 1310 Quia.

477 1339 626 1379 Lectio
647 1339 683 1377 ii.

233 1394 412 1436 audabit
437 1405 576 1444 usque
604 1392 661 1434 ad
692 1397 879 1434 mortem
907 1394 992 1434 ani-

262 1463 334 1491 ma
351 1462 448 1491 mea
462 1449 707 1498 Deminum,
727 1454 770 1490 et
789 1449 877 1491 vita
895 1462 992 1491 mea

169 1508 527 1559 appropinquans
550 1510 643 1546 erat
666 1505 709 1546 in
733 1505 899 1547 inferno
920 1505 991 1547 de-

169 1565 327 1604 ersum.
362 1561 751 1603 Circumdederunt
777 1574 846 1602 me
872 1562 992 1603 undi-

169 1631 264 1671 que,
284 1622 327 1659 et
344 1631 433 1659 non
453 1622 546 1658 erat
566 1617 639 1669 qui
656 1616 889 1669 adjuvaret.
908 1619 990 1660 Re-

169 1674 356 1728 spiciens
389 1686 507 1715 eram
540 1673 596 1715 ad
628 1672 889 1726 adjutorium
916 1674 990 1716 ho-

166 1731 349 1780 minum,
387 1734 431 1771 et
468 1742 556 1771 non
594 1733 697 1771 erat.
749 1730 991 1772 Memorata

168 1800 263 1828 sum
281 1785 592 1828 misericordiae
614 1792 702 1828 tuae
721 1787 923 1837 Domine,
947 1793 991 1829 et

167 1843 435 1895 operati6nis
482 1846 586 1892 tuae,
632 1855 730 1894 quae
767 1855 792 1883 a
828 1844 989 1885 saeculo
1051 1862 1148 1890 ι’

168 1904 282 1940 sunt:
308 1898 511 1951 quoniam
531 1898 646 1939 eruis
667 1899 927 1940 sustinentes
946 1905 989 1941 te

167 1954 365 2004 Domine,
386 1960 430 1996 et
446 1954 605 1997 liberas
625 1966 700 1995 eos
720 1952 774 1995 de
789 1954 989 1996 manibus

167 2011 370 2062 gentium.

219 2075 269 2126 Rz.
302 2075 541 2115 Dexteram
575 2087 717 2115 meam
751 2079 794 2115 et
831 2075 991 2116 collum

167 2143 313 2172 meum
350 2130 482 2172 cinxit
518 2130 738 2183 lapidibus
775 2131 990 2183 pretiosis,

166 2185 347 2228 tradidit
391 2186 568 2228 auribus
609 2186 716 2227 meis
759 2187 989 2228 inaestima-

167 2241 277 2284 biles
295 2244 566 2293 margaritas:
584 2246 604 2268 *
630 2243 687 2284 Et
706 2242 991 2284 circumdedit

167 2310 237 2339 me
261 2297 542 2341 vernantibus
571 2296 702 2350 atque
730 2299 990 2340 coruscanti-

167 2352 250 2395 bus
274 2354 467 2404 gemmis.
500 2348 550 2399 V.
576 2355 729 2396 Pusuit
755 2355 924 2405 signum
948 2355 991 2395 in

168 2409 324 2451 faciem
354 2423 515 2460 meam,
553 2415 601 2451 ut
635 2411 800 2462 nullum
831 2416 992 2464 praeter

169 2478 267 2506 eum
286 2469 525 2508 amatOrem
544 2467 782 2509 admittam.
809 2468 876 2508 Et.

471 2543 621 2583 Lectio
641 2543 693 2582 iii.

169 2595 422 2701 Exaltasti
440 2613 571 2653 super
588 2607 750 2643 terram
763 2601 990 2644 habitatio-

257 2668 357 2698 nem
383 2669 540 2707 meam,
574 2663 618 2699 et
645 2670 726 2710 pro
752 2663 892 2699 morte
920 2657 990 2699 de-

169 2711 330 2754 fluente
363 2711 599 2764 deprecata
631 2727 738 2755 sum.
783 2714 990 2761 Invocavi

1043 295 1280 336 Dominum
1298 296 1475 337 Patrem
1493 296 1669 337 Demini
1692 297 1794 346 mei,
1819 301 1867 338 ut

1043 362 1132 391 non
1152 350 1426 403 derelinquat
1449 364 1519 393 me
1538 353 1581 392 in
1601 352 1671 394 die
1689 352 1866 394 tribula-

1043 407 1176 448 tionis
1203 420 1331 457 meae,
1359 411 1403 448 et
1427 408 1471 448 in
1495 409 1693 460 tempore
1719 421 1866 461 super-

1043 462 1201 504 borum
1237 463 1331 504 sine
1368 463 1596 515 adjutorio.
1654 464 1865 506 Laudabo

1044 531 1204 560 nomen
1226 523 1349 560 tuum
1369 519 1558 568 assidue,
1585 525 1628 561 et
1651 520 1867 562 collauda-

1043 574 1102 616 bo
1119 574 1226 616 illud
1242 576 1285 616 in
1302 575 1586 625 confessione,
1607 581 1650 617 et
1665 577 1868 618 exaudita

1046 636 1112 672 est
1131 631 1271 672 oratio
1289 644 1397 672 mea.
1431 631 1489 672 Et
1509 631 1704 673 liberasti
1723 646 1792 674 me
1813 633 1866 674 de

1044 687 1305 740 perditiOne,
1325 693 1368 729 et
1387 688 1584 740 eripuisti
1601 701 1671 730 me
1690 689 1744 730 de
1762 691 1866 730 tem-

1044 756 1152 796 pore
1171 745 1333 796 iniquo.
1359 736 1600 796 Propterea
1615 744 1867 795 confitebor,

1046 804 1089 841 et
1114 799 1288 841 laudem
1316 800 1459 841 dicam
1490 800 1585 850 tibi,
1620 806 1663 843 et
1694 800 1867 843 benedi-

1045 869 1140 897 cam
1158 857 1323 897 n6mini
1340 857 1527 898 Domini.

1101 933 1147 983 R».
1173 930 1286 970 Amo
1308 930 1542 979 Christum,
1567 931 1610 971 in
1634 931 1752 982 cujus
1776 931 1867 973 tha-

1044 986 1205 1027 lamum
1225 986 1429 1036 introibo,
1450 988 1569 1039 cujus
1589 992 1726 1028 mater
1745 988 1867 1039 virgo

1045 1047 1128 1091 est,
1166 1044 1286 1094 cujus
1323 1048 1449 1095 pater
1485 1043 1688 1084 feminam
1720 1045 1868 1093 nescit,

1045 1100 1164 1151 cujus
1188 1098 1293 1140 mihi
1320 1101 1483 1150 o'rgana
1501 1099 1736 1141 modulatis
1754 1101 1868 1141 voci-

1043 1155 1125 1196 bus
1142 1160 1330 1196 cantant:
1345 1160 1366 1181 *
1385 1156 1525 1205 Quem
1540 1169 1638 1196 cum
1653 1158 1867 1206 amavero,

1046 1216 1165 1253 casta
1197 1225 1308 1262 sum;
1342 1225 1439 1253 cum
1469 1214 1673 1262 tetigero,
1705 1212 1868 1253 munda

1045 1281 1154 1318 sum;
1197 1281 1295 1309 cum
1332 1271 1561 1321 accepero,
1602 1269 1724 1319 virgo
1761 1282 1867 1309 sum.

1047 1326 1093 1374 Υ.
1127 1324 1302 1365 Annulo
1335 1325 1438 1366 fidei
1469 1338 1559 1366 suae
1592 1324 1868 1367 subarrhavit

1045 1386 1125 1429 me,
1145 1386 1189 1422 et
1207 1381 1427 1422 immensis
1446 1381 1677 1423 monilibus
1698 1381 1868 1423 ornavit

1045 1449 1125 1478 me.
1162 1438 1311 1487 Quem.
1348 1437 1497 1479 Glutia
1513 1438 1643 1479 Patri.
1676 1438 1825 1488 Quem.

1272 1531 1319 1568 In
1343 1531 1392 1568 Π.
1418 1530 1639 1568 Nocturno.

1097 1599 1195 1638 Ant.
1230 1597 1374 1639 Induit
1397 1611 1468 1639 me
1491 1598 1704 1639 Deminus
1731 1598 1867 1650 cycla-

1046 1654 1100 1696 de
1119 1667 1224 1696 auro
1244 1659 1381 1704 texta,
1402 1660 1444 1696 et
1462 1654 1683 1695 immensis
1703 1655 1866 1695 monili-

1044 1711 1126 1752 bus
1147 1711 1316 1753 ornavit
1335 1723 1415 1752 me.

1336 1784 1528 1822 l'salmus
1549 1785 1584 1821 4.

1048 1882 1143 1917 ,affl—23
1160 1871 1232 1898 um
1265 1859 1515 1899 invocarem
1545 1855 1766 1899 exaudivit
1796 1869 1865 1897 me

1048 1907 1154 1972 ‘vl
1176 1915 1295 1955 Deus
1321 1915 1494 1966 justitiae
1525 1927 1651 1955 meae:
1675 1915 1699 1941 *
1722 1913 1766 1954 in
1795 1913 1865 1954 tri-

1051 1967 1152 1993 ρξ’-ή-
1176 1970 1397 2012 bulatione
1417 1970 1608 2012 dilatasti
1626 1970 1740 2010 mihi.

1094 2027 1301 2068 Miserere
1319 2027 1414 2078 mei,
1429 2028 1452 2053 *
1473 2032 1516 2068 et
1536 2025 1693 2068 exaudi
1708 2025 1864 2068 oratio-

1043 2096 1143 2124 nem
1162 2096 1314 2124 meam.

1096 2143 1192 2184 Filii
1224 2143 1448 2184 heminum
1479 2147 1708 2196 usquequo
1746 2142 1866 2194 gravi

1047 2198 1201 2241 corde?
1229 2200 1252 2225 *
1280 2205 1328 2241 ut
1360 2199 1466 2252 quid
1497 2199 1672 2250 diligitis
1704 2199 1865 2239 vanita-

1044 2261 1143 2305 tem,
1172 2261 1215 2298 et
1236 2256 1428 2307 quaeritis
1447 2253 1748 2298 mendacium?

1095 2317 1151 2358 Et
1187 2317 1342 2358 scitete
1380 2317 1585 2369 queniam
1613 2315 1866 2357 mirificavit

1043 2373 1256 2414 Duminus
1280 2378 1478 2414 sanctum
1502 2386 1642 2414 suum:
1667 2373 1690 2397 *
1716 2371 1864 2412 Demi-

1043 2442 1124 2470 nus
1157 2428 1362 2470 exaudiet
1392 2442 1462 2471 me
1491 2442 1588 2470 cum
1617 2428 1862 2469 clamavero

1043 2484 1100 2527 ad
1119 2497 1228 2526 eum.

1097 2545 1351 2596 Irascimini,
1386 2550 1428 2587 et
1454 2545 1589 2587 nolite
1615 2546 1813 2597 peccare:
1840 2544 1863 2570 *

1045 2615 1142 2654 quae
1167 2601 1309 2644 dicitis
1333 2602 1376 2642 in
1400 2601 1606 2643 cordibus
1627 2600 1793 2648 vestris,
1820 2599 1862 2639 in

1044 2658 1256 2699 cubilibus
1276 2658 1433 2700 vestris
1456 2655 1803 2709 compungimini.

1093 2714 1344 2756 Sacrificate
1382 2713 1642 2755 sacrificium
1675 2711 1861 2764 justitiae,
