2040 2990
190 196 253 231 166

190 290 399 332 videbunt
417 288 603 340 gloriam
617 288 806 336 Domini,
826 292 869 329 et
888 287 1016 329 deco-

189 358 281 387 rem
299 345 383 386 Dei
402 344 554 386 nostri.
588 344 844 385 Confortate
862 356 1016 384 manus

190 400 442 449 dissolutas,
471 405 515 441 et
539 401 681 450 genua
704 398 865 441 debilia
888 398 1016 439 robo-

189 459 292 497 rate.
332 456 477 497 Dicite
501 455 806 508 pusillanimis:
837 454 1016 495 Confor-

188 512 349 560 tamini,
370 516 414 553 et
432 511 567 552 nolite
586 511 753 552 timere:
777 522 879 552 ecce
896 510 1016 551 Deus

189 573 335 609 vester
368 567 580 608 ultionem
613 566 804 607 adducet
835 565 1016 607 retribu-

188 623 335 664 tionis:
363 623 484 664 Deus
504 623 598 675 ipse
618 622 780 671 veniet,
810 627 853 663 et
879 621 1016 662 salva—

188 679 254 720 bit
266 691 357 720 vos.
385 679 511 720 Tunc
530 678 781 731 aperientur
800 677 916 718 oculi
936 689 1016 717 cae-

190 737 360 784 corum,
397 739 440 776 et
472 747 599 775 aures
631 733 866 775 surdorum
897 734 1016 785 pate-

189 790 310 832 bunt.
363 790 488 831 Tunc
533 790 659 831 saliet
705 790 817 830 sicut
861 801 1016 830 cervus

190 846 388 896 claudus,
417 851 460 887 et
484 848 637 898 aperta
662 846 743 887 erit
761 845 908 896 lingua
926 857 1016 885 mu-

190 905 349 943 torum:
369 902 469 954 quia
489 902 639 943 scissae
659 906 760 942 sunt
778 901 821 941 in
840 900 1016 941 deserto

191 971 337 1010 aquae,
371 962 414 999 et
443 959 661 998 torrentes
693 957 737 997 in
770 955 1017 997 solitudine.

189 1014 246 1054 Et
266 1026 363 1065 quae
384 1018 478 1054 erat
497 1012 629 1063 arida,
649 1013 731 1054 erit
744 1013 788 1053 in
803 1017 1016 1063 stagnum,

190 1074 234 1110 et
253 1069 402 1110 sitiens
420 1069 463 1109 in
482 1069 626 1110 fontes
647 1070 871 1121 aquarum.

241 1137 291 1187 R.
329 1133 482 1175 Canite
509 1133 615 1175 tuba
640 1134 684 1174 in
709 1133 828 1182 Sion,
859 1135 1017 1174 vocate

191 1189 373 1238 Gentes,
398 1190 651 1230 annuntiate
674 1189 867 1241 populis,
893 1193 936 1229 et
956 1188 1016 1229 di-

153 1271 157 1274 ·
191 1245 290 1286 cite:
309 1250 332 1274 *
352 1246 468 1287 Ecce
492 1245 613 1286 Deus
637 1245 839 1286 Salvator
865 1249 1017 1285 noster

190 1300 404 1342 adveniet.
442 1298 491 1350 V.
518 1300 805 1350 Annuntiate,
831 1305 875 1341 et
898 1299 1016 1341 audi-

189 1361 282 1397 tum
307 1356 453 1398 facite:
479 1356 723 1408 loquimini,
751 1360 795 1398 et
821 1356 1016 1397 clamate.

190 1412 316 1453 Ecce.

496 1498 649 1538 Lectio
666 1497 706 1537 ii.

191 1562 269 1666 In
289 1561 515 1610 cubilibus,
536 1562 581 1602 in
601 1562 758 1614 quibus
780 1562 901 1614 prius
921 1561 1016 1602 dra-

255 1620 388 1659 cones
410 1617 685 1667 habitabant,
713 1618 877 1659 orietur
899 1617 1017 1658 viror

191 1673 348 1714 calami
368 1678 412 1714 et
430 1673 554 1725 junci.
589 1674 646 1714 Et
670 1673 753 1714 erit
777 1673 838 1714 ibi
864 1673 1018 1714 semita

191 1734 235 1770 et
253 1729 333 1778 via,
351 1734 395 1770 et
412 1729 482 1770 via
501 1733 651 1770 sancta
666 1728 911 1770 vocabitur:
929 1741 1017 1770 non

190 1784 391 1826 transibit
408 1797 488 1837 per
507 1797 604 1826 eam
623 1784 835 1837 pollutus,
860 1789 904 1826 et
921 1783 1018 1825 haec

190 1841 272 1882 erit
291 1840 418 1882 vobis
442 1840 608 1882 directa
626 1841 712 1890 via,
739 1841 800 1881 ita
823 1846 873 1882 ut
896 1840 1018 1881 stulti

190 1909 278 1936 non
303 1901 449 1937 errent
473 1909 554 1948 per
580 1909 687 1938 eam.
722 1896 824 1937 Non
851 1896 933 1937 erit
957 1895 1018 1937 ibi

191 1952 278 2001 leo,
310 1956 354 1993 et
384 1952 498 1993 mala
526 1951 666 1994 bestia
694 1965 782 1993 non
810 1951 1018 1993 ascendet

191 2020 271 2059 per
291 2019 397 2056 eam,
416 2020 498 2049 nec
516 2008 761 2049 invenietur
777 2007 852 2049 ibi:
871 2013 915 2049 et
930 2020 1016 2049 am·

190 2062 420 2112 bulabunt,
448 2063 523 2114 qui
550 2063 724 2105 liberati
749 2064 919 2105 fuerint.
960 2064 1017 2105 Et

192 2117 407 2171 redempti
431 2131 456 2159 a
478 2119 670 2160 Domino
695 2121 1017 2169 convertentur,

193 2179 236 2215 et
264 2174 439 2215 venient
467 2174 511 2214 in
536 2174 641 2215 Sion
669 2187 768 2215 cum
795 2175 940 2216 laude:
973 2180 1017 2217 et

191 2229 344 2271 laetitia
364 2230 630 2282 sempiterna
649 2243 781 2282 super
801 2236 933 2283 caput
947 2233 1016 2272 eo-

191 2298 303 2326 rum:
329 2285 535 2336 gaudium
562 2290 605 2327 et
627 2285 826 2327 laetitiam
851 2286 1016 2327 obtine-

191 2340 311 2391 bunt,
331 2346 375 2382 et
394 2341 530 2391 fugiet
548 2341 673 2382 dolor
694 2346 737 2383 et
755 2342 952 2392 gemitus.

245 2410 293 2447 Β.
328 2406 430 2447 Non
460 2406 680 2447 auferetur
711 2410 934 2457 sceptrum
962 2406 1016 2448 de

191 2462 216 2502 J
218 2426 315 2510 uda,
335 2466 379 2502 et
398 2461 487 2503 dux
506 2461 561 2502 de
575 2461 741 2502 femore
757 2462 857 2513 ejus,
878 2461 1017 2503 donec

192 2517 338 2559 veniat
358 2517 431 2569 qui
450 2516 690 2558 mittendus
708 2522 789 2557 est:
803 2520 823 2543 *
847 2517 903 2558 Et
921 2518 1016 2569 ipse

193 2573 276 2614 erit
300 2573 573 2625 exspectatio
599 2572 816 2614 Gentium.
852 2569 1016 2620 V.Pu1-

194 2628 388 2670 chriores
421 2633 520 2669 sunt
552 2628 665 2669 oculi
699 2629 789 2679 ejus
822 2628 941 2678 vino,
974 2634 1017 2669 et

194 2684 347 2726 dentes
373 2685 463 2735 ejus
489 2683 602 2725 lacte
627 2683 915 2725 candidiores.
951 2684 1016 2725 Et.

782 196 983 230 Dominica
1007 196 1071 231 IV.
1095 195 1308 229 Adventus.

1175 289 1329 330 Lectio
1348 289 1404 329 iii.
1613 288 1717 341 Cap.
1735 290 1793 329 41.

1151 352 1307 392 aceant
1325 349 1383 391 ad
1400 362 1471 391 me
1486 348 1652 398 insulae,
1673 353 1717 390 et
1732 349 1898 391 Gentes

1157 410 1328 447 mutent
1342 404 1660 446 fortitudinem:
1675 404 1898 455 accedant,

1070 466 1113 503 et
1137 466 1242 502 tunc
1267 461 1521 512 loquantur,
1554 459 1683 501 simul
1711 459 1769 502 ad
1793 460 1898 512 judi-

1070 517 1185 558 cium
1202 517 1563 569 propinquemus.
1592 516 1699 566 Quis
1718 516 1898 557 suscita-

1069 573 1131 614 vit
1148 572 1202 614 ab
1220 572 1399 614 Oriente
1413 573 1586 624 justum,
1605 571 1780 613 vocavit
1799 584 1899 613 eum

1069 634 1117 669 ut
1137 629 1395 680 sequeretur
1416 627 1486 668 se?
1514 626 1637 668 dabit
1654 627 1699 667 in
1717 628 1899 679 conspe-

1069 688 1142 725 ctu
1162 685 1252 736 ejus
1273 684 1439 725 Gentes
1460 687 1503 724 et
1521 695 1648 734 reges
1668 682 1900 724 obtinebit:

1069 739 1191 781 dabit
1216 739 1340 792 quasi
1362 739 1593 792 pulverem
1621 738 1768 790 gladio
1792 739 1899 790 ejuS‚

1070 796 1183 837 sicut
1202 795 1408 848 stipulam
1426 799 1560 836 vento
1586 799 1760 847 raptam
1779 795 1900 835 arcui

1071 852 1171 903 ejus.
1198 853 1496 903 Persequetur
1516 863 1608 900 eos,
1632 849 1842 892 transibit.
1855 850 1900 890 in

1070 920 1199 959 pace,
1227 908 1384 948 semita
1410 907 1454 947 in
1477 906 1666 959 pedibus
1695 907 1786 958 ejus
1810 918 1900 947 non

1070 963 1313 1016 apparebit.
1346 963 1454 1013 Quis
1477 962 1574 1003 haec
1593 964 1802 1014 operatus
1821 966 1900 1012 est,

1071 1025 1115 1061 et
1145 1020 1268 1069 fecit,
1303 1032 1469 1060 vocans
1506 1019 1812 1069 generationes
1843 1017 1898 1060 ab

1071 1075 1276 1117 exordio?
1304 1076 1400 1126 Ego
1419 1076 1648 1124 DominUS,
1667 1075 1836 1127 primus
1855 1078 1900 1116 et

1068 1132 1334 1173 novissimus
1354 1144 1436 1183 ego
1456 1144 1563 1172 sum.

1121 1213 1171 1264 R.
1197 1208 1270 1249 Me
1296 1210 1473 1260 oportet
1497 1207 1652 1257 minui,
1680 1206 1803 1248 illum
1827 1219 1899 1248 au-

1068 1269 1158 1305 tem
1177 1266 1392 1305 crescere:
1421 1263 1497 1316 qui
1525 1268 1672 1304 autem
1699 1267 1803 1315 post
1828 1275 1900 1304 me

1069 1320 1205 1370 venit,
1235 1324 1337 1361 ante
1360 1332 1430 1361 me
1455 1319 1597 1360 factus
1623 1323 1704 1360 est:
1723 1323 1747 1348 *
1767 1318 1898 1370 Cujus

1068 1388 1157 1417 non
1181 1389 1278 1416 sum
1302 1375 1460 1426 dignus
1483 1374 1716 1426 corrigiam
1735 1374 1899 1416 calcea-

1068 1433 1318 1472 mentorum
1343 1431 1527 1472 solvere.
1563 1425 1614 1478 V.
1640 1431 1736 1482 Ego
1759 1429 1899 1483 bapti-

1069 1487 1167 1528 zavi
1186 1499 1267 1528 vos
1286 1500 1416 1539 aqua:
1438 1487 1513 1528 ille
1536 1490 1683 1528 autem
1704 1486 1899 1538 baptiza-

1068 1542 1135 1584 bit
1154 1555 1236 1584 vos
1250 1543 1416 1595 Spiritu
1431 1547 1596 1584 sancto.
1625 1542 1769 1594 Cujus.
1794 1541 1899 1584 Glo-

1069 1599 1135 1639 ria
1152 1599 1283 1640 Patri.
1317 1599 1460 1650 Cujus.

1296 1701 1346 1740 In
1373 1701 1425 1741 11.
1450 1701 1675 1742 Noctumo.

1147 1770 1299 1811 Sermo
1328 1770 1469 1811 sancti
1495 1769 1657 1812 Leonis
1684 1769 1830 1822 Papae.

1109 1840 1226 1872 Serm.
1253 1839 1280 1871 l.
1306 1837 1353 1872 dc
1378 1838 1521 1880 ieiunio
1547 1838 1687 1873 decimi
1710 1839 1866 1882 mensis,

1359 1890 1395 1919 ct
1420 1886 1604 1920 collectis.

1370 1945 1522 1987 Lectio
1539 1946 1593 1987 iv.

1176 2015 1191 2055 i
1214 2014 1416 2064 fideliter,
1450 2013 1738 2063 dilectissimi,
1766 2017 1899 2064 atque

1095 2106 1106 2126 .·
1155 2078 1158 2082 ’
1200 2070 1423 2123 sapienter
1463 2070 1697 2111 creationis
1734 2073 1899 2110 nostrae

1075 2138 1077 2150 ·
1124 2136 1132 2140 ’
1198 2126 1491 2177 intelligamus
1510 2125 1755 2175 exordium,
1781 2125 1899 2166 inve-

1068 2182 1238 2223 niemus
1270 2181 1493 2223 hominem
1524 2181 1626 2223 ideo
1659 2181 1715 2223 ad
1750 2180 1898 2231 imagi-

1068 2250 1169 2279 nem
1187 2237 1272 2278 Dei
1292 2237 1533 2286 conditum,
1550 2242 1599 2278 ut
1617 2237 1812 2278 imitator
1832 2236 1899 2276 sui

1070 2298 1187 2335 esset
1210 2293 1419 2334 auctoris:
1447 2298 1491 2334 et
1514 2293 1627 2334 hanc
1652 2305 1750 2334 esse
1776 2296 1898 2332 natu-

1068 2349 1204 2391 ralem
1222 2349 1363 2390 nostri
1380 2349 1554 2399 generis
1574 2348 1842 2399 dignitatem,
1862 2347 1898 2387 si

1068 2406 1112 2446 in
1129 2405 1268 2454 nobis,
1289 2405 1415 2456 quasi
1434 2405 1478 2445 in
1498 2403 1691 2456 quodam
1705 2403 1898 2455 speculo,

1070 2461 1228 2502 divinae
1247 2460 1529 2510 benignitatis
1547 2459 1688 2500 forma
1706 2458 1899 2511 resplen-

1069 2517 1183 2558 deat.
1220 2515 1292 2557 Ad
1322 2528 1454 2568 quam
1482 2515 1681 2567 quotidie
1707 2527 1789 2555 nos
1816 2514 1898 2555 uti-

1071 2585 1155 2624 que
1174 2574 1350 2624 reparat
1369 2571 1508 2622 gratia
1523 2570 1775 2619 Salvatoris,
1795 2569 1898 2612 dum

1070 2627 1192 2680 quod
1216 2627 1375 2669 cecidit
1399 2627 1443 2667 in
1468 2626 1614 2668 Adam
1635 2626 1796 2678 primo,
1819 2627 1898 2666 eri-

1069 2684 1186 2735 gitur
1204 2683 1248 2724 in
1270 2682 1476 2725 secundo.
