2080 2990
210 224 302 268 [256]

501 319 652 358 Lectio
675 318 758 357 viii.

296 381 350 414 Ex
373 379 509 411 Homil.
529 380 557 411 2.
576 388 693 420 super
710 377 844 410 codem
866 378 950 409 loco

215 428 432 531 Missus
461 434 544 478 est,
577 428 733 480 inquit,
762 426 956 477 Angelus
984 425 1041 467 ad

327 485 549 535 virginem,
568 484 782 535 virginem
799 495 939 532 carne,
959 484 1040 523 vir-

210 542 354 592 ginem
377 545 538 589 mente,
567 540 779 591 virginem
805 538 1040 591 professio-

211 610 281 646 ne,
309 596 521 647 virginem
549 595 737 648 denique
767 594 941 647 qualem
969 593 1040 635 de-

212 653 364 694 scribit
398 652 661 705 Apostolus‚
695 657 840 693 mente
873 655 916 692 et
948 652 1041 691 cor-

211 721 320 762 pore
361 713 573 758 sanctam,
615 720 696 749 nee
732 708 920 756 noviter,
962 719 1042 747 nec

212 764 393 807 fortuito
425 765 664 813 inventam,
706 764 785 805 sed
820 776 845 804 a
877 762 1042 804 saeculo

213 821 415 870 electam,
450 820 506 861 ab
539 820 767 861 Altissimo
799 819 1041 872 praecogni-

214 882 315 926 tam,
336 882 379 917 et
398 875 481 917 sibi
499 877 805 928 praeparAtam‚
825 874 880 916 ab
899 874 1041 924 Ange-

214 932 266 973 lis
290 934 524 981 servatam‚
558 944 582 972 a
607 930 810 972 Patribus
839 930 1041 983 praefigu-

213 991 367 1036 ratam,
386 1001 411 1028 a
430 987 663 1039 Prophetis
682 989 956 1039 promissam.
983 986 1043 1027 Ut

213 1056 354 1097 pauca
387 1043 543 1095 loquar
575 1043 630 1084 de
662 1042 878 1095 pluribus,
912 1054 1043 1095 quam

213 1099 295 1141 sibi
329 1099 459 1140 ailiam
490 1098 749 1151 praedixisse
775 1099 896 1140 Deus
925 1097 1042 1140 vide-

213 1161 299 1205 tur,
320 1153 496 1206 quando
517 1154 574 1196 ad
593 1157 843 1207 serpentem
862 1154 936 1196 ait:
960 1154 1043 1194 Ini-

213 1211 397 1252 micitias
426 1223 588 1262 ponam
615 1211 727 1252 inter
754 1216 799 1251 te
828 1215 871 1251 et
895 1209 1044 1250 mulie-

214 1266 327 1307 rem?
360 1266 416 1307 Et
447 1267 482 1307 si
513 1266 656 1307 adhuc
686 1266 877 1315 dubitas,
910 1278 965 1306 an
990 1264 1044 1307 de

214 1322 350 1363 Maria
370 1321 544 1371 dixerit,
571 1321 673 1363 audi
694 1322 815 1375 quod
835 1322 1045 1374 sequitur:

213 1379 317 1430 Ipsa
336 1380 534 1419 conteret
552 1383 686 1431 caput
699 1384 834 1420 tuum.
855 1378 934 1419 Cui
949 1377 1045 1419 haec

214 1436 387 1476 servata
406 1434 591 1475 victoria
611 1439 688 1484 est,
707 1435 789 1475 nisi
806 1433 980 1475 Mariae?

274 1497 318 1545 lx‘g.
349 1494 489 1535 Beata
522 1507 568 1536 es
600 1495 741 1545 Virgo
774 1495 928 1543 Maria,
961 1494 1045 1535 Dei

216 1550 430 1599 Genitrix‚
461 1563 560 1602 quae
585 1550 812 1592 credidisti
836 1550 1045 1591 Domino:

215 1606 410 1657 perfecta
434 1610 533 1646 sunt
556 1606 600 1645 in
624 1611 668 1647 te
689 1619 788 1657 quae
808 1606 926 1647 dicta
946 1610 1046 1647 sunt

215 1661 310 1702 tibi:
330 1674 432 1702 ecce
452 1661 645 1702 exaltata
665 1674 712 1703 es
731 1674 864 1714 super
884 1661 1046 1703 choros

217 1717 502 1767 Angelorum:
525 1718 545 1738 *¹
563 1716 794 1759 Intercede
815 1730 899 1774 pro
918 1717 1046 1759 nobis

216 1772 273 1814 ad
301 1773 416 1813 D1‘1m
444 1773 587 1814 Deum
614 1778 824 1815 nostrum.
872 1770 921 1815 ,V-
950 1774 1046 1815 Ave

215 1829 368 1877 Maria,
398 1829 539 1879 gratia
563 1829 708 1881 plena:
742 1830 957 1870 Dominus
985 1835 1045 1870 te-

216 1897 325 1926 cum.
362 1885 602 1926 Intercede.
641 1884 795 1926 Gloria
811 1885 942 1926 Patri.
978 1886 1045 1925 In-

216 1940 403 1982 tercede.

522 1988 671 2028 Lectio
692 1988 744 2027 ix.

330 2048 383 2081 Ex
405 2048 542 2080 Homil.
561 2049 590 2080 3.
610 2058 725 2089 super
743 2047 826 2081 cod.
845 2047 941 2080 loco.

302 2103 551 2153 tingressus
566 2103 761 2154 Angelus
780 2103 838 2145 ad
857 2116 965 2153 eam,
985 2103 1044 2145 di-

311 2159 388 2199 xit:
417 2158 527 2207 Ave,
556 2159 696 2209 gratia
719 2159 866 2211 plena,
895 2160 1045 2201 Domi-

217 2227 298 2254 nus
317 2219 473 2256 tecum.
502 2215 599 2264 Quo
617 2215 838 2265 ingressus
855 2215 912 2257 ad
927 2214 1045 2257 eam?

218 2270 330 2311 Puto
356 2270 399 2310 in
423 2271 660 2311 sacrarium
678 2270 827 2323 pudici
847 2271 1046 2320 cubiculi,

217 2325 291 2366 ubi
315 2325 390 2366 illa
413 2325 629 2375 fortassis,
662 2326 812 2368 clauso
841 2340 974 2380 super
998 2340 1046 2368 se

218 2381 344 2430 ostio,
358 2380 514 2423 orabat
524 2382 699 2423 Patrem
714 2383 757 2422 in
772 2382 1047 2424 abscondito.

216 2436 367 2478 Solent
387 2437 545 2487 Angeli
563 2440 710 2480 astare
729 2438 974 2488 orantibus,
1003 2443 1047 2480 et

218 2491 428 2533 delectari
443 2493 486 2533 in
501 2492 579 2542 his,
600 2506 711 2545 quos
729 2494 881 2536 vident
899 2494 1046 2536 levare

217 2559 351 2598 puras
369 2560 522 2589 manus
536 2549 579 2589 in
594 2550 805 2591 oratione.
826 2550 1046 2591 Holocau-

219 2607 334 2643 stum
369 2609 534 2644 sanctae
571 2604 820 2646 devotionis
854 2605 1048 2655 gaudent

218 2670 265 2699 se
289 2657 447 2699 offerre
465 2659 562 2700 Deo
588 2660 632 2700 in
651 2660 836 2702 odorem
860 2661 1047 2701 suavita·

218 2714 286 2754 tis.
319 2713 470 2754 Mariae
496 2720 642 2757 autem
667 2716 891 2758 orationes
915 2729 1048 2767 quan-

487 226 555 259 Ι)ἰιΔ
579 227 631 258 lo.
652 226 738 258 Dec.
766 224 806 257 In
825 223 1094 256 Translutionc
1116 221 1238 253 Almam
1257 219 1403 252 Domus
1424 219 1659 252 Lauretanae.

1093 318 1185 355 tum
1205 309 1451 363 placuerint
1468 309 1513 350 in
1532 310 1775 361 conspectu
1793 307 1924 348 Altis-

1093 367 1202 417 simi,
1221 365 1417 417 Angelus
1431 365 1653 415 indicAvit,
1673 365 1750 418 qui
1761 364 1925 415 ingres-

1094 437 1168 466 sus
1201 423 1258 465 ad
1290 435 1387 464 eam
1418 427 1510 463 tam
1536 423 1787 463 reverenter
1814 419 1925 461 salu-

1094 480 1212 522 tavit.
1271 482 1332 520 'l‘e
1350 479 1496 520 Deum
1513 477 1755 519 laudamus.
1774 477 1835 518 14.

1360 558 1440 600 Ad
1461 557 1660 600 Laudes

1305 626 1354 653 ct
1395 630 1491 662 per
1532 620 1725 653 Horas.

1152 679 1248 717 Ant.
1276 679 1301 716 1.
1332 676 1522 715 Domum
1543 677 1665 714 tuam
1688 670 1878 711 Domine
1903 668 1928 694 *

1095 729 1224 772 decet
1256 729 1508 772 sanctitudo
1538 729 1583 768 in
1607 724 1929 778 longitudinem

1095 786 1275 828 dierum.

1150 845 1216 884 I‘s.
1246 842 1461 883 Dominus
1479 839 1689 891 regnavit.
1713 838 1773 879 15.

1149 905 1184 943 2.
1219 904 1386 944 Domus
1410 915 1509 943 mea
1532 903 1556 929 *
1585 899 1744 942 domus
1770 897 1929 940 oratio-

1095 958 1162 999 nis
1183 958 1428 1000 vocabitur:
1453 959 1497 999 in
1521 970 1574 999 ea
1598 956 1740 998 omnis
1760 954 1836 1007 qui
1855 965 1928 1006 pe-

1096 1014 1163 1064 tit,
1191 1015 1368 1067 accipit,
1392 1019 1437 1056 et
1456 1013 1531 1066 qui
1553 1012 1725 1066 quaerit,
1748 1009 1931 1052 invenit:

1097 1075 1141 1112 et
1159 1070 1354 1123 pulsanti
1373 1070 1604 1123 aperietur.

1151 1134 1185 1172 3.
1208 1132 1391 1184 Propter
1411 1130 1592 1172 domum
1611 1130 1635 1155 *
1653 1126 1834 1170 Domini
1848 1125 1932 1168 Dei

1097 1188 1238 1229 nostri
1258 1187 1443 1239 quaesivi
1459 1186 1578 1229 bona
1593 1185 1686 1227 tibi.

1151 1251 1188 1289 4.
1226 1248 1411 1289 Domine
1437 1247 1559 1288 Deus
1582 1246 1607 1272 *
1633 1241 1838 1287 exaltesti
1863 1254 1931 1283 su-

1098 1316 1177 1356 per
1195 1308 1358 1345 terram
1376 1302 1696 1345 habitationem
1713 1311 1867 1341 meam.

1151 1368 1188 1405 5.
1219 1366 1410 1406 Domum
1432 1362 1674 1416 majestatis
1697 1372 1825 1409 meae,
1843 1360 1868 1386 *
1888 1363 1932 1400 et

1098 1421 1245 1462 locum
1263 1420 1429 1474 pedum
1446 1421 1646 1462 meorum
1662 1414 1934 1469 glorificabo.

1206 1484 1463 1536 Capitulum.
1612 1482 1744 1523 Eccli.
1764 1482 1829 1521 24.

1098 1550 1174 1656 In
1204 1554 1406 1597 omnibus
1434 1554 1631 1606 requiem
1659 1550 1861 1604 quaesivi,
1889 1554 1934 1592 et

1163 1611 1207 1651 in
1230 1610 1491 1652 haereditate
1510 1608 1691 1651 Domini
1712 1605 1933 1649 morabor.

1099 1667 1224 1708 Tunc
1248 1667 1478 1719 praecepit,
1503 1671 1548 1707 et
1572 1665 1683 1707 dixit
1704 1663 1812 1705 mihi
1831 1662 1933 1704 Cre-

1100 1725 1198 1764 ator
1226 1723 1436 1764 omnium:
1469 1727 1514 1764 et
1546 1722 1621 1774 qui
1653 1719 1820 1762 creavit
1850 1731 1933 1767 me,

1099 1779 1316 1831 requievit
1333 1779 1377 1819 in
1396 1777 1682 1820 tabernaculo
1701 1787 1815 1817 meo.

1411 1845 1621 1895 Hymnus.

1202 1908 1266 1950 lto
1287 1921 1341 1950 ex
1361 1908 1540 1961 Olympi
1557 1906 1722 1948 vertice

1225 1965 1392 2006 Summi
1411 1963 1609 2005 Parentis
1628 1962 1776 2011 Filius,

1178 2021 1271 2062 Ceu
1289 2025 1439 2062 monte
1459 2019 1664 2062 desectus
1682 2017 1796 2071 lapis

1178 2076 1340 2118 Terras
1358 2077 1402 2117 in
1420 2077 1531 2118 imas
1551 2074 1772 2124 decidens,

1178 2132 1349 2174 Domus
1370 2133 1585 2185 supernae,
1604 2135 1649 2172 et
1666 2130 1839 2179 infimae,

1179 2188 1426 2240 Utrumque
1444 2187 1582 2240 junxit
1602 2185 1820 2237 angulum.

1129 2255 1215 2298 Sed
1232 2256 1307 2304 illa
1326 2255 1455 2298 sedes
1475 2255 1671 2297 co‘elitum
1720 2307 1722 2309 ,

1177 2312 1361 2365 Semper
1380 2311 1565 2353 resultat
1581 2309 1797 2358 laudibuS,

1179 2369 1412 2420 Deumque
1430 2367 1593 2408 trinum
1612 2371 1656 2408 et
1675 2366 1852 2407 unicum

1178 2425 1203 2465 J
1205 2424 1278 2474 ugi
1297 2425 1459 2465 canore
1476 2421 1706 2475 praedicat:

1178 2479 1248 2521 Illi
1267 2481 1473 2521 canentes
1493 2477 1710 2530 jungimur

1178 2535 1322 2576 Almae
1342 2534 1486 2576 Sionis
1504 2533 1660 2574 aemuli.

1133 2604 1236 2645 Ilaee
1254 2602 1434 2655 templa,
1454 2602 1552 2643 Rex
1571 2602 1828 2650 coelestium,

1178 2659 1319 2712 Imple
1337 2658 1528 2709 benigno
1549 2657 1726 2699 lumine:

1179 2716 1279 2756 Huc
1299 2727 1325 2756 o
1345 2716 1527 2765 rogatus
1546 2713 1716 2763 adveni,
