2080 2990
245 218 309 253 26*

247 328 297 355 ac
324 313 568 355 Viterbium
595 324 642 353 se
670 310 869 359 contulit,
908 308 1065 351 deinde

248 371 447 418 Romam,
478 368 551 410 ubi
579 380 691 408 anno
719 367 975 419 insequente
1000 378 1064 407 so·

246 426 443 467 lemniter
465 425 744 474 inauguratus
769 427 844 465 est.
878 422 948 464 Ab
968 422 1065 474 ipso

246 482 525 535 pontificatus
559 479 739 522 exordio
769 479 826 521 ad
853 477 1066 531 generalis

247 538 418 580 concilii
439 536 776 579 celebratic'mem
795 548 929 577 curas·
941 539 983 576 et
998 546 1066 575 co-

246 595 479 646 gitationes
505 606 656 635 omnes
678 592 845 644 adjecit.
874 592 939 632 Eo
957 590 1066 641 Lug-

247 651 410 693 dunum
434 650 673 692 Galliarum
698 648 880 697 indicto,
907 646 1067 688 Micha-

248 708 358 749 elem
372 706 686 757 Palaeologum,
713 705 969 747 Graecorum
992 703 1067 743 im-

246 766 511 817 peratorem,
544 768 637 804 tum
669 762 776 803 alios
810 760 1068 802 christianos

246 821 478 874 principes,
500 824 542 861 et
561 831 717 870 graecae
736 818 969 869 latinaeque
989 816 1067 857 Ec-

248 877 391 918 clesiae
410 874 625 916 Praesules
650 874 804 915 litteris
829 873 1068 914 amantissi-

247 934 328 974 mis
354 932 570 980 invitavit‚
598 930 820 972 accersitis
845 930 975 971 etiam
1000 942 1068 970 ex-

248 990 360 1031 imiis
393 989 589 1030 doctrina
621 993 664 1029 et
699 987 928 1028 sanctitate
956 986 1070 1035 viris,

249 1047 311 1088 uti
330 1051 480 1088 sancto
495 1044 667 1086 Thoma
682 1044 900 1095 Aquinate
914 1043 957 1084 in
970 1043 1068 1095 ipso

250 1104 400 1144 itinere
433 1103 520 1144 vita
553 1102 717 1150 functo,
751 1105 902 1141 sancto
932 1100 1069 1140 Bona-

250 1162 445 1208 ventura‚
474 1163 624 1200 sancto
652 1156 857 1210 Philippo
887 1156 1070 1205 Benitio,

250 1216 381 1257 beato
412 1215 595 1257 Alberto
627 1214 804 1265 Magno,
844 1214 975 1255 Petro
1016 1212 1071 1255 de

251 1273 516 1322 Tarantasia,
537 1271 701 1313 ordinis
718 1269 1071 1320 Praedicatorum,

252 1330 325 1381 qui
343 1328 485 1371 eidem
507 1329 549 1369 in
573 1327 829 1380 pontificatu
850 1327 1071 1369 successit.

250 1386 388 1437 Igitur
416 1384 726 1426 oecumenicam
753 1382 968 1435 synodum
993 1384 1070 1424 Pa-

251 1447 365 1483 trum
392 1445 572 1483 numero
600 1440 792 1481 omnium
815 1440 1071 1491 frequentis-

253 1499 422 1548 simam,
452 1498 520 1539 cui
546 1497 721 1550 praefuit
741 1496 943 1538 Pontifex
965 1497 1071 1549 ipse,

254 1555 434 1604 Graecis,
462 1555 626 1606 ejurato
647 1553 895 1603 schismate,
919 1551 976 1594 ad
993 1553 1071 1594 Ec-

254 1612 396 1653 clesiae
418 1611 628 1652 unitatem
652 1610 855 1662 receptis,
885 1608 1072 1651 decretis

254 1681 335 1721 pro
376 1680 499 1709 sacra
540 1666 815 1719 expeditione
853 1664 1073 1715 subsidiis,

255 1724 468 1776 editisque
490 1723 687 1777 pluribus
711 1722 993 1765 sanctissimis
1016 1722 1073 1763 le-

254 1780 394 1832 gibus,
417 1780 626 1822 trimestri
644 1779 788 1832 spatio
807 1779 989 1820 feliciter
1008 1791 1073 1820 ce-

253 1837 447 1879 lebravit.

241 1930 245 1934 ⁴
307 1897 354 1946 lx‘g.
386 1893 519 1935 Posui
551 1893 811 1945 adjuterium
840 1905 971 1945 super
998 1905 1073 1945 po-

254 1953 436 2000 tentem,
482 1956 524 1992 et
565 1949 752 1991 exaltavi
793 1949 980 1991 electum
1019 1948 1074 1991 de

254 2007 382 2059 plebe
423 2020 533 2048 mea:
568 2012 588 2033 *
629 2007 783 2048 Manus
825 2006 938 2047 enim
978 2019 1075 2047 mea

257 2063 530 2106 auxiliabitur
565 2063 614 2105 ei.
667 2060 715 2109 Y.
752 2063 904 2104 Inveni
931 2062 1076 2105 David

257 2133 428 2162 servum
459 2133 618 2170 meum,
660 2119 758 2162 oleo
792 2125 942 2162 sancto
974 2132 1074 2161 meo

256 2176 360 2218 unxi
383 2189 491 2218 eum.
527 2177 692 2217 Manus.

556 2234 704 2273 Lectio
727 2234 775 2271 vi.

259 2288 370 2392 De
407 2303 516 2343 pace
553 2290 596 2330 in
632 2289 828 2331 Ecclesia
864 2288 1077 2331 firmanda

363 2359 461 2388 cum
488 2347 639 2400 primis
667 2346 895 2396 sollicitus,
922 2346 1074 2399 praela-

257 2405 401 2445 torum
425 2402 620 2453 dissidia,
648 2415 798 2454 regum
821 2402 1076 2452 inimicitias,

258 2460 579 2513 provinciarum
599 2460 714 2509 odia,
734 2459 998 2512 populorum
1017 2460 1075 2501 fa·
1132 2464 1146 2503 Ῐ

259 2517 426 2558 ctiones
462 2517 725 2569 compesuit,
771 2515 961 2566 diremit,
1006 2530 1075 2558 ex-

259 2574 417 2615 stinxit.
465 2573 672 2615 Ecclesiae
704 2574 812 2626 jura,
846 2572 974 2613 etiam
1005 2572 1076 2614 ad-

260 2631 411 2671 versus
439 2642 563 2680 reges
592 2634 635 2671 et
660 2629 896 2682 principes,
928 2632 1077 2671 severe

261 2699 311 2728 ac
334 2686 503 2728 fortiter
522 2686 773 2736 vindicavit,
801 2685 962 2727 nullam
982 2698 1078 2728 esse

261 2742 504 2795 praedicans
552 2742 803 2785 solidiorem
845 2744 1078 2794 regnorum

200 157 1983 181 -——-.—-—.——-—-——

638 220 702 253 wic
734 219 778 252 17.
807 219 910 253 Febr.
959 220 992 251 S.
1019 217 1157 260 Hygini
1187 217 1301 258 Pap-,t-
1330 219 1363 248 et
1389 214 1492 247 Mart.

1118 307 1266 357 basim,
1287 319 1417 359 quam
1434 306 1615 348 tutelam
1632 305 1938 348 ecclesiasticae

1117 364 1341 406 libertatis.
1410 363 1658 416 Pauperum
1702 362 1938 404 amantissi-

1120 434 1233 470 mus,
1264 420 1430 473 primus
1467 419 1659 461 emnium
1690 419 1734 459 in
1765 421 1938 471 aposto-

1120 478 1203 519 lico
1235 477 1397 530 palatio
1425 477 1596 530 piarum
1621 476 1664 517 in
1690 475 1788 517 illos
1815 475 1938 527 largi-

1120 534 1287 576 tionum
1324 533 1557 586 praesidem
1592 532 1832 581 constituit,
1870 532 1938 573 iis-

1122 603 1206 642 que
1226 590 1416 643 propriis
1434 589 1633 631 manibus
1648 587 1786 642 pedes
1802 590 1939 640 quoti-

1122 646 1190 688 die
1210 646 1424 689 abluebat.
1451 647 1503 687 In
1522 645 1694 687 Italiam
1711 658 1738 687 a
1756 644 1940 687 concilio

1121 702 1270 753 redux,
1290 703 1392 745 dum
1410 702 1726 756 profectionem
1743 702 1786 743 in
1805 701 1940 743 Palae-

1122 763 1278 801 stinam
1314 760 1566 806 meditatur,
1609 758 1823 812 pluraque
1859 758 1942 799 alia

1122 817 1368 859 christianae
1397 816 1650 869 reipublicae
1675 815 1794 857 bono
1821 814 1941 856 moli-

1123 876 1250 923 retur,
1261 873 1400 915 Aretii
1415 874 1459 914 in
1472 873 1647 915 Etruria
1661 877 1801 913 morte
1815 872 1942 913 inter-

1124 932 1276 983 ceptus
1297 935 1373 978 est,
1394 935 1548 982 quarto
1569 929 1622 970 ab
1639 929 1850 971 electi6ne
1865 940 1943 969 sua

1123 999 1251 1037 anno,
1283 999 1431 1028 mense
1460 990 1633 1038 quarto,
1667 985 1737 1026 die
1765 984 1943 1026 decima.

1122 1044 1222 1085 Fuit
1240 1044 1305 1085 vir
1325 1043 1454 1085 animi
1471 1043 1600 1096 plane
1618 1041 1767 1083 invicti
1781 1046 1825 1083 et
1840 1053 1942 1094 apo-

1124 1100 1277 1150 stolici,
1296 1102 1568 1142 terrenorum
1582 1100 1845 1151 contemptu,
1865 1097 1944 1139 cul-

1123 1161 1193 1198 tus
1214 1156 1348 1198 divini
1367 1156 1528 1206 studio,
1555 1155 1658 1197 fidei
1680 1155 1791 1205 zelo,
1818 1154 1942 1196 disci-

1123 1213 1254 1266 plinae
1273 1218 1317 1255 et
1335 1227 1507 1255 morum
1524 1212 1857 1261 restauratione,
1880 1224 1944 1253 re-

1124 1283 1218 1311 rum
1242 1269 1531 1321 gerendarum
1553 1268 1802 1322 prudentia,
1826 1267 1943 1309 forti-

1123 1325 1284 1376 tudine,
1298 1327 1660 1379 magnanimitate,
1676 1325 1858 1377 aliisque
1871 1324 1946 1365 vir—

1123 1383 1288 1425 tutibus
1307 1396 1485 1436 prorsus
1505 1383 1697 1425 eximius.
1725 1380 1945 1423 Miraculis

1124 1445 1226 1492 post
1264 1444 1450 1482 mortem
1491 1440 1697 1481 claruisse
1732 1438 1944 1481 Ecclesiae

1124 1497 1318 1539 Aretinae
1335 1499 1617 1538 monumenta
1634 1498 1862 1539 testantur.

1176 1560 1227 1611 Rg.
1253 1559 1342 1599 Iste
1362 1563 1427 1600 est
1448 1558 1532 1610 qui.

1177 1621 1217 1654 In
1242 1621 1304 1654 III.
1326 1620 1524 1654 Nocturno
1549 1619 1719 1654 Homilia
1743 1619 1781 1653 in
1805 1618 1948 1660 Evang.

1129 1670 1248 1703 Homo
1270 1670 1437 1712 peregre.
1463 1668 1508 1701 de
1529 1668 1664 1702 eodeni
1684 1668 1788 1701 Com.
1812 1667 1837 1701 l.
1853 1667 1949 1701 loeo.

1178 1717 1218 1750 ln
1251 1716 1484 1757 Quadrages
1519 1716 1616 1750 Lcct.
1646 1715 1695 1749 ix.
1728 1715 1773 1749 dc
1801 1715 1949 1753 Homil„

1128 1770 1163 1799 et
1188 1774 1381 1798 commem.
1409 1763 1529 1797 Faria·
1555 1763 1589 1796 in
1615 1763 1733 1797 Laud.

1330 1846 1412 1887 Die
1431 1846 1487 1887 17.
1506 1844 1742 1887 Februarii.

1233 1911 1275 1951 S.
1294 1909 1483 1961 Hygini
1504 1910 1636 1962 Papae
1658 1916 1699 1950 et
1720 1908 1843 1949 Mart.

1458 1971 1621 2014 Duplex.

1182 2024 1316 2058 Omnia
1343 2025 1388 2058 dc
1408 2023 1607 2058 Communi
1635 2022 1745 2056 unius
1763 2021 1951 2065 Martyris.

1131 2079 1269 2116 praeter
1294 2084 1397 2116 sequ.

1179 2122 1319 2155 oratio.
1346 2120 1614 2155 Infirmitatem.

1183 2170 1223 2203 In
1256 2170 1280 2203 Ι.
1307 2170 1415 2203 Noct.
1441 2168 1642 2202 Lectiones
1678 2167 1722 2200 dc
1756 2166 1951 2209 Scriptura

1132 2224 1362 2251 occurrente.
1418 2217 1459 2250 In
1490 2216 1722 2256 Ouudrugcs,
1754 2215 1785 2247 A
1807 2214 1948 2249 Mileto.

1134 2267 1178 2300 dc
1206 2266 1340 2300 codem
1366 2264 1564 2298 Communi
1594 2263 1620 2296 1.
1646 2263 1741 2296 loco.

1354 2331 1402 2370 In
1430 2331 1479 2369 ΙΙ.
1508 2330 1728 2369 Nooturno.

1434 2395 1582 2436 Lectio
1604 2395 1655 2433 iv.

1207 2508 1209 2514 ¹
1241 2462 1417 2512 yginus
1440 2457 1732 2506 Atheniensis,
1759 2455 1949 2509 phileso-

1170 2517 1220 2577 523
1254 2520 1255 2527 ’
1281 2516 1370 2569 pho
1396 2521 1536 2569 patre,
1562 2527 1659 2555 cum
1684 2514 1767 2565 jam
1790 2513 1948 2554 Roma-

1134 2588 1150 2596 *
1170 2569 1183 2583 ²*
1202 2570 1213 2596 *³
1236 2593 1255 2596 κ’
1281 2585 1350 2614 nae
1382 2571 1592 2614 Ecclesiae
1624 2569 1854 2623 presbyter
1886 2582 1949 2610 es-

1130 2634 1213 2679 set,
1259 2629 1362 2671 cleri
1398 2627 1631 2679 suffragiis,
1675 2625 1949 2679 Telesphoro

1130 2687 1336 2728 suffectus
1356 2691 1432 2728 est.
1461 2684 1582 2727 Sedit
1602 2684 1645 2724 in
1665 2688 1813 2725 sancta
1831 2682 1951 2724 Petri

1131 2743 1252 2793 sede,
1297 2743 1560 2795 imperatore
1606 2740 1828 2782 Antonino
1870 2738 1949 2780 Pio
