2080 2990
547 231 725 266 Officium
749 230 924 264 votivum
949 228 995 262 de
1020 228 1207 261 Passione
1234 228 1276 260 D.
1297 228 1341 260 N.
1363 227 1395 260 .J.
1417 228 1455 260 (1.

218 328 371 369 Lectio
392 328 474 367 viii.
584 326 707 367 Idem
723 326 826 376 Cap.
841 325 906 364 36.

223 395 298 423 um
325 393 431 431 ergo
460 382 704 433 accepisset
730 379 858 420 Jesus
885 379 979 420 ace-

250 442 354 486 tum,
374 435 497 478 dixit:
519 436 880 477 Consummatum
899 438 981 475 est:

151 499 195 535 et
225 493 431 534 inclinato
465 491 610 544 capite
643 490 825 532 tradidit
857 490 979 542 spiri-

150 554 253 590 tum.
293 549 650 589 Consummatum
671 547 756 598 jam
776 558 873 587 esse
892 545 981 587 Sal-

151 606 279 646 vator
303 603 422 653 dicit,
450 603 552 655 quia
577 601 785 643 saeviendi
808 601 980 642 Judaeo-

151 673 248 701 rum
266 661 465 712 potestas
483 658 528 698 in
541 658 686 710 ipsum
700 669 780 709 per
794 662 982 698 mortem

151 728 275 756 suam
292 715 525 756 terminum
542 712 707 754 habuit.
735 712 850 762 Quid
869 713 983 753 enim

150 783 240 812 non
263 770 581 821 excogitarunt,
606 774 680 810 aut
706 767 812 820 quid
833 770 981 820 supre-

150 839 236 867 mae
247 825 573 867 inhumanitatis
585 824 786 866 relictum
798 823 881 865 sibi
894 823 982 864 est?

152 882 259 932 Quis
284 881 498 931 caedendi,
523 881 619 932 quis
641 879 983 922 contumeliandi

151 936 311 979 modus
334 950 422 978 non
448 936 689 978 adhibitus?
726 936 884 976 Merito
907 935 982 986 igi-

152 998 223 1035 tur
245 995 595 1034 consummatum
616 1005 725 1041 esse,
749 992 819 1032 ait.
857 991 982 1032 Cum-

154 1061 239 1100 que
275 1054 450 1100 tempus
482 1049 566 1099 jam
601 1053 736 1097 esset,
773 1052 822 1088 ut
854 1047 984 1088 etiam

153 1103 378 1157 spiritibus
401 1103 520 1156 apud
538 1103 701 1144 inferos
720 1101 985 1155 praedicaret

154 1160 287 1211 (venit
308 1160 432 1210 enim,
456 1164 503 1200 ut
524 1164 614 1200 tam
633 1159 834 1200 vivorum
854 1171 985 1209 quam

153 1218 428 1257 mortuorum
458 1214 771 1264 dominaretur)
797 1219 985 1254 mortem

152 1284 235 1323 pro
254 1270 381 1312 nobis
401 1270 608 1322 suscepit:
628 1275 671 1311 et
684 1269 798 1310 hanc
815 1271 984 1310 naturae

153 1332 318 1368 nostrae
328 1326 554 1379 prepriam
564 1326 814 1378 passienem
826 1330 984 1377 sponte

154 1382 289 1424 subiit
309 1381 551 1423 secundum
570 1394 754 1430 carnem,
776 1380 984 1431 quamvis,

153 1443 201 1479 ut
236 1438 358 1479 Deus
394 1438 484 1479 vita
524 1437 779 1479 naturaliter
820 1436 894 1485 sit,
937 1441 986 1476 ut

154 1493 354 1546 spoliatis
370 1493 530 1542 inferis,
549 1492 752 1545 primitiae
769 1491 983 1533 dormien-

153 1549 277 1598 tium,
302 1554 346 1591 et
368 1549 684 1601 primogenitus
708 1548 770 1598 (ut
793 1547 984 1599 Scriptu-

154 1618 216 1646 rae
244 1604 408 1655 dicunt)
436 1606 709 1646 mortuorum
737 1603 894 1652 factus,
921 1614 985 1643 re-

155 1663 332 1702 cursum
363 1659 421 1701 ad
451 1660 587 1702 vitam
623 1662 790 1700 naturae
821 1662 986 1699 nostrae

154 1715 397 1767 largiretur.

207 1775 258 1825 Rt.
291 1777 386 1827 Ego
415 1780 515 1817 ante
542 1780 586 1816 te
615 1774 768 1827 aperui
794 1787 934 1815 mare:
961 1770 983 1793 *

155 1832 213 1873 Et
233 1836 283 1873 tu
307 1831 517 1885 aperuisti
536 1831 691 1872 lancea
709 1829 823 1871 latus
841 1830 986 1870 Salva-

155 1888 242 1929 tori
258 1892 347 1937 tuo,
369 1887 391 1910 *
409 1887 494 1936 Qui
511 1885 697 1927 redemit
715 1884 927 1926 mundum
943 1885 987 1925 in

157 1943 366 1994 sanguine
378 1955 470 1984 suo.
487 1934 538 1985 V.
550 1940 721 1994 P6pule
735 1953 870 1989 meus,
882 1940 987 1992 quid

156 1999 241 2040 feci
275 1998 372 2048 tibi,
414 2002 489 2038 aut
524 1997 567 2037 in
605 2008 692 2048 quo
731 1996 988 2037 contristavi

156 2053 223 2096 te?
241 2053 461 2107 responde
475 2052 591 2093 mihi.
613 2052 680 2093 Et.
710 2051 872 2092 Gloria.
892 2051 1003 2101 Qui..

460 2107 612 2149 Lectio
631 2108 686 2147 ix.

157 2160 413 2266 Inclinavit
448 2170 578 2221 igitur
614 2174 757 2221 caput.
815 2165 989 2207 Accidit

229 2226 343 2267 enim
361 2225 658 2274 morientibus,
676 2224 827 2275 vigore
847 2222 988 2263 carnis

158 2283 242 2334 iam
261 2285 524 2334 consumpto
545 2286 588 2322 et
605 2280 758 2329 anima,
778 2291 877 2330 quae
895 2290 987 2318 cor-

159 2350 242 2390 pus
262 2338 430 2387 retinet,
454 2336 653 2386 abeunte,
677 2334 899 2376 inclinatio
920 2335 987 2374 ca-

158 2393 273 2445 pitis.
310 2392 607 2443 Quamobrem
630 2390 775 2432 verbis
793 2389 880 2430 hoc
897 2401 987 2429 mo-

160 2448 218 2490 do
255 2461 360 2489 usus
393 2447 673 2498 Evangelista
710 2451 788 2487 est.
841 2444 912 2485 Sic
946 2448 990 2484 et

159 2502 395 2545 tradidisse
433 2503 652 2556 spiritum,
698 2515 723 2542 a
760 2502 989 2542 consuetu-

161 2559 262 2601 dine
286 2564 438 2600 nostra
463 2559 547 2600 sibi
570 2558 735 2600 dictum
759 2562 841 2606 est;
866 2555 990 2596 multi

162 2615 276 2656 enim
299 2614 362 2656 sic
385 2614 616 2665 exstingui,
642 2619 686 2655 et
708 2612 820 2654 mori
843 2611 990 2652 dicun-

161 2675 242 2711 tur.
294 2670 501 2719 Quamvis
528 2669 633 2710 mihi
660 2667 861 2710 videatur
888 2665 989 2706 ideo

162 2738 250 2766 non
269 2725 525 2778 simpliciter
543 2727 765 2766 mortuum
784 2735 892 2772 esse,
911 2720 991 2762 sed

317 2866 381 2891 Pars
396 2866 530 2891 Hiemalis.

1031 321 1265 363 tradidisse
1285 322 1487 374 spiritum
1500 319 1781 371 Evangelista
1800 318 1861 360 di-

1032 379 1170 427 xisse3
1208 378 1308 428 quia
1339 378 1383 418 in
1418 390 1572 418 manus
1603 376 1687 416 Dei
1719 375 1862 416 Patris

1034 433 1222 474 animam
1244 446 1367 473 suam
1389 431 1677 481 comendavit,
1700 436 1748 472 ut
1766 430 1862 483 ipse

1035 488 1160 530 dixit:
1192 488 1340 530 Pater!
1370 489 1413 529 in
1440 501 1594 529 manus
1621 492 1718 529 tuas
1747 499 1862 527 com—

1033 544 1194 585 mendo
1218 545 1420 597 spiritum
1442 557 1598 585 meum.
1636 541 1765 592 Quod
1788 554 1862 582 no-

1034 600 1102 641 bis
1125 613 1296 650 magnae
1320 600 1415 652 spei
1438 599 1776 647 fundamentum,
1802 602 1862 638 at-

1037 669 1121 708 que
1141 656 1353 706 originem
1371 655 1552 708 praebet.

1088 715 1154 754 Te
1172 713 1316 753 Deum
1336 711 1577 752 laudamus.
1598 711 1658 750 14.

1305 787 1384 828 Ad
1403 787 1600 828 Laudes

1253 852 1299 881 et
1334 857 1427 890 per
1462 846 1646 880 Horas

1088 906 1187 945 Ant.
1211 905 1239 942 1.
1264 901 1346 941 Fui
1365 899 1608 950 flagellatus
1627 899 1651 924 *
1670 903 1765 940 tota
1784 897 1864 947 die,

1038 961 1080 997 et
1101 956 1330 1006 castigatio
1349 969 1447 997 mea
1466 956 1510 995 in
1528 954 1763 996 matutinis.

1088 1013 1155 1051 Ps.
1185 1012 1399 1053 Dominus
1419 1011 1627 1061 regnavit.
1647 1011 1706 1050 15.

1088 1070 1123 1107 2.
1150 1068 1261 1108 Veni
1280 1067 1337 1108 ad
1356 1071 1552 1108 montem
1570 1065 1760 1118 myrrhae
1778 1066 1803 1091 *
1822 1069 1866 1105 et

1037 1121 1094 1163 ad.
1118 1122 1276 1164 collem
1301 1123 1455 1172 thuris,
1482 1127 1707 1172 tamquam
1730 1133 1867 1171 agnus

1038 1177 1095 1219 ad
1114 1179 1379 1220 occisic'mem
1398 1177 1566 1226 ductus,
1592 1175 1802 1225 obmutui,
1825 1181 1868 1216 et

1037 1245 1125 1273 non
1144 1234 1294 1286 aperui
1315 1247 1366 1275 os
1384 1246 1541 1274 meum.

1090 1292 1126 1330 3.
1147 1289 1368 1331 Foderunt
1383 1301 1537 1329 manus
1551 1299 1672 1328 meas
1691 1287 1714 1311 *
1734 1290 1778 1328 et
1793 1298 1865 1338 pe-

1039 1343 1117 1386 des
1144 1359 1284 1387 meos:
1313 1345 1695 1387 dinumeraverunt
1723 1342 1869 1384 omnia

1039 1413 1141 1442 ossa
1158 1415 1265 1443 mea.

1090 1458 1127 1495 4.
1149 1458 1462 1499 Consolantem
1480 1468 1549 1496 me
1569 1457 1592 1482 *
1613 1453 1806 1505 quaesivi,
1825 1458 1869 1494 et

1037 1528 1125 1557 non
1144 1514 1302 1555 inveni:
1322 1512 1536 1554 dederunt
1554 1511 1598 1551 in
1618 1522 1764 1551 escam
1780 1521 1867 1549 me-

1039 1585 1109 1612 am
1135 1569 1210 1618 fel,
1241 1574 1284 1610 et
1310 1569 1354 1608 in
1381 1568 1452 1609 siti
1479 1579 1577 1607 mea
1603 1567 1870 1618 potaverunt

1038 1639 1108 1667 me
1128 1627 1266 1666 aceto.

1091 1682 1129 1719 5.
1160 1680 1269 1721 Cum
1296 1680 1540 1730 accepisset
1567 1677 1695 1717 Jesus
1723 1677 1747 1702 *
1775 1676 1868 1715 ace-

1039 1742 1148 1787 tum,
1177 1735 1301 1777 dixit:
1330 1734 1691 1776 Consummatum
1715 1736 1798 1780 est;
1827 1735 1870 1771 et

1039 1792 1246 1833 inclinato
1267 1791 1422 1843 eapite,
1443 1788 1585 1829 emisit
1605 1786 1816 1839 spiritum.

1119 1851 1378 1903 Capitulum.
1551 1847 1734 1898 Philipp.
1754 1847 1790 1885 2.

1118 1912 1270 1948 ratres:
1293 1907 1393 1946 Hoc
1415 1903 1530 1945 enim
1553 1904 1711 1943 sentite
1734 1900 1777 1940 in
1796 1913 1869 1941 vo—

1141 1962 1226 2011 bis,
1256 1960 1376 2013 quod
1405 1966 1448 2001 et
1474 1959 1518 1999 in
1547 1957 1721 1999 Christo
1750 1957 1870 1997 Jesu:

1041 2018 1116 2069 qui
1144 2031 1243 2059 cum
1269 2017 1313 2057 in
1340 2016 1481 2057 forma
1506 2013 1589 2055 Dei
1618 2018 1752 2062 esset,
1782 2024 1870 2052 non

1039 2076 1238 2126 rapinam
1263 2072 1498 2114 arbitratus
1525 2073 1597 2111 est*
1618 2081 1715 2109 esse
1741 2080 1788 2109 se
1815 2080 1869 2108 ae-

1041 2129 1216 2180 qualem
1234 2129 1348 2170 Deo:
1375 2125 1455 2168 sed
1477 2127 1762 2176 semetipsum
1784 2123 1869 2164 exi-

1040 2185 1215 2234 nanivit,
1239 2184 1425 2226 formam
1444 2181 1559 2223 servi
1577 2179 1807 2232 accipiens,
1827 2178 1871 2218 in

1042 2239 1368 2281 similitudinem
1392 2237 1618 2278 hominum
1643 2235 1798 2283 factus,
1827 2238 1871 2274 et

1040 2295 1193 2338 habitu
1223 2296 1424 2336 inventus
1451 2298 1500 2334 ut
1526 2291 1672 2332 homo.
1721 2289 1869 2330 Humi-

1041 2351 1164 2393 liavit
1183 2353 1477 2403 semetipsum,
1499 2348 1638 2388 factus
1659 2344 1869 2387 obediens

1042 2419 1182 2458 usque
1206 2406 1263 2448 ad
1284 2411 1487 2453 mortem,
1514 2407 1702 2443 mortem
1724 2404 1872 2441 autem

1043 2463 1195 2503 erneis·
1356 2488 1566 2529 vanus.

1138 2565 1234 2594 aevo
1255 2551 1459 2593 dolerum
1477 2548 1650 2590 turbine

1162 2609 1187 2648 J
1189 2610 1369 2656 actatur‚
1389 2605 1494 2647 atris
1514 2603 1697 2645 Obrutus

1120 2664 1279 2713 Poenis,
1299 2661 1457 2704 acerba
1477 2659 1694 2700 sustinens

1121 2718 1395 2771 Redemptor
1414 2715 1570 2757 affixus
1589 2713 1717 2755 cruci.

1613 2843 1726 2883 Q'.
