2040 2990
193 221 265 258 370
496 229 563 262 Dic
581 230 609 262 4.
630 230 716 263 1⁷)cc.
742 232 775 263 S.
796 230 896 264 Petri
918 230 1149 273 (111118010μί
1173 230 1294 272 Episc.
1314 230 1421 263 (lons.
1441 236 1475 263 ct
1495 230 1599 264 Doct.

194 320 311 361 omni
343 319 476 362 corde
509 333 588 363 suo
617 321 811 363 laudavit
838 322 967 363 Dfim:
998 327 1019 349 *

193 376 295 428 Ipse
314 376 559 419 intercedat
572 391 654 431 pro
669 380 863 431 peccatis
885 379 1018 420 emni-

194 446 265 473 um
280 433 556 485 populorum.
578 433 627 484 V
647 435 762 476 Ecce
777 435 910 476 homo
926 436 1018 477 sine

195 489 389 540 querela,
421 503 550 532 verus
581 491 664 532 Dei
696 491 851 541 cultor,
889 491 1018 533 absti-

192 559 300 587 nens
332 559 380 588 se
412 546 467 588 ab
500 548 617 588 omni
650 550 785 600 epere
812 549 944 598 malo,
976 554 1019 591 et

192 604 452 655 permanens
472 605 515 645 in
530 605 777 646 innocentia
792 618 880 646 sua.
906 606 1018 658 Ipse.

481 666 630 707 Lectio
653 667 735 706 viii.

288 728 399 767 eque
425 717 584 758 etenim
607 717 651 757 in
675 717 880 759 universo
899 731 1019 759 mun-

306 772 363 813 do
391 778 512 814 tanta
544 773 737 815 fidelium
763 774 919 816 messis
949 787 1018 816 ex-

193 832 401 880 surgeret,
422 829 458 870 si
478 828 533 870 de
551 843 681 877 manu
695 831 872 872 Domini
889 844 1020 884 super

192 886 453 927 rationalem
477 890 639 927 terram
665 887 739 928 illa
765 887 905 929 electa
927 901 1019 939 gra—

192 955 248 984 na
287 942 623 995 praedicantium
662 956 750 985 non
788 947 1020 987 venissent.

192 998 411 1052 Sequitur:
437 999 521 1049 Qui
541 999 792 1050 crediderit,
819 1006 862 1042 et
879 1001 1020 1054 bapti-

193 1058 316 1097 zatus
342 1055 487 1106 fuerit,
517 1056 663 1098 salvus
690 1058 786 1098 erit:
816 1058 890 1110 qui
913 1071 1019 1100 vero

191 1125 280 1154 non
338 1112 589 1163 crediderit,
647 1113 1020 1156 condemnabitur.

192 1170 399 1211 Fortasse
415 1172 715 1222 unusquisque
731 1171 850 1224 apud
866 1177 1020 1213 semet-

192 1228 336 1278 ipsum
356 1226 488 1267 dicat:
514 1226 608 1277 Ego
630 1227 714 1279 jam
734 1227 914 1278 credidi,
940 1228 1019 1269 sal-

191 1296 271 1324 vus
291 1296 378 1324 ero.
397 1283 565 1324 Verum
583 1283 700 1334 dicit,
720 1284 756 1324 si
771 1284 903 1326 fidem
919 1286 1019 1337 ope-

191 1339 311 1381 ribus
330 1344 462 1381 tenet.
492 1340 612 1382 Vera
632 1341 793 1382 etenim
811 1341 923 1383 fides
943 1347 1020 1391 est,

194 1409 293 1449 quae
312 1397 355 1437 in
374 1396 469 1447 hoc,
492 1396 610 1449 quod
629 1396 775 1439 verbis
796 1397 911 1448 dicit,
930 1401 1020 1440 me-

191 1453 312 1495 ribus
351 1466 439 1494 non
476 1453 750 1496 contradicit.
802 1455 918 1496 Hinc
955 1460 1021 1497 est

192 1510 308 1551 enim
348 1509 469 1562 quod
506 1510 562 1552 de
601 1510 864 1563 quibusdam
900 1511 1020 1553 falsis

191 1565 395 1608 fidelibus
426 1566 587 1608 Paulus
621 1567 739 1609 dicit:
772 1568 855 1618 Qui
889 1569 1019 1610 confi-

193 1624 339 1664 tentur
367 1635 414 1664 se
441 1636 572 1665 nosse
600 1624 758 1673 Deum,
795 1624 920 1666 factis
948 1637 1019 1666 au-

192 1684 282 1721 tem
301 1685 472 1731 negant.

247 1740 298 1790 R.
329 1737 424 1778 Sint
455 1736 591 1778 lumbi
618 1737 754 1779 vestri
783 1738 1019 1790 praecincti,

193 1799 236 1835 et
270 1793 460 1835 lucernae
500 1793 703 1835 ardentes
740 1794 783 1834 in
819 1794 1020 1835 manibus

192 1851 364 1892 vestris:
384 1855 404 1877 *
417 1851 473 1892 Et
491 1863 572 1892 vos
590 1850 752 1892 similes
771 1850 1020 1892 hominibus

191 1907 549 1960 exspectantibus
604 1906 830 1948 deminum
882 1912 1019 1957 suum,

193 1963 367 2016 quando
387 1966 631 2006 revertatur
652 1976 676 2005 3
695 1964 870 2016 nuptiis.
895 1962 1021 2013 ,VVi-

191 2019 324 2070 gilate
344 2033 461 2071 ergo,
491 2020 591 2073 quia
610 2021 787 2062 nescitis
808 2034 893 2073 qua
911 2021 1020 2062 hora

192 2076 406 2118 Deminus
434 2082 581 2118 vester
608 2080 817 2119 venturus
845 2078 913 2119 sit.
954 2078 1020 2120 Et.

198 2132 347 2175 Gloria
364 2133 493 2175 Patri.
522 2134 587 2175 Et.

497 2192 645 2232 Lectio
666 2193 717 2231 ix.

199 2242 364 2350 Signa
396 2251 541 2287 autem
573 2259 667 2297 eos,
707 2248 780 2300 qui
812 2247 1021 2289 credituri

271 2308 381 2351 sunt,
401 2302 496 2344 haec
512 2305 762 2355 sequentur:
780 2305 829 2345 In
845 2304 1020 2345 nomine

193 2372 293 2400 meo
318 2359 535 2400 daemonia
562 2360 749 2411 ejicient,
777 2360 933 2411 linguis
958 2361 1020 2402 lo-

195 2413 382 2468 quentur
411 2416 553 2465 novis,
591 2418 818 2468 serpentes
850 2417 1021 2458 tollent:

194 2478 237 2514 et
256 2473 291 2512 si
307 2472 578 2513 mortiferum
595 2472 700 2523 quid
715 2472 913 2522 biberint,
933 2487 1020 2514 non

194 2529 256 2570 eis
292 2528 481 2570 nocebit:
519 2541 650 2581 super
687 2541 830 2579 aegros
868 2542 1020 2571 manus

193 2586 428 2638 imponent,
449 2590 492 2626 et
509 2585 620 2626 bene
635 2584 869 2627 habebunt.
896 2586 1022 2627 Num·

196 2642 418 2694 quidnam,
446 2641 601 2682 fratres
619 2641 718 2691 mei,
744 2642 844 2693 quia
863 2642 947 2683 ista
967 2643 1020 2683 si-

194 2711 278 2750 gna
305 2711 392 2739 non
420 2698 579 2748 facitis,
611 2698 789 2739 minime
821 2698 1020 2739 creditis?

193 2755 281 2798 Sed
301 2755 396 2796 haec
415 2755 662 2796 necessaria
680 2755 723 2795 in
744 2755 927 2796 exordio
941 2755 1020 2797 Ec-

1071 322 1216 364 clesiae
1241 323 1424 365 fuerunt.
1459 324 1519 366 Ut
1543 324 1656 366 enim
1681 324 1738 367 ad
1761 325 1893 367 fidem

1071 381 1287 421 cresceret
1330 379 1564 423 multitudo
1610 380 1893 432 credentium,

1069 435 1289 477 miraculis
1325 436 1467 478 fuerat
1497 437 1737 480 nutrienda.
1782 438 1893 488 Quia

1071 497 1114 533 et
1148 505 1246 542 nos,
1288 506 1387 534 cum
1423 493 1601 535 arbusta
1635 494 1893 547 plantamus,

1069 548 1236 590 tamdiu
1252 550 1313 591 eis
1330 562 1489 601 aquam
1502 549 1776 601 infundimus,
1796 564 1894 604 quo·

1070 608 1209 657 usque
1230 619 1281 647 ea
1299 606 1343 647 in
1360 611 1476 648 terra
1495 608 1579 659 jam
1602 607 1816 650 coaluisse
1832 608 1892 650 vi-

1071 660 1265 704 deamus:
1291 668 1335 705 et
1361 664 1397 704 si
1422 663 1558 706 semel
1581 663 1772 706 radicem
1790 665 1893 707 fixe-

1070 719 1172 768 rint,
1206 719 1399 770 irrigatio
1428 719 1628 762 cessabit.
1681 721 1796 762 Hinc
1828 726 1895 763 est

1071 776 1186 816 enim
1219 775 1338 828 quod
1368 777 1530 818 Paulus
1563 776 1683 819 dicit:
1714 777 1894 829 Linguae

1070 832 1114 872 in
1140 833 1310 884 signum
1335 838 1435 875 sunt
1459 846 1547 874 non
1572 832 1789 885 fidelibus,
1817 834 1896 877 sed

1071 888 1327 931 infidelibus.
1384 891 1445 931 Te
1464 890 1618 933 Deum.
1635 891 1694 932 14.

1131 954 1169 987 111
1196 953 1312 986 Laud.
1338 953 1375 986 tit
1402 962 1596 986 commem.
1623 951 1754 986 Feriae.

1132 1006 1245 1048 Y'csp.
1268 1016 1286 1039 3
1306 1006 1428 1048 Capit.
1448 1006 1493 1039 dc
1513 1015 1616 1047 sequ.
1634 1015 1766 1039 comm.
1784 1015 1896 1047 praee.

1076 1061 1110 1088 ct
1136 1054 1256 1087 Fcriu:
1280 1064 1323 1087 30
1346 1054 1380 1087 S.
1404 1053 1586 1086 Barbarae
1604 1053 1707 1095 Virg.
1733 1059 1769 1087 et
1790 1053 1896 1087 Mart.

1274 1125 1357 1167 Die
1375 1127 1413 1166 4.
1431 1125 1698 1168 Decembris.

1072 1188 1115 1229 S.
1130 1189 1267 1230 Petri
1285 1189 1581 1241 chrysologi
1605 1192 1757 1245 Episc„
1778 1193 1897 1235 Conf.

1330 1257 1372 1291 et
1390 1250 1503 1291 Eccl.
1523 1250 1649 1292 Doct.

1327 1331 1334 1339 ι
1405 1311 1569 1355 Duplex.

1128 1364 1262 1399 Omnia
1300 1365 1345 1399 de
1376 1365 1519 1400 Comm.
1551 1364 1658 1400 Conf.
1691 1364 1798 1399 Pont.
1825 1365 1896 1410 [49]

1077 1419 1216 1457 praeter
1241 1424 1345 1457 sequ.
1363 1412 1423 1455 (m.
1447 1415 1472 1447 t.
1495 1412 1545 1456 v.)

1128 1467 1168 1501 In
1196 1467 1367 1510 utrisque
1392 1467 1507 1510 Vesp.
1534 1467 1583 1501 ad
1604 1466 1759 1510 Magnis.

1128 1519 1226 1559 Ant.
1250 1519 1286 1559 O
1303 1518 1472 1559 Doctor
1492 1518 1668 1571 Optime,
1688 1517 1898 1559 Ecclesiae

1073 1580 1235 1617 sanctae
1263 1575 1426 1623 lumen,
1452 1574 1582 1617 beate
1611 1574 1742 1616 Petre
1766 1573 1895 1627 Chry-

1073 1632 1243 1684 sologe„
1279 1631 1439 1674 divinae
1466 1631 1576 1682 legis
1604 1632 1793 1682 amator,
1826 1629 1898 1673 de-

1072 1691 1254 1742 precare
1272 1701 1355 1742 pro
1373 1688 1502 1730 nobis
1520 1686 1678 1728 Filium
1695 1687 1790 1729 Dei.

1408 1750 1571 1791 Oratio.

1076 1804 1257 1910 Deus,
1283 1806 1357 1859 qui
1375 1806 1552 1848 beatum
1569 1806 1748 1848 Petrum
1768 1805 1900 1860 Chry-

1167 1864 1367 1915 sologum
1395 1863 1636 1905 Docterem
1664 1863 1896 1915 egregium,

1073 1919 1278 1962 divinitus
1311 1922 1711 1973 praemonstratum,
1748 1919 1804 1962 ad
1833 1932 1895 1962 re-

1071 1977 1259 2029 gendam
1279 1982 1322 2019 et
1340 1975 1637 2019 instruendam
1654 1976 1897 2019 Ecclesiam

1072 2039 1192 2076 tuam
1212 2034 1312 2085 eligi
1330 2033 1521 2076 voluisti:
1546 2038 1709 2086 praesta
1729 2035 1896 2086 quaesu-

1072 2104 1183 2142 mus;
1205 2095 1254 2133 ut
1280 2103 1409 2143 quem
1434 2091 1673 2132 Doctorem
1698 2090 1801 2132 vitae
1823 2089 1896 2131 ha-

1071 2147 1244 2189 buimus
1262 2147 1305 2188 in
1320 2148 1458 2197 terris,
1477 2147 1810 2188 intercesserem
1824 2145 1896 2188 ha-

1071 2204 1176 2246 bere
1195 2206 1440 2246 mereamur
1458 2204 1502 2245 in
1517 2203 1651 2245 coelis.
1671 2203 1756 2245 Per
1769 2203 1896 2244 Dfim.

1130 2265 1170 2298 Et
1198 2265 1244 2298 fit.
1270 2274 1510 2298 commemor.
1537 2264 1698 2307 praeced.

1129 2317 1162 2356 Α
1170 2321 1225 2357 111.
1246 2316 1327 2358 Hic
1341 2316 1406 2357 vir
1425 2315 1671 2369 despiciens
1689 2315 1898 2357 mundum

1073 2378 1116 2415 et
1154 2375 1342 2422 terrena,
1388 2372 1678 2426 triumphans,
1724 2370 1896 2414 divitias

1072 2429 1185 2471 coelo
1205 2429 1402 2472 condidit
1420 2442 1506 2479 ore,
1524 2442 1664 2470 manu.

1128 2483 1177 2533 V.
1192 2486 1216 2527 J
1219 2490 1365 2527 ustum
1385 2485 1567 2527 deduxit
1586 2486 1800 2527 Deminus
1819 2498 1897 2538 per

1072 2543 1165 2584 vias
1184 2547 1338 2584 rectas.
1381 2543 1425 2592 ἰᾷ.
1451 2542 1508 2583 Et
1531 2541 1724 2584 ostendit
1749 2541 1811 2583 illi
1834 2554 1896 2583 re-

1073 2612 1204 2650 gnum
1222 2598 1317 2640 Dei.

1127 2656 1277 2697 Oratio
1300 2660 1344 2695 ut
1366 2668 1506 2706 supra.
1527 2656 1622 2696 368.

1127 2719 1266 2753 Postea
1300 2717 1421 2750 Ferizc
1454 2716 1551 2750 Λᾶν.
1585 2722 1619 2750 ct
1650 2716 1683 2750 S
1714 2716 1895 2750 Barbarae

1075 2767 1178 2809 Virg.
1204 2772 1239 2800 ct
1263 2765 1451 2809 Martyris

2025 2655 2040 2759 -Δ

2020 2944 2040 2990 Ι“.
2019 2909 2027 2924 ”“
