2040 2990
779 185 819 218 In
846 183 1058 218 Nativitate
1083 183 1248 218 Domini.

160 293 281 321 mum
309 280 416 331 ejus:
444 280 468 305 *
496 292 578 320 nec
610 283 678 320 est
713 278 787 330 qui
820 289 868 318 se
895 276 991 318 abs-

161 335 323 377 condat
350 348 377 376 a
404 335 551 377 calore
579 336 681 387 ejus.

212 392 307 433 Lex
321 392 500 432 Domini
518 390 797 432 immaculata
813 391 991 432 conver-

160 452 259 489 tens
295 448 482 489 animas:
515 449 538 473 *
569 447 869 489 testimonium
902 446 990 486 Do-

160 504 265 545 mini
297 503 444 553 fidele,
482 504 743 556 sapientiam
773 506 992 555 praestans

160 559 367 612 parvulis.

211 616 401 657 Justitiae
437 616 615 657 Domini
654 620 808 665 rectae,
853 614 991 656 laetifi-

161 674 312 714 cantes
349 671 498 713 corda:
536 672 560 697 *
595 673 869 724 praeceptum
903 671 991 712 Do-

160 729 265 769 mini
283 727 487 777 lucidum,
508 727 756 768 illuminans
776 727 940 769 oculos.

213 784 367 826 TimOr
392 784 571 825 Domini
599 788 790 833 sanctus,
824 785 991 836 perma-

160 853 269 881 nens
297 840 342 881 in
369 839 580 881 saeculum
607 840 773 881 saeculi:
792 841 815 865 *
834 839 993 891 judicia

159 896 338 938 Domini
365 909 486 946 vera,
514 897 748 948 justificata
770 897 813 937 in
837 900 992 938 semet-

159 965 268 1005 lpsa.

213 1008 534 1050 Desiderabilia
577 1021 709 1061 super
751 1022 905 1049 aurum
949 1013 993 1049 et

160 1064 355 1117 lapidem
387 1066 630 1117 pretiosum
661 1065 862 1107 multum:
890 1065 913 1090 *
949 1069 993 1106 et

163 1120 362 1162 dulciora
389 1134 523 1173 super
549 1121 636 1163 mel
665 1127 709 1163 et
731 1121 889 1163 favum.

213 1177 388 1218 Etenim
416 1190 569 1219 servus
596 1183 696 1219 tuus
718 1177 911 1219 custodit
931 1190 993 1227 ea,

160 1233 185 1259 *
217 1233 262 1274 111
302 1233 601 1275 custodiendis
638 1234 726 1274 illis
763 1233 992 1275 retribl'Jtio

162 1289 310 1330 multa.

211 1344 386 1386 Delicta
425 1346 524 1398 quis
560 1344 783 1397 intelligit?
827 1346 882 1387 ab
923 1359 992 1387 oc-

163 1401 292 1442 cultis
330 1402 441 1442 meis
474 1402 637 1444 munda
671 1415 761 1443 me:
797 1402 820 1427 *
857 1407 901 1443 et
937 1402 992 1442 ab

161 1457 313 1498 alienis
340 1470 474 1510 parce
503 1471 632 1500 servo
658 1464 747 1500 tuo.

213 1513 258 1555 Si
303 1514 390 1555 mei
430 1527 519 1556 non
559 1515 721 1556 fuerint
764 1514 992 1563 dominati,

161 1574 266 1611 tunc
293 1569 599 1612 immaculatus
627 1583 720 1612 ero:
739 1572 763 1598 *
784 1575 827 1611 et
847 1583 992 1611 emun-

162 1624 304 1667 dabor
331 1639 357 1667 a
385 1626 548 1668 delicto
576 1627 780 1668 maximo.

212 1681 270 1722 Et
311 1686 437 1723 erunt
477 1687 526 1724 ut
567 1682 871 1735 complaceant
906 1683 993 1724 elo-

163 1737 265 1790 quia
292 1738 381 1779 oris
407 1739 510 1780 mei:
528 1740 552 1766 *
572 1743 616 1780 et
642 1738 871 1780 meditatio
901 1751 993 1780 cor-

161 1792 229 1834 dis
255 1794 343 1835 mei
369 1794 414 1834 in
441 1797 683 1847 conspectu
708 1799 785 1836 tuo
807 1807 995 1847 semper.

211 1849 401 1892 Domine
429 1851 604 1902 adjutor
629 1864 765 1900 meus,
784 1852 808 1878 *
830 1855 874 1892 et
898 1850 993 1892 red-

164 1907 338 1958 emptor
364 1920 500 1948 meus.

216 1976 317 2015 Ant.
353 1974 600 2024 Tamquam
629 1984 817 2024 sponsus
845 1972 993 2012 Domi-

162 2039 244 2067 nus
262 2028 511 2079 procedens
531 2028 586 2069 de
605 2027 799 2069 thalamo
819 2040 910 2068 suo.

217 2093 315 2134 Ant.
350 2092 522 2134 Diffusa
551 2098 617 2134 est
643 2093 667 2118 *
696 2093 836 2143 gratia
863 2093 907 2132 in
934 2092 993 2132 la-

163 2145 245 2187 biis
277 2147 381 2197 tuis,
423 2150 661 2201 propterea
693 2147 917 2190 benedixit
949 2153 993 2189 te

162 2201 284 2243 Deus
303 2203 348 2243 in
367 2206 590 2246 aeternum.

435 2291 635 2331 Psalmus
656 2292 721 2330 44.

166 2349 440 2454 Eructavit
459 2367 536 2395 cor
554 2367 700 2395 meum
719 2354 901 2396 verbum
919 2354 994 2395 bo-

165 2465 232 2505 Re
259 2422 382 2474 num:
410 2410 433 2435 *
463 2410 562 2451 dico
605 2423 688 2461 ego
731 2413 867 2463 opera
897 2422 995 2451 mea

216 2477 385 2571 &rigua
414 2535 514 2563 mea
546 2522 739 2563 calamus
773 2521 943 2570 scribae,
971 2521 995 2547 *

166 2575 378 2617 velociter
401 2577 643 2618 scribentis.

218 2631 454 2683 Speciosus
473 2634 614 2674 forma
628 2646 722 2686 prae
740 2633 839 2673 filiis
859 2631 994 2672 homi-

88 2686 90 2690 ’
166 2700 282 2736 num,
296 2686 455 2729 diffusa
469 2694 538 2730 est
551 2690 692 2740 gratia
705 2689 749 2729 in
759 2688 886 2730 labiis
896 2687 1004 2728 tuis:-

1814 179 1879 214 179

1045 274 1069 300 *
1096 276 1334 327 propterea
1357 274 1583 317 benedixit
1614 280 1658 317 te
1685 276 1807 317 Deus
1832 276 1875 316 in

1046 333 1270 372 aeternum.

1099 391 1344 442 Accingere
1372 392 1519 443 gladio
1551 396 1628 433 tuo
1657 406 1790 445 super
1817 394 1874 435 fe-

1045 460 1142 488 mur
1160 452 1295 498 tuum,
1315 449 1338 474 *
1359 449 1676 500 potentissime,

1098 509 1254 561 Specie
1282 514 1357 550 tua
1385 513 1428 550 et
1452 509 1776 561 pulchritudine
1800 515 1875 551 tua

1045 565 1069 590 *
1105 565 1299 615 intende,
1334 567 1549 617 prospere
1585 566 1792 618 procede,
1832 571 1875 608 et

1046 634 1191 672 regna.

1096 682 1286 734 Propter
1304 682 1547 732 veritatem,
1567 686 1611 723 et
1628 686 1874 724 mansuetu-

1047 737 1209 788 dinem‚
1244 742 1287 779 et
1313 739 1535 790 justitiam:
1563 739 1587 763 *
1615 743 1658 780 et
1686 738 1875 780 deducet

1045 798 1091 835 te
1109 794 1365 835 mirabiliter
1384 794 1565 836 dextera
1584 799 1669 836 tua.

1098 854 1277 905 Sagittae
1305 859 1394 896 tuae
1422 858 1580 904 acutae,
1606 855 1773 923 populi
1795 855 1875 896 sub

1046 915 1090 952 te
1119 910 1286 960 eadent,
1315 911 1338 937 *
1369 911 1412 951 in
1441 911 1576 952 corda
1603 911 1875 952 inimicorum

1046 967 1193 1018 Regis.

1098 1027 1236 1069 Sedes
1259 1031 1335 1068 tua
1352 1028 1507 1069 Deus
1498 1041 1542 1068 m
1566 1027 1775 1068 saeculum
1798 1040 1875 1068 sae-

1047 1084 1146 1124 culi:
1169 1084 1193 1109 *
1221 1083 1343 1135 virga
1376 1083 1627 1125 directionis
1658 1084 1780 1134 virga
1812 1096 1875 1125 re-

1046 1140 1120 1190 gni
1142 1140 1216 1181 tui.

1097 1200 1303 1242 Dilexisti
1325 1201 1548 1252 justitiam,
1577 1205 1621 1241 et
1646 1200 1778 1241 odisti
1802 1199 1876 1239 ini-

1048 1257 1279 1308 quitatem:
1316 1258 1340 1282 *
1384 1258 1622 1309 propterea
1666 1256 1789 1296 unxit
1833 1260 1876 1296 te

1046 1313 1183 1361 Deus,
1211 1313 1332 1354 Deus
1356 1318 1456 1354 tuus
1477 1313 1575 1354 oleo
1600 1312 1763 1353 laetitiae
1784 1324 1876 1364 prae

1047 1369 1326 1410 consortibus
1345 1370 1443 1410 tuis

1099 1429 1294 1480 Myrrha,
1322 1434 1366 1470 et
1385 1434 1524 1480 gutta,
1553 1433 1596 1470 et
1620 1428 1738 1469 casia
1763 1441 1788 1469 a
1806 1441 1876 1469 ve-

1048 1485 1262 1526 stimentis
1276 1486 1374 1535 tuis,
1394 1498 1419 1526 a
1438 1484 1642 1526 domibus
1659 1484 1877 1526 eburneis:

1046 1540 1070 1565 *
1090 1553 1145 1581 ex
1170 1540 1329 1593 quibus
1355 1541 1684 1582 delectaverunt
1707 1545 1751 1581 te
1775 1540 1877 1581 filiae

1046 1609 1198 1648 regum
1214 1597 1259 1638 in
1278 1596 1446 1638 honore
1465 1602 1554 1638 tuo.

1097 1658 1252 1699 Astitit
1284 1660 1435 1709 regina
1467 1671 1493 1698 a
1526 1657 1692 1699 dextris
1720 1657 1806 1698 tuis
1834 1657 1877 1696 in

1046 1716 1209 1755 vestitu
1228 1714 1455 1756 deaurato:
1475 1714 1498 1739 *
1519 1712 1789 1754 circumdata
1807 1725 1877 1753 va·
1946 1711 1948 1714 ’

1046 1770 1212 1811 rietate.

1097 1829 1217 1870 Audi
1234 1830 1339 1879 filia,
1363 1834 1407 1870 et
1425 1828 1540 1877 vide,
1564 1832 1608 1869 et
1626 1827 1786 1869 inclina
1805 1840 1875 1868 au—

1046 1898 1140 1926 rem
1166 1890 1300 1926 tuam:
1325 1885 1348 1910 *
1377 1889 1420 1926 et
1448 1884 1707 1926 obliviscere
1736 1886 1874 1936 popu-

1045 1941 1135 1981 lum
1155 1946 1289 1990 tuum,
1306 1945 1350 1982 et
1368 1940 1548 1982 domum
1567 1940 1705 1992 patris
1725 1940 1799 1980 tui.

1097 2002 1155 2042 Et
1177 2003 1462 2054 concupiscet
1475 2002 1574 2042 Rex
1588 2000 1795 2041 decorem
1813 2004 1875 2041 tu-

1046 2070 1135 2098 um:
1158 2057 1182 2082 *
1209 2057 1415 2109 quoniam
1443 2057 1539 2109 ipse
1568 2061 1635 2098 est
1661 2056 1876 2097 Dominus

1046 2113 1168 2154 Deus
1187 2117 1298 2162 tuus,
1319 2118 1363 2154 et
1382 2112 1629 2161 adorabunt
1647 2125 1757 2153 eum.

1098 2173 1155 2214 Et
1173 2173 1277 2214 filiae
1293 2173 1401 2226 Tyri
1417 2174 1462 2213 in
1481 2172 1734 2214 muneribus
1748 2172 1771 2197 *
1787 2171 1875 2212 vul-

1046 2233 1140 2269 tum
1170 2233 1294 2270 tuum
1326 2228 1693 2281 deprecabuntur:
1725 2239 1876 2268 omnes

1047 2284 1205 2326 divites
1225 2284 1379 2337 plebis.

1100 2344 1253 2385 Omnis
1275 2344 1415 2396 gloria
1434 2345 1524 2395 ejus
1543 2343 1645 2384 fssiae
1664 2343 1800 2394 Regis
1820 2341 1874 2383 ab

1047 2400 1180 2449 intus,
1200 2401 1224 2426 *
1243 2401 1286 2440 in
1314 2400 1498 2441 fimbriis
1525 2399 1670 2440 aureis
1698 2399 1875 2439 circum-

1048 2458 1207 2497 amicta
1225 2456 1521 2497 varietatibus.

1100 2515 1390 2558 Adducentur
1418 2516 1530 2566 Regi
1556 2515 1746 2565 virgines
1774 2516 1875 2565 post

1048 2584 1164 2668 ῥῖψε
1200 2572 1224 2598 *
1260 2572 1474 2624 proximae
1510 2572 1606 2622 ejus
1642 2570 1875 2610 afferentur

1047 2631 1080 2668 tl
1100 2641 1352 2729 Xfferentur
1375 2688 1419 2727 in
1442 2686 1596 2728 laetitia
1619 2689 1663 2726 et
1690 2682 1873 2724 exsulta-
