2040 2990
195 231 264 266 282
617 224 1031 259 lunaiilebihnnnthmu
1061 223 1079 255 i
1109 221 1486 264 post.Epiphaniani

199 326 434 371 destinavit
473 326 594 366 Deus
636 327 735 364 ante
775 321 936 362 saecula
976 320 1019 361 in

196 385 381 436 gloriam
394 387 602 430 nostram,
623 391 754 431 quam
770 390 899 419 nemo
914 378 1021 430 prin·

198 442 346 494 cipum
377 439 503 490 hujus
540 436 689 479 saeculi
720 434 943 486 cognovit:
983 433 1020 474 si

198 497 314 539 enim
334 496 659 546 cognovissent,
678 503 915 543 numquam
933 490 1020 531 Do-

196 554 361 595 minum
388 551 539 603 g16riae
567 549 894 591 crucifixissent.
934 545 1020 588 Sed

197 611 310 651 sicut
343 609 553 661 scriptum
586 611 670 648 est:
704 604 834 655 Quod
869 602 1021 645 oculus

196 679 285 708 non
304 665 423 715 vidit,
442 677 523 706 nec
543 663 659 705 auris
679 661 854 711 audivit,
878 672 959 701 nec
977 659 1020 699 in
1039 698 1041 700 ,

198 736 275 765 cor
292 722 478 764 hominis
498 718 705 768 ascendit,
736 730 834 771 quae
852 728 1020 770 praepa-

198 780 312 821 ravit
329 780 450 820 Deus
469 778 532 826 iis,
554 776 628 828 qui
648 775 831 826 diligunt
849 774 982 815 illum.

499 841 720 881 I,ccthiifi.

295 910 391 952 obis
410 913 556 950 autem
575 904 786 948 revelavit
804 904 925 945 Deus
943 915 1023 955 per

304 966 511 1019 Spiritum
531 976 670 1005 suum:
696 960 884 1014 Spiritus
909 960 1023 1001 enim

202 1024 346 1066 emnia
375 1023 609 1071 scrutatur,
643 1018 773 1060 etiam
804 1015 1023 1070 profunda

199 1081 294 1122 Dei.
322 1079 427 1130 Quis
447 1078 560 1120 enim
579 1075 804 1130 hominum
823 1074 905 1115 scit
925 1086 1022 1126 quae

200 1142 300 1179 sunt
318 1134 516 1184 hominis,
535 1133 618 1174 nisi
632 1131 810 1185 spiritus
825 1130 1023 1180 hominis,

201 1194 276 1247 qui
306 1194 350 1234 in
383 1193 481 1245 ipso
516 1188 604 1232 est?
641 1190 703 1230 ita
737 1192 781 1229 et
814 1200 912 1240 quae
940 1186 1024 1228 Dei

201 1255 311 1300 sunt,
337 1261 466 1291 nemo
491 1246 707 1298 cognovit,
734 1245 818 1286 nisi
836 1243 1023 1297 Spiritus

200 1308 294 1349 Dei.
329 1306 425 1348 Nos
450 1309 595 1346 autem
619 1315 707 1344 non
731 1301 932 1355 spiritum
949 1300 1023 1341 hu-

201 1365 266 1416 jus
298 1362 451 1404 mundi
482 1360 747 1413 accepimus,
785 1358 864 1400 sed
895 1357 1024 1410 Spiri-

200 1426 309 1470 tum,
345 1419 419 1472 qui
445 1431 500 1460 ex
522 1418 619 1458 Deo
646 1421 729 1467 est,
762 1420 811 1457 ut
837 1414 1025 1456 sciamus

203 1490 300 1530 quae
319 1489 343 1517 a
357 1476 454 1517 Deo
473 1474 636 1516 donata
651 1477 751 1514 sunt
765 1471 907 1513 nobis:
927 1483 1025 1523 quae

203 1539 246 1576 et
264 1533 486 1585 loquimur
504 1543 592 1572 non
607 1530 651 1570 in
667 1529 809 1571 doctis
823 1527 1025 1569 humanae

203 1589 429 1643 sapientiae
458 1586 621 1636 verbis,
650 1585 730 1627 sed
757 1585 801 1625 in
828 1584 1027 1626 doctrina

202 1646 409 1699 Spiritus,
448 1642 745 1696 spiritualibus
783 1639 1027 1693 spiritualia

204 1703 522 1755 comparantes,

411 1825 582 1862 Feria
609 1822 823 1860 Tertia.

210 1890 273 1931 De
298 1886 497 1940 Epistola
519 1885 661 1939 prima
687 1882 744 1925 ad
768 1881 1027 1923 Corinthios.

312 1952 461 1993 Lectio
484 1953 504 1991 i.
767 1950 868 2002 Cap.
887 1951 923 1989 5.

214 2022 436 2073 <21me
462 2011 638 2053 auditur
661 2010 774 2052 inter
797 2022 876 2051 vos
900 2009 1028 2051 forni-

219 2067 285 2117 IT')
309 2069 441 2118 catio,
470 2073 513 2110 et
531 2068 631 2109 talis
651 2066 899 2115 fornicatio,
926 2078 1028 2118 qua-

207 2126 260 2167 lis
279 2138 360 2167 nec
378 2125 489 2166 inter
507 2125 682 2174 Gentes
701 2124 763 2164 ita
781 2127 829 2165 ut
847 2124 1030 2164 uxorem

207 2182 346 2235 patris
372 2181 439 2222 sui
467 2180 622 2232 aliquis
649 2179 822 2221 habeat.
866 2179 923 2220 Et
949 2191 1030 2221 vos

207 2238 347 2280 inflati
371 2238 488 2279 estis:
522 2242 565 2278 et
590 2250 678 2278 non
702 2236 840 2287 magis
865 2235 1030 2277 luctum

207 2294 422 2337 habuistis
445 2298 493 2335 ut
518 2293 695 2335 tolleitur
721 2292 776 2334 de
794 2291 940 2334 medio
959 2305 1030 2334 ve-

208 2356 347 2393 strum
367 2350 440 2402 qui
459 2349 544 2391 hoc
564 2362 675 2402 opus
693 2349 805 2390 feeit.
828 2349 924 2400 Ego
942 2348 1030 2401 qui-

209 2407 309 2449 dem
328 2406 487 2448 absens
507 2408 715 2458 corpore,
743 2418 941 2458 praesens
960 2418 1030 2446 au-

209 2468 299 2506 tem
324 2463 496 2515 spiritu,
527 2462 612 2514 jam
638 2461 827 2513 judicavi
851 2466 898 2502 ut
922 2474 1031 2514 prae-

210 2533 326 2568 senS,
345 2532 460 2568 eum,
480 2518 554 2570 qui
573 2518 635 2559 sie
654 2520 863 2570 operatus
884 2523 964 2567 est,
988 2518 1032 2558 in

209 2576 382 2618 nomine
410 2574 589 2616 Damini
617 2574 753 2615 nostri
780 2573 886 2614 Jesu
915 2573 1031 2614 Chri-

210 2633 281 2682 sti,
309 2631 585 2682 congregatis
611 2629 737 2671 vobis
762 2634 806 2671 et
828 2642 926 2671 meo
946 2632 1028 2682 spi-

208 2690 314 2738 ritu,
353 2701 451 2730 cum
489 2688 650 2728 virtute
681 2686 858 2727 Domini
894 2687 1031 2728 nostri

207 2747 231 2787 J
235 2759 326 2796 esu,
345 2744 519 2787 tradere
538 2742 785 2795 hujusmodi
805 2743 971 2784 satanae
990 2743 1032 2783 in

1071 318 1294 360 interitum
1325 318 1485 368 carnis,
1521 322 1569 359 ut
1604 317 1783 371 spiritus
1814 315 1895 357 sal-

1072 388 1153 417 vus
1178 376 1235 417 sit
1261 375 1306 416 in
1332 375 1403 417 die
1428 374 1604 416 Domini
1628 373 1767 416 nostri
1789 372 1815 413 J
1818 385 1896 414 esu

1073 431 1243 474 Christi.

1379 492 1529 533 Lectio
1550 492 1587 531 ii.

1168 567 1225 596 on
1258 558 1324 596 est
1354 554 1472 596 bona
1503 554 1706 606 gloriatio
1739 559 1896 597 vestra.

1174 611 1368 653 Nescitis
1410 611 1513 663 quia
1552 610 1775 653 modicum
1814 611 1896 653 fer-

1074 670 1268 710 mentum
1302 673 1442 710 totam
1482 680 1672 709 massam
1707 671 1897 710 corrum-

1074 724 1162 779 pit?
1198 726 1452 778 Expurgate
1477 729 1603 766 vetus
1627 724 1898 775 fermentum,

1073 788 1122 824 ut
1140 783 1233 824 sitis
1251 795 1366 824 nova
1381 782 1646 834 conspersio,
1666 781 1778 823 sicut
1794 781 1899 824 estis

1075 840 1227 892 azymi.
1280 839 1454 880 Etenim
1490 838 1661 880 Pascha
1699 842 1899 880 nostrum

1074 896 1324 938 immolatus
1369 900 1436 937 est
1477 895 1687 937 Christus.
1740 895 1899 947 Itaque

1075 953 1315 1006 epulemur:
1338 965 1427 994 non
1449 952 1494 993 in
1516 952 1730 994 fermento
1750 951 1899 999 veteri,

1074 1023 1217 1063 neque
1235 1010 1279 1050 in
1297 1010 1512 1051 fermento
1537 1008 1733 1059 malitiae,
1759 1012 1804 1050 et
1825 1020 1899 1049 ne-

1077 1067 1239 1120 quitiae:
1265 1065 1344 1108 sed
1368 1066 1412 1107 in
1435 1066 1600 1118 azymis
1626 1064 1899 1114 sinceritatis,

1076 1129 1120 1166 et
1139 1123 1347 1166 veritatis.

1377 1179 1530 1219 Lectio
1553 1179 1604 1218 iii.

1080 1232 1276 1340 Scripsi
1291 1245 1418 1287 vobis
1432 1245 1477 1286 in
1491 1244 1693 1298 epistola:
1705 1244 1774 1286 Ne
1785 1256 1900 1286 com-

1152 1302 1421 1344 misceamini
1434 1301 1687 1343 fornicariis.
1705 1300 1807 1343 Non
1820 1300 1900 1342 uti-

1077 1372 1162 1412 que
1193 1358 1437 1401 fornicariis
1470 1358 1595 1410 hujus
1622 1357 1791 1408 mundi,
1827 1361 1902 1399 aut

1077 1416 1239 1467 avaris,
1271 1420 1347 1457 aut
1376 1415 1628 1468 rapacibus,
1666 1418 1741 1456 aut
1771 1413 1902 1456 idolis

1078 1472 1383 1515 servientibus:
1421 1472 1615 1525 alioquin
1651 1470 1903 1513 debueratis

1079 1529 1134 1572 de
1162 1529 1247 1571 hoc
1273 1528 1437 1571 mundo
1467 1529 1635 1570 exiisse.
1675 1527 1805 1569 Nunc
1830 1539 1901 1568 au-

1077 1591 1167 1628 tem
1187 1586 1344 1639 scripsi
1362 1585 1488 1627 vobis
1508 1598 1597 1627 non
1616 1583 1903 1626 commisceri:

1079 1643 1116 1684 si
1133 1643 1182 1691 is,
1202 1643 1277 1696 qui
1295 1642 1430 1684 frater
1449 1642 1713 1691 nominatur,
1733 1645 1800 1683 est
1818 1641 1902 1682 for-

1078 1700 1264 1749 nicator,
1284 1703 1359 1740 aut
1378 1701 1551 1748 avarus,
1573 1702 1648 1740 aut
1666 1696 1796 1739 idelis
1815 1698 1902 1738 ser-

1079 1757 1213 1806 viens,
1233 1760 1308 1797 aut
1326 1754 1577 1805 maledicus,
1598 1758 1673 1796 aut
1692 1753 1903 1803 ebriosuS,

1080 1818 1155 1855 aut
1177 1825 1329 1866 rapax:
1358 1825 1456 1854 cum
1479 1810 1728 1863 hujusmodi
1746 1823 1828 1852 nec
1846 1809 1903 1851 ci-

1078 1869 1184 1912 bum
1205 1872 1388 1911 sumere.

1278 1988 1444 2025 Feria
1478 1984 1707 2035 Quafta.

1082 2051 1149 2092 De
1172 2047 1372 2102 Epistola
1395 2047 1537 2100 prima
1560 2046 1618 2089 ad
1642 2046 1904 2090 Corinthios.

1188 2110 1338 2152 Lectio
1358 2111 1382 2150 i.
1642 2107 1744 2159 Cap.
1764 2107 1801 2147 6.

1090 2186 1169 2235 <gs
1192 2175 1298 2217 udet
1324 2174 1481 2228 aliquis
1510 2179 1706 2217 vestrum
1736 2173 1902 2217 habens

1092 2215 1115 2268 s
1164 2235 1182 2270 ‘z
1208 2233 1432 2283 negotium
1464 2230 1676 2273 adversus
1709 2231 1905 2281 alterum,

1082 2289 1265 2341 iudicari
1279 2287 1397 2341 apud
1412 2288 1598 2340 iniquos,
1619 2292 1663 2330 et
1681 2300 1769 2330 non
1787 2286 1906 2340 apud

1084 2344 1280 2388 sanctos?
1299 2346 1370 2386 An
1389 2344 1566 2386 nescitis
1587 2344 1794 2397 queniam
1811 2357 1905 2386 san-

1083 2403 1142 2446 cti
1165 2402 1220 2444 de
1246 2401 1332 2444 hoc
1357 2401 1521 2444 mundo
1546 2399 1821 2454 judicabunt?
1850 2401 1907 2443 Et

1085 2460 1121 2501 si
1139 2460 1184 2501 in
1202 2458 1329 2500 vobis
1348 2458 1611 2510 judicabitur
1629 2457 1827 2508 mundus,
1846 2458 1906 2499 in-

1083 2515 1202 2567 digni
1227 2515 1331 2557 estis
1357 2515 1431 2567 qui
1456 2514 1512 2556 de
1536 2515 1724 2556 minimis
1749 2513 1906 2567 judice-

1082 2571 1160 2615 tis?
1193 2571 1388 2614 Nescitis
1413 2571 1620 2623 quoniam
1645 2570 1825 2622 angelos
1847 2571 1906 2623 ju-

1084 2626 1348 2672 dicabimus?
1375 2632 1540 2680 quanto
1564 2628 1703 2680 magis
1726 2627 1905 2669 saecula-

1083 2684 1168 2727 ria?
1194 2684 1430 2726 Saecularia
1453 2684 1583 2736 igitur
1601 2683 1759 2736 judicia
1777 2684 1815 2725 si
1833 2683 1904 2725 ha·

1083 2742 1281 2785 bueritis:
1310 2741 1679 2794 contemptibiles,
1708 2741 1782 2794 qui
1805 2744 1906 2782 sunt
