2040 2990
727 194 840 228 Feria
866 194 1036 228 secuncl¹1
1063 193 1110 227 ad
1136 193 1300 227 laudes
1824 189 1868 223 53

207 285 256 338 V.
299 287 566 329 Convertere
603 286 790 327 Domine
827 288 983 337 usque-

1038 290 1081 326 et
1104 290 1287 338 propter
1311 285 1452 336 legem
1475 291 1594 328 tuam
1616 288 1797 329 sustinui
1822 293 1866 330 te

157 357 254 396 quo.
279 348 327 398 R
350 344 407 385 Et
426 342 716 396 deprecabilis
737 347 832 384 esto
853 354 983 394 super
1036 341 1236 383 Domine

155 413 307 442 servos
334 405 445 442 tuos.

207 456 257 507 V.
273 457 372 498 Fiat
389 456 690 498 misericordia
704 461 779 498 tua
794 456 982 497 Domine

154 526 286 566 super
300 526 392 555 nos.
420 517 470 568 R.
491 512 872 564 Quemaidmodum
888 526 983 565 spe—

154 570 346 612 ravimus
373 570 417 610 in
443 575 499 612 te.

206 624 256 675 V.
284 626 545 668 Sacerdotes
572 626 636 667 tui
663 625 898 668 induantur
926 627 983 678 ju-

154 684 326 725 stitiam.
353 687 403 738 R.
429 684 485 724 Et
509 683 648 724 sancti
670 683 733 724 tui
753 682 983 724 exsultent.

207 741 257 793 V.
292 744 481 785 Domine
518 743 686 784 salvum
722 743 789 784 fac
824 756 982 794 regem.

154 804 205 855 R.
231 801 288 842 Et
316 799 475 842 exaudi
502 813 584 841 nos
611 800 656 840 in
685 799 770 850 die,
810 813 895 852 qua
923 801 981 841 in-

153 857 455 899 vocaverimus
482 861 537 898 te.

203 915 253 967 V.
297 917 474 960 Salvum
508 918 577 959 fac
611 918 824 971 populum
860 923 982 959 tuum

152 975 351 1024 Domine,
365 980 408 1016 et
422 974 606 1016 benedic
620 974 868 1016 haereditati
883 979 982 1015 tuae.

151 1035 202 1086 R.
239 1032 296 1073 Et
331 1043 435 1082 rege
474 1044 566 1080 eos,
609 1036 652 1073 et
687 1030 848 1073 extolle
883 1031 981 1072 illos

152 1101 291 1140 usque
319 1088 363 1128 in
391 1089 613 1129 aeternum.

203 1146 244 1198 V
247 1184 254 1191 .
269 1149 491 1190 Memento
512 1149 863 1199 congregationis
882 1154 981 1190 tuae.

151 1209 202 1262 R.
230 1207 371 1256 Quam
397 1205 636 1258 possedisti
664 1205 718 1247 ab
747 1205 881 1246 initio.

203 1261 253 1312 V.
274 1262 373 1303 Fiat
391 1275 479 1314 pax
498 1262 542 1302 in
560 1262 721 1304 virtute
741 1267 826 1304 tua.
852 1265 902 1316 R
927 1263 982 1304 Et

152 1318 418 1361 abundantia
445 1319 489 1359 in
516 1318 710 1360 turribus
737 1319 833 1360 tuis.

202 1377 252 1429 V.
283 1379 468 1420 Oremus
496 1392 578 1432 pro
603 1379 805 1421 fidelibus
832 1379 980 1421 defun-

153 1436 244 1477 ctis.
263 1439 313 1490 R.
331 1436 547 1487 Requiem
563 1438 772 1478 aeternam
788 1435 904 1478 dona
919 1437 980 1478 eis

136 1492 350 1543 Domine,
371 1497 414 1533 et
430 1491 505 1533 lux
519 1494 734 1545 perpetua
748 1492 893 1534 luceat
909 1493 981 1534 eis.

203 1550 253 1602 V.
271 1553 567 1605 Requiescant
576 1553 619 1593 in
630 1566 751 1606 pace.
764 1555 813 1606 R.
828 1554 981 1595 Amen.

200 1611 250 1663 V.
286 1613 374 1654 Pro
404 1612 611 1655 fratribus
639 1614 801 1655 nostris
829 1614 980 1656 absen-

150 1669 278 1711 tibus.
308 1674 359 1725 R.
392 1669 547 1711 Salvos
580 1670 649 1712 fac
682 1683 834 1712 servos
869 1677 980 1722 11105,

150 1725 271 1768 Deus
298 1739 433 1776 meus,
461 1729 690 1779 sperantes
718 1727 763 1768 in
789 1733 844 1769 te.

200 1785 251 1837 V.
272 1787 359 1829 Pro
382 1787 555 1829 afflictis
572 1793 615 1830 et
630 1789 826 1841 captivis.
843 1790 893 1842 R.
912 1790 980 1830 Li-

150 1843 257 1885 bera
286 1857 362 1885 eos
389 1844 510 1885 Deus
538 1845 676 1886 Israel
702 1858 757 1886 ex
780 1846 980 1888 omnibus

150 1899 502 1942 tribulationibus
531 1901 630 1942 suis.

199 1958 250 2010 V.
290 1961 414 2003 Mitte
453 1962 514 2003 eis
548 1962 735 2004 Domine
774 1963 981 2005 auxilium

152 2016 207 2058 de
227 2022 391 2060 sancto.
407 2020 458 2071 R.
483 2019 539 2060 Et
554 2018 609 2060 de
623 2019 727 2060 Sion
748 2021 871 2061 tuere
892 2033 979 2062 eos.

200 2072 250 2124 V.
298 2079 485 2120 Domine
532 2079 692 2121 exaudi
737 2081 979 2122 orationem

150 2147 303 2175 meam.
339 2135 391 2187 R.
423 2136 480 2177 Et
508 2135 672 2177 clamor
700 2149 823 2178 meus
852 2136 907 2178 ad
935 2142 979 2178 te

150 2191 306 2233 veniat.

199 2255 369 2297 Deinde
399 2256 479 2297 dic.
507 2256 705 2297 Psalmus
734 2258 819 2296 129.

239 2333 263 2362 e
288 2321 518 2374 profundis
543 2321 728 2363 clamavi
754 2322 810 2364 ad
828 2327 872 2364 te
891 2323 978 2363 Do-

267 2378 397 2419 mine:
429 2379 453 2403 *
485 2378 672 2419 Domine
711 2379 869 2420 exafidi
905 2392 978 2420 vo-

152 2445 247 2474 cem
274 2447 428 2475 meam.

201 2489 329 2532 Fiant
362 2503 488 2532 aures
521 2495 609 2532 tuae
640 2491 926 2540 intendentes,
955 2492 978 2517 *

150 2545 195 2585 in
221 2558 376 2588 vocem
405 2547 726 2599 deprecationis
753 2561 874 2589 meae.

203 2601 247 2642 Si
274 2602 524 2655 iniquitates
559 2603 863 2645 observaveris
891 2603 977 2644 Do-

151 2657 281 2698 mine:
302 2659 326 2684 *
353 2659 541 2701 Domine
571 2661 667 2712 quis
695 2659 946 2702 sustinebit?

204 2714 314 2764 Quia
342 2715 460 2768 apud
486 2721 530 2758 te
558 2717 813 2770 propitiatio
842 2722 925 2759 est:
953 2717 977 2742 *

1089 398 1300 440 Sustinuit
1337 399 1480 440 anima
1515 413 1612 441 mea
1648 401 1691 441 in
1728 401 1864 442 verbo

1038 455 1143 519 eius:
1162 456 1185 480 *
1205 456 1400 508 speravit
1425 457 1566 497 anima
1593 470 1690 498 mea
1712 458 1756 498 in
1778 458 1864 498 Do-

1037 512 1166 552 mino.

1090 569 1130 608 A
1164 569 1363 610 custodia
1395 572 1607 611 matutina
1638 583 1776 622 usque
1809 570 1864 611 ad

1037 630 1227 666 noctem:
1247 626 1270 650 *
1290 631 1439 678 speret
1453 626 1614 667 Israel
1604 640 1648 667 m
1665 627 1864 668 Domino.

1090 682 1200 732 Quia
1229 682 1348 734 apud
1367 682 1603 723 Dominum
1623 683 1863 724 misericor-

1038 738 1123 779 dia:
1152 739 1175 764 *
1204 744 1247 780 et
1276 739 1457 791 copiosa
1491 739 1608 791 apud
1643 752 1741 780 eum
1769 739 1862 781 red-

1038 796 1212 860 emptio.

1088 852 1145 893 Et
1189 853 1283 904 ipse
1330 852 1515 894 redimet
1556 853 1703 901 Israel,
1745 853 1767 877 *
1811 864 1864 892 ex

1037 908 1237 950 omnibus
1265 909 1564 961 iniquitatibus
1594 909 1694 960 ejus.

1090 965 1241 1006 Gloria
1268 966 1398 1007 Patri.

1088 1031 1215 1065 Finito
1240 1032 1407 1069 Psalmo
1434 1032 1574 1066 dicitu}

1088 1083 1137 1134 V.
1164 1087 1353 1128 Domine
1377 1088 1498 1129 Deus
1526 1088 1734 1129 virtutum
1764 1100 1862 1127 con-

1035 1146 1157 1185 verte
1190 1156 1282 1184 nos.
1322 1144 1371 1195 R.
1405 1145 1460 1186 Et
1494 1144 1676 1186 ostende
1707 1143 1862 1184 faciem

1034 1206 1165 1250 tuam,
1185 1206 1228 1242 et
1247 1201 1356 1242 salvi
1376 1201 1546 1242 erimus.

1087 1252 1137 1304 V.
1165 1258 1363 1308 Exsurge
1385 1257 1570 1307 Christe,
1595 1256 1751 1308 adjuva
1770 1269 1862 1296 nos.

1036 1315 1084 1366 R.
1112 1314 1169 1355 Et
1200 1313 1336 1355 libera
1369 1327 1449 1355 nos
1483 1318 1667 1366 propter
1703 1325 1862 1354 nomen

1034 1375 1167 1411 tuum.

1086 1423 1134 1474 V.
1146 1427 1335 1468 Domine
1347 1427 1506 1468 exaudi
1522 1427 1764 1468 orationem
1775 1437 1860 1465 me-

1035 1497 1115 1524 am.
1128 1484 1178 1535 R
1191 1484 1248 1524 Et
1263 1483 1427 1525 clamor
1440 1496 1563 1524 meus
1579 1482 1635 1523 ad
1648 1487 1692 1523 te
1707 1481 1861 1522 veniat.

1086 1536 1135 1587 V.
1164 1540 1378 1581 Dominus
1398 1540 1637 1581 vobiscum.

1085 1599 1134 1649 R.
1164 1597 1220 1638 Et
1239 1609 1338 1637 cum
1355 1597 1509 1649 spiritu
1527 1602 1614 1638 tuo.

1084 1664 1233 1698 Deinde
1270 1664 1410 1698 dicitur
1442 1664 1573 1698 Or1t1o
1608 1666 1859 1707 131¹·20p1i1.l⁴]t

1033 1723 1096 1755 qu
1088 1712 1188 1746 mdo
1212 1713 1250 1746 in
1274 1713 1397 1746 feriali
1421 1713 1557 1747 Officio
1581 1713 1674 1746 fiunt
1692 1713 1720 1747 C
1725 1724 1857 1747 omem.

1033 1771 1254 1794 communes
1281 1761 1326 1794 de
1353 1761 1387 1795 S.
1416 1761 1551 1797 Maria
1576 1761 1622 1794 de
1646 1763 1680 1795 S.
1699 1761 1857 1805 ..Ioseph

1033 1809 1079 1842 de
1098 1808 1301 1851 Apostolis
1325 1814 1359 1842 61
1383 1809 1428 1843 de
1447 1809 1490 1842 Pr
1481 1820 1561 1849 ace
1586 1815 1671 1843 ante
1695 1823 1729 1843 61
1721 1820 1760 1843 ¹1s
1782 1815 1856 1843 tam

1033 1857 1070 1890 in
1093 1856 1292 1890 Laudibus
1323 1867 1437 1899 quam
1469 1857 1506 1890 in
1532 1857 1647 1900 Vesp
1679 1858 1718 1891 fit
1752 1868 1856 1901 sequ.

1033 1904 1238 1939 Commem.
1257 1904 1303 1939 de
1322 1905 1453 1939 Cruce.

1083 1963 1182 2003 Ant.
1220 1962 1298 2004 Per
1327 1963 1496 2013 signum
1523 1963 1673 2004 Crucis
1702 1962 1756 2004 de
1784 1963 1858 2003 ini-

1031 2019 1154 2060 micis
1165 2020 1326 2061 nostris
1337 2019 1474 2061 libera
1484 2033 1564 2061 nos
1571 2020 1691 2061 Deus
1699 2025 1858 2061 noster.

1083 2070 1132 2122 V.
1155 2075 1306 2117 Omnis
1322 2081 1439 2117 terra
1455 2076 1609 2118 adoret
1624 2081 1678 2126 te,
1695 2081 1738 2117 et
1746 2076 1856 2128 psal-

1031 2131 1092 2173 lat
1116 2131 1206 2173 tibi.
1232 2136 1283 2187 R.
1303 2132 1523 2190 Psalmum
1552 2132 1668 2174 dicat
1696 2132 1857 2173 nomini

1030 2193 1108 2229 tuo
1127 2188 1326 2230 Domine.

1163 2255 1360 2296 Oremus.
1564 2255 1725 2296 Oratio.

1028 2310 1290 2416 Perpetua
1317 2328 1413 2364 nos,
1443 2317 1690 2367 quaesumus
1709 2314 1855 2355 Domi-

1126 2384 1197 2422 ne,
1221 2385 1331 2424 pace
1353 2371 1541 2413 custodi:
1571 2384 1681 2423 quos
1704 2384 1783 2423 per
1811 2370 1855 2410 li-

1030 2440 1164 2478 gnum
1220 2433 1383 2469 sanctae
1437 2427 1586 2468 Crucis
1639 2426 1852 2468 redimere

1032 2483 1232 2534 dignatus
1253 2497 1310 2525 es.

1080 2550 1174 2587 Quae
1203 2547 1408 2580 Commem.
1440 2547 1486 2579 de
1518 2546 1638 2579 Cruce
1669 2547 1708 2579 tit
1737 2545 1847 2578 etiam

1028 2595 1183 2638 quando
1202 2605 1277 2628 11011
1301 2595 1479 2628 dicuntur
1495 2594 1647 2629 Preces.
1671 2594 1706 2626 in
1727 2592 1846 2626 feriali

1027 2647 1174 2677 tantum
1192 2643 1338 2677 Officio.

1290 2712 1601 2741 -—⁴·C>3².CQQ——
