2040 2990
797 193 840 226 In
866 193 1077 227 Nativitate
1100 193 1266 226 Domini.

217 287 380 327 Potens
405 286 449 326 in
473 291 593 327 terra
618 286 699 327 erit
724 299 873 327 semen
893 287 997 338 ejus:

166 344 191 370 *
208 342 433 394 generatio
459 344 684 383 rectorum
702 342 998 384 benedicetur.

219 398 388 447 Gloria,
415 403 459 439 et
484 399 649 440 divitiae
673 399 717 438 in
738 398 871 440 domo
893 399 998 450 ejus:

167 456 190 481 *
206 458 250 495 et
266 455 429 506 justitia
450 455 540 507 ejus
559 459 706 496 manet
724 455 768 495 in
789 454 998 496 saeculum

167 510 329 551 saeculi.

218 566 435 608 Exortum
463 572 530 608 est
556 568 600 607 in
628 566 823 608 tenebris
851 567 998 608 lumen

168 622 315 664 rectis:
341 623 365 648 *
389 624 655 672 misericors,
684 627 728 664 et
755 623 998 672 miserator,

169 683 212 720 et
231 679 378 729 iustus.

219 735 244 775 J
246 735 446 776 ucundus
478 735 612 776 homo
654 735 729 787 qui
766 735 999 776 miseretur

169 795 212 832 et
238 791 510 842 commodat,
539 791 744 844 disponet
773 793 999 832 sermones

168 859 272 888 suos
292 847 336 887 in
356 847 534 899 judicio:
552 848 576 874 *
598 847 700 900 quia
723 848 767 887 in
787 849 998 888 aeternum

168 916 258 945 non
277 903 637 946 commovebitur.

219 961 271 1001 In
289 960 503 1001 memoria
522 961 687 1001 aeterna
706 960 788 1001 erit
806 960 962 1011 justus:
977 961 1000 986 *

169 1016 224 1058 ab
244 1015 468 1058 auditione
488 1015 603 1056 mala
622 1028 712 1056 non
730 1015 913 1056 timebit.

219 1073 428 1113 Paratum
448 1085 525 1113 cor
544 1072 633 1123 ejus
654 1074 832 1123 sperare
851 1071 895 1111 in
911 1072 1000 1112 Do-

169 1128 304 1178 mino,
332 1128 640 1169 confirmatum
664 1132 730 1169 est
754 1141 831 1169 cor
852 1129 957 1179 ejus:
976 1128 1000 1153 *

169 1197 257 1225 non
292 1183 641 1225 commovebitur
679 1183 821 1225 donec
858 1183 1000 1236 despi-

170 1241 257 1282 ciat
274 1240 476 1282 inimicos
497 1253 612 1282 suos.

212 1297 443 1349 Dispersitâ€š
456 1296 580 1338 dedit
590 1296 873 1350 pauperibus:
884 1298 1000 1348 justi-

169 1354 230 1394 tia
254 1354 345 1404 ejus
369 1357 517 1394 manet
539 1353 583 1393 in
609 1352 820 1394 saeculum
841 1353 1001 1402 saeculi,

170 1411 194 1436 *
219 1421 357 1450 cornu
381 1410 471 1460 ejus
496 1409 759 1450 exaltabitur
783 1409 827 1449 in
851 1409 1000 1459 gloria.

221 1465 437 1506 Peccator
473 1464 655 1514 videbit,
699 1470 743 1506 et
779 1465 1001 1515 irascetur,

172 1520 376 1562 dentibus
400 1521 490 1562 suis
509 1521 666 1562 fremet
685 1525 729 1562 et
745 1520 958 1562 tabescet:
978 1521 1001 1546 *

172 1576 438 1619 desiderium
456 1579 741 1629 peccatorum
758 1576 931 1629 peribit.

223 1635 322 1676 Ant.
343 1635 563 1675 Exortum
582 1638 649 1675 est
666 1634 710 1674 in
728 1633 922 1675 tenebris
940 1633 1001 1674 lu-

171 1702 271 1731 men
303 1689 435 1730 rectis
469 1689 619 1731 corde:
655 1690 920 1740 misericors,
959 1694 1003 1731 et

171 1745 411 1794 miserator,
432 1749 475 1786 et
494 1747 633 1796 justus
652 1746 879 1787 Dominus.

225 1803 324 1845 Ant.
359 1802 495 1853 Apud
512 1802 630 1842 Dfim
648 1804 672 1830 *
689 1801 1003 1851 misericordia,

174 1861 218 1898 et
244 1858 427 1910 copiosa
445 1857 565 1910 apud
585 1871 685 1899 eum
712 1858 972 1910 redemptio.

434 1917 635 1958 Psalmus
657 1918 742 1957 129.

171 1967 292 2073 Di
302 1969 533 2066 {rofandis
551 1970 737 2067 clarcxliavi
755 1970 811 2011 ad
830 1974 874 2011 te
890 1970 1003 2011 Dfie:

350 2039 494 2067 omine
510 2029 622 2067 exau
656 2026 1003 2068 ivocemmeam:

225 2083 353 2123 Fiant
380 2095 506 2124 aures
534 2087 622 2123 tuae
655 2082 952 2131 intendentes,
980 2083 1004 2110 *

174 2139 219 2179 in
238 2151 395 2180 vocem
415 2137 740 2191 deprecationis
758 2151 881 2180 meae.

225 2195 270 2236 Si
297 2194 551 2246 iniquitates
581 2194 887 2236 observaveris
915 2195 1003 2234 Do-

174 2250 305 2291 mine:
325 2250 348 2276 *
367 2251 556 2292 Domine
578 2251 673 2303 quis
694 2249 943 2291 sustinebit?

229 2306 341 2357 Quia
369 2306 487 2358 apud.
514 2311 559 2348 te
586 2306 843 2359 propitiatio
874 2311 953 2347 est:
981 2307 1004 2333 *

176 2366 220 2403 et
243 2366 425 2414 propter
450 2362 593 2413 legem
616 2366 737 2403 tuam
756 2362 942 2403 sustinui
960 2366 1004 2403 te

175 2418 374 2459 Domine.

227 2473 440 2515 Sustinuit
478 2474 624 2514 anima
658 2487 756 2515 mea
791 2474 835 2514 in
868 2473 1004 2514 verbo

178 2529 283 2592 ejus:
301 2530 325 2557 *
344 2530 539 2581 speravit
566 2530 709 2571 anima
732 2542 830 2571 mea
851 2529 895 2569 in
918 2529 1005 2569 Do-

177 2596 308 2624 mmo.

230 2641 271 2679 A
304 2641 506 2682 custodia
538 2643 752 2682 matutina
780 2652 919 2691 usque
949 2639 1006 2680 ad

177 2700 366 2736 noctem:
383 2697 407 2723 *
422 2701 571 2748 speret
588 2696 727 2737 Israel
740 2697 785 2736 in
802 2695 1004 2736 Domino.

1815 192 1878 227 191

1102 287 1214 336 Quia
1238 287 1357 339 apud
1375 289 1612 330 Dominum
1634 289 1878 330 misericor-

1050 343 1136 384 dia:
1164 344 1188 370 *
1216 349 1260 384 et
1294 344 1473 396 copiosa
1505 345 1623 397 apud
1651 358 1751 386 eum
1779 346 1876 387 red-

1051 399 1225 451 emptio.

1100 456 1157 496 Et
1172 456 1267 508 ipse
1281 455 1468 497 redimet
1481 457 1628 506 Israel,
1638 458 1662 484 *
1674 470 1727 498 ex
1743 458 1878 498 omni-

1050 511 1131 552 bus
1152 512 1456 563 iniquitatibus
1477 513 1577 563 ejus.

1109 572 1207 611 Ant.
1256 567 1387 620 Apud
1424 569 1539 608 Dfim
1570 569 1879 619 misericordia,

1051 629 1095 665 et
1121 624 1303 676 copiosa
1328 623 1445 676 apud
1471 637 1570 665 eum
1597 625 1853 678 redemptio.

1109 685 1209 723 Ant.
1237 683 1305 722 De
1330 680 1475 721 fructu
1493 682 1517 707 *
1535 682 1699 722 ventris
1723 683 1786 723 tui
1803 695 1879 734 po-

1050 748 1151 775 nam
1171 749 1303 788 super
1323 736 1474 777 sedem
1492 741 1624 777 tuam.

1326 795 1524 835 Psalmus
1547 798 1622 835 131.

1057 846 1331 951 Memento
1365 849 1553 890 Domine
1585 849 1745 898 David,
1780 850 1803 874 *
1837 855 1881 891 et

1173 905 1313 945 omnis
1333 905 1680 946 mansuetudinis
1701 907 1806 958 ejus:

1102 960 1224 1001 Sicut
1251 961 1408 1011 juravit
1436 961 1646 1010 Domino,
1678 963 1701 987 *
1729 966 1880 1003 votum

1052 1017 1172 1057 vovit
1191 1017 1288 1058 Deo
1309 1016 1462 1058 Jacob:

1104 1073 1149 1113 Si
1168 1073 1377 1113 introiero
1398 1073 1442 1113 in
1460 1072 1792 1114 tabernaculum
1808 1073 1880 1114 do-

1051 1142 1148 1168 mus
1164 1141 1285 1177 meae,
1301 1129 1324 1154 *
1340 1129 1376 1169 si
1396 1128 1637 1169 ascendero
1658 1129 1701 1169 in
1720 1129 1880 1170 lectum

1052 1185 1178 1226 strati
1197 1185 1300 1226 mei:

1104 1240 1148 1281 Si
1170 1240 1334 1282 dedero
1352 1253 1553 1281 somnum
1569 1240 1706 1281 oculis
1722 1241 1842 1290 meis,
1857 1240 1880 1265 *

1054 1302 1097 1338 et
1123 1296 1349 1349 palpebris
1373 1297 1482 1337 meis
1508 1296 1880 1337 dormitationem:

1105 1353 1162 1393 Et
1206 1353 1402 1404 requiem
1439 1351 1711 1404 temporibus
1752 1352 1879 1392 meis:

1054 1410 1195 1451 donec
1219 1409 1436 1449 inveniam
1460 1408 1607 1448 locum
1630 1408 1837 1458 Domino,
1856 1408 1880 1434 *

1053 1464 1384 1507 tabernaculum
1402 1465 1500 1505 Deo
1520 1463 1670 1504 Jacob.

1106 1522 1222 1562 Eece
1241 1520 1486 1562 audivimus
1503 1533 1599 1561 eam
1613 1519 1657 1559 in
1673 1518 1882 1571 Ephrata:

1053 1578 1077 1603 *
1101 1577 1343 1618 invenimus
1370 1589 1466 1617 eam
1488 1576 1532 1616 in
1556 1575 1723 1627 campis
1748 1574 1882 1615 silvae.

1106 1633 1390 1674 Introibimus
1449 1632 1493 1672 in
1551 1630 1883 1673 tabernaculum

1055 1691 1160 1741 ejus:
1194 1690 1218 1716 *
1255 1688 1536 1730 adorabimus
1573 1688 1618 1727 in
1654 1687 1772 1735 loco,
1809 1686 1883 1726 ubi

1056 1747 1273 1787 steterunt
1291 1744 1429 1797 pedes
1450 1745 1550 1796 ejus.

1106 1802 1244 1852 Surge
1262 1801 1450 1841 Domine
1469 1800 1513 1840 in
1538 1799 1733 1850 requiem
1751 1802 1882 1846 tuam,

1055 1860 1079 1886 *
1097 1863 1146 1899 tu
1165 1862 1209 1899 et
1229 1869 1330 1897 arca
1349 1854 1704 1897 sanctificationis
1723 1858 1822 1894 tuae.

1107 1912 1368 1955 Sacerdotes
1400 1911 1465 1953 tui
1497 1910 1732 1952 induantur
1766 1910 1882 1960 justi-

1055 1970 1176 2011 tiam:
1195 1970 1219 1996 *
1239 1973 1282 2009 et
1301 1967 1442 2009 sancti
1460 1967 1524 2008 tui
1543 1966 1774 2008 exsultent.

1106 2026 1293 2076 Propter
1320 2023 1467 2064 David
1495 2035 1670 2064 servum
1697 2026 1835 2071 tuum,
1860 2022 1884 2048 *

1055 2093 1143 2122 non
1162 2082 1335 2122 avertas
1353 2079 1512 2121 faciem
1532 2077 1694 2119 Christi
1711 2078 1785 2118 tui.

1108 2137 1277 2177 Juravit
1306 2135 1522 2177 Dominus
1550 2133 1695 2175 David
1729 2133 1882 2174 verita-

1055 2198 1161 2242 tem,
1187 2197 1232 2234 et
1249 2205 1337 2233 non
1356 2191 1635 2233 frustrabitur
1656 2202 1767 2230 eam:
1786 2190 1809 2215 *
1829 2188 1883 2230 de

1056 2249 1201 2290 fructu
1219 2249 1385 2290 ventris
1404 2248 1470 2289 tui
1486 2259 1649 2299 ponam
1669 2257 1801 2296 super
1820 2257 1883 2285 se-

1057 2305 1158 2346 dem
1176 2309 1308 2346 tuam.

1108 2361 1153 2401 Si
1173 2359 1461 2402 custodierint
1479 2359 1558 2399 filii
1574 2357 1637 2399 tui
1652 2358 1883 2398 testamen-

1056 2422 1149 2458 tum
1180 2429 1346 2465 meum,
1375 2417 1399 2442 â€™â¸Â¹
1432 2420 1475 2457 et
1508 2413 1756 2455 testimonia
1787 2423 1884 2453 mea

1056 2472 1164 2521 haec,
1185 2484 1284 2523 quae
1305 2470 1476 2512 docebo
1497 2482 1591 2511 eos:

1108 2528 1165 2568 Et
1185 2527 1263 2568 filii
1283 2529 1435 2568 eorum
1450 2537 1590 2577 usque
1605 2525 1650 2565 in
1665 2523 1882 2570 saeculum,

1059 2585 1082 2610 *
1102 2583 1318 2624 sedebunt
1337 2594 1470 2634 super
1489 2580 1640 2622 sedem
1658 2584 1789 2620 tuam.

1110 2639 1326 2689 Quoniam
1346 2637 1478 2688 elegit
1495 2636 1709 2677 Dominus
1727 2634 1844 2675 Sion:
1859 2633 1883 2660 *

1058 2694 1190 2745 elegit
1210 2707 1306 2735 eam
1321 2694 1366 2733 in
1384 2692 1698 2734 habitationem
1717 2688 1809 2730 sibi.
