2040 2990
719 195 893 229 Rubi-ica:
918 192 1114 234 generales
1140 187 1336 223 list-viarii.

191 300 320 328 dicuntur
332 301 361 325 ut
375 297 402 324 in
415 294 557 323 Psalterlo.
582 293 614 320 In
627 292 715 320 Festis
728 294 829 325 autem,
842 293 869 318 et
881 293 1005 325 tempore

191 337 326 370 Paschali,
344 340 399 363 tres
417 337 533 366 tantum,
551 335 581 359 ut
598 332 681 360 etiam
699 331 738 358 ibi
755 330 911 357 adnotatur.

242 377 266 404 2.
285 377 351 403 Post
369 373 557 407 Andphonam
576 371 677 398 dicitur
694 369 852 404 Capitulum
873 368 936 398 licui
957 375 1003 392 sas<

192 419 322 444 culorum.
359 414 391 441 In
414 412 503 439 feriali
524 410 624 439 Officio
646 412 725 437 extra
746 412 855 442 tempus
874 406 1006 434 paschale

192 455 292 483 dicitur
300 451 458 487 Capitulum
475 454 570 478 l'nccxn
577 472 580 476 ,
586 448 686 477 deinde
695 446 913 482 Responsorium
922 447 1007 473 breve

193 495 296 520 christ«.-
315 494 362 518 1·'1li
381 494 428 518 ιιει
448 493 508 519 mi,
527 495 576 516 etc.
607 488 675 515 Post
689 485 907 521 Responsorium
922 485 1007 512 breve

191 533 219 559 in
237 530 336 558 Officio
355 529 478 565 Duplici,
498 531 526 556 et
547 527 621 555 infra
638 526 770 558 Octavus,
793 525 886 551 statim
908 523 1009 551 dicitur

191 571 287 598 Oratio
302 570 415 595 immine
435 570 507 594 Deus
523 570 702 601 vulnipotens,
738 565 770 592 In
786 564 840 591 alio
853 562 953 591 Officio
969 561 1008 589 di-

190 610 270 643 citur,
288 610 309 635 l<
316 610 371 641 iric
387 609 487 634 cleison
505 613 568 633 cum
582 604 695 638 reliquis
708 603 853 631 Precibus:
872 601 965 629 omnia
977 603 1009 627 ut

192 649 220 676 iu
234 648 377 676 Psalterio.
404 647 450 675 Ad
463 646 581 674 Versum
595 646 687 670 autem
702 644 883 676 Adjuu'mum,
897 640 1008 668 Hebdo-

192 687 333 715 madarius
350 687 438 720 signat
455 693 486 712 se
502 684 580 717 signo
593 682 690 709 Crucis
707 689 724 708 a
742 681 833 708 fronte
851 680 886 707 ad
904 683 1008 714 pectus.

193 726 312 760 Quando
330 726 430 760 aliquis
444 724 521 751 solus
535 722 632 749 recitat
646 721 784 754 Officium,
802 719 887 747 semel
902 722 1009 746 tantum

194 765 259 793 dicit
275 765 428 791 (Ὶυιιῐιῐςωτ.
455 762 564 790 omissis
581 761 636 788 illis
654 760 760 793 verbis,
774 763 835 788 Tibi
856 766 943 795 pitter.
965 757 1009 784 vel

197 806 273 829 mlii>
290 805 395 829 fratres.
409 803 482 830 et'l‘c
499 808 582 835 pult-r,
600 799 644 827 vel
660 811 707 826 xo>
725 803 829 827 iratres.
846 800 873 825 et
886 796 1010 824 similiter

195 841 260 869 dicit
274 844 433 867 *list-ruitur
449 842 530 866 nostri
549 863 568 866 .,
583 863 602 866 ..
620 842 736 874 pcccatis
753 841 858 865 nostris.
877 840 1006 872 perducat

197 890 253 907 uos.
262 880 338 915 quod
350 879 431 907 etiam
446 881 574 906 servatur
586 878 621 904 ad
632 877 857 911 Completorium.
877 875 909 902 Iu
923 873 1011 901 feriali

195 919 303 951 Officio,
317 918 428 953 quando
441 918 521 945 dictae
535 920 599 943 sunt
612 917 712 943 Preces
725 915 761 942 ad
774 914 892 948 Laudes,
906 913 1011 941 addun-

197 962 243 986 tur
261 958 322 985 aliae
339 957 446 991 Preces,
465 960 496 984 ut
512 956 614 983 ibidem
631 955 659 982 in
678 954 821 982 Psalterio.

246 997 270 1024 3.
286 997 354 1023 Post
368 996 526 1023 Orationem
540 994 650 1029 Primae,
666 994 709 1021 vel
723 994 746 1021 si
761 994 868 1021 dicatur
882 991 1012 1020 Officium

195 1037 284 1064 beata:
300 1035 402 1069 Μαι-ιω,
420 1038 483 1070 post
500 1034 573 1061 illius
591 1033 758 1066 Orationem,
777 1032 850 1059 dicto
866 1032 1008 1059 licut-dica-

199 1083 266 1101 mm.
280 1075 308 1101 in
323 1075 414 1102 Choro
428 1073 527 1107 legitur
542 1072 782 1107 Martyrologium:
801 1070 900 1098 deinde
913 1069 1013 1096 dicitur

202 1114 319 1138 Pretio-san
333 1121 395 1140 cum
409 1113 534 1147 reliquis:
549 1120 613 1146 quae
626 1111 708 1139 etiam
722 1111 848 1138 dicantur
861 1110 896 1136 ab
910 1109 951 1143 iis,
965 1108 1013 1142 qui

196 1156 275 1180 extra
292 1152 414 1180 Chorum
433 1159 489 1178 non
509 1151 623 1185 legerint
641 1149 874 1184 Martyrologium.
907 1148 940 1175 In
959 1147 1013 1173 fine

197 1192 233 1219 ad
247 1191 456 1218 Absolutionem
471 1190 598 1225 Capituli,
616 1190 644 1216 in
658 1189 746 1216 Festis
761 1192 788 1216 et
806 1188 944 1222 aliquibus
959 1186 1013 1213 die-

197 1231 258 1263 bus,
275 1238 326 1265 pro
342 1230 472 1257 Lectione
490 1229 568 1256 brevi
586 1228 686 1256 dicitur
703 1227 861 1262 Capitulum
878 1227 973 1260 Nonae,
991 1225 1014 1252 si

197 1270 269 1297 adsit
283 1269 433 1304 proprium,
452 1268 573 1303 alioquin
587 1268 623 1295 de
636 1267 794 1294 Communi:
812 1266 867 1293 alio
883 1269 1014 1300 tempore,

197 1313 253 1336 tam
269 1309 297 1335 in
312 1308 470 1341 Dominicis,
489 1315 572 1341 quam
586 1307 680 1340 Feriis,
698 1306 794 1333 Lectio
808 1305 901 1333 brevis
915 1304 1014 1332 Officio

197 1348 270 1375 illius
288 1347 420 1382 temporis
437 1347 465 1374 in
483 1346 619 1374 Psalterio
638 1345 782 1379 assignata.

245 1401 333 1434 XVI.
363 1402 406 1431 {¹0
431 1401 527 1431 lim-is
549 1401 666 1436 'l'crtiuv
691 1402 787 1431 sexta
814 1406 843 1431 ct
868 1401 969 1431 Nona.

220 1454 257 1519 xd
271 1453 402 1487 Tertiam,
415 1453 535 1486 Sextum,
548 1455 576 1480 et
585 1453 702 1486 Nonam,
716 1456 779 1479 ante
792 1452 914 1486 singulas
924 1451 1016 1479 Horas

204 1494 215 1520 ξ
263 1493 370 1526 dicitur,
391 1494 469 1518 lunici-
490 1498 588 1520 uustcr,
608 1493 666 1518 Arc
687 1494 780 1520 Maria,
802 1494 874 1519 licus
895 1495 919 1519 in
941 1494 1013 1525 adju—

203 1535 299 1558 ωιίιιιιι
344 1531 480 1565 Hymnus,
498 1533 526 1557 et
544 1530 655 1564 Psalmi,
674 1534 705 1557 ut
721 1530 750 1557 in
768 1530 917 1557 Psalterio:
939 1529 1016 1556 Anti-

200 1570 299 1605 phonae
318 1569 470 1597 secundum
488 1569 579 1596 Officii
598 1569 766 1604 qualitatem,
786 1569 882 1596 ordine
900 1576 956 1603 quo
973 1576 1017 1595 su-
1053 1599 1055 1601 ,

201 1617 259 1645 pra.
288 1608 376 1636 Dictis
388 1608 507 1635 Psalmis
520 1612 547 1635 et
561 1608 729 1643 Antiphona,
747 1609 846 1636 dicitur
859 1607 1018 1643 Capitulum

201 1652 228 1676 et
242 1647 459 1682 Responsorium
477 1647 562 1674 breve
576 1655 627 1682 pro
642 1648 775 1682 qualitate
788 1647 893 1675 Officii:
911 1655 974 1682 qua:
990 1647 1019 1674 in

202 1686 365 1720 Dominicis,
388 1690 416 1714 et
433 1686 531 1721 Feriis,
549 1687 661 1721 quando
679 1694 735 1714 nou
752 1687 889 1714 habentur
906 1686 1019 1722 propria

202 1727 230 1754 iu
244 1726 361 1760 Proprio
375 1725 410 1753 de
425 1726 570 1760 Tempore,
588 1726 718 1753 dicuntur
732 1730 764 1753 ιιι
781 1726 809 1753 in
824 1726 972 1753 Psalterio:
990 1726 1018 1752 in

203 1765 305 1799 Fenus,
329 1765 353 1791 si
374 1765 402 1791 in
422 1765 540 1800 Proprio
559 1765 723 1793 Sanctorum
745 1773 800 1792 non
822 1765 877 1792 sint
899 1765 1019 1800 propria,

202 1807 349 1831 sumuntur
367 1804 403 1832 de
420 1804 574 1832 Communi.
610 1805 677 1832 Post
695 1805 914 1839 Responsorium
935 1804 1020 1831 breve

203 1843 304 1870 dicitur
318 1846 450 1869 hominu>
467 1846 614 1870 xnluseuun.
628 1847 655 1871 et
668 1844 772 1876 Oratio,
786 1852 849 1878 quae
862 1844 979 1870 habetur
991 1843 1020 1870 in

204 1881 321 1916 Proprio
339 1882 374 1910 de
391 1882 541 1917 Tempore:
559 1883 583 1909 si
602 1886 693 1910 autem
713 1883 743 1910 fit
760 1883 795 1910 de
812 1883 926 1916 Sancto,
944 1886 975 1909 ut
992 1882 1020 1909 in

204 1921 321 1956 Proprio
339 1921 515 1949 Sanctorum:
533 1922 655 1956 alioquin
673 1926 704 1949 ut
721 1922 749 1949 in
767 1922 920 1950 Communi.

255 1961 280 1988 2.
302 1960 368 1987 Post
386 1960 546 1989 Orationem
564 1961 698 1996 repetitur
716 1963 850 1989 imminu„
870 1964 1020 1989 xobiscum,

205 2003 231 2027 et
247 2000 347 2027 dicitur
363 2000 558 2026 liene-dimum
575 2001 700 2027 Domino.
723 2002 851 2027 fidelium
871 2002 976 2027 innuat.
994 2004 1022 2029 et

211 2039 289 2063 {mer
306 2044 403 2066 noster.
416 2042 530 2074 secreto,
543 2042 574 2067 ut
586 2039 660 2067 infra
673 2040 701 2066 in
711 2040 832 2068 Rubrica
847 2040 882 2068 dc
892 2042 1022 2069 Oratione

206 2079 350 2106 Dominica
368 2078 528 2114 explicatur.

430 2127 536 2162 XVII.
564 2130 610 2160 l)c
635 2128 798 2175 Vespa-ris.

229 2179 266 2245 xtl
279 2178 424 2213 vesperas,
446 2181 525 2206 l'utcr
541 2187 640 2207 noster.
659 2180 717 2205 Ave
734 2180 825 2207 Manu,
848 2180 921 2205 Deus
936 2188 961 2205 ιιι
978 2182 1022 2205 ml-

213 2229 222 2245 A
276 2221 411 2251 junonum.
430 2224 478 2245 uic.
507 2217 615 2244 Deinde
633 2217 762 2244 dicuntur
778 2217 902 2251 quinque
920 2218 1023 2245 Psalmi

207 2263 269 2283 eum
289 2255 411 2290 quinque
428 2255 607 2290 Antiphonis,
630 2259 660 2283 ut
679 2256 707 2282 in
726 2256 855 2290 Proprio,
879 2260 926 2283 aut
944 2257 1023 2283 Com-

211 2294 286 2322 muni
301 2293 464 2321 Sanctorum
482 2294 631 2329 signantur.
663 2295 695 2321 In
711 2295 863 2322 Dominicis
880 2299 980 2329 autem,
997 2299 1023 2323 et

209 2333 308 2366 Feriis,
325 2332 491 2367 Antiphonoe
509 2337 537 2360 et
553 2333 655 2360 Psalmi
674 2341 783 2367 semper
802 2334 931 2361 dicuntur
949 2338 979 2361 ut
996 2335 1023 2362 iu

210 2371 344 2399 Psalterio
360 2371 420 2405 (ubi
437 2371 519 2399 etiam
537 2375 660 2407 tempore
674 2373 800 2399 Paschali
814 2372 915 2400 Psalmi
931 2374 1023 2401 dicun-

209 2414 255 2438 tur
277 2410 330 2437 sub
353 2417 407 2437 una
428 2410 556 2445 Antiph.,
581 2412 710 2444 Allcli'nju)
738 2411 789 2438 nisi
815 2412 878 2438 aliae
905 2413 1024 2447 propriae

210 2449 376 2483 Antiphonae
389 2449 431 2476 vel
446 2449 548 2476 Psalmi
563 2452 604 2482 (ut
618 2450 646 2476 in
660 2450 813 2478 Dominicis
827 2451 982 2485 Adventus,
998 2455 1024 2478 et

209 2488 302 2516 triduo
320 2491 383 2514 ante
401 2487 518 2520 Pascha)
537 2489 716 2522 assignentur.

261 2527 285 2554 2.
299 2527 367 2554 Post
381 2527 508 2554 Psalmos
520 2531 548 2554 et
560 2527 734 2562 Antiphonas
747 2528 847 2556 dicitur
859 2529 1025 2563 Capitulum,

211 2566 348 2600 Hymnus,
366 2566 478 2599 Versus,
496 2565 655 2600 Antiphone
673 2566 709 2593 ad
730 2568 883 2596 §laguine-:n
901 2576 963 2595 cum
981 2577 1025 2595 eo-

211 2605 275 2632 dem
292 2604 419 2638 cantico:
437 2609 463 2632 et
482 2606 589 2639 Oratio:
607 2606 699 2633 omnia
716 2606 751 2633 de
765 2606 911 2640 Tempore,
929 2607 973 2634 vel
991 2608 1026 2635 de

211 2644 321 2677 Sancto,
338 2651 390 2678 pro
408 2644 539 2678 qualitate
557 2644 655 2672 Officii.

261 2683 286 2710 3.
308 2683 421 2716 Preces,
443 2683 555 2718 quando
574 2684 697 2711 diceudae
716 2688 792 2717 sunt,
815 2684 944 2711 dicuntur
963 2688 1026 2712 ante

213 2722 383 2757 orationem:
398 2722 679 2751 commemorationes
692 2731 758 2751 vero
772 2724 807 2751 de
820 2724 916 2758 Cruce,
931 2723 958 2751 S.
972 2724 1026 2751 Ma-

1055 288 1104 321 ria,
1117 286 1144 315 S.
1157 286 1176 314 J
1177 285 1272 319 oseph,
1285 282 1437 319 Apostolis,
1450 282 1582 314 Patrono,
1596 282 1625 306 et
1637 279 1719 311 Pace,
1733 280 1798 312 post
1810 276 1879 304 Ora-

1055 327 1166 359 tionem,
1183 328 1214 352 ut
1226 325 1255 351 in
1269 322 1390 358 propriis
1403 320 1534 350 Rubi-leis
1546 319 1672 346 habetur.
1700 316 1880 345 Terminatur

1056 369 1148 393 autem
1166 363 1297 391 Officium
1315 362 1502 396 vesperarum
1520 362 1551 387 ut
1568 359 1598 386 in
1615 357 1677 385 aliis
1694 356 1788 384 Horis.

1237 419 1363 453 XVIII.
1389 419 1436 449 Dc
1461 415 1698 456 shrnnpletwio.

1096 472 1116 499 d
1129 471 1347 506 Completorlum
1362 467 1490 496 absolute
1505 465 1607 494 dicitur
1618 465 1716 493 Lectio
1730 464 1832 499 brevis,
1850 467 1882 492 ut

1062 513 1075 539 l
1121 512 1150 539 ln
1164 509 1314 538 Psalterioz
1333 507 1433 536 deinde
1448 507 1526 532 l'ntcr
1543 509 1643 532 noster.
1662 504 1814 530 ‹annuit-ur.
1834 503 1879 528 Mi-

1060 557 1195 578 sera-atur.
1222 549 1432 577 indulca-uuam,
1455 547 1606 573 (lom-crte,
1630 544 1705 570 Deus
1728 543 1754 569 in
1776 543 1879 574 adjuto*

1061 591 1138 617 rium.
1156 588 1325 623 Antiphona,
1346 585 1458 619 Psalmi,
1481 584 1619 619 Hymnus,
1641 581 1810 617 Capitulum,
1828 581 1883 608 Re-

1058 629 1234 665 sponsorium
1249 627 1342 659 breve,
1359 624 1504 652 Canticum
1519 631 1583 650 cum
1596 621 1772 656 Antiphona3
1790 620 1883 647 omnia

1059 673 1090 697 ut
1107 669 1135 696 in
1154 667 1208 695 fine
1226 664 1366 698 Psalterii;
1383 667 1411 691 et
1428 666 1491 698 post
1505 662 1696 696 Antiphonam
1714 661 1743 687 in
1761 659 1883 694 Duplici-

1059 709 1112 735 bus
1133 711 1161 735 et
1182 706 1255 733 infra
1274 705 1394 732 octavas
1412 703 1513 730 dicitur
1531 701 1641 735 Oratio;
1663 701 1691 728 in
1713 700 1768 728 alio
1790 701 1884 726 autem

1060 747 1160 775 Officio
1183 749 1246 773 ante
1269 743 1429 772 Orationem
1452 742 1554 770 dicitur
1576 739 1662 774 Kyrie
1685 739 1797 766 cleison.
1819 745 1884 766 cum

1060 785 1172 820 reliquis
1190 784 1326 819 precibus,
1343 786 1375 810 ut
1392 781 1495 810 ibidem
1513 781 1543 808 in
1560 778 1706 808 Psalterio.

1111 825 1135 852 2,
1157 825 1225 851 Post
1243 823 1363 851 Versum
1383 819 1529 846 liciicdi'cat
1548 823 1573 846 et
1593 818 1731 846 custodiat
1750 826 1814 850 nos,
1834 822 1885 844 etc.

1061 864 1162 891 dicitur
1180 871 1235 890 una
1252 870 1287 889 ex
1301 859 1470 896 Antiphonis
1487 860 1577 886 beata:
1595 858 1700 892 Mariae,
1717 865 1782 885 cum
1794 857 1885 886 Versi-

1061 903 1124 931 culo
1138 906 1166 931 et
1179 901 1318 935 Oratione,
1331 903 1363 928 ut
1376 899 1492 926 ibidem:
1510 901 1538 926 et
1552 897 1626 926 dicto
1640 897 1740 931 Versu,
1754 896 1885 923 Divinum

1063 943 1207 971 auxilium,
1225 940 1326 968 dicitur
1343 942 1464 972 secreto,
1485 940 1567 965 Pater
1588 940 1692 967 noster.
1711 935 1774 963 Ave
1792 935 1887 967 Maria,

1061 985 1089 1009 et
1107 983 1203 1009 (lrctlo.

1276 1015 1372 1048 XIX.
1398 1016 1445 1046 l)e
1470 1013 1672 1046 Invitatorio.

1090 1062 1269 1096 nvitatorium
1287 1073 1397 1100 semper
1412 1065 1513 1092 dicitur
1530 1065 1559 1092 in
1573 1064 1650 1092 omni
1663 1062 1764 1091 OfficIo
1782 1062 1820 1090 ad
1832 1061 1888 1089 Ma-

1106 1107 1224 1134 tutinum
1239 1114 1303 1134 cum
1317 1105 1431 1132 Psalmo
1445 1106 1541 1130 Venite
1555 1104 1735 1133 exsultemus,
1747 1101 1846 1129 ordine
1858 1100 1888 1128 in

1063 1146 1198 1182 principio
1212 1145 1341 1173 Psalterii
1356 1144 1507 1179 descripto:
1525 1143 1575 1171 sed
1590 1142 1716 1170 variatur
1730 1148 1782 1176 pro
1796 1139 1888 1168 Officii

1064 1186 1204 1221 qualitate,
1218 1188 1249 1212 ut
1262 1185 1290 1211 in
1304 1183 1450 1217 Psalterio,
1469 1187 1496 1210 et
1509 1182 1628 1217 Proprio
1641 1181 1677 1208 de
1691 1181 1839 1215 Tempore,
1856 1186 1890 1207 ac

1064 1226 1092 1253 in
1111 1224 1237 1259 Proprio,
1255 1227 1283 1251 et
1301 1222 1447 1251 Communi
1466 1222 1640 1250 Sanctorum.

1115 1265 1139 1292 2.
1163 1264 1226 1291 Non
1245 1263 1346 1290 dicitur
1366 1262 1394 1289 in
1414 1261 1459 1288 die
1477 1261 1653 1296 Epiphaniae,
1677 1267 1730 1287 nec
1747 1258 1778 1286 in
1796 1257 1890 1285 triduo

1065 1308 1129 1332 ante
1142 1303 1258 1337 Pascha,
1275 1305 1306 1330 ut
1319 1301 1378 1329 suis
1392 1301 1460 1328 locis
1473 1303 1595 1334 notatur,
1613 1307 1664 1327 nec
1678 1299 1707 1326 in
1720 1297 1821 1326 Officio
1835 1297 1890 1324 De-

1067 1344 1225 1371 functorum
1238 1349 1289 1377 per
1302 1348 1414 1374 annum,
1427 1343 1544 1375 excepto
1558 1339 1604 1366 die
1613 1335 1891 1366 Commemorationis

1066 1382 1189 1410 omnium
1203 1381 1339 1409 Fidelium
1357 1380 1562 1411 defunctorum,
1580 1386 1613 1406 ac
1627 1378 1657 1405 in
1671 1377 1717 1405 die
1734 1376 1827 1404 obitus
1841 1383 1891 1403 seu

1066 1421 1247 1456 depositionis
1274 1419 1420 1453 Defuncti,
1446 1422 1474 1446 et
1501 1418 1735 1454 quandocumque
1761 1416 1893 1444 dicuntur

1066 1465 1123 1488 tres
1141 1460 1283 1488 Nocturni.

1316 1495 1391 1529 XX.
1419 1498 1466 1528 ΗΕ
1492 1498 1642 1537 llymnis.

1077 1552 1088 1611 l
1104 1547 1197 1611 lymni
1215 1554 1324 1582 semper
1342 1547 1473 1574 dicuntur
1489 1546 1519 1573 in
1536 1545 1663 1580 qualibet
1676 1544 1765 1579 Hora,
1782 1546 1894 1579 proeter-

1138 1594 1222 1622 qnam
1237 1594 1253 1613 a
1271 1586 1364 1614 triduo
1382 1589 1447 1613 ante
1459 1585 1577 1618 Pascha,
1596 1591 1687 1619 usque
1703 1583 1742 1611 ad
1754 1583 1894 1618 Vesperas

1068 1626 1183 1655 Sabbati
1200 1626 1228 1653 in
1241 1626 1322 1653 Albis
1338 1624 1487 1659 exclusive,
1505 1627 1534 1652 et
1546 1626 1736 1659 praeterquam
1750 1623 1779 1650 in
1793 1622 1894 1650 officio

1069 1666 1280 1694 Defunctorum.

1120 1706 1144 1733 2.
1163 1705 1211 1733 Ad
1225 1705 1391 1732 Matutinum
1406 1704 1537 1739 Hymnus
1555 1702 1658 1731 dicitur
1674 1704 1740 1737 post
1751 1701 1895 1729 Psalmum

1073 1746 1174 1773 Venite,
1194 1743 1310 1779 repetito
1329 1743 1502 1777 Invitatorio,
1518 1745 1708 1777 praeterquam
1724 1741 1754 1768 in
1771 1741 1817 1768 die
1831 1740 1895 1776 Epi-

1070 1783 1186 1819 phaniae.
1213 1783 1260 1810 Ad
1274 1782 1386 1810 Laudes
1398 1785 1426 1809 et
1438 1782 1579 1817 Vesperas
1592 1781 1695 1809 dicitur
1706 1784 1772 1816 post
1784 1780 1896 1816 capitu-

1070 1823 1141 1850 lum:
1159 1823 1195 1849 ad
1209 1823 1301 1850 Horas
1316 1825 1380 1849 ante
1394 1821 1531 1856 Psalmos,
1549 1821 1586 1848 ad
1599 1820 1820 1856 Completorlum
1831 1822 1897 1856 post

1071 1862 1196 1889 Psalmos
1214 1865 1241 1889 et
1258 1861 1456 1895 Antiphonam.

1121 1902 1145 1929 3.
1169 1902 1307 1929 Dicuntur
1324 1903 1417 1927 autem
1436 1900 1465 1927 in
1483 1899 1584 1927 Officio
1602 1899 1638 1927 de
1656 1899 1797 1935 Tempore
1818 1902 1850 1927 ut
1866 1899 1896 1926 in

1071 1941 1215 1975 Psalterio,
1228 1940 1342 1975 quando
1354 1939 1462 1975 proprii
1474 1939 1580 1974 Hymni
1593 1939 1623 1966 in
1634 1938 1754 1974 Proprie
1767 1939 1803 1966 de
1814 1939 1897 1966 Tem·

1071 1988 1138 2016 pore
1152 1989 1208 2008 non
1222 1980 1336 2008 adsunt:
1352 1979 1399 2014 qui
1412 1979 1518 2013 Hymni
1531 1978 1567 2006 de
1580 1979 1719 2006 Psalterio
1731 1978 1761 2006 in
1773 1978 1897 2006 Domini-

1071 2021 1119 2054 cis,
1132 2024 1160 2048 et
1168 2020 1256 2047 Feriis
1269 2019 1399 2053 assignati
1413 2019 1543 2046 dicuntur
1556 2019 1592 2045 ab
1602 2018 1708 2046 Octava
1718 2018 1897 2046 Pentecostes

1071 2067 1160 2094 usque
1178 2059 1215 2086 ad
1230 2059 1391 2086 Adventum
1410 2058 1570 2092 (Dominica
1587 2057 1663 2084 infra
1680 2058 1815 2086 Octavum
1830 2057 1897 2085 Gor·

1071 2099 1148 2134 poris
1162 2098 1264 2127 Christi
1277 2099 1404 2132 excepta)
1420 2101 1448 2125 et
1461 2097 1497 2124 ab
1512 2097 1618 2125 Octava
1630 2097 1795 2132 Epiphania
1806 2104 1898 2132 usque

1072 2138 1107 2165 ad
1122 2138 1298 2165 Dominicam
1312 2137 1431 2172 primam
1446 2137 1673 2171 Quadragesimae
1688 2136 1837 2164 exclusive.
1863 2136 1898 2164 In

1073 2177 1173 2205 Officio
1193 2177 1228 2204 de
1246 2175 1354 2204 Sanctis
1373 2176 1504 2204 dicuutur
1522 2179 1553 2203 ut
1571 2176 1601 2205 iu
1618 2176 1767 2204 Communi
1785 2175 1898 2204 Sancto·

1072 2224 1143 2250 rum,
1160 2216 1213 2243 nisi
1230 2215 1336 2250 proprii
1353 2215 1382 2242 in
1398 2215 1517 2250 Proprio
1534 2215 1700 2244 Sanctorum
1716 2215 1880 2242 habeantur.

1124 2256 1148 2283 4.
1167 2256 1200 2282 In
1214 2254 1365 2283 Nativitate
1378 2254 1492 2282 Domini
1505 2262 1595 2289 usque
1608 2255 1644 2282 ad
1658 2254 1852 2290 Epiphaniam,
1870 2253 1898 2281 in

1074 2295 1156 2322 Festo
1174 2294 1308 2328 Corporis
1325 2293 1428 2321 Christi
1446 2297 1474 2320 et
1491 2301 1542 2328 per
1559 2294 1707 2328 Octavam,
1729 2297 1757 2321 et
1774 2293 1899 2328 quando-

1073 2341 1193 2368 cumque
1207 2333 1238 2360 fit
1251 2333 1382 2360 Officium
1400 2333 1489 2360 beatae
1503 2333 1599 2360 Mariae
1613 2337 1670 2360 tam
1686 2340 1796 2363 novem.
1814 2339 1899 2367 quam

1074 2373 1157 2400 trium
1180 2372 1357 2405 Lectionum,
1380 2371 1463 2398 etiam
1485 2375 1610 2407 tempore
1629 2371 1771 2406 Paschali,
1793 2371 1822 2398 in
1844 2371 1899 2398 tine

1074 2413 1197 2439 omnium
1207 2412 1383 2446 Hymnorum
1398 2412 1597 2445 (praeterquam
1611 2412 1640 2438 in
1654 2411 1710 2438 fine
1720 2411 1827 2447 Hymni
1837 2411 1899 2439 Ave

1080 2454 1161 2479 nimis
1181 2453 1266 2479 stella.
1280 2454 1307 2478 et
1322 2450 1427 2484 Hymni
1444 2450 1482 2476 ad
1496 2450 1609 2478 Laudes
1626 2451 1655 2478 in
1669 2451 1752 2478 Festo
1766 2451 1900 2485 Corporis

1075 2490 1186 2524 Christi,
1201 2490 1248 2524 qui
1261 2489 1346 2517 habet
1359 2489 1486 2516 ultimum
1501 2497 1612 2517 versum
1626 2490 1784 2524 proprium)
1799 2489 1901 2518 dicitur

1080 2530 1155 2557 desii.
1177 2530 1224 2556 tibi
1244 2530 1277 2555 sit
1299 2530 1392 2558 :lm-in,
1413 2530 1464 2561 Qui
1485 2536 1565 2556 natus
1585 2540 1613 2557 cs
1633 2532 1666 2558 de
1686 2531 1806 2563 Virgine,
1823 2532 1855 2556 ut
1872 2529 1900 2556 11¹

1075 2569 1134 2603 ejus
1152 2568 1253 2596 Officio
1271 2576 1368 2603 parvo,
1385 2570 1493 2598 etiamsi
1512 2570 1641 2597 dicantur
1655 2569 1763 2605 Hymni
1780 2569 1816 2596 de
1833 2567 1900 2596 San-

1075 2608 1140 2641 ctis,
1159 2608 1207 2642 qui
1224 2608 1297 2635 insta
1316 2608 1436 2635 Octavas
1453 2610 1602 2644 praedictas
1619 2610 1804 2643 celebrantur,
1821 2608 1901 2635 dum-

1076 2647 1159 2673 modo
1179 2647 1284 2681 Hymni
1306 2648 1344 2675 illi
1365 2648 1420 2675 sint
1442 2649 1565 2683 ejusdem
1587 2649 1681 2683 metri,
1707 2656 1759 2676 nec
1779 2647 1901 2675 habeant

1077 2686 1203 2713 ultimum
1218 2686 1335 2714 Versum
1354 2687 1506 2722 proprium,
1524 2691 1555 2714 ut
1567 2687 1698 2722 Hymnus
1715 2690 1820 2715 sanctae
1832 2686 1901 2714 Cru-

1076 2725 1116 2753 cis
1129 2725 1166 2752 ad
1180 2725 1326 2761 Vesperas,
1340 2730 1368 2754 et
1383 2727 1491 2762 plurim.
1506 2727 1662 2761 Martyrum
1675 2728 1712 2755 ad
1725 2726 1900 2755 matutinum.
