2080 2990
579 200 645 232 lm·
668 201 717 231 225.
744 200 826 232 ,Ιιιη
873 202 905 232 S.
938 200 1148 242 Raymundi
1177 200 1221 232 ilc
1251 200 1425 233 l‘csiufort
1453 201 1559 232 (lons.

222 296 347 336 vulus
372 295 527 336 eximia
550 295 679 336 animi
703 300 746 336 et
769 294 967 347 corporis
986 297 1044 334 in-

223 351 323 393 dole
356 365 558 402 magnum
590 350 754 403 aliquid
780 350 1043 404 portendere

220 408 338 448 visus
365 413 442 449 est.
477 407 591 449 Nam
618 407 872 449 adolescens
897 407 1042 448 huma-

220 463 364 505 niores
390 463 556 505 litteras
579 464 622 504 in
645 464 786 516 patria
808 463 1043 516 professus,

220 520 463 561 Bononiam
482 533 529 562 se
549 520 745 570 contulit,
771 519 844 561 ubi
869 519 1043 572 pietatis

220 576 390 626 officiis,
416 591 467 619 ac
491 577 716 630 pontificio
743 576 944 628 civilique
963 576 1043 628 juri

219 633 372 675 sedulo
392 633 660 683 incumbens,
680 639 723 675 et
743 631 936 674 doctoris
955 632 1042 674 lau-

218 703 292 731 rea
310 690 547 741 insignitus,
566 689 728 732 ibidem
747 702 896 731 sacros
916 691 1043 731 cano-

217 759 294 788 nes
318 760 474 797 magna
498 760 595 788 cum
618 746 840 787 hominum
859 744 1041 787 admira-

216 802 334 844 tione
354 809 420 844 est
441 803 761 856 interpretatus.
788 802 891 853 Ejus
911 802 1040 843 virtu-

217 858 1043 912 tumfamapercrebrescente‚Berenga-

217 915 306 956 rius
321 915 656 957 Barcinonensis
678 917 923 968 episcopus,
945 927 1042 956 cum

216 971 360 1013 Roma
388 985 510 1013 suam
535 971 590 1013 ad
616 971 844 1013 ecclesiam
869 970 1041 1022 rediret,

217 1040 315 1069 eum
340 1027 625 1070 conveniendi
649 1041 780 1070 causa
798 1028 1042 1069 Bononiam

215 1083 297 1126 iter
332 1085 531 1134 instituit,
572 1090 616 1126 et
651 1083 827 1126 tandem
863 1084 1041 1125 summis

214 1141 435 1193 precibus,
463 1146 510 1182 ut
536 1154 683 1182 secum
706 1141 749 1181 in
772 1141 958 1193 patriam
978 1153 1040 1182 re-

214 1200 466 1248 verteretur,
493 1197 688 1239 obtinuit.
723 1197 828 1238 Mox
848 1196 1041 1249 ejusdem

215 1254 413 1296 ecclesiae
437 1254 694 1296 canonicatu
718 1260 762 1296 et
779 1254 1038 1307 praepositu-

212 1324 261 1352 ra
289 1314 484 1361 ornatus,
514 1311 717 1352 universo
746 1311 863 1352 clero
893 1316 936 1352 et
963 1313 1038 1363 po-

213 1367 330 1420 pulo,
349 1367 613 1418 integritate,
632 1366 859 1417 modestia,
880 1365 1038 1408 doctri-

212 1437 281 1473 na,
310 1429 353 1465 et
378 1437 549 1466 morum
573 1424 786 1465 suavitate
811 1423 1037 1476 praefulsit,

212 1493 263 1521 ac
286 1480 490 1533 Deiparae
509 1480 716 1531 Virginis,
742 1493 873 1532 quam
896 1480 1037 1530 singu-

211 1535 291 1576 lari
327 1537 503 1589 pietatis
542 1536 702 1578 affectu
737 1535 1036 1586 venerabatur,

211 1591 424 1634 honorem
465 1598 508 1634 et
547 1592 710 1634 cultum
746 1606 919 1646 semper
954 1605 1036 1645 pro

211 1648 376 1690 viribus
395 1650 524 1692 auxit.

270 1707 317 1757 Rg.
348 1706 592 1748 Honestum
620 1706 721 1748 fecit
747 1705 869 1746 illum
890 1705 1037 1748 Domi-

212 1774 307 1811 nus,
334 1767 377 1803 et
396 1762 632 1804 custodivit
651 1775 750 1804 eum
769 1761 823 1803 ab
843 1762 1036 1812 inimicis,

213 1823 256 1859 et
284 1830 309 1859 a
337 1817 640 1860 seductoribus
667 1818 824 1860 tutavit
850 1818 985 1859 illum:
1014 1820 1035 1842 *

211 1874 268 1916 Et
301 1873 422 1917 dedit
452 1875 515 1915 illi
546 1875 787 1917 claritatem
819 1876 1036 1916 aeternam.

216 1929 265 1975 Y.
294 1931 468 1972 Justum
496 1931 679 1974 deduxit
711 1931 924 1972 Dominus
957 1944 1037 1984 per

212 1987 305 2028 vias
324 1993 479 2038 rectas,
507 1994 550 2029 et
569 1987 760 2030 ostendit
778 1987 839 2028 illi
857 2000 1036 2039 regnum

213 2043 308 2084 Dei.
336 2044 391 2085 Et
410 2043 541 2086 dedit.

526 2099 674 2139 Lectio
699 2114 731 2138 v.

216 2150 423 2254 Annum
465 2157 636 2199 circiter
672 2158 869 2210 quintum
905 2171 1037 2210 supra

318 2212 695 2265 quadragesimum
723 2227 872 2265 agens,
899 2214 942 2254 in
971 2217 1036 2255 or-

214 2268 312 2311 dine
344 2269 525 2311 fratrum
552 2270 896 2312 Praedicatorum
928 2270 1036 2312 sole-

213 2325 302 2366 mni
327 2328 485 2367 emissa
508 2326 797 2379 professione,
824 2332 872 2369 ut
896 2339 1035 2368 novus

213 2382 351 2433 miles,
392 2382 435 2423 in
472 2383 589 2424 omni
623 2383 831 2425 virtutum
867 2385 1036 2434 genere,

213 2438 292 2480 sed
315 2441 536 2491 praecipue
558 2439 602 2480 in
622 2439 800 2481 caritate
821 2452 923 2490 erga
942 2441 1037 2491 ege-

212 2507 309 2545 nos,
329 2501 371 2537 et
390 2496 576 2536 maxime
596 2498 793 2549 captivos
814 2495 868 2537 ab
888 2495 1036 2537 infide-

213 2550 327 2593 libus
353 2551 571 2601 detentos,
600 2565 647 2594 se
672 2553 875 2593 exercuit.
911 2551 1036 2594 Unde

214 2621 312 2650 cum
345 2609 435 2660 ejus
466 2608 643 2650 hortatu
674 2614 849 2650 sanctus
882 2609 1036 2649 Petrus

212 2664 430 2706 Nolascus
459 2666 593 2717 (cujus
618 2665 712 2718 ipse
741 2664 1036 2706 confessiones

213 2720 431 2771 audiebat)
456 2734 557 2762 suas
583 2734 690 2774 opes
713 2721 910 2774 piissimo
936 2720 1036 2762 huic

1096 292 1220 345 operi
1251 292 1481 341 conferret,
1512 297 1605 333 tum
1635 290 1792 340 eidem,
1824 296 1916 332 tum

1099 348 1228 391 beato
1256 347 1535 400 Raymundo,
1572 353 1616 389 et
1641 347 1806 389 Jacobo
1835 347 1918 400 pri-

1095 418 1167 446 mo
1197 405 1431 455 Aragoniae
1458 404 1550 455 regi
1577 406 1792 457 apparens
1819 403 1918 445 bea-

1095 462 1262 503 tissima
1280 462 1429 512 Virgo,
1453 461 1746 512 gratissimum
1764 459 1857 510 sibi,
1875 465 1919 501 et

1096 518 1315 569 unigenito
1336 518 1448 559 Filio
1469 530 1548 559 suo
1568 517 1661 558 fore
1680 516 1798 567 dixit,
1821 517 1858 558 si
1875 516 1918 557 in

1096 587 1220 615 suum
1248 574 1461 616 honorem
1487 573 1781 615 institueretur
1806 572 1917 615 ordo

1095 631 1417 682 religiosorum,
1450 630 1607 682 quibus
1639 631 1837 682 captivos
1864 641 1918 670 ex

1095 687 1334 729 infidelium
1359 686 1588 740 tyrannide
1612 685 1824 728 liberandi
1846 698 1916 728 cu-

1095 757 1143 785 ra
1161 744 1440 786 incumberet.
1460 745 1602 794 Quare
1621 742 1792 784 collatis
1806 742 1918 784 inter

1096 814 1142 842 se
1163 801 1368 850 consiliis,
1392 799 1589 842 ordinem
1607 799 1750 842 beatae
1768 798 1918 840 Mariae

1095 856 1150 898 de
1181 857 1384 899 Mercede
1413 855 1746 909 Redemptionis
1774 854 1917 908 Capti-

1095 916 1249 955 vorum
1294 913 1596 955 fundaverunt:
1645 912 1715 954 cui
1762 910 1917 953 beatus

1094 969 1379 1023 Raymundus
1415 975 1556 1012 certas
1592 966 1767 1010 vivendi
1797 967 1917 1018 leges

1093 1027 1363 1080 praescripsit
1382 1026 1439 1069 ad
1456 1025 1650 1079 ejusdem
1665 1023 1829 1067 ordinis
1843 1036 1916 1065 vo-

1094 1083 1309 1124 cationem
1319 1081 1808 1127 accommodatissimas:
1824 1092 1918 1132 qua·

1094 1152 1189 1180 rum
1220 1139 1584 1193 approbationem
1615 1138 1781 1190 aliquot
1814 1141 1918 1190 post

1094 1209 1231 1238 annos
1251 1210 1276 1238 a
1292 1196 1505 1247 Gregorio
1523 1208 1640 1237 nono
1657 1193 1916 1247 impetravit,

1093 1258 1136 1294 et
1152 1251 1317 1294 dictum
1332 1258 1528 1294 sanctum
1538 1252 1716 1293 Petrum
1729 1250 1917 1303 primum

1093 1309 1354 1351 Generalem
1373 1309 1537 1351 ordinis
1555 1310 1811 1360 magistrum
1827 1305 1916 1348 suis

1091 1365 1186 1418 ipse
1211 1365 1409 1408 manibus
1432 1365 1585 1408 habitu
1611 1363 1768 1406 eodem
1794 1362 1916 1405 indu-

1090 1427 1184 1463 tum
1203 1422 1376 1464 creavit.

1147 1480 1193 1520 R·.
1220 1479 1398 1520 Amavit
1417 1491 1516 1520 eum
1533 1477 1763 1527 Dominus,
1785 1482 1830 1518 et
1849 1488 1915 1518 or·

1091 1536 1211 1577 navit
1247 1548 1361 1577 eum:
1397 1534 1555 1577 stolam
1589 1534 1741 1586 gloriae
1776 1532 1916 1575 induit

1092 1605 1200 1643 eum,
1220 1594 1241 1615 *
1263 1593 1320 1633 Et
1337 1591 1394 1633 ad
1412 1597 1564 1645 portas
1582 1589 1774 1644 paradisi
1794 1602 1915 1632 coro-

1090 1649 1210 1691 navit
1225 1662 1332 1690 eum.
1359 1644 1405 1694 V.
1425 1646 1571 1689 Induit
1588 1660 1687 1688 eum
1701 1646 1914 1688 Dominus

1089 1704 1268 1746 loricam
1287 1704 1400 1754 fidei,
1419 1709 1462 1746 et
1481 1703 1650 1745 ornavit
1668 1715 1777 1744 eum.
1804 1702 1871 1744 Et.

1391 1737 1540 1801 Lectio
1562 1761 1612 1799 vi.

1166 1817 1195 1859 b
1221 1817 1379 1860 eodem
1402 1816 1616 1868 Gregorio
1635 1816 1822 1857 Romam
1847 1827 1914 1857 ac-

1194 1877 1394 1925 cersitus,
1423 1879 1466 1916 et
1490 1872 1721 1926 capellani,
1749 1884 1800 1914 ac
1821 1885 1913 1925 poe-

1090 1931 1337 1981 nitentiarii‚
1370 1936 1414 1972 et
1445 1929 1699 1972 confessarii
1731 1928 1797 1970 sui
1822 1931 1912 1969 mu-

1089 2000 1192 2029 nere
1211 1986 1458 2037 decorastus,
1478 1985 1672 2039 ejusdem
1690 1986 1807 2038 jussu
1825 1985 1912 2026 Ro-

1089 2046 1317 2085 manorum
1347 2042 1608 2085 Pontificum
1639 2041 1831 2091 decreta,
1869 2040 1913 2081 in

1090 2100 1273 2142 diversis
1296 2099 1489 2142 conciliis
1513 2104 1557 2140 et
1580 2097 1776 2151 epistolis
1795 2109 1912 2150 spar-

1090 2170 1152 2206 sa,
1177 2157 1222 2197 in
1245 2170 1378 2198 unum
1395 2155 1690 2197 Decretalium
1707 2153 1912 2195 volumen

1090 2212 1268 2264 redegit.
1299 2212 1739 2265 Archiepiscopatum
1757 2210 1910 2251 Tarra-

1091 2271 1324 2311 conensem
1361 2269 1416 2311 ab
1451 2269 1548 2321 ipso
1581 2266 1793 2309 Pontifice
1830 2265 1913 2307 sibi

1091 2325 1285 2367 oblatum
1312 2323 1660 2367 constantissime
1685 2322 1912 2372 recusavit,

1090 2386 1134 2424 et
1151 2384 1286 2424 totius
1307 2380 1470 2423 ordinis
1485 2378 1829 2421 Praedicatorum
1842 2391 1913 2430 ge·

1089 2438 1235 2480 nerale
1250 2437 1553 2501 magisterium,
1570 2434 1690 2488 quod
1703 2447 1783 2487 per
1796 2434 1912 2476 bien-

1090 2495 1208 2536 nium
1230 2493 1500 2536 sanctissime
1524 2491 1912 2541 administraverat,

1090 2556 1247 2604 sponte
1274 2549 1445 2592 dimisit.
1485 2548 1652 2591 Jacobo
1680 2547 1913 2599 Aragoniae

1090 2608 1181 2659 regi
1200 2620 1336 2649 sacrae
1353 2605 1651 2658 Inquisitionis
1674 2603 1806 2646 officii
1825 2603 1912 2645 suis

1089 2665 1132 2705 in
1167 2663 1311 2715 regnis
1347 2661 1599 2704 instituendi
1635 2666 1787 2702 auctor
1822 2659 1912 2701 fuit.

1089 2721 1225 2763 Multa
1243 2719 1432 2773 patravit
1449 2718 1666 2768 miracula,
1685 2717 1796 2759 inter
1813 2728 1913 2768 quae
