2080 2990
195 212 270 247 398
383 219 393 231 “
653 210 719 243 {Hc
751 212 793 243 Ιίὶ.
825 211 907 243 Περ

958 214 989 242 35.
1021 211 1144 243 Lucia*
1175 211 1272 250 x‘irg.

1300 219 1333 244 ct
1361 211 1465 244 Man-1.

198 312 282 356 est,
319 311 363 348 et
396 305 516 358 quod
544 306 796 347 facultatem
827 306 1024 359 praebeat

197 364 288 404 sine
309 362 622 415 impedimento
641 362 877 404 Dominum
899 362 1023 404 obse-

197 419 358 460 crandi.

261 478 305 527 leg.
323 476 497 527 Rogavi
522 475 759 517 Dominum
786 488 931 517 meum
955 475 980 516 J
983 487 1023 516 e-

196 544 292 572 sum
325 531 562 582 Christum,
596 537 645 574 ut
678 532 789 583 ignis
822 532 904 573 iste
936 543 1023 572 non

197 587 444 630 dominetur
470 589 575 630 mei:
616 597 635 616 ¹·
658 589 714 630 Et
741 587 971 641 impetravi
998 600 1023 628 a

194 644 385 687 Domino
436 645 634 687 inducias
684 644 878 697 martyrii
927 643 1023 684 mei.

205 699 253 747 δ”.
274 702 359 743 Pro
383 715 436 744 eo
456 708 504 744 ut
523 715 593 743 me
615 701 859 752 diligerent,
883 700 1023 741 detra-

194 757 357 800 hebant
369 758 486 799 mihi:
502 771 583 809 ego
596 763 741 799 autem
752 757 943 799 orabam.
957 756 1023 798 Et.

507 826 652 865 Lectio
676 826 726 864 iii.

203 881 282 988 Si
310 885 408 937 quis
440 890 585 926 autem
610 888 784 936 turpem
812 895 858 923 se
885 881 1024 923 videri

291 941 511 983 existimat
555 952 686 993 super
726 939 891 990 virgine
935 951 1023 988 sua,

197 997 316 1051 quod
340 998 396 1039 sit
420 996 719 1050 superadulta,
745 1000 789 1037 et
812 996 872 1037 ita
896 996 1023 1048 opor-

194 1059 259 1096 tet
278 1054 387 1095 fieri:
408 1053 528 1106 quod
543 1053 636 1094 vult
655 1053 800 1094 faciat:
819 1065 907 1093 non
925 1064 1024 1104 pec-

195 1116 281 1162 cat,
309 1111 346 1152 si
371 1110 516 1152 nubat.
554 1110 668 1151 Nam
698 1109 772 1162 qui
800 1108 954 1150 statuit
980 1108 1023 1148 in

195 1168 329 1210 corde
355 1181 435 1209 suo
459 1167 626 1216 firmus,
652 1180 739 1208 non
763 1166 929 1207 habens
952 1178 1023 1206 ne-

195 1225 462 1274 cessitatem,
487 1225 755 1277 potestatem
781 1228 927 1264 autem
951 1223 1023 1264 ha-

194 1282 302 1323 bens
323 1295 414 1323 suae
432 1280 680 1330 voluntatiS,
701 1285 743 1322 et
761 1279 846 1321 hoc
863 1279 1022 1331 judica-

194 1339 256 1380 vit
278 1339 322 1380 in
342 1338 475 1380 corde
496 1350 592 1388 suo,
617 1339 792 1379 servare
811 1337 1024 1387 virginem

195 1409 337 1445 suam,
373 1395 485 1437 bene
523 1394 636 1436 facit.
696 1393 833 1444 Igitur
869 1398 913 1434 et
951 1393 1024 1445 qui

194 1452 471 1494 matrimdnio
495 1451 631 1504 jungit
655 1450 866 1502 virginem
890 1463 1024 1499 suam,

194 1509 305 1550 bene
330 1508 450 1549 facit:
478 1513 521 1550 et
548 1507 621 1560 qui
646 1520 735 1548 non
759 1506 911 1558 jungit,
937 1508 1023 1548 me-

194 1565 278 1606 lius
304 1565 416 1606 facit.
462 1564 617 1605 Mulier
643 1563 821 1615 alligata
847 1568 914 1605 est
938 1563 1025 1615 legi

197 1627 360 1674 quanto
410 1623 610 1674 tempore
656 1620 721 1660 vir
772 1620 862 1672 ejus
908 1620 1024 1661 vivit.

196 1677 326 1728 Quod
355 1678 391 1719 si
425 1677 650 1719 dormierit
684 1677 750 1718 vir
777 1677 887 1729 ejus,
921 1676 1024 1718 libe-

196 1737 291 1776 rata
311 1739 392 1776 est:
419 1734 489 1775 cui
508 1733 601 1775 vult
619 1733 771 1783 nubat,
795 1737 963 1774 tantum
982 1733 1025 1773 in

195 1791 397 1832 Domino.
433 1790 614 1832 Beatior
639 1795 785 1831 autem
805 1790 886 1831 erit
907 1790 943 1830 si
963 1790 1026 1830 sic

196 1848 495 1900 permanserit,
511 1846 751 1888 secundum
764 1859 910 1888 meum
925 1859 1024 1888 con-

197 1904 358 1945 silium:
394 1910 502 1957 puto
535 1908 680 1945 autem
713 1902 834 1956 quod
867 1908 910 1945 et
941 1915 1023 1954 ego

197 1961 405 2013 Spiritum
424 1961 508 2002 Dei
525 1960 723 2002 habeam.

259 2022 302 2071 HJ.
328 2022 464 2063 Grata
488 2022 603 2063 facta
628 2027 695 2063 est
719 2035 745 2063 a
768 2020 958 2062 Domino
982 2020 1025 2060 in

199 2079 454 2127 certamine,
500 2078 600 2130 quia
642 2078 761 2131 apud
796 2078 940 2119 Deum
982 2082 1026 2118 et

199 2134 317 2188 apud
348 2134 546 2176 hemines
581 2134 826 2199 glorificata
862 2139 947 2175 est:
982 2134 1026 2174 in

200 2192 439 2256 conspectu
455 2191 663 2244 principis
679 2190 943 2243 loquebatur
962 2203 1026 2231 sa-

199 2247 425 2300 pientiam:
455 2250 475 2272 *
504 2247 561 2288 Et
586 2248 679 2288 Dns
706 2248 898 2289 omniurn
924 2246 1026 2288 dile-

200 2305 263 2346 xit
290 2317 396 2346 eam.
440 2299 489 2349 Y.
517 2304 755 2355 Adiuvabit
783 2317 878 2346 eam
905 2304 1026 2345 Deus

199 2361 324 2403 vultu
342 2373 441 2403 suo:
460 2361 612 2402 Deus
601 2374 643 2401 1n
663 2360 808 2402 medio
824 2361 924 2411 ejus,
939 2373 1026 2402 non

200 2417 515 2459 comovebitur.
540 2417 607 2458 Et.
635 2417 786 2458 Gloria
805 2417 933 2458 Patri.
958 2417 1027 2458 Et.

434 2489 481 2526 In
502 2489 551 2527 11.
572 2489 792 2527 Nocturno.

504 2558 655 2599 Lectio
678 2558 728 2597 iv.

208 2634 214 2639 ’
240 2636 279 2667 ς
297 2626 416 2667 Ιιἰ013
436 2625 558 2675 virgo
578 2626 849 2677 Syracusana
869 2626 1026 2676 genere

240 2668 313 2749 λῇς
337 2688 381 2724 et
404 2682 638 2724 christiana
660 2681 747 2723 fide
770 2681 825 2722 ab
850 2682 1027 2723 infantia

243 2753 257 2756 ·
278 2751 300 2765 ²
335 2738 512 2789 nobilis,
543 2752 627 2780 una
655 2751 754 2780 cum
780 2743 918 2780 matre
945 2739 1027 2779 Eu-

1075 304 1237 357 tychia,
1266 318 1364 357 quae
1391 305 1613 357 sanguinis
1638 305 1759 346 fluxu
1783 303 1901 346 labo-

1074 361 1220 411 rabat,
1262 362 1471 405 Catanam
1510 361 1566 404 ad
1605 361 1902 404 venerandum

1076 431 1235 471 corpus
1262 418 1405 461 beatae
1431 418 1617 470 Agathae
1641 417 1774 460 venit:
1803 430 1902 471 quae

1075 474 1131 516 ad
1155 476 1246 527 ejus
1273 475 1553 529 septilchrum
1577 488 1675 517 cum
1698 474 1902 528 supplici-

1074 536 1141 573 ter
1167 534 1353 582 orasset,
1378 532 1565 583 Agathae
1589 531 1902 573 intercessione

1074 588 1203 629 matri
1219 589 1449 630 sanitatem
1463 587 1725 642 impetravit.
1747 587 1911 630 Statim

1075 657 1180 687 vero
1217 650 1402 687 matrem
1439 644 1656 694 exoravit,
1691 649 1740 686 ut
1771 657 1901 696 quam

1076 701 1226 743 dotem
1261 702 1344 744 sibi
1381 701 1536 744 datura
1570 706 1705 751 esset,
1743 700 1903 742 Christi

1075 758 1342 811 pauperibus
1382 758 1515 801 tribui
1556 759 1791 811 pateretur.
1843 757 1903 799 Ut

1075 815 1205 866 igitur
1249 816 1489 868 Syracusas
1534 814 1683 864 rediit,
1730 826 1904 856 omnem

1074 871 1324 924 pecuniam,
1365 885 1495 924 quam
1532 884 1587 913 ex
1622 870 1903 912 facultatibus

1075 927 1262 1026 verssditis
1277 928 1520 980 redegerat,
1535 927 1803 981 pauperibus
1819 926 1902 968 dis-

1074 987 1130 1026 tri
1163 985 1237 1026 uit.

1140 1051 1185 1100 R„
1206 1049 1319 1091 Veni
1348 1062 1511 1103 sponsa
1539 1049 1717 1099 Christi,
1750 1049 1902 1102 accipe

1075 1108 1294 1156 coronam,
1315 1119 1445 1159 quam
1464 1106 1543 1149 tibi
1559 1106 1774 1147 Dominus
1792 1118 1902 1158 prae-

1075 1162 1248 1216 paravit
1291 1163 1336 1203 in
1382 1165 1612 1205 aeternum:
1656 1175 1736 1215 pro
1782 1163 1903 1214 cujus

1075 1222 1223 1261 amere
1252 1220 1507 1284 sanguinem
1533 1225 1658 1261 tuum
1684 1218 1852 1268 fudisti,

1075 1276 1132 1318 Et
1159 1289 1258 1318 cum
1284 1276 1465 1339 Angelis
1492 1277 1536 1317 in
1563 1275 1854 1329 paradisum
1842 1289 1903 1316 111-

1074 1333 1230 1375 troisti.
1271 1327 1315 1378 N.
1340 1333 1455 1374 Veni
1475 1333 1614 1375 electa
1630 1345 1739 1383 mea,
1763 1336 1807 1374 et
1825 1345 1902 1385 po-

1075 1403 1176 1431 nam
1207 1390 1251 1430 in
1284 1395 1328 1432 te
1361 1389 1568 1432 thronum
1599 1402 1764 1440 meum,
1803 1389 1907 1442 quia

1077 1446 1328 1499 concupivit
1346 1447 1444 1488 Rex
1469 1446 1662 1500 speciem
1683 1451 1814 1488 tuam.
1847 1446 1904 1487 Et

1077 1517 1176 1545 cum
1207 1503 1396 1554 Angelis.

1394 1584 1543 1623 Lectio
1567 1597 1598 1621 v.

1084 1641 1251 1765 Quod
1269 1660 1343 1702 ubi
1367 1660 1617 1701 rescivisset
1638 1660 1691 1710 is,
1715 1660 1784 1701 cui
1807 1673 1904 1702 eam

1174 1719 1378 1771 parentes
1394 1722 1548 1758 contra
1561 1717 1739 1767 virginis
1754 1716 1904 1758 volun-

1077 1775 1213 1816 tatem
1228 1773 1566 1827 despenderant,
1585 1772 1704 1826 apud
1717 1773 1903 1815 Pascha-

1077 1831 1190 1872 sium
1235 1831 1492 1883 praefectum
1536 1830 1735 1880 Luciam,
1784 1828 1905 1883 quod

1079 1888 1323 1930 Christiana
1347 1892 1474 1937 esset,
1498 1887 1731 1929 accusavit.
1762 1887 1904 1937 Quam

1076 1944 1149 1986 ille
1179 1957 1278 1986 cum
1307 1957 1388 1986 nec
1415 1943 1639 1997 precibus,
1669 1955 1751 1985 nec
1776 1943 1904 1984 minis

1078 2001 1135 2043 ad
1154 2001 1320 2043 cultum
1338 1999 1558 2042 idolerum
1575 2005 1728 2053 posset
1746 1999 1904 2053 perdu-

1078 2072 1197 2101 cere:
1231 2059 1319 2100 imo
1355 2062 1479 2099 tanto
1514 2057 1652 2109 magis
1683 2057 1905 2098 incensam

1077 2115 1247 2158 videret
1269 2114 1327 2157 ad
1350 2114 1636 2156 celebrandas
1656 2113 1904 2156 christianae

1078 2172 1182 2214 fidei
1219 2171 1392 2221 laudeS,
1435 2175 1599 2223 quanto
1635 2171 1774 2221 magis
1809 2170 1904 2222 ipse

1079 2242 1174 2271 eam
1199 2242 1225 2270 a
1252 2227 1465 2270 sententia
1494 2229 1692 2269 avertere
1718 2225 1903 2268 conaba—

1077 2290 1161 2327 tur:
1186 2283 1441 2333 Cessabunt,
1465 2283 1614 2336 inquit,
1637 2282 1782 2332 verba,
1805 2295 1904 2324 cum

1077 2346 1256 2383 ventum
1275 2341 1356 2383 erit
1374 2339 1431 2381 ad
1447 2339 1640 2381 verbera.
1669 2339 1749 2381 Cui
1765 2339 1903 2390 virgo:

1078 2399 1162 2440 Dei
1187 2398 1324 2439 servis
1348 2395 1483 2438 verba
1510 2396 1664 2438 deesse
1692 2408 1781 2437 non
1805 2408 1905 2449 pos·

1078 2460 1193 2505 sunt,
1219 2453 1375 2507 quibus
1395 2467 1421 2495 a
1441 2453 1614 2495 Christo
1634 2453 1824 2494 Domino
1845 2452 1905 2494 di-

1079 2518 1197 2555 ctum
1217 2516 1298 2553 est:
1318 2511 1427 2552 Cum
1441 2510 1650 2552 steteritis
1665 2514 1765 2551 ante
1780 2522 1905 2561 reges

1079 2574 1123 2611 et
1149 2567 1380 2622 praesides,
1414 2566 1547 2609 nolite
1575 2566 1770 2617 cogitare
1799 2568 1904 2619 quo-

1078 2624 1212 2667 modo
1232 2629 1307 2665 aut
1327 2623 1432 2676 quid
1453 2623 1706 2676 loquamini:
1732 2622 1906 2664 dabitur

1079 2682 1193 2723 enim
1211 2681 1337 2722 vobis
1356 2680 1400 2720 in
1419 2679 1491 2721 illa
1507 2679 1616 2722 hora
1633 2679 1737 2733 quid
1755 2679 1905 2732 loqua-

1078 2738 1196 2779 mini:
1215 2750 1303 2779 non
1321 2737 1435 2778 enim
1453 2749 1533 2778 vos
1553 2736 1657 2779 estis
1676 2736 1750 2789 qui
1767 2735 1905 2787 loqui·
1968 2749 1970 2751 ’
