2040 2990
647 218 847 252 Dominicu
873 219 933 251 IV.
960 224 1047 261 post
1072 220 1338 263 Epiphaniam..

1773 218 1844 254 301

146 317 244 355 tura
265 327 353 356 non
375 314 543 364 volens,
569 314 648 356 sed
665 319 847 367 propter
872 327 969 356 eum

148 370 222 422 qui
253 370 435 422 subjecit
468 383 563 412 eam
593 371 637 412 in
667 384 763 424 spe:
799 371 900 423 quia
927 375 970 412 et

145 426 241 479 ipsa
273 430 473 469 creatura
504 427 760 469 liberabitur
787 441 812 468 a
840 427 969 469 servi-

145 486 239 524 tute
282 484 594 537 corruptionis,
636 485 680 525 in
720 484 969 526 libertatem

145 539 297 589 gloriae
312 540 502 582 filiorum
516 541 610 582 Dei.
634 541 831 582 Vanitati
847 541 968 593 quip-

145 608 202 648 pe
230 600 428 638 creatura
457 610 544 638 non
572 597 723 639 volens
751 596 968 638 subditur:

148 652 249 703 quia
271 652 419 703 homo,
446 654 519 706 qui
542 654 746 705 ingenitae
770 655 968 694 constan—

145 708 218 749 tiae
234 714 395 751 statum
408 710 559 752 volens
575 710 776 759 deseruit,
790 723 968 762 pressus

145 765 270 816 justae
289 766 567 809 mortalitatis
584 766 796 819 pondere,
816 766 968 807 nolens

145 821 447 864 mutabilitatis
471 836 562 865 suae
587 823 859 876 corruptioni
881 836 967 864 ser-

145 878 218 919 vit.
244 878 332 920 Sed
347 884 546 921 creatura
561 880 656 921 haec
670 885 773 921 tunc
793 892 818 920 a
837 880 967 921 servi-

143 938 237 976 tute
259 936 551 988 corruptionis
571 936 769 989 eripitur,
794 949 892 977 cum
912 935 967 977 ad

143 990 332 1032 filiorum
367 992 452 1034 Dei
489 992 673 1044 gloriam
711 993 967 1044 incorrupta

143 1047 411 1099 resurgendo
431 1048 697 1090 sublevatur.

191 1104 242 1155 R.
288 1104 478 1156 Diligam
518 1110 562 1147 te
603 1106 790 1147 Domine
828 1106 966 1147 virtus

1240 318 1288 356 In
1310 319 1380 357 III.
1403 319 1623 359 Nocturno.

1023 375 1173 417 Lectio
1201 378 1338 418 sancti
1361 377 1583 427 Evangelii
1607 375 1844 418 secandum

1300 433 1566 475 Matthaeum.

1123 498 1273 538 Lectio
1294 499 1361 537 xvii.
1535 503 1636 553 Cap.
1653 506 1688 541 8.
1706 517 1738 542 c.

1020 551 1096 658 In
1115 557 1191 599 illo
1210 561 1423 611 tempore:
1444 559 1721 600 Ascendente
1740 559 1763 598 J
1767 571 1843 600 esu

1090 614 1134 654 in
1160 615 1423 662 naviculam,
1453 616 1589 657 secuti
1619 621 1718 656 sunt
1746 628 1843 656 eum

1021 668 1224 723 discipuli
1254 673 1360 723 ejus:
1392 677 1435 713 et
1463 685 1565 713 ecce
1589 676 1733 712 motus
1757 684 1842 711 ma-

1019 739 1130 777 gnus
1149 727 1289 768 factus
1308 733 1374 769 est
1393 729 1435 768 in
1453 729 1572 778 mari,
1593 729 1652 769 ita
1667 734 1714 769 ut
1728 730 1842 768 navi-

1020 782 1118 823 cula
1133 785 1376 836 operiretur
1392 785 1610 826 fluctibus:
1630 785 1723 836 ipse
1738 796 1842 825 vero

1021 838 1278 882 dormiebat.
1304 841 1362 882 Et
1380 841 1556 893 reliqua.

1110 915 1301 956 Homilia
1331 915 1470 956 sancti
1496 914 1751 966 Hieronymi

1302 971 1563 1023 Presbyteri.

1088 1034 1167 1067 Lib.
1196 1034 1220 1067 1.
1248 1035 1390 1067 (lomm.
1418 1035 1452 1067 in
1480 1045 1559 1077 cap.
1585 1038 1616 1067 δ’.
1644 1035 1770 1068 Mmtli.

1028 1093 1057 1116 Ψ
1097 1136 1103 1141 .
1124 1089 1311 1130 uintum
1333 1089 1503 1139 signum
1523 1089 1641 1138 fecit,
1667 1087 1841 1141 quando

1160 1145 1400 1187 ascendens
1415 1158 1570 1187 navem
1586 1145 1640 1186 de
1654 1144 1841 1197 Caphar-

142 1173 258 1202 mea:
288 1160 503 1203 Dominus
533 1161 854 1204 firmamentum
879 1175 965 1204 me·
1021 1183 1022 1196 2

143 1230 226 1267 um,
243 1217 266 1240 *
287 1218 344 1259 Et
363 1218 577 1270 refugium
595 1232 750 1260 meum.
773 1213 822 1264 Y
842 1219 965 1261 Libe·
1029 1212 1032 1217 “

142 1275 263 1315 rator
293 1287 437 1325 meus,
468 1276 588 1316 Deus
619 1288 762 1325 meus,
795 1275 966 1327 adjutor

142 1342 275 1372 meus.
302 1331 361 1372 Et
378 1331 602 1382 refugium.

441 1387 591 1428 Lectio
612 1387 663 1427 vi.

140 1436 277 1543 Hic
297 1446 444 1496 itaque
467 1445 593 1487 electi
610 1445 812 1487 molestia
831 1446 966 1487 vincti

251 1505 366 1550 sunt,
387 1501 489 1553 quia
507 1501 650 1543 adhuc
670 1502 965 1555 corruptionis

142 1568 234 1597 suae
258 1569 391 1609 poena
417 1557 735 1610 deprimuntur:
762 1559 841 1600 sed
867 1572 965 1600 cum

141 1612 415 1665 corruptibili
440 1626 571 1656 carne
599 1615 813 1665 exuimur,
842 1616 966 1667 quasi

141 1668 197 1710 ab
226 1668 313 1719 his,
345 1669 500 1722 quibus
532 1684 646 1712 nunc
677 1672 964 1722 astringimur,

140 1724 353 1767 molestiae
368 1726 550 1768 vinculis
567 1727 824 1769 relaxamur.
851 1729 964 1769 Prae-

141 1782 304 1824 sentari
327 1795 515 1835 namque
533 1784 616 1834 jam
635 1785 732 1826 Deo
755 1785 963 1837 cupimus,

141 1838 221 1880 sed
243 1838 386 1880 adhuc
410 1840 609 1881 mortalis
635 1841 832 1893 corporis
858 1840 964 1882 obli-

141 1895 315 1945 gatione
354 1896 661 1948 praepedimur.
719 1896 822 1938 Jure
859 1909 962 1947 ergo

141 1951 275 1993 vincti
300 1951 501 2002 dicimur,
532 1953 633 2005 quia
659 1952 802 1994 adhuc
827 1953 963 1993 inces-

140 2019 238 2049 sum
255 2009 394 2050 nostri
410 2008 615 2050 desiderii
634 2008 691 2050 ad
704 2009 847 2050 Deum
860 2008 963 2050 libe-

141 2075 239 2105 rum
251 2077 339 2106 non
353 2064 572 2106 habemus.
591 2064 718 2107 Unde
733 2064 845 2106 bene
855 2065 962 2105 Pau-

141 2119 223 2170 lus,
247 2123 412 2163 aeterna
430 2121 698 2170 desiderans,
722 2120 800 2162 sed
818 2126 963 2162 tamen

143 2176 284 2218 adhuc
309 2178 602 2230 corruptionis
630 2191 720 2219 suae
749 2178 962 2218 sarcinam

141 2239 331 2285 portans,
345 2234 516 2276 vinctus
532 2234 704 2276 elamat:
722 2234 862 2286 Cupio
878 2233 962 2274 dis-

141 2289 263 2339 solvi,
278 2295 322 2331 et
336 2303 433 2332 esse
449 2304 547 2332 cum
562 2291 748 2332 Christo.
768 2289 962 2330 Dissolvi

143 2346 255 2386 enim
273 2359 361 2388 non
381 2349 607 2399 quaereret,
626 2347 707 2388 nisi
726 2359 772 2388 se
791 2345 961 2398 procul-

141 2400 277 2444 dubio
296 2403 488 2444 vinctum
507 2403 686 2444 videret.

195 2458 245 2509 Rs.
260 2458 434 2500 Domini
449 2464 515 2501 est
529 2464 654 2508 terra,
675 2464 718 2501 et
735 2458 960 2512 plenitudo

143 2514 248 2564 ejus:
271 2514 294 2538 *
312 2514 441 2557 Orbis
459 2517 691 2565 terrarum,
711 2521 755 2557 et
773 2515 962 2556 universi

144 2570 218 2621 qui
239 2570 438 2613 habitant
461 2573 505 2612 in
529 2584 592 2613 eo.
633 2567 680 2617 Y.
703 2573 804 2624 Ipse
830 2583 960 2623 super

142 2626 281 2666 maria
329 2626 524 2669 fundavit
570 2641 682 2675 eam,
736 2633 779 2669 et
830 2639 960 2679 super

142 2681 319 2722 flamina
350 2685 615 2736 praeparavit
645 2684 774 2725 illam.
820 2682 960 2724 Orbis.

147 2735 293 2778 Gloria
310 2738 440 2779 Patri.
469 2739 610 2782 Orbis.
988 2703 1004 2779 Ι

295 2880 359 2904 Pars
376 2880 509 2905 Hiemalis.

1070 1203 1135 1223 ²
1160 1215 1309 1252 naum,
1351 1202 1491 1243 ventis
1530 1202 1761 1254 imperavit
1799 1206 1842 1242 et

1018 1259 1137 1299 mari.
1178 1258 1372 1307 Sextum,
1398 1257 1572 1310 quando
1597 1259 1639 1298 in
1664 1258 1840 1308 regione

1020 1315 1342 1356 Gerasenorum
1354 1314 1475 1356 dedit
1488 1316 1752 1366 potestatem
1763 1313 1842 1355 dae-

1017 1371 1220 1413 monibus
1265 1371 1309 1411 in
1354 1383 1526 1423 porcos.
1588 1370 1840 1423 Septimum,

1019 1427 1195 1480 quando
1233 1427 1481 1479 ingrediens
1519 1426 1740 1468 civitatem
1773 1440 1839 1467 su-

1018 1497 1098 1533 am,
1115 1483 1403 1536 paralyticum
1418 1482 1658 1524 secundum
1673 1482 1841 1524 curavit

1017 1541 1061 1581 in
1088 1540 1261 1581 lectulo.
1302 1540 1473 1581 Primus
1497 1540 1611 1581 enim
1638 1539 1839 1591 paralyti-

1018 1610 1094 1638 cus
1114 1602 1180 1638 est
1198 1610 1307 1650 puer
1327 1596 1603 1638 centurionis.

1070 1660 1119 1699 R.
1137 1658 1210 1699 Ad
1228 1663 1272 1699 te
1286 1658 1474 1699 Domine
1490 1656 1631 1698 levavi
1651 1656 1839 1697 animam

1017 1726 1173 1755 meam:
1198 1718 1220 1741 *
1243 1715 1363 1755 Deus
1381 1726 1504 1755 meus
1526 1713 1570 1753 in
1589 1717 1632 1753 te
1653 1711 1839 1760 confido,

1018 1783 1104 1812 non
1115 1770 1380 1812 erubescam.
1400 1767 1447 1817 Υ.
1460 1768 1641 1811 Custodi
1653 1768 1839 1809 animam

1015 1839 1169 1876 meam,
1189 1831 1232 1867 et
1251 1827 1370 1878 eripe
1388 1838 1469 1866 me.
1495 1825 1616 1866 Deus
1635 1837 1768 1865 meus.

1302 1896 1451 1935 Lectio
1474 1895 1555 1935 viii.

1062 1965 1141 2004 pse
1164 1964 1269 1993 vero
1294 1950 1554 1992 dormiebat:
1581 1954 1623 1991 et
1646 1950 1837 1991 accesse-

1084 2013 1183 2049 runt
1212 2007 1268 2049 ad
1295 2020 1412 2056 eum,
1445 2012 1488 2048 et
1518 2005 1838 2047 suscitaverunt

1016 2077 1129 2114 eum,
1150 2063 1360 2105 dicentes:
1383 2063 1586 2111 Domine,
1607 2061 1727 2103 salva
1746 2074 1836 2102 nos.

1015 2121 1153 2172 Hujus
1172 2121 1283 2172 signi
1296 2125 1449 2172 typum
1462 2119 1506 2160 in
1520 2119 1544 2160 J
1547 2131 1631 2160 ona
1644 2118 1836 2169 legimus,

1017 2176 1190 2229 quando
1202 2177 1359 2218 ceteris
1370 2174 1726 2228 periclitantibus,
1741 2174 1836 2227 ipse

1016 2236 1197 2274 securus
1221 2237 1302 2282 est,
1327 2237 1371 2273 et
1390 2232 1566 2281 dormit,
1591 2235 1634 2272 et
1658 2230 1835 2271 suscita-

1015 2294 1101 2339 tur,
1121 2294 1165 2330 et
1179 2289 1363 2342 imperio
1380 2301 1432 2329 ac
1451 2289 1722 2329 sacramento
1739 2299 1842 2338 pas*

1014 2346 1148 2386 sionis
1159 2358 1250 2386 suae
1260 2345 1417 2387 liberat
1427 2344 1698 2385 suscitantes.
1712 2342 1835 2383 Tunc

1014 2415 1196 2453 surgens
1223 2401 1454 2454 imperavit
1481 2400 1622 2441 ventis
1647 2403 1691 2440 et
1715 2398 1834 2439 mari.

1013 2458 1080 2498 Ex
1102 2457 1187 2499 hoc
1210 2457 1310 2499 loco
1333 2456 1627 2507 intelligimus,
1651 2453 1771 2507 quod
1791 2467 1832 2495 o-

1012 2526 1136 2555 mnes
1149 2517 1360 2556 creaturae
1375 2512 1562 2554 sentiant
1573 2511 1832 2552 Creatorem.

1014 2571 1131 2620 Quas
1165 2571 1279 2611 enim
1309 2568 1570 2621 increpavit,
1604 2572 1647 2608 et
1677 2565 1832 2618 quibus

1012 2626 1261 2678 imperavit,
1303 2625 1493 2666 sentiunt
1532 2623 1832 2675 imperantem.

1001 2694 1099 2722 -non
1117 2684 1264 2723 errOre
1278 2681 1583 2722 haereticorum
1599 2678 1672 2730 qui
1688 2676 1832 2718 omnia

1012 2742 1168 2789 putant
1204 2737 1456 2785 animantia,
1494 2734 1572 2775 sed
1607 2733 1830 2783 majestate

1560 2862 1626 2896 20*
