2080 2990
686 212 842 246 Ordinis
866 212 1072 246 Servorum
1096 212 1137 246 B.
1162 213 1208 247 M.
1234 213 1277 247 V.
1785 215 1828 250 5*

135 309 192 351 ad
236 321 350 350 eum:
394 306 629 358 Ingredere
673 308 717 349 in
762 309 959 361 requiem

134 378 291 407 meam:
311 366 333 389 *
359 364 470 414 Quia
501 369 545 406 te
577 364 667 406 vidi
697 366 857 418 justum
889 379 957 408 co-

134 435 228 463 ram
276 434 346 464 me
398 434 452 463 ex
501 420 702 462 Omnibus
746 422 958 472 gentibus.

134 477 185 526 V.
217 479 307 521 Iste
335 482 403 519 est
432 477 506 532 qui
535 478 798 529 contempsit
825 479 959 520 vitam

133 534 300 584 mundi,
346 538 390 576 et
433 533 634 586 pervenit
670 533 726 575 ad
763 534 959 576 coelestia

135 604 278 643 regna.
306 590 427 641 Quia.
453 589 608 631 Gloria
625 590 907 641 Patri..Quia.

355 701 404 740 In
421 701 492 740 ΙΙΙ.
512 700 733 739 Nocturno.

136 778 289 820 Lectio
316 777 454 819 sancti
473 776 697 828 Evangelii
721 776 960 818 secundum

414 832 681 875 Matthaeum.

212 903 364 945 Lectio
386 903 452 943 vii.
651 903 751 954 Cap.
768 904 825 942 19.
842 902 879 943 d.

184 988 211 1015 n
236 974 312 1015 illo
338 975 553 1026 tempore:
580 973 703 1014 Dixit
721 974 878 1015 Petrus
904 974 959 1015 ad

216 1031 382 1073 Jesum:
436 1030 552 1071 Ecce
589 1042 670 1071 nos
707 1030 958 1082 reliquimus

136 1088 295 1138 omnia,
330 1092 374 1129 et
406 1087 545 1128 secuti
578 1100 726 1128 sumus
760 1092 821 1128 te:
855 1088 959 1140 quid

136 1156 240 1195 ergo
262 1143 345 1186 erit
362 1141 514 1186 nobis?
542 1143 598 1185 Et
617 1143 796 1196 reliqua.

224 1235 416 1276 Homilia
445 1235 583 1276 sancti
610 1235 869 1289 Hierenymi

416 1291 678 1344 Presbyteri.

278 1362 359 1396 Lib.
383 1361 413 1396 3.
438 1362 475 1395 in
500 1361 630 1395 Matth.
657 1371 738 1404 cap.
765 1362 814 1394 19.

139 1422 615 1484 }·;..<s·‘·,-J.÷.'}]1'311dlfidl'lcia³
643 1424 799 1465 Petrus
821 1424 958 1476 pisca-

163 1478 260 1530 W'}
282 1485 354 1521 tor
387 1485 496 1529 erat,
534 1479 656 1521 dives
688 1492 775 1521 non
803 1480 957 1528 fuerat,

139 1524 167 1556 Ἑλ
284 1535 406 1578 cibos
436 1549 567 1578 manu
597 1542 640 1578 et
670 1542 763 1578 arte
796 1538 958 1588 quaere-

134 1587 224 1630 bat:
263 1594 308 1630 et
338 1594 484 1630 tamen
516 1588 709 1641 lequitur
742 1589 957 1630 confiden-

133 1649 216 1694 ter,
249 1644 522 1697 Reliquimus
556 1646 711 1686 omnia.
769 1646 825 1687 Et
859 1645 959 1698 quia

134 1713 223 1742 non
274 1702 438 1743 sufficit
482 1708 652 1744 tantum
696 1702 959 1754 relinquere,

133 1758 269 1811 jungit
293 1758 414 1811 quod
438 1760 682 1812 perfectum
707 1764 788 1801 est:
815 1759 871 1800 Et
897 1771 959 1800 se-

135 1815 225 1856 cuti
240 1828 390 1857 sumus
404 1821 459 1858 te.
486 1816 687 1858 Fecimus
705 1815 824 1868 quod
842 1817 959 1866 jussi-

135 1871 208 1913 sti:
226 1871 332 1925 quid
345 1875 476 1924 igitur
491 1872 620 1915 nobis
633 1872 758 1914 dabis
769 1870 958 1924 praemii?

134 1928 159 1969 J
162 1940 262 1970 esus
282 1934 428 1972 autem
447 1929 557 1972 dixit
575 1930 673 1970 illis:
699 1930 840 1970 Amen
860 1927 958 1970 dico

134 1984 275 2027 vobis:
309 1986 428 2038 quod
461 1999 541 2028 vos
577 1987 650 2038 qui
683 1986 822 2027 secuti
855 1985 959 2026 estis

134 2055 214 2092 me,
242 2042 286 2083 in
304 2044 649 2094 regeneratiOne,
679 2055 777 2084 cum
797 2041 960 2083 sederit

133 2098 269 2140 Filius
296 2098 484 2141 hominis
511 2100 556 2140 in
585 2098 690 2141 sede
720 2098 959 2150 maiestatis

134 2167 243 2205 suae,
272 2155 482 2198 sedebitis
506 2162 550 2198 et
572 2169 652 2198 vos
675 2168 806 2208 super
831 2154 959 2196 sedes

136 2211 387 2263 duedecim,
437 2213 679 2264 iudicantes
726 2211 959 2253 duodecim

134 2268 274 2310 tribus
291 2269 438 2310 Israel.
474 2269 575 2311 Non
601 2268 726 2318 dixit,
755 2268 838 2318 Qui
863 2267 959 2308 reli-

136 2325 291 2377 quistis
311 2326 469 2368 omnia:
497 2326 582 2367 hoc
606 2325 720 2366 enim
744 2330 787 2366 et
808 2325 959 2365 Crates

134 2381 239 2422 fecit
261 2380 568 2436 philosophus,
597 2387 639 2424 et
662 2381 787 2422 multi
807 2380 879 2421 alii
899 2380 959 2421 di-

134 2438 262 2479 vitias
308 2441 680 2492 contempserunt:
729 2436 824 2485 sed,
875 2437 959 2486 Qui

135 2494 278 2536 secuti.
288 2495 392 2537 estis
407 2508 491 2538 me:
512 2493 633 2548 quod
647 2493 825 2547 proprie
840 2493 958 2545 Apo-

135 2550 350 2592 stolorum
369 2557 436 2593 est
455 2557 586 2604 atque
607 2549 886 2592 credentium.

186 2635 236 2687 R!-
264 2635 354 2676 Iste
383 2639 450 2676 est
479 2634 552 2686 qui
581 2638 681 2675 ante
703 2633 845 2673 Deum
872 2643 958 2671 ma-

134 2703 244 2740 gnas
271 2690 455 2732 virtutes
484 2692 693 2742 operatus
722 2693 804 2738 est,
831 2692 874 2728 et
904 2686 959 2728 de

135 2746 253 2787 omni
268 2745 401 2788 corde
416 2759 496 2788 suo
508 2745 702 2788 laudavit
711 2744 959 2786 Deminum:

1014 315 1035 339 *
1061 310 1162 362 Ipse
1190 310 1431 352 intercedat
1457 323 1538 363 pro
1567 311 1760 363 peccatis
1789 313 1831 352 ό-

1009 367 1173 407 mnium
1191 367 1466 419 populorum.
1496 367 1544 418 V.
1564 367 1680 409 Ecce
1698 366 1830 408 homo

1010 423 1102 464 sine
1145 423 1340 475 querela,
1386 436 1513 464 verus
1550 424 1632 465 Dei
1673 423 1831 473 cultor,

1011 479 1232 521 abstinens
1258 492 1304 520 se
1329 479 1383 521 ab
1408 481 1523 522 omni
1549 483 1682 533 opere
1705 480 1831 530 malo,

1011 541 1054 577 et
1090 538 1350 588 permanens
1387 537 1430 577 in
1466 537 1711 578 innocentia
1744 549 1831 577 sua.

1009 594 1112 645 Ipse
1130 591 1382 634 intercedat.

1296 687 1446 728 Lectio
1466 688 1550 728 viii.

1057 762 1085 789 n
1104 749 1446 801 regeneratione,
1467 761 1566 790 cum
1586 748 1747 790 sederit
1765 749 1831 789 Fi-

1070 806 1154 847 lius
1181 805 1367 846 heminis
1396 806 1439 846 in
1465 805 1570 847 sede
1593 805 1832 856 majestatis

1010 876 1101 904 suae
1131 862 1323 915 (quando
1352 868 1395 904 et
1421 863 1581 904 mertui
1609 862 1663 903 de
1689 874 1832 903 corru-

1009 920 1157 971 ptione
1177 923 1405 970 resurgent
1425 919 1692 971 incorrupti),
1713 918 1832 960 sede-

1009 976 1113 1018 bitis
1142 981 1185 1017 et
1213 988 1294 1017 vos
1321 977 1364 1016 in
1392 976 1513 1017 soliis
1541 975 1834 1027 judicantium,

1011 1032 1352 1074 condemnantes
1407 1031 1641 1074 duodecim
1694 1031 1834 1073 tribus

1009 1089 1162 1130 Israel:
1189 1090 1289 1140 quia
1306 1089 1432 1131 vobis
1452 1088 1747 1137 credentibus,
1773 1088 1834 1128 illi

1012 1145 1190 1187 credere
1215 1145 1459 1187 noluerunt.
1508 1145 1563 1186 Et
1591 1145 1731 1186 omnis
1761 1145 1835 1196 qui

1011 1203 1234 1254 reliquerit
1254 1202 1447 1252 domum,
1473 1201 1542 1243 vel
1561 1202 1733 1250 fratres,
1760 1206 1834 1242 aut

1010 1261 1200 1308 sorores,
1229 1264 1302 1300 aut
1327 1264 1512 1311 patrem,
1541 1262 1615 1299 aut
1639 1263 1833 1307 matrem,

1010 1320 1084 1356 aut
1111 1318 1309 1365 uxorem,
1343 1321 1416 1357 aut
1443 1315 1568 1365 filios,
1603 1320 1677 1356 aut
1705 1327 1833 1364 agros

1011 1378 1192 1425 propter
1216 1385 1375 1413 nomen
1398 1384 1557 1421 meum;
1584 1370 1834 1422 centuplum

1012 1429 1212 1482 accipiet,
1241 1434 1284 1470 et
1303 1429 1438 1470 vitam
1463 1430 1672 1469 aeternam
1695 1427 1832 1479 possi-

1011 1485 1140 1527 debit.
1177 1486 1321 1527 Locus
1345 1485 1427 1526 iste
1452 1498 1550 1526 cum
1573 1484 1646 1525 illa
1666 1485 1833 1525 senten-

1010 1543 1071 1583 tia
1086 1542 1296 1593 cengruit,
1316 1541 1359 1581 in
1379 1554 1463 1593 qua
1482 1540 1682 1582 Salvator
1697 1539 1833 1590 loqui-

1010 1604 1093 1640 tur:
1119 1599 1219 1640 Non
1243 1599 1341 1639 veni
1365 1610 1521 1651 pacem
1539 1599 1727 1644 mittere,
1754 1595 1834 1637 sed

1011 1655 1215 1707 gladium.
1250 1655 1364 1696 Veni
1391 1654 1505 1696 enim
1530 1655 1734 1705 separare
1760 1652 1833 1694 ho-

1011 1713 1171 1754 minem
1199 1725 1223 1753 a
1251 1718 1376 1765 patre
1405 1723 1502 1759 suo,
1532 1715 1574 1751 et
1601 1715 1785 1751 matrem
1810 1722 1833 1749 a

1012 1769 1110 1818 filia,
1138 1774 1181 1810 et
1206 1782 1359 1809 nurum
1385 1781 1410 1808 a
1435 1779 1578 1808 socru:
1607 1771 1650 1807 et
1674 1765 1834 1806 inimici

1011 1826 1197 1867 heminis
1225 1824 1455 1866 domestici
1482 1824 1582 1874 eius.
1620 1822 1703 1873 Qui
1728 1834 1832 1872 ergo

1011 1887 1194 1935 propter
1213 1881 1345 1922 fidem
1366 1879 1537 1928 Christi,
1559 1883 1602 1920 et
1621 1877 1831 1931 praedica-

1010 1941 1175 1981 tionem
1202 1937 1442 1988 Evangelii,
1471 1947 1622 1976 omnes
1651 1933 1832 1975 affectus

1012 1994 1367 2047 contempserint,
1412 2001 1543 2045 atque
1581 1990 1752 2033 divitias
1789 1995 1833 2031 et

1011 2051 1159 2093 saeculi
1187 2051 1453 2103 voluptates:
1483 2049 1555 2089 isti
1582 2046 1833 2099 centuplum

1011 2108 1233 2161 recipient,
1253 2112 1296 2148 et
1315 2106 1449 2148 vitam
1468 2106 1675 2147 aeternam
1693 2103 1832 2155 possi-

1011 2165 1185 2207 debunt.

1063 2235 1114 2286 R.
1130 2234 1225 2275 Sint
1239 2232 1375 2274 lumbi
1390 2231 1525 2273 vestri
1538 2228 1773 2283 praecincti,
1789 2233 1832 2269 et

1010 2291 1199 2332 lucernae
1233 2289 1437 2331 ardentes
1464 2288 1508 2328 in
1535 2285 1733 2328 manibus
1761 2296 1830 2325 ve-

1012 2347 1128 2388 stris:
1140 2350 1162 2373 *
1174 2346 1230 2387 Et
1244 2358 1323 2387 vos
1335 2345 1498 2386 similes
1512 2341 1758 2384 hominibus
1769 2353 1832 2382 ex-

1012 2402 1316 2457 spectantibus
1328 2401 1551 2444 dominum
1561 2411 1696 2447 suum,
1709 2409 1833 2448 quan-

1013 2460 1070 2502 do
1085 2461 1332 2501 revertatur
1347 2471 1372 2499 a
1386 2456 1561 2509 nuptiis.
1580 2452 1831 2504 V.Vigilate

1013 2529 1128 2567 ergo,
1145 2516 1246 2567 quia
1263 2514 1440 2556 nescitis
1459 2525 1543 2564 qua
1562 2511 1671 2552 hora
1685 2509 1830 2550 Demi-

1011 2586 1092 2613 nus
1109 2578 1254 2613 vester
1270 2573 1477 2612 venturus
1493 2569 1559 2609 sit.
1587 2568 1655 2608 Et.
1679 2564 1831 2608 Gloria

1010 2629 1141 2670 Patri.
1178 2628 1244 2669 Et.

1064 2695 1106 2729 In
1124 2694 1313 2735 Quadrag.
1331 2691 1462 2726 Lectio
1480 2691 1528 2724 ix.
1547 2691 1593 2724 dc
1610 2689 1778 2723 Homilia
1795 2693 1831 2722 et

1013 2752 1207 2777 commem.
1232 2741 1353 2775 Feriae
1379 2740 1414 2773 in
1438 2739 1554 2773 Laud.
