2040 2990
715 195 818 227 Furia
846 191 1011 225 >ezilinia
1041 190 1086 222 ad
1116 187 1348 221 Matutinum.

248 295 342 335 Fiat
382 288 680 332 misericordia
720 294 795 329 tua
830 285 1016 327 Domine

196 363 325 403 super
341 361 438 389 nos:
452 349 474 373 *
491 343 858 399 quemadmodum
871 343 1014 395 spera-

195 407 333 447 vimus
353 405 394 445 in
415 410 469 446 te.

462 473 653 512 l'salmus
674 474 736 508 :3:3.

274 538 497 581 enedicam
534 536 766 577 Dominum
812 534 853 573 in
900 532 1015 573 omni

287 599 504 648 tempore:
525 595 547 618 *
567 604 739 644 semper
754 590 848 631 laus
864 590 953 641 ejus
973 589 1014 629 in

195 666 271 695 ore
290 665 401 694 meo.

246 710 295 750 In
304 709 492 749 Domino
504 705 749 748 laudabitur
761 704 1016 745 animamea:

194 768 217 792 '⁸‘
237 765 414 807 audiant
433 762 655 811 mansueti,
675 767 718 803 et
737 761 947 802 laetentur.

246 825 520 876 Magnificate
535 823 770 864 Dominum
788 833 974 861 mecum:
993 819 1015 843 *

195 888 239 924 et
249 883 487 924 exaltemus
497 893 654 922 nomen
664 879 753 930 ejus
764 878 806 918 in
817 876 1016 929 idipsum.

248 943 469 996 Exquisivi
480 941 725 989 Dominum,
742 944 784 980 et
797 937 1016 980 exaudivit

195 1014 264 1042 me
275 1017 282 1040 :
292 1002 315 1026 *
327 1006 370 1041 et
385 1013 439 1041 ex
454 998 652 1040 omnibus
667 993 1017 1038 tribulationibus

195 1058 303 1099 meis
323 1056 481 1109 eripuit
499 1067 579 1096 me.

249 1113 457 1155 Accedite
494 1111 549 1153 ad
581 1124 698 1159 eum,
736 1114 778 1150 et
810 1107 1017 1149 illumina-

197 1170 316 1211 mini:
344 1171 367 1195 *
396 1175 439 1211 et
467 1169 598 1209 facies
618 1171 775 1208 vestrae
804 1178 890 1206 non
919 1177 1017 1205 con-

198 1226 439 1268 fundentur.

248 1284 337 1325 Iste
348 1294 514 1336 pauper
529 1280 741 1329 clamavit,
754 1285 796 1320 et
807 1278 1018 1319 Dominus

198 1339 418 1381 exaudivit
433 1352 546 1380 eum:
560 1338 583 1363 *
599 1343 642 1379 et
658 1336 712 1378 de
729 1335 928 1377 omnibus
948 1334 1018 1375 tri-

198 1395 488 1438 bulationibus
508 1395 598 1446 ejus
618 1393 802 1434 salvavit
821 1405 930 1433 eum.

248 1458 457 1498 Immittet
472 1454 665 1506 Angelus
683 1453 859 1494 Domini
879 1453 921 1492 in
942 1452 1019 1493 cir-

199 1514 316 1555 cuitu
334 1513 574 1555 timentium
599 1524 716 1552 eum:
743 1511 765 1535 *
795 1514 839 1551 et
866 1509 1021 1561 eripiet

199 1583 286 1613 eos.

251 1627 434 1668 Gustate
448 1630 491 1667 et
502 1625 645 1666 videte
661 1623 865 1676 quoniam
876 1622 1020 1663 suavis

200 1689 266 1725 est
279 1683 509 1724 Dominus:
528 1682 551 1706 *
571 1681 726 1722 beatus
741 1680 815 1729 vir,
837 1679 910 1731 qui
926 1691 1020 1731 spe-

201 1745 268 1781 rat
286 1740 327 1781 in
349 1753 413 1781 eo.
553 1769 558 1774 .

251 1797 420 1838 Timete
444 1796 677 1836 Dominum
702 1805 853 1835 omnes
882 1792 1021 1833 sancti

201 1854 307 1904 eius:
347 1854 370 1879 *
409 1852 611 1905 quoniam
647 1863 733 1891 non
772 1854 838 1890 est
874 1849 1021 1901 inopia

202 1908 450 1951 timentibus
470 1921 580 1950 eum.

252 1970 420 2011 Divites
449 1970 659 2020 eguerunt
688 1971 732 2009 et
759 1966 1021 2008 esurierunt:

201 2027 224 2052 *
244 2026 508 2078 inquirentes
524 2029 669 2066 autem
684 2022 917 2064 Dominum
934 2035 1021 2064 non

202 2083 446 2123 minuentur
466 2081 583 2123 omni
601 2080 730 2122 bono.

253 2143 412 2184 Venite
428 2142 513 2191 filii,
529 2140 676 2183 audite
686 2152 770 2182 me:
784 2140 806 2165 *
822 2140 1022 2182 timorem

203 2198 377 2240 Domini
397 2197 566 2240 docebo
587 2210 676 2238 vos.

255 2259 361 2310 Quis
382 2264 448 2300 est
466 2258 597 2299 homo
622 2257 694 2310 qui
719 2256 811 2298 vult
830 2257 980 2298 vitam:
999 2257 1022 2283 *

204 2314 342 2366 diligit
361 2314 453 2356 dies
472 2314 620 2356 videre
640 2312 806 2355 bonos?

254 2375 442 2417 Prohibe
462 2375 651 2425 linguam
666 2381 785 2415 tuam
805 2387 829 2414 a
847 2373 981 2414 malo:
999 2374 1022 2398 *

204 2437 248 2474 et
266 2431 380 2473 labia
398 2436 472 2473 tua
491 2444 545 2472 ne
564 2431 797 2483 loquantur
817 2429 976 2471 dolum.

256 2492 434 2533 Diverte
458 2504 483 2532 a
501 2490 632 2540 malo,
653 2496 696 2532 et
715 2490 782 2531 fac
800 2490 982 2531 bonum:
1001 2491 1023 2515 *

204 2548 372 2601 inquire
392 2560 556 2600 pacem,
577 2552 619 2588 et
634 2548 898 2599 persequere
918 2559 1023 2587 eam.

257 2608 381 2650 Oculi
406 2607 580 2649 Domini
601 2620 731 2659 super
756 2607 910 2657 justos:
934 2607 956 2631 *
982 2612 1023 2648 et

205 2678 330 2707 aures
351 2677 440 2715 ejus
460 2677 502 2704 1n
520 2676 673 2716 preces
694 2665 855 2704 eorum.

255 2721 413 2763 Vultus
439 2725 581 2761 autem
608 2719 783 2760 Demini
811 2732 941 2771 super
966 2720 1022 2761 fa-

1069 284 1232 325 cientes
1251 281 1384 322 mala:
1407 281 1430 305 *
1455 284 1503 320 ut
1527 276 1685 331 perdat
1704 275 1760 318 de
1777 282 1896 318 terra

1069 338 1323 380 memoriam
1343 338 1506 378 eorum.

1121 395 1428 436 Clamaverunt
1456 392 1575 445 justi,
1611 396 1655 434 et
1681 389 1896 432 Dominus

1070 451 1290 494 exaudivit
1310 463 1405 492 eos:
1425 450 1447 475 *
1469 454 1513 490 et
1533 461 1587 490 ex
1602 447 1803 489 omnibus
1823 445 1896 487 tri·

1069 507 1364 550 bulationibus
1387 508 1539 548 eorum
1557 504 1760 546 liberavit
1780 515 1868 545 eos.

1120 566 1251 606 Juxta
1271 569 1337 605 est
1352 562 1568 604 Dominus
1587 561 1650 612 iis,
1671 561 1745 614 qui
1763 559 1896 602 tribu—

1069 622 1158 663 lato
1175 626 1275 662 sunt
1291 619 1425 662 corde
1437 635 1445 659 :
1455 620 1478 645 *
1490 623 1533 660 et
1543 617 1730 660 humiles
1741 616 1897 670 spiritu

1069 677 1265 719 salvabit.

1120 734 1271 776 Multae
1290 732 1597 775 tribulationes
1616 731 1849 783 justorum:
1872 728 1896 754 *

1070 797 1112 833 et
1127 792 1181 833 de
1198 789 1399 832 omnibus
1414 788 1481 830 his
1496 787 1702 830 liberabit
1717 799 1794 828 eos
1808 785 1897 827 Do-

1068 849 1221 889 minus.

1123 903 1325 946 Custodit
1356 902 1572 944 Dominus
1610 901 1756 942 omnia
1796 911 1898 942 ossa

1071 964 1240 1003 eorum:
1268 962 1291 986 *
1319 973 1453 1001 unum
1477 972 1532 1001 ex
1555 958 1622 999 his
1641 970 1731 999 non
1750 961 1897 998 conte-

1071 1020 1200 1059 retur.

1122 1076 1242 1116 Mors
1262 1074 1546 1127 peccatorum
1566 1071 1775 1125 pessima:
1802 1070 1826 1096 *
1855 1074 1899 1110 et

1073 1133 1145 1184 qui
1165 1131 1353 1173 oderunt
1372 1131 1542 1182 justum,
1563 1127 1828 1180 delinquent.

1124 1188 1327 1230 Redimet
1359 1186 1574 1227 Dominus
1612 1185 1778 1226 animas
1813 1195 1899 1224 ser·

1072 1248 1226 1287 vorum
1241 1247 1437 1286 suorum:
1453 1244 1475 1269 *
1488 1247 1532 1284 et
1545 1254 1634 1284 non
1645 1241 1901 1293 delinquent

1073 1316 1224 1344 omnes
1246 1301 1319 1354 qui
1339 1304 1519 1354 sperant
1537 1299 1581 1340 in
1601 1311 1666 1340 eo.

1123 1359 1220 1398 Ant.
1250 1360 1415 1399 Rectos
1436 1356 1565 1399 decet
1584 1353 1861 1398 collaudatio.

1123 1417 1220 1455 Ant.
1252 1416 1479 1467 Expugna.

1332 1474 1534 1515 Psalmus
1555 1474 1620 1513 34.

1066 1527 1265 1633 Judica
1297 1532 1486 1574 Domine
1518 1531 1728 1572 nocentes
1761 1541 1849 1578 me,
1877 1527 1901 1553 *

1160 1592 1363 1641 expugna
1380 1589 1688 1641 impugnantes
1707 1597 1788 1626 me.

1126 1644 1423 1698 Apprehende
1451 1656 1572 1686 arma
1592 1648 1636 1685 et
1663 1646 1854 1684 scutum:
1878 1641 1901 1666 *

1074 1708 1117 1744 et
1136 1706 1322 1753 exsurge
1340 1703 1384 1743 in
1403 1700 1667 1753 adjutorium
1684 1698 1800 1740 mihi.

1124 1758 1311 1800 Effunde
1345 1759 1574 1807 frameam,
1609 1761 1654 1798 et
1685 1754 1900 1797 conclude

1074 1815 1283 1857 adversus
1298 1828 1386 1865 eos,
1399 1815 1473 1868 qui
1483 1815 1806 1868 persequuntur
1815 1823 1901 1853 me:

1073 1873 1096 1897 *
1124 1872 1194 1914 dic
1218 1873 1374 1914 animae
1401 1884 1531 1913 meae:
1559 1869 1685 1912 Salus
1712 1873 1789 1910 tua
1816 1880 1900 1919 ego

1075 1942 1180 1970 sum.

1127 1984 1458 2027 Confundantur
1486 1989 1530 2027 et
1553 1984 1853 2031 revereantur,
1876 1980 1901 2007 *

1075 2043 1321 2095 quaerentes
1342 2042 1529 2083 animam
1546 2053 1700 2082 meam.

1126 2098 1395 2140 Avertantur
1428 2099 1690 2146 retrorsum,
1723 2099 1767 2137 et
1801 2107 1901 2136 con-

1074 2154 1311 2197 fundantur
1334 2155 1357 2180 *
1383 2154 1626 2205 cogitantes
1653 2151 1758 2194 mihi
1776 2150 1902 2193 mala.

1125 2211 1253 2253 Fiant
1280 2216 1505 2264 tamquam
1533 2210 1677 2264 pulvis
1709 2213 1810 2251 ante
1844 2208 1902 2249 fa-

1075 2269 1185 2310 ciem
1214 2268 1350 2309 venti:
1377 2270 1401 2294 *
1430 2274 1474 2310 et
1501 2267 1698 2319 Angelus
1724 2264 1903 2307 Domini

1075 2327 1305 2367 coarctans
1326 2337 1414 2366 eos.

1127 2382 1224 2422 Fiat
1242 2381 1311 2422 via
1335 2381 1508 2423 illorum
1532 2380 1728 2423 tenebrae
1747 2383 1792 2421 et
1810 2376 1901 2420 lub-

1076 2437 1231 2479 ricum:
1257 2438 1280 2462 *
1309 2442 1353 2479 et
1381 2438 1576 2489 Angelus
1603 2435 1781 2479 Domini
1806 2436 1902 2488 per·

1076 2507 1264 2547 sequens
1284 2506 1371 2535 eos.

1128 2550 1342 2601 Quoniam
1392 2550 1527 2601 gratis
1577 2547 1903 2592 absconderunt

1076 2607 1179 2648 mihi
1212 2607 1433 2648 interitum
1470 2606 1617 2659 laquei
1649 2604 1734 2648 sui:
1771 2605 1794 2631 *
1835 2617 1902 2646 su-

1076 2664 1293 2716 pervacue
1313 2662 1692 2715 exprobraverunt
1713 2661 1901 2703 animam

1076 2732 1228 2761 meam.
