2080 2990
229 249 329 294 [304]

657 251 853 284 Orationis
880 251 922 283 Ι).
949 250 992 283 N.
1019 251 1051 283 J.
1079 251 1117 283 C.
1145 250 1180 283 in
1208 249 1335 282 Monte
1362 248 1514 283 oliveti.

230 358 343 397 opus
368 345 589 395 fuerit,.ut
608 345 808 386 Italicam
828 346 1061 387 Excalcea-

229 403 374 442 terum
400 400 584 442 fratrum
609 401 819 442 familiam
844 401 1061 443 constabi-

229 457 339 498 liret.
384 456 536 498 Rebus
568 457 845 510 compesitiS,
878 470 931 499 eo
964 469 1062 499 sese

228 517 371 554 totum
390 513 622 562 convertit,
641 519 690 555 ut
709 513 873 565 duplex
891 513 964 554 ille
983 514 1061 554 Pe-

229 569 285 610 tri
313 568 368 610 de
396 568 634 611 Alcantara
667 569 1062 621 contemplationis,

231 628 275 665 et
301 625 575 676 poenitentiae
605 626 786 678 spiritus
814 625 925 666 altas
950 625 1063 665 inter

230 693 335 721 suos
355 679 527 721 radices
551 683 717 731 ageret,
745 693 858 733 quos
882 680 1062 733 praecla-

230 736 411 777 rissimis
447 736 659 779 virtatum
697 737 908 789 exemplis
945 741 1063 777 ante-

229 792 333 841 ibat,
352 792 596 834 humilitate
610 793 819 845 inprimis,
834 791 1063 844 rigidaque

231 848 476 889 claustralis
488 847 731 901 disciplinae
740 849 951 890 custadia.
961 848 1064 889 Pau·

231 906 420 956 pertate,
449 909 494 945 et
522 905 787 946 abstinentia
813 904 967 946 enituit
989 904 1062 945 ad-

231 959 430 1001 mirabili.
471 960 656 1001 Unicum
688 960 746 1002 ad
776 960 940 1002 nudam
972 973 1063 1001 car-

230 1028 330 1057 nem
359 1018 585 1066 sexaginta
614 1018 803 1068 quatuor
835 1017 958 1057 annis
989 1016 1063 1057 ha-

230 1071 370 1113 bitum
385 1071 595 1122 adhibuit,
610 1086 777 1125 perque
792 1073 944 1124 viginti
961 1075 1062 1125 qua-

229 1133 331 1169 tuor
353 1140 507 1178 annos,
532 1129 779 1181 priscerum
797 1129 1062 1171 Eremicola-

231 1196 327 1224 rum
346 1184 442 1234 ritu,
461 1197 575 1236 pane
594 1190 764 1227 tantum
784 1199 835 1227 ac
850 1185 1063 1226 fructibus

230 1239 464 1289 victitavit,
508 1239 629 1292 quod
665 1241 799 1283 edulii
835 1254 973 1292 genus
1010 1254 1064 1282 ex

231 1294 482 1337 obedientia
509 1296 553 1336 in
580 1299 846 1338 nauseosum
872 1310 1063 1339 commu-

231 1351 341 1392 tavit
374 1351 599 1393 ferculum.
639 1352 847 1404 Flagellis
879 1354 1064 1406 asperri-

231 1407 332 1457 mis,
358 1407 527 1458 ciliciis,
553 1413 597 1449 et
615 1421 743 1450 cruce
762 1409 905 1451 ferrea
924 1410 1064 1450 acutis

231 1463 445 1504 instructa
473 1463 713 1515 claviculis,
746 1478 908 1518 corpus
937 1478 1064 1507 suum

233 1517 480 1561 dilaniabat.
516 1520 632 1561 Illud
661 1521 793 1562 etiam
821 1521 877 1563 de
905 1534 958 1562 eo
983 1521 1063 1563 fer-

231 1579 318 1623 tur,
348 1574 467 1625 quod
491 1575 780 1617 creberrimas
803 1577 916 1619 inter
941 1579 1065 1618 oran-

234 1629 338 1670 dum
365 1632 539 1672 extases
562 1645 719 1683 passus
744 1637 827 1683 est,
857 1633 1065 1685 quodque

233 1684 443 1737 raptibus,
454 1687 699 1739 prophetia,
709 1688 941 1738 miraculis,
953 1689 1065 1729 aliis-

234 1754 318 1791 que
365 1741 614 1793 hujusmodi
659 1744 1066 1796 supernaturalibus

234 1795 362 1837 donis
397 1798 549 1839 vivens
585 1799 800 1842 claruerit.
862 1801 1066 1853 Denique

234 1852 330 1893 zelo
363 1854 603 1895 animarum
635 1855 913 1908 absumptus,
946 1862 1066 1898 octo-

233 1909 451 1959 genarius,
480 1910 758 1963 apoplectico
786 1912 944 1954 morbo
972 1926 1065 1954 cor-

235 1966 403 2016 reptus,
448 1967 580 2008 tertio
615 1967 769 2008 Nonas
806 1969 987 2010 Martias
1022 1970 1066 2009 in

235 2020 386 2061 osculo
412 2021 589 2062 Demini
615 2022 884 2065 obdormivit
910 2025 954 2064 in
978 2037 1064 2066 coe-

235 2075 367 2116 nobio
396 2083 558 2119 sanctae
581 2078 732 2120 Luciae
753 2079 917 2121 Montis
944 2080 1066 2122 urbis

234 2130 447 2183 Neapolis
463 2145 576 2174 anno
593 2135 983 2187 septingentesimo
1002 2138 1067 2178 tri-

233 2186 400 2235 gesimo
430 2194 586 2239 quarto
614 2203 749 2243 supra
776 2191 1065 2233 millesimum.

233 2241 450 2284 Eumdem
460 2244 585 2285 novis
599 2246 822 2287 miraculis
834 2250 1064 2289 coruscan-

234 2301 334 2347 tem,
362 2311 476 2340 anno
504 2299 560 2341 ab
587 2300 702 2341 illius
730 2301 916 2344 decessu
945 2304 1064 2355 quin-

236 2355 492 2405 quagesimo
512 2361 650 2406 sexto,
669 2357 771 2398 Pius
788 2364 938 2400 sextus
952 2360 1064 2401 Pen-

234 2408 342 2450 tifex
367 2410 585 2452 Maximus
612 2411 844 2454 beatorum
871 2415 973 2457 albo
1001 2428 1064 2457 re-

235 2465 418 2506 censuit:
450 2471 494 2507 et
527 2467 769 2518 Gregorius
797 2469 919 2522 Papa
951 2470 1064 2512 deci-

235 2532 331 2560 mus
351 2527 501 2562 sextus
521 2522 707 2563 solemni
730 2524 815 2565 ritu
835 2525 1065 2567 Dominica

234 2575 530 2618 Sanctissimae
545 2578 775 2620 Trinitatis
795 2592 908 2621 anno
929 2582 1063 2623 mille-

235 2631 346 2672 simo
366 2633 728 2683 octingentesimo
747 2635 971 2686 trigesimo
990 2651 1064 2679 no-

235 2699 291 2726 no
310 2687 570 2729 Sancterum
590 2690 712 2731 fastis
731 2691 978 2744 adscripsit.

293 2742 341 2791 R.
363 2743 453 2784 Iste
473 2743 617 2786 homo.
637 2745 716 2797 [72]

1169 346 1210 378 In
1237 344 1299 378 111.
1323 344 1522 378 Nocturno
1548 343 1719 377 Homilia
1744 343 1782 378 in
1800 343 1946 385 Evang.

1117 393 1241 428 Nolite
1261 393 1406 428 timere.
1436 392 1482 426 dc
1506 392 1670 425 Comuni
1699 391 1731 425 2.
1751 391 1850 426 loco.
1874 391 1946 436 [79]

1119 442 1217 474 Lect.
1245 442 1292 474 ix:
1324 446 1358 474 ct
1389 451 1585 474 commem.
1612 439 1734 472 Fcriae
1764 439 1801 472 in
1828 439 1946 472 Laud.

1337 529 1498 566 Feria
1533 502 1727 566 Ter'tia

1222 586 1327 634 post
1344 581 1622 623 Dominicam
1640 581 1845 634 Septuag.

1116 648 1370 690 Orationis
1398 649 1452 690 D.
1479 650 1533 690 N.
1557 650 1600 690 J.
1625 649 1671 690 C.
1699 647 1754 688 in
1776 647 1948 688 Monte

1434 705 1629 747 Oliveti.

1374 767 1529 810 Duplex
1554 766 1687 808 majus.

1339 839 1401 879 In
1417 839 1453 879 Ι.
1473 838 1724 890 vesperis.

1169 899 1257 933 Ant.
1284 903 1320 933 et
1338 898 1461 942 Capit.
1489 898 1535 933 dc
1552 898 1672 932 Laud.
1701 899 1804 944 [312],
1823 897 1884 931 Ps.
1907 901 1949 932 ut

1119 944 1156 978 in
1180 945 1206 978 Ι.
1232 946 1348 989 Υοερ.
1376 947 1423 981 dc
1449 947 1654 981 Communi
1678 947 1814 989 Apost.
1837 947 1886 991 [2]

1430 1008 1641 1058 Hymnus.

1118 1068 1317 1174 Aspice
1349 1077 1398 1114 ut
1422 1073 1622 1142 Verbum
1648 1074 1792 1116 Patris
1824 1086 1851 1115 a
1882 1086 1950 1115 su-

1168 1182 1375 1235 Sedibus,
1404 1143 1596 1228 efecssffs
1625 1191 1669 1228 et
1697 1188 1847 1228 amore
1874 1186 1948 1227 fla-

1168 1296 1359 1339 Perditis
1380 1256 1689 1352 euissssngsknitis
1706 1297 1875 1341 mederi

1272 1353 1421 1405 Pergit
1439 1355 1613 1398 Adami.

1120 1421 1331 1464 Flebilem
1357 1425 1508 1467 mundi
1534 1428 1747 1467 miserans
1771 1426 1952 1475 ruinam,

1169 1478 1226 1519 Et
1251 1480 1406 1522 volens
1433 1486 1611 1524 nostros
1642 1483 1850 1535 reparare
1883 1493 1950 1522 ca-

1429 1551 1505 1579 sus

1170 1592 1294 1642 Orat,
1324 1598 1368 1635 et
1390 1571 1532 1646 prona
1549 1594 1722 1636 veniam
1743 1596 1951 1647 precatur

1271 1649 1437 1691 Fronte
1455 1653 1675 1701 magister.

1124 1717 1326 1759 Fluctuat
1365 1731 1516 1760 secum
1557 1725 1626 1762 tot
1665 1719 1825 1762 acerba
1859 1719 1950 1761 vol-

1170 1830 1315 1882 Hunc,
1344 1831 1406 1873 ait
1430 1788 1637 1897 gggz'oex,
1665 1831 1850 1874 calicem
1874 1831 1950 1874 do-

1169 1941 1230 1982 Mi
1253 1942 1403 1993 Pater,
1429 1887 1635 1995 lffffigfen
1666 1949 1743 1987 tua
1769 1943 1851 1986 sed
1874 1957 1949 1987 vo-

1429 1999 1586 2051 luntas,

1273 2054 1375 2096 Non
1394 2069 1493 2097 mea
1511 2057 1599 2098 fiat.

1122 2125 1230 2164 Cum
1248 2129 1421 2174 premat
1439 2125 1576 2189 tristis
1595 2137 1734 2178 pavor
1750 2125 1839 2167 ima
1856 2138 1950 2167 cor-

1168 2234 1331 2276 Deficit
1362 2179 1574 2287 langlfens
1604 2237 1837 2287 Deminus3
1868 2250 1949 2290 per

1168 2347 1400 2397 sanguinis
1420 2297 1557 2413 sid-‹tibi-
1575 2349 1683 2399 fluit,
1702 2354 1835 2401 atque
1853 2354 1946 2401 gut-

1272 2459 1411 2501 Terra
1428 2408 1653 2502 {gadescit

1123 2531 1177 2568 At
1197 2527 1314 2568 celer
1332 2541 1502 2569 summo
1522 2529 1702 2570 veniens
1723 2529 1913 2582 015'1mpo

1168 2583 1363 2634 Angelus
1401 2584 1426 2624 J
1429 2596 1551 2625 esum
1595 2587 1765 2626 recreat
1809 2587 1948 2637 jacen-

1169 2695 1358 2747 Cerpori
1378 2645 1716 2746 viigsimr'edeunn
1740 2698 1948 2749 noveque

1271 2750 1450 2792 Rebore
1471 2752 1621 2802 surgit.
