2080 2990
399 248 470 281 Die
495 249 524 281 ἴ).
552 248 659 282 Fcbr.
706 249 762 282 Ss.
789 249 933 290 Viginti
959 259 1027 282 sex
1055 248 1262 291 Martyrum
1287 249 1577 291 „Iuponcnsiunr

134 339 319 391 jejuniis,
354 339 531 389 vigiliis,
570 339 774 391 precibus
806 339 962 389 iugiter

134 394 353 444 instando,
381 400 513 445 atque
541 396 778 444 egenorum
805 399 849 435 et
873 394 960 434 lan-

134 451 360 500 guentium
387 450 593 490 aerumnis
625 450 736 490 miro
766 450 960 490 caritatis

134 504 292 546 ardore
311 504 621 554 subveniendo,
642 510 685 545 et
699 504 851 545 fideles
866 505 959 556 plu-

133 561 268 602 rimos
295 562 339 601 in
365 561 436 602 via
460 561 612 601 salutis
638 561 959 609 confirmarunt,

135 621 179 657 et
195 617 359 658 Gentes
373 617 622 657 innumeras
640 615 884 667 perduxere
904 616 959 657 ad

133 670 277 712 fidem.
331 672 427 721 Qua
459 670 515 712 de
547 683 595 712 re
625 671 816 720 graviter
844 684 958 712 com-

133 727 241 768 moti
267 727 460 767 inanium
484 726 667 767 deorum
695 726 959 775 sacerdotes,

132 782 444 834 imperatorem
498 782 776 830 conveniunt,
832 784 959 833 eique

132 836 401 889 persuadent
432 837 662 889 imperium
695 837 769 877 diu
797 837 958 877 incolu-

131 905 201 933 me
234 905 322 933 non
354 892 562 941 futurum,
600 892 644 932 ni
677 892 959 933 christianam

131 947 387 998 religionem
421 947 614 999 undique
646 948 902 997 gliscentem
934 961 958 988 a

133 1003 222 1043 suis
241 1003 400 1044 finibus
414 1003 759 1055 propulsandam
775 1006 959 1044 curaret.

131 1059 260 1099 Vano
286 1058 362 1099 illo
386 1059 544 1099 timore
568 1059 798 1110 perculsus
825 1059 958 1110 impe-

131 1116 261 1163 rator,
281 1114 428 1155 statim
447 1114 570 1165 jussit
591 1114 821 1164 religiosos
841 1115 958 1154 viros

130 1173 355 1220 tamquam
378 1170 617 1220 majestatis
641 1182 741 1210 reos
761 1169 957 1218 detineri,

131 1223 328 1276 dixitque
353 1225 397 1264 in
423 1237 500 1266 eos
527 1225 787 1266 sententiam
807 1225 958 1265 crucis.

130 1281 297 1321 Praeter
315 1281 493 1321 Petrum
508 1281 754 1333 Baptistam
774 1286 818 1321 et
837 1281 957 1331 quin-

133 1348 217 1387 que
233 1336 377 1376 socios
394 1336 699 1388 comprehensi
715 1336 835 1376 fuere
849 1336 957 1376 Pau-

128 1391 196 1432 lus
220 1391 330 1431 Miki
355 1405 454 1432 cum
480 1390 654 1432 duobus
678 1392 809 1432 sociis
828 1392 956 1444 Japo—

129 1447 336 1488 nensibus
375 1459 429 1487 ex
465 1447 683 1488 Societate
720 1447 840 1496 Jesu,
876 1460 957 1488 nec

128 1515 216 1542 non
233 1503 438 1543 Tertiarii
460 1501 709 1554 quindecim
729 1515 782 1543 ex
801 1502 957 1543 eodem

130 1557 283 1599 ordine
302 1558 519 1598 Minorum
538 1558 562 1598 J
565 1560 825 1610 aponenses‚
851 1570 955 1609 quo-

128 1626 225 1654 rum
244 1613 316 1653 alii
335 1612 617 1662 catechismo,
648 1614 721 1654 alii
739 1614 876 1654 sacris
896 1613 955 1654 of-

127 1669 239 1709 ficiis
267 1668 579 1718 inserviebant,
613 1669 771 1720 quibus
798 1668 886 1710 duo
912 1670 956 1708 in

127 1724 312 1765 vinculis
330 1725 626 1766 ministrantes
645 1724 820 1766 adaucti
839 1730 953 1774 sunt3

127 1779 400 1832 proindeque
420 1793 498 1821 sex
517 1786 561 1821 et
579 1781 731 1831 viginti
754 1780 954 1832 expletus

129 1840 195 1877 est
212 1839 429 1876 numerus.

179 1896 229 1946 R.
268 1891 468 1932 Verbera
502 1891 755 1932 carnificum
786 1904 873 1932 non
902 1891 952 1932 ti-

128 1948 331 1988 muerunt
351 1948 489 1988 sancti
503 1947 597 1995 Dei,
617 1947 854 1987 morientes
871 1959 953 1999 pro

129 2002 292 2043 Christi
315 2004 506 2052 nomine,
528 2007 548 2028 *
575 2003 634 2044 Ut
657 2002 856 2043 haeredes
883 2003 954 2043 fie-

129 2063 226 2098 rent
245 2058 289 2098 in
309 2057 440 2099 domo
460 2059 649 2099 Domini.
674 2053 723 2104 V.
745 2057 954 2098 Tradide-

129 2118 229 2154 runt
266 2115 455 2165 corpora
487 2127 565 2155 sua
597 2120 780 2165 propter
812 2114 955 2154 Deum

130 2167 186 2209 ad
205 2169 430 2221 supplicia.
457 2170 516 2210 Ut
534 2169 744 2210 haeredes.

86 2268 89 2269 ⁷
430 2226 579 2266 Lectio
602 2226 651 2265 vi.

128 2275 285 2379 Post
304 2279 557 2321 diuturnum
576 2281 764 2321 carceris
784 2280 955 2331 squalo-

236 2348 327 2375 rem
346 2335 570 2376 fortissimi
586 2336 748 2376 Christi
767 2336 956 2384 athletae,

130 2392 326 2431 extrema
367 2391 552 2432 sinistrae
594 2392 710 2431 auris
751 2396 876 2443 parte
912 2392 955 2431 in

129 2446 349 2487 Meacensi
397 2446 494 2487 foro
534 2447 709 2499 publice
747 2446 956 2495 mulctati,

129 2502 333 2542 revinctis
378 2507 482 2553 post
529 2508 699 2553 tergum
745 2502 955 2551 manibus,

130 2556 204 2596 vili
236 2557 280 2596 in
313 2557 511 2608 plaustro
538 2571 618 2610 per
647 2559 739 2598 vias
767 2557 955 2609 primum

130 2611 254 2662 hujus
273 2613 545 2664 metropolis,
572 2619 663 2654 tum
688 2613 870 2653 aliarum
888 2613 912 2652 J
916 2626 955 2653 a·

130 2667 274 2718 poniae
294 2666 466 2708 urbium
483 2671 790 2709 sexcentorum
805 2668 955 2708 millia-

130 2722 295 2762 riorum
313 2722 468 2763 itinere
486 2724 702 2772 terrestri,
729 2736 815 2774 quo
836 2723 954 2773 igno-

1013 339 1146 379 minia
1178 345 1221 380 et
1251 345 1395 381 terror
1430 341 1558 382 latius
1588 345 1838 393 spargeren-

1014 399 1095 443 tur,
1115 407 1281 435 summa
1300 396 1441 436 hieme
1456 397 1840 439 circumducuntur

1014 453 1239 502 praeeunte
1274 450 1445 501 lictore,
1491 465 1541 492 ac
1579 454 1839 494 sententiam

1015 506 1155 546 crucis
1175 506 1218 545 in
1239 518 1313 546 eos
1332 507 1607 558 praeferente,
1630 509 1749 559 quod
1769 511 1838 549 ve-

1014 561 1139 601 titam
1155 574 1179 601 a
1193 563 1379 612 tyranno
1397 562 1558 603 Christi
1574 563 1714 613 legem
1730 577 1838 615 prae-

1015 616 1245 657 dicassent.
1282 616 1398 657 Illud
1425 619 1631 658 memoria
1660 618 1839 669 dignum

1013 672 1057 711 in
1089 672 1242 712 itinere
1276 671 1452 721 accidit,
1490 678 1537 713 ut
1571 674 1839 715 adolescenti

1012 727 1251 778 Japonensi
1278 727 1472 768 Antonio
1502 728 1627 769 alteri
1656 742 1710 769 ex
1735 730 1838 770 Ter-

1012 782 1150 822 tiariis
1170 784 1376 834 parentes
1398 786 1698 833 occurrissent,
1722 788 1836 825 eum-

1014 850 1098 888 que
1119 837 1341 878 blanditiis
1365 843 1407 879 et
1426 839 1615 879 lacrimis
1636 842 1838 880 conaren-

1012 898 1082 933 tur
1106 893 1325 934 adducere
1349 899 1397 935 ut
1418 894 1591 935 Christo
1613 895 1744 935 fidem
1765 896 1838 936 fal-

1012 949 1136 998 leret;
1181 949 1338 1000 quibus
1374 951 1727 991 constantissime
1765 951 1838 991 ob-

1013 1004 1138 1052 stitit,
1171 1004 1391 1045 affirmans
1420 1018 1467 1046 se
1490 1006 1674 1046 terrenis
1704 1007 1838 1046 omni-

1011 1059 1093 1100 bus
1118 1072 1168 1099 ac
1187 1060 1449 1100 transitoriis
1473 1060 1693 1113 despectis
1713 1062 1838 1103 unice

1012 1115 1185 1155 Christo
1206 1115 1496 1165 adhaesurum,
1520 1117 1594 1167 qui
1614 1116 1695 1157 sibi
1716 1119 1838 1157 aeter-

1011 1183 1067 1210 na
1105 1175 1148 1211 et
1191 1171 1386 1211 coelestia
1428 1172 1692 1223 repromisit3
1737 1172 1837 1213 dein

1013 1231 1180 1266 vestem
1210 1239 1295 1277 qua
1321 1227 1601 1278 operiebatur
1629 1228 1690 1268 eis
1716 1230 1837 1268 resti-

1012 1282 1106 1322 tuit.
1139 1281 1338 1322 Tandem
1362 1282 1403 1321 N
1406 1283 1719 1334 angasaquium
1742 1296 1836 1333 per-

1012 1336 1132 1377 ducti
1177 1336 1379 1377 crucibus
1430 1338 1683 1387 affiguntur,
1738 1351 1836 1390 quae

1010 1393 1094 1442 jam
1118 1392 1161 1431 in
1186 1391 1378 1442 quodam
1404 1393 1515 1433 colle
1537 1394 1660 1444 quasi
1679 1394 1722 1433 in
1743 1394 1835 1434 Cal-

1010 1447 1131 1487 vario
1160 1449 1326 1498 paratae
1355 1453 1490 1497 erant3
1523 1451 1679 1500 postea
1708 1450 1751 1488 in
1779 1449 1835 1488 al-

1010 1508 1103 1543 tum
1122 1502 1240 1550 elati,
1260 1502 1420 1543 Christi
1440 1503 1573 1543 fidem
1592 1503 1708 1544 haud
1728 1517 1835 1555 prae-

1011 1557 1156 1598 dicare
1184 1558 1425 1599 cessabant.
1465 1559 1631 1600 Enituit
1660 1559 1836 1610 quidem

1009 1613 1170 1654 Paulus
1188 1613 1311 1663 Miki,
1342 1614 1415 1665 qui
1441 1626 1464 1654 e
1487 1614 1739 1666 triumphali
1763 1615 1836 1655 illa

1011 1670 1152 1710 crucis
1188 1668 1397 1710 cathedra
1438 1669 1493 1709 ad
1530 1670 1835 1711 circumfusam

1010 1724 1331 1765 multitudinem
1363 1737 1445 1776 pro
1475 1725 1708 1766 christiana
1742 1726 1835 1766 reli-

1009 1781 1138 1830 gione
1167 1781 1409 1831 peroravit,
1442 1780 1549 1821 illud
1581 1781 1726 1833 palam
1753 1781 1834 1822 sibi

1009 1836 1250 1886 gratulatus
1278 1835 1398 1886 quod
1422 1836 1465 1875 in
1492 1849 1619 1877 cruce
1646 1842 1693 1876 ut
1717 1836 1834 1876 Chri-

1010 1896 1103 1932 stus
1140 1891 1372 1939 Dominus,
1424 1891 1665 1942 eademque
1703 1897 1834 1943 atque

1009 1946 1080 1987 ille
1131 1949 1279 1994 aetate,
1334 1949 1586 1998 supremum
1637 1947 1834 1998 expleret

1009 2002 1136 2043 diem.
1189 2002 1417 2042 Postremo
1455 2002 1609 2052 singuli
1647 2002 1701 2042 ab
1737 2003 1834 2043 imis

1010 2057 1220 2098 lateribus
1240 2056 1295 2097 ad
1314 2056 1521 2098 humeros
1542 2057 1653 2098 binis
1672 2058 1834 2098 lanceis

1008 2113 1216 2161 transfixi,
1236 2112 1437 2153 victrices
1457 2113 1622 2153 animas
1642 2113 1754 2154 coelo
1775 2114 1833 2153 in-

1008 2168 1215 2209 serendas
1232 2168 1425 2209 emisere.
1449 2168 1636 2208 Suorum
1651 2169 1834 2210 militum

1008 2224 1248 2275 gloriosum
1291 2226 1511 2265 certamen
1547 2225 1679 2264 variis
1713 2225 1832 2265 Deus

1011 2279 1306 2320 condecorare
1334 2279 1472 2321 voluit
1500 2280 1648 2330 signis:
1677 2280 1834 2330 quibus

1010 2336 1089 2376 rite
1125 2335 1344 2386 probatis,
1392 2338 1615 2376 sacrorum
1655 2336 1834 2375 Rituum

1010 2391 1301 2441 Congregatio
1337 2390 1394 2431 ad
1426 2393 1576 2431 eorum
1609 2390 1832 2431 canoniza-

1008 2447 1172 2487 tionem
1224 2445 1587 2497 quandocumque
1640 2445 1833 2486 deveniri

1009 2514 1141 2554 posse
1170 2501 1374 2542 decrevit.
1427 2501 1605 2541 Interim
1632 2500 1832 2541 Urbanus

1009 2559 1192 2597 octavus
1210 2557 1413 2598 Pontifex
1432 2556 1657 2604 Maximus,
1685 2555 1833 2596 habita

1007 2612 1133 2663 hujus
1154 2611 1318 2653 decreti
1336 2611 1562 2660 relatione,
1589 2610 1644 2651 de
1668 2610 1832 2651 eisdem

1008 2667 1274 2719 Martyribus
1294 2670 1446 2718 utpote
1465 2667 1507 2706 in
1527 2666 1755 2707 beatorum
1773 2665 1831 2706 fa-

1008 2723 1086 2764 stis
1112 2722 1344 2774 adscriptis
1365 2721 1567 2762 Officium
1592 2727 1635 2762 et
1655 2721 1832 2761 Missam
