2080 2990
638 210 702 242 Dic
735 211 778 241 1⁶3,
810 210 892 242 Dec.
941 212 973 242 S.
1002 210 1075 242 1211>

215 307 470 349 Constantio
523 307 750 349 invitatum
799 307 1036 349 Eusebium

215 363 598 415 concupitumque,
624 376 675 404 ac
699 365 901 405 vocatum
926 376 950 404 a
968 363 1035 403 Li·

214 419 322 461 berii
339 418 509 470 legatis,
532 424 700 461 tantum
718 419 859 470 abest,
882 425 930 461 ut
949 432 1034 459 ma-

213 475 465 526 lignantium
511 478 732 528 synagoga
775 476 1036 517 Arianorum

215 537 365 573 contra
384 537 581 574 sanctum
597 532 883 574 Athanasium
898 531 1035 572 furen-

211 588 320 630 tium
343 588 387 628 in
412 601 512 630 suas
537 594 684 642 partes
709 587 962 636 adduceret,
989 591 1036 628 ut

212 644 359 697 potius
391 644 551 687 diserte
587 645 733 686 statim
767 645 862 697 ipse
894 642 1035 685 decla-

213 714 327 751 rans,
354 714 377 743 e
401 701 691 754 praesentibus
716 699 930 752 quosdam
953 699 1035 741 sibi

213 759 464 810 compertos
487 757 692 799 haeretica
710 757 808 798 labe
829 756 1035 809 pollutOS,

212 814 437 855 Nicaenam
469 815 556 855 imo
589 813 722 855 fidem
753 813 1035 866 proposuerit

211 870 263 911 iis
295 869 670 919 subscribendam,
707 872 938 921 antequam
968 871 1034 910 ce-

211 931 305 968 tera
341 929 642 968 tractarentur.
696 925 826 976 Quod
861 925 1034 966 Arianis

212 982 367 1024 acerbe
386 983 505 1024 iratis
524 982 792 1033 negantibus,
812 981 974 1023 nedum
991 982 1034 1022 in

212 1039 499 1081 Athanasium
540 1039 758 1080 recusavit
800 1038 894 1091 ipse
937 1037 1034 1079 sub-

212 1095 413 1144 scribere,
433 1095 536 1147 quin
555 1095 692 1136 sancti
708 1095 907 1147 Dionysii
924 1095 1033 1135 Mar·
1060 1110 1063 1167 Ι

211 1151 337 1203 tyris,
370 1151 443 1203 qui
471 1151 683 1204 deeeptus
715 1150 770 1193 ab
801 1151 908 1203 ipsis
936 1150 1033 1192 sub-

212 1210 461 1260 scripserat,
494 1208 759 1260 captivatam
786 1207 1033 1260 simplicita-

210 1270 299 1305 tem
309 1264 652 1315 ingeniosissime
664 1263 873 1305 liberavit.
887 1264 1035 1314 Quam-

211 1319 363 1362 obrem
372 1320 432 1361 illi
443 1320 632 1371 graviter
641 1319 924 1371 indignantes,
932 1325 1034 1372 post

210 1377 368 1418 multas
384 1376 526 1418 illatas
542 1377 728 1428 injurias,
747 1376 899 1417 exsilio
915 1376 1035 1417 illum

210 1433 486 1474 mulctarunt:
506 1432 584 1475 sed
600 1438 775 1475 sanctus
790 1432 865 1481 vir,
883 1435 1033 1474 excus-

211 1502 260 1531 so
281 1489 477 1542 pulvere,
501 1503 582 1531 nec
602 1490 786 1531 Caesaris
806 1489 944 1530 minas
964 1491 1033 1530 ve-

211 1546 337 1596 ritus,
371 1559 451 1587 nec
481 1559 606 1587 enses
637 1546 892 1594 obstrictos,
925 1547 1033 1586 exsi-

211 1602 314 1643 lium
342 1602 474 1644 veluti
502 1603 566 1643 sui
591 1601 816 1643 ministerii
843 1601 1033 1643 officium

211 1659 398 1711 accepit3
440 1659 686 1710 missusque
723 1657 1033 1710 Scythopolim,

211 1714 379 1763 famem,
407 1715 531 1764 sitim,
558 1714 749 1764 verbera,
775 1713 1033 1765 diversaque

212 1771 425 1823 supplicia
448 1773 694 1823 perpessus,
718 1783 798 1823 pro
818 1769 904 1811 fide
928 1772 1032 1811 stre-

212 1840 295 1868 nue
310 1827 443 1868 vitam
459 1826 731 1879 contempsit,
747 1831 933 1867 mortem
946 1839 1033 1867 non

210 1883 372 1933 metuit,
385 1896 545 1935 corpus
559 1882 831 1924 carnificibus
843 1881 1033 1924 tradidit.

268 1949 316 1999 R.
347 1947 622 1989 Desiderium
653 1947 807 1988 animae
841 1948 930 1997 eius
962 1947 1033 1988 tri-

212 2003 341 2045 buisti
375 2004 412 2045 ei
441 2004 645 2053 Domine,
682 2009 702 2029 *
728 2004 784 2045 Et
810 2003 1034 2045 voluntate

212 2059 424 2101 labiorum
453 2061 543 2111 ejus
572 2072 658 2101 non
687 2058 896 2101 fraudasti
925 2072 1033 2101 eum.

217 2115 266 2162 Y.
282 2117 495 2166 Quoniam
513 2116 763 2169 praevenisti
782 2128 882 2157 eum
901 2116 943 2156 in
962 2116 1033 2157 be-

212 2172 531 2214 nedictionibus
560 2172 819 2214 dulcedinis:
848 2173 1034 2225 posuisti

213 2229 255 2269 in
283 2229 426 2281 capite
454 2230 544 2280 ejus
572 2231 778 2270 coronam
805 2228 860 2270 de
887 2228 1033 2281 lapide

213 2285 420 2338 pretioso.
447 2286 503 2326 Et
522 2285 756 2327 voluntate.

519 2361 665 2401 Lectio
689 2362 736 2400 vi.

218 2404 426 2527 Quanta
454 2428 496 2469 in
522 2441 620 2469 eum
647 2434 750 2470 tunc
773 2428 1034 2470 Arianorum

317 2483 549 2526 crudelitas
570 2484 705 2534 fuerit,
726 2497 777 2525 ac
796 2484 955 2526 effrons
974 2485 1032 2525 in-

213 2539 493 2589 verecundia,
528 2539 760 2582 ostendunt
787 2553 942 2591 graves
968 2540 1032 2582 lit-

212 2602 319 2638 terae
350 2596 492 2649 plenae
526 2595 716 2646 roboris,
752 2596 946 2649 pietatis,
983 2610 1033 2638 ac

1081 210 1154 242 chii
1185 209 1307 250 lipisc.
1334 217 1366 242 ct
1396 210 1498 242 Mart.

1087 306 1324 356 religionis,
1349 319 1457 358 quas
1481 319 1505 348 e
1529 306 1784 360 Scythopoli
1808 307 1908 348 scri·

1087 362 1176 415 psit
1208 361 1264 404 ad
1291 362 1617 404 Vercellensem
1648 363 1829 413 clerum,
1867 368 1910 405 et

1087 418 1309 471 populum,
1329 418 1524 471 aliosque
1539 418 1759 470 finitimos3
1779 432 1803 461 e
1819 420 1909 472 qui-

1088 474 1169 516 bus
1187 475 1316 516 etiam
1331 480 1398 516 est
1411 474 1696 528 exploratum,
1714 475 1909 528 ipsorum

1088 544 1168 572 nec
1203 531 1348 581 minis,
1387 530 1706 583 inhumanaque
1742 532 1909 573 saevitia

1088 590 1283 640 potuisse
1317 598 1523 640 umquam
1559 600 1658 629 eum
1690 585 1908 638 deterreri,

1087 656 1167 685 nec
1201 646 1449 697 serpentina
1479 642 1640 685 blanda
1671 643 1909 686 subtilitate

1087 698 1144 741 ad
1157 702 1308 741 eorum
1321 700 1576 742 societatem
1589 698 1781 752 perduci.
1796 699 1909 741 Hinc

1086 756 1129 796 in
1153 756 1492 809 Cappadociam,
1516 757 1829 809 postremoque
1852 755 1909 797 ad

1088 813 1335 865 superiores
1354 812 1536 865 AEg3'1pti
1554 810 1806 853 Thebaidas
1826 823 1908 864 pro

1087 869 1331 911 constantia
1359 882 1437 910 sua
1464 867 1741 921 deportatuS,
1771 867 1910 909 exsilii

1087 925 1253 976 rigores
1267 925 1365 967 tulit
1379 925 1435 967 ad
1449 931 1635 967 mortem
1648 937 1786 977 usque
1799 925 1908 966 Con-

1087 982 1243 1032 stantii,
1262 987 1364 1035 post
1379 994 1509 1034 quam
1523 981 1579 1023 ad
1593 993 1769 1032 gregem
1784 994 1909 1022 suum

1087 1039 1247 1080 reverti
1263 1041 1511 1091 permissus,
1529 1051 1617 1079 non
1631 1038 1751 1090 prius
1766 1035 1908 1078 redire

1087 1095 1234 1144 voluit,
1250 1107 1379 1147 quam
1393 1093 1647 1147 reparandis
1661 1092 1766 1135 fidei
1777 1094 1908 1146 jactu-

1087 1152 1146 1192 ris
1161 1150 1216 1192 ad
1229 1150 1569 1192 Alexandrinam
1584 1148 1798 1202 syuodum
1812 1161 1908 1190 sese

1088 1208 1318 1249 conferret:
1332 1212 1521 1260 postque
1533 1205 1690 1247 medici
1701 1207 1908 1258 praestan-

1086 1264 1142 1305 tis
1164 1264 1314 1313 instar,
1340 1265 1576 1316 peragrans
1600 1261 1788 1303 Orientis
1810 1273 1909 1314 pro-

1088 1320 1269 1369 vincias,
1302 1319 1345 1360 in
1377 1319 1463 1361 fide
1495 1318 1689 1359 infirmos
1721 1316 1778 1358 ad
1803 1319 1908 1359 inte-

1087 1389 1208 1428 gram
1231 1375 1524 1418 valetudinem
1547 1374 1810 1424 restitueret,
1833 1386 1909 1415 eos

1087 1434 1314 1475 instituens
1359 1433 1403 1473 in
1447 1431 1656 1473 Ecclesiae
1701 1429 1909 1472 doctrina.

1087 1489 1194 1531 Inde
1227 1489 1479 1531 salubritate
1511 1488 1606 1541 pari
1637 1486 1835 1539 digresso
1865 1487 1909 1527 in

1086 1546 1325 1598 Illyricum,
1362 1544 1626 1596 tandemque
1661 1543 1705 1583 in
1739 1542 1910 1584 Italiam

1087 1602 1254 1651 delato,
1288 1601 1343 1644 ad
1372 1603 1461 1653 ejus
1492 1600 1677 1642 reditum
1703 1598 1907 1650 lugubres

1087 1664 1231 1700 vestes
1267 1658 1392 1700 Italia
1432 1657 1636 1699 mutavit:
1679 1655 1754 1697 ubi
1788 1659 1907 1708 post-

1088 1728 1217 1767 quam
1239 1715 1511 1756 Psalmorum
1538 1712 1728 1754 omnium
1753 1723 1907 1764 expur-

1086 1774 1212 1822 gatos
1234 1784 1258 1812 a
1283 1785 1329 1813 se
1353 1769 1690 1812 commentarios
1709 1767 1908 1819 Origenis

1088 1827 1246 1876 edidit,
1296 1826 1560 1878 Eusebiique
1609 1823 1908 1870 Caesareensis‚

1089 1896 1199 1936 quos
1233 1885 1421 1925 verterat
1451 1882 1506 1924 de
1534 1882 1691 1923 Graeco
1724 1881 1767 1921 in
1795 1879 1908 1921 Lati-

1087 1954 1206 1981 num:
1234 1939 1409 1982 demum
1430 1944 1498 1981 tot
1521 1938 1693 1990 egregie
1715 1937 1841 1978 factis
1862 1935 1909 1976 il-

1087 1996 1234 2039 lustris
1257 1995 1314 2038 ad
1332 1994 1735 2037 immarcescibilem
1756 1993 1908 2044 gloriae

1088 2055 1293 2095 coronam
1318 2053 1449 2095 tantis
1474 2050 1677 2093 aerumnis
1701 2049 1908 2103 promeri-

1086 2115 1176 2152 tam
1203 2109 1283 2151 sub
1310 2108 1615 2151 Valentiniano
1643 2111 1686 2148 et
1712 2105 1908 2155 Valente,

1087 2166 1301 2208 Vercellis
1319 2164 1530 2216 migravit.

1141 2220 1189 2270 R:-
1215 2221 1336 2263 Stola
1355 2219 1641 2273 jucunditatis.
1668 2218 1748 2271 [27]

1140 2280 1181 2313 ln
1200 2277 1537 2313 111.Noct.1=10mss.
1556 2277 1593 2310 in
1606 2276 1750 2317 Evang.
1767 2275 1907 2322 Siquis

1086 2331 1178 2366 vult.
1204 2327 1250 2361 de
1276 2327 1410 2361 eodem
1436 2326 1578 2359 Comm.
1603 2324 1632 2357 2.
1658 2324 1753 2357 loco.
1778 2325 1846 2369 [32]

1139 2375 1180 2418 R.
1207 2376 1285 2408 viii.
1313 2376 1476 2412 Domine
1499 2374 1732 2420 praevenisti.
1756 2373 1827 2417 [29]

1140 2428 1180 2461 In
1200 2428 1306 2467 Quat.
1325 2427 1454 2470 Temp.
1479 2426 1607 2459 Lectio
1632 2425 1679 2458 ix.
1703 2423 1748 2457 dc
1768 2423 1906 2457 llomil.

1088 2476 1209 2510 Feriae
1234 2482 1269 2510 ct
1294 2485 1486 2509 commem.
1515 2475 1549 2507 in
1574 2472 1781 2506 Laudibus,

1140 2555 1193 2588 De
1213 2554 1354 2597 vigilia
1377 2555 1410 2586 S.
1428 2552 1587 2585 Thomae
1610 2550 1786 2593 Apostoli
1810 2549 1905 2582 nihil

1088 2605 1125 2637 tit
1151 2603 1223 2636 nisi
1250 2603 1285 2635 in
1312 2602 1437 2635 Missa.

802 2696 1314 2741 ψ,-
