2080 2990
206 211 300 255 [168]

830 218 1005 250 officium
1033 217 1318 250 Heium-torum.

262 310 358 347 Ant.
392 306 561 348 Delicta
584 308 821 358 juventutis
844 320 970 357 meae,
995 312 1039 349 et

206 363 476 460 {ggorantias
522 376 643 405 meas
687 376 743 405 ne
788 364 1037 405 memineris

279 431 405 460 mine.

262 490 356 529 Ant.
397 487 546 529 Credo
575 488 726 529 videre
754 490 778 515 *
806 489 924 530 bona
950 489 1038 529 Do-

206 544 311 584 mini
330 544 373 584 in
392 549 510 585 terra
528 545 780 586 viventium.

481 629 676 668 l‘salmus
706 631 769 668 26.

296 699 469 739 ominus
492 699 751 740 illuminatio
774 712 885 749 mea,
911 704 954 741 et
975 712 1039 740 sa-

311 755 379 795 lus
398 768 506 804 mea,
526 756 549 781 *
571 768 701 807 quem
720 754 909 796 timebo?

258 811 474 852 Dominus
496 813 722 863 protector
743 812 847 852 vitae
866 824 993 861 meae,
1016 812 1040 837 *

156 875 158 877 ’
206 881 231 908 a
252 879 339 919 quo
359 866 617 919 trepidabo?

259 924 376 964 Dum
410 923 677 975 appropiant
706 936 839 975 super
866 935 937 964 me
965 935 1039 964 no-

208 981 369 1028 centes,
388 980 411 1004 *
431 984 479 1020 ut
498 978 631 1020 edant
650 992 804 1020 carnes
822 992 955 1020 meas.

259 1035 345 1085 Qui
372 1034 583 1076 tribulant
606 1048 676 1076 me
704 1035 866 1076 inimici
889 1036 990 1085 mei,
1017 1037 1041 1062 *

207 1092 291 1144 ipsi
311 1091 519 1133 infirmati
540 1097 650 1141 sunt,
672 1096 715 1132 et
734 1091 998 1133 ceciderunt.

258 1147 303 1188 Si
337 1151 580 1190 consistant
612 1147 847 1189 adversum
874 1161 945 1189 me
973 1161 1040 1189 ca-

208 1208 311 1253 stra,
330 1204 352 1229 *
371 1216 459 1244 non
480 1204 653 1245 timebit
672 1217 749 1246 cor
767 1217 925 1245 meum.

260 1260 306 1301 Si
334 1263 542 1310 exsurgat
569 1259 804 1301 adversum
832 1273 902 1301 me
930 1262 1041 1312 pra'e-

207 1315 324 1366 lium,
344 1317 367 1341 *
387 1316 431 1356 in
450 1316 536 1357 hoc
557 1329 639 1367 ego
660 1316 863 1369 sperabo.

260 1372 402 1413 Unam
425 1372 533 1424 petii
558 1385 583 1413 a
603 1373 813 1421 Domino,
841 1372 954 1413 hanc
977 1385 1040 1413 re-

209 1430 398 1479 quiram,
432 1429 455 1453 *
488 1433 536 1469 ut
563 1428 805 1469 inhabitem
834 1429 878 1468 in
906 1428 1041 1469 domo

208 1484 388 1524 Domini
407 1484 609 1525 omnibus
625 1484 782 1525 diebus
798 1485 901 1526 vitae
916 1497 1042 1525 meae:

260 1540 319 1581 Ut
348 1539 522 1580 videam
551 1540 826 1592 voluptatem
853 1541 1042 1589 Domini,

208 1596 231 1621 *
252 1601 295 1637 et
315 1596 488 1637 visitem
507 1596 721 1648 templum
742 1597 843 1647 ejus.

263 1652 480 1701 Quoniam
501 1651 733 1693 abscondit
748 1665 819 1694 me
838 1654 882 1693 in
900 1652 1042 1694 taber-

209 1707 368 1749 naculo
388 1720 484 1748 suo:
506 1709 530 1733 *
552 1708 596 1748 in
617 1708 688 1748 die
708 1708 925 1749 malorum
943 1721 1042 1761 pro-

207 1764 317 1805 texit
335 1776 405 1804 me
424 1764 469 1804 in
489 1763 751 1805 abscondito
772 1764 1043 1806 tabernaculi

209 1833 286 1860 sui.

260 1876 310 1916 In
331 1880 457 1928 petra
478 1876 688 1917 exaltavit
708 1889 793 1917 me:
816 1877 839 1902 *
865 1881 909 1918 et
927 1889 1043 1917 nunc
1191 1900 1222 1928 ἢ,

209 1932 420 1973 exaltavit
440 1938 572 1984 caput
587 1945 735 1973 meum
754 1945 888 1985 super
906 1933 1044 1973 inimi·
1109 1930 1117 1949 ‘³
1141 1930 1158 1949 ³²·
1172 1930 1182 1947 ³*

209 2000 286 2029 cos
306 2001 442 2029 meos.

263 2044 472 2094 Circuivi,
506 2049 549 2086 et
575 2044 800 2086 immolavi
828 2045 872 2085 in
900 2044 1043 2086 taber-

209 2099 366 2140 naculo
384 2101 474 2151 ejus
492 2100 682 2141 hostiam
702 2101 1044 2142 vociferationis:

208 2156 232 2180 *
258 2155 463 2204 cantabo,
488 2161 531 2197 et
552 2156 771 2208 psalmum
791 2157 935 2197 dicam
954 2157 1042 2197 Do-

208 2224 339 2253 mmo.

260 2266 434 2309 Exaudi
468 2267 659 2308 Domine
696 2281 852 2309 vocem
889 2281 1044 2317 meam,

211 2336 297 2375 qua
316 2323 502 2364 clamavi
522 2323 578 2364 ad
597 2329 656 2364 te:
674 2324 697 2349 *
716 2325 926 2365 miserere
945 2325 1042 2373 mei,

211 2385 254 2420 et
273 2378 432 2420 exaudi
452 2392 533 2420 me.

263 2435 362 2476 Tibi
383 2435 494 2477 dixit
517 2447 596 2476 cor
618 2447 780 2483 meum,
806 2436 1044 2488 exquisivit

210 2495 254 2532 te
279 2490 414 2531 facies
440 2503 553 2531 mea:
579 2491 603 2516 *
628 2491 784 2531 faciem
809 2497 930 2532 tuam
955 2492 1043 2532 Do-

210 2546 327 2587 mine
346 2549 577 2598 requiram.

262 2602 331 2643 Ne
356 2603 529 2643 avertas
552 2603 709 2643 faciem
727 2607 848 2643 tuam
868 2615 893 2643 a
912 2616 996 2644 me:
1019 2604 1043 2629 *

211 2671 266 2700 ne
286 2657 480 2699 declines
499 2659 542 2698 in
562 2659 626 2699 ira
645 2671 671 2699 a
690 2671 818 2699 servo
837 2664 928 2699 tuo.

262 2713 452 2766 Adjutor
471 2726 594 2755 meus
614 2719 726 2755 esto:
745 2715 767 2739 *
787 2727 842 2755 ne
862 2714 1043 2756 derelin-

1094 319 1203 358 quas
1222 318 1303 355 me,
1322 318 1466 358 neque
1481 306 1701 359 despicias
1716 319 1786 348 me
1801 306 1923 348 Deus

1091 362 1296 403 salutaris
1314 375 1451 403 meus.

1145 422 1363 473 Quoniam
1391 428 1519 475 pater
1545 436 1687 473 meum
1716 428 1760 465 et
1783 427 1924 464 mater

1091 492 1190 520 mea
1210 477 1539 531 dereliquerunt
1557 492 1643 521 me:
1666 480 1690 504 *
1709 479 1923 520 Dominus

1092 540 1240 576 autem
1261 535 1500 587 assumpsit
1518 548 1599 576 me.

1144 595 1309 647 Legem
1328 608 1446 647 pone
1464 595 1569 636 mihi
1583 595 1772 637 Domine
1791 595 1836 636 in
1853 595 1925 636 via

1092 656 1182 693 tua:
1205 653 1229 677 *
1255 657 1298 693 et
1322 651 1459 702 dirige
1483 664 1553 692 me
1575 651 1620 692 in
1640 651 1841 693 semitam
1861 663 1926 692 re-

1094 714 1210 762 ctam
1229 714 1413 761 propter
1431 708 1632 749 inimicos
1650 719 1786 749 meos.

1145 769 1214 810 Ne
1238 768 1474 810 tradideris
1496 781 1567 809 me
1590 768 1635 808 in
1662 767 1830 809 animas
1852 767 1926 809 tri-

1093 825 1337 867 bulantium
1356 838 1441 866 me:
1459 825 1483 850 *
1510 824 1716 876 quoniam
1738 824 1926 865 insurre-

1094 883 1252 922 xerunt
1270 881 1314 921 in
1333 894 1404 922 me
1422 885 1559 922 testes
1578 879 1727 932 iniqui,
1748 884 1792 920 et
1809 891 1927 921 men-

1093 940 1174 979 tita
1194 942 1262 978 est
1280 937 1487 989 iniquitas
1508 936 1601 978 sibi.

1149 998 1293 1040 Credo
1319 997 1471 1039 videre
1494 997 1612 1039 bona
1630 995 1811 1037 Domini
1835 996 1859 1022 *
1884 995 1928 1035 in

1094 1059 1213 1096 terra
1232 1054 1482 1095 viventium.

1145 1115 1367 1167 Exspecta
1377 1115 1627 1164 Dominum,
1638 1112 1821 1155 viriliter
1832 1125 1928 1163 age:

1094 1172 1117 1196 *
1135 1176 1179 1212 et
1198 1171 1472 1212 confortetur
1492 1183 1569 1212 cor
1582 1175 1718 1219 tuum,
1739 1174 1783 1210 et
1802 1168 1928 1210 susti-

1094 1240 1148 1268 ne
1168 1227 1418 1267 Dominum.

1147 1288 1364 1340 Requiem
1383 1289 1603 1328 aeternam.

1152 1359 1248 1398 Ant.
1276 1356 1422 1398 Credo
1441 1355 1593 1398 videre
1611 1355 1730 1397 bona
1749 1354 1929 1396 Domini

1094 1414 1138 1453 in
1157 1418 1276 1455 terra
1296 1413 1547 1454 viventium.

1147 1472 1197 1523 V.
1236 1477 1436 1518 Collocet
1469 1489 1546 1518 eos
1578 1476 1796 1518 Dominus
1830 1487 1930 1518 cum

1094 1532 1378 1586 principibus.
1428 1537 1475 1587 R.
1516 1533 1626 1574 Cum
1657 1532 1929 1585 principibus

1095 1589 1250 1642 populi
1272 1589 1350 1630 sui.

1157 1656 1280 1696 Pater
1297 1659 1459 1695 noster.
1477 1661 1618 1696 totum
1639 1659 1823 1695 secreto.

1199 1747 1350 1787 Lectiv
1372 1746 1424 1786 iv,
1599 1744 1683 1785 Job
1705 1746 1762 1784 13.
1783 1743 1822 1784 d.

1108 1834 1112 1852 ·-
1148 1817 1427 1869 Ὅ65000616
1463 1817 1585 1859 mihi:
1627 1817 1824 1867 Quantas
1856 1817 1929 1858 ha-

1109 1866 1117 1893 *
1171 1862 1213 1930 ἐξ
1246 1874 1331 1914 beo
1363 1874 1622 1926 iniquitates
1659 1877 1703 1914 et
1734 1875 1930 1925 peccata,

1114 1952 1143 1953 *ff
1202 1928 1222 1947 ᾇ]
1244 1930 1412 1971 scelera
1431 1943 1530 1972 mea
1549 1934 1593 1971 et
1608 1929 1769 1971 delicta
1785 1931 1929 1970 osten-

1098 1987 1153 2028 de
1172 1986 1289 2027 mihi.
1324 1987 1411 2028 Cur
1431 1987 1589 2028 faciem
1606 1990 1728 2027 tuam
1746 1984 1930 2027 abscon-

1098 2043 1182 2092 dis,
1211 2048 1255 2083 et
1281 2042 1509 2084 arbitraris
1533 2055 1604 2083 me
1623 2042 1845 2082 inimicum
1864 2046 1929 2082 tu·

1096 2098 1192 2139 um?
1235 2099 1401 2140 Contra
1434 2098 1603 2146 folium,
1641 2096 1762 2149 quod
1794 2102 1929 2139 vento

1097 2155 1282 2207 rapitur,
1312 2154 1509 2196 ostendis
1534 2153 1778 2206 potentiam
1797 2158 1930 2203 tuam,

1098 2216 1142 2252 et
1183 2211 1390 2263 stipulam
1431 2211 1593 2251 siccam
1631 2210 1930 2262 persequeris:

1097 2267 1254 2309 scribis
1278 2267 1393 2308 enim
1418 2272 1572 2308 eontra
1590 2278 1661 2306 me
1681 2265 1930 2307 amaritudi-

1097 2336 1190 2372 neS‚
1215 2329 1260 2364 et
1279 2326 1540 2364 consumere
1558 2334 1629 2362 me
1649 2322 1715 2362 vis
1734 2322 1930 2374 peccatis

1097 2378 1409 2420 adolescentiae
1459 2390 1581 2419 meae.
1644 2378 1837 2419 Posuisti
1885 2378 1930 2419 in

1096 2447 1233 2476 nervo
1253 2434 1413 2487 pedem
1431 2446 1593 2482 meum,
1618 2439 1662 2474 et
1683 2433 1931 2475 observasti

1098 2503 1251 2532 omnes
1283 2490 1462 2531 semitas
1493 2502 1633 2539 meas,
1667 2494 1712 2531 et
1744 2491 1929 2540 vestigia

1096 2547 1260 2599 pedum
1288 2548 1489 2587 meorum
1517 2545 1824 2586 considerasti:
1853 2546 1928 2597 qui

1099 2602 1224 2654 quasi
1250 2601 1440 2654 putredo
1468 2601 1793 2642 consumendus
1821 2614 1927 2651 sum,

1097 2666 1140 2700 et
1165 2659 1290 2710 quasi
1314 2658 1638 2709 vestimentum,
1664 2657 1785 2709 quod
1810 2670 1927 2699 com-

1098 2714 1241 2756 editur
1259 2726 1285 2755 a
1302 2715 1430 2755 tinea.
