2080 2990
766 215 943 250 Officium
967 216 1254 252 Defunctorum.

151 309 334 416 Deus,
356 314 497 355 veniae
515 315 698 366 largitor
718 319 761 356 et
778 315 982 357 humanae

257 370 408 411 salutis
426 372 611 412 amator:
632 373 883 422 quaesumus
899 371 982 413 cle-

150 426 359 467 mentiam
384 431 519 477 tuam;
544 431 593 468 ut
614 431 778 468 nostrae
803 440 981 479 congre-

150 483 339 534 gationis
360 483 528 533 fratres,
551 485 827 536 propinquos
847 489 891 526 et
909 484 981 526 be-

149 539 419 590 nefactores,
467 540 542 592 qui
587 552 642 581 ex
687 539 774 581 hoc
818 541 981 582 saeculo

150 595 436 645 transierunt,
472 595 603 637 beata
634 595 774 636 Maria
808 609 982 650 semper

149 650 333 702 Virgine
350 651 648 693 intercedente
665 664 764 693 cum
780 653 981 694 omnibus

150 706 322 748 Sanctis
345 707 443 757 tuis,
467 707 524 749 ad
543 710 773 760 perpetuae
796 707 980 750 beatitu—

152 760 265 860 dedis
306 764 576 806 consortium
613 767 843 816 pervenire
880 778 980 806 con-

150 830 174 859 c
233 831 293 860 as.

148 890 409 996 Fidelium
424 897 546 939 Deus
566 898 760 939 omnium
778 898 980 940 conditor

152 948 161 957 ⁶
245 957 289 994 et
309 952 574 1006 redemptor,
598 954 825 996 animabus
846 955 979 995 famu-

148 1008 292 1050 lorum
326 1009 674 1063 famulatamque
709 1012 884 1051 tuarum
916 1024 979 1052 re-

147 1064 402 1106 missionem
429 1068 687 1107 cunctorum
712 1066 854 1108 tribue
880 1079 979 1119 pec-

149 1123 365 1162 catorum:
409 1126 458 1162 ut
494 1120 809 1173 indulgentiam
848 1136 979 1175 quam

149 1188 324 1229 semper
365 1179 647 1230 optaverunt,
692 1179 777 1232 piis
815 1179 978 1232 suppli-

149 1232 393 1274 cationibus
409 1237 749 1286 consequantur:
769 1236 853 1285 Qui
868 1236 978 1276 vivis

149 1293 192 1330 et
210 1301 367 1340 regnas
386 1289 430 1330 in
449 1290 611 1331 saecula
630 1291 904 1333 saeculorum.

199 1346 248 1397 R.
275 1346 429 1387 Amen.

197 1428 240 1462 In
255 1428 316 1462 die
334 1437 426 1461 vero
442 1427 792 1462 Comernorationis
807 1428 976 1462 omnium

145 1476 337 1510 Fidelium
353 1475 640 1514 Defunctorum.
662 1475 817 1519 quando
838 1476 978 1509 dicitur

145 1523 229 1558 haec
246 1524 380 1558 ultima
397 1528 544 1558 tantum
563 1523 706 1560 Oratio,
727 1524 881 1557 dicitur:
902 1526 977 1567 Qui

145 1570 249 1606 vivis
274 1573 312 1606 et
331 1581 472 1615 regnas
497 1582 583 1607 curn
597 1573 682 1608 Deo
699 1573 812 1609 Patre
834 1574 874 1609 in
894 1574 976 1608 uni-

145 1619 223 1652 tate
251 1617 417 1662 Spiritus
447 1621 572 1655 sancti
594 1621 719 1665 Deus,
749 1632 820 1666 per
847 1623 976 1657 omnia

146 1666 291 1701 saecula
315 1667 555 1703 saeculorum.
600 1667 643 1711 R.
667 1669 802 1704 Amen.

217 1746 266 1786 In
287 1746 357 1788 die
378 1747 668 1799 depositionis
690 1749 905 1791 Defuncti.

478 1821 642 1863 Oratio.

219 1882 386 1933 bsolve,
405 1886 657 1936 quaesumus
672 1885 871 1935 Domine,
887 1887 973 1927 ani-

255 1952 372 1980 mam
398 1940 549 1981 famuli
573 1941 637 1982 tui
661 1939 725 1991 N„
753 1946 802 1983 ut
825 1941 973 1983 defun-

144 2000 241 2037 ctus
265 1995 429 2038 saeculo
450 1996 530 2038 tibi
550 1997 684 2039 vivat:
711 2002 755 2039 et
775 2011 873 2050 quae
894 2011 974 2051 per

142 2051 424 2103 fragilitatem
464 2054 607 2094 carnis
648 2053 838 2095 humana
874 2067 973 2096 con·

142 2108 393 2150 versatione
419 2110 651 2159 commisit,
676 2114 725 2151 tu
747 2111 875 2151 venia
898 2111 972 2151 mi-

142 2164 505 2207 sericordissimae
542 2166 722 2219 pietatis
759 2166 972 2218 absterge.

141 2221 227 2262 Per
244 2221 495 2263 Dominum.

197 2305 238 2339 Si
256 2305 370 2339 fuerit
392 2306 543 2345 femina,
570 2306 720 2340 dicatur
736 2310 903 2345 animam
920 2311 972 2345 fa—

142 2355 257 2390 mulae
280 2359 357 2390 tuae
385 2354 439 2399 N,
462 2360 504 2392 ut
527 2357 718 2392 defuncta.

205 2426 254 2465 In
276 2427 587 2469 Anniversario
608 2428 687 2469 die.
747 2428 910 2468 Oratio.

232 2510 310 2539 eus
354 2498 721 2550 indulgentiarum
765 2501 970 2542 Domine:

255 2554 313 2595 da
348 2556 577 2597 animabus
614 2557 876 2598 famulorum
912 2557 970 2598 fa-

141 2610 445 2663 mularumque
467 2615 653 2663 tuarum,
679 2626 866 2665 quorum
884 2614 968 2654 afii-

141 2667 384 2708 versarium
408 2667 697 2721 depositionis
717 2669 833 2711 diem
855 2682 969 2710 com-

140 2725 447 2774 memoramus,
465 2724 678 2776 refrigerii
696 2725 858 2776 sedem,
879 2726 969 2778 qui-

1035 313 1116 354 etis
1135 312 1463 363 beatitudinem,
1487 320 1530 356 et
1548 315 1722 356 luminis
1742 307 1862 356 clari-

1033 371 1180 410 tatem.
1207 370 1292 410 Per
1310 370 1558 412 Dominum.

1090 437 1129 471 Si
1164 448 1233 480 pro
1269 448 1344 471 uno
1382 443 1524 471 tantum
1561 439 1597 471 fit
1634 439 1866 473 Annivm-sa-

1038 484 1145 521 rium.
1172 485 1321 519 dicatur
1346 486 1383 518 in
1410 485 1595 527 singulari
1623 497 1790 520 numero,

1114 550 1198 590 Pro
1220 563 1306 590 uno
1327 550 1552 601 Episcopo
1574 550 1789 591 defuncto.

1373 614 1535 654 Oratio.

1033 661 1218 766 Deus,
1253 667 1329 719 qui
1358 666 1470 708 inter
1496 668 1769 736 apostolicos
1798 682 1862 710 sa-

1148 722 1350 764 cerdotes
1398 710 1608 764 famulum
1653 729 1775 765 tuum
1814 724 1864 763 N.

1033 778 1275 830 pontificali
1299 779 1442 820 fecisti
1465 779 1677 830 dignitate
1701 780 1862 831 vigere:

1032 840 1207 886 praesta,
1229 837 1496 887 quaesumus3
1517 842 1566 877 ut
1585 839 1737 878 eorum
1758 849 1862 888 quo-

1034 903 1118 941 que
1150 893 1366 943 perpetuo
1399 895 1658 944 aggregetur
1686 895 1862 934 consor-

1032 947 1106 988 tio.
1134 947 1218 988 Per
1237 947 1484 988 Dominum.

1088 1007 1127 1041 Si
1154 1008 1265 1041 fucrit
1285 1008 1486 1044 Sacerdos,
1512 1008 1661 1042 dicatur
1683 1012 1862 1046 sacerdo-

1032 1057 1099 1091 tali
1122 1057 1257 1101 fecisti,
1282 1061 1351 1092 ete.

1087 1103 1160 1136 Pro
1194 1103 1373 1137 fratribus
1403 1114 1495 1137 vcro
1529 1109 1563 1138 ct
1598 1105 1862 1140 familiaribus

1036 1152 1094 1185 vel
1142 1151 1479 1186 benefactoribus,
1534 1153 1674 1186 dicitur
1720 1153 1861 1187 (natio,

1034 1199 1147 1242 Deus,
1171 1199 1296 1234 veniae
1320 1199 1489 1243 largitor.
1516 1207 1553 1234 nt
1580 1211 1705 1243 supra.

1102 1259 1186 1298 Pro
1208 1267 1332 1310 patre
1354 1267 1396 1300 et
1416 1266 1565 1300 matre.
1628 1261 1792 1300 Oratio.

1122 1340 1210 1377 eus,
1232 1327 1307 1379 qui
1325 1339 1406 1368 nos
1424 1329 1595 1378 patrem
1614 1330 1657 1366 et
1675 1330 1860 1366 matrem

1133 1384 1352 1425 honorare
1367 1381 1634 1435 praecepisti:
1652 1382 1859 1423 miserere

1030 1441 1268 1482 clementer
1292 1438 1520 1480 animabus
1543 1438 1682 1490 patris
1706 1443 1750 1479 et
1772 1450 1859 1478 ma-

1029 1498 1109 1538 tris
1124 1509 1246 1546 meae,
1265 1499 1506 1547 eorumque
1521 1496 1705 1546 peccata
1719 1493 1858 1535 dimit-

1028 1558 1088 1604 te3
1114 1565 1273 1604 meque
1293 1565 1369 1593 eos
1388 1552 1433 1592 in
1452 1552 1628 1592 aeternae
1649 1549 1858 1591 claritatis

1028 1609 1190 1661 gaudio
1211 1609 1279 1650 fac
1299 1607 1459 1649 videre.
1486 1607 1570 1648 Per
1589 1606 1837 1647 Dominum.

1084 1670 1123 1704 Si
1142 1671 1182 1704 fit
1202 1680 1270 1713 pro
1294 1670 1469 1712 pluribus
1489 1669 1639 1703 dicatur
1656 1669 1859 1704 animabus

1028 1720 1232 1763 parentum
1266 1719 1504 1761 nostrorum,
1545 1722 1580 1750 et
1617 1718 1681 1750 ubi
1722 1717 1861 1751 dicitur

1029 1777 1177 1811 meque,
1203 1766 1353 1800 dicatur
1374 1775 1535 1809 nosque.

1083 1814 1123 1848 Si
1145 1824 1215 1857 pro
1239 1819 1346 1869 pei-tic
1370 1819 1525 1847 tintum
1551 1812 1701 1846 dicatur
1719 1813 1859 1847 animae

1027 1863 1151 1908 patris
1174 1861 1260 1905 mei,
1288 1873 1311 1895 v
1317 1862 1351 1894 cl
1371 1860 1505 1895 nostri.

1084 1909 1123 1943 Si
1144 1919 1214 1952 pro
1232 1919 1283 1942 me
1285 1913 1350 1942 itre
1372 1914 1398 1942 t
1401 1914 1528 1943 inturn
1555 1907 1705 1941 dicatur
1718 1908 1858 1943 animae

1026 1959 1160 1994 matris
1184 1968 1292 2001 meae,
1320 1967 1344 1989 v
1349 1956 1381 1989 el
1403 1961 1558 1993 nostrae.

1108 2018 1194 2057 Pro
1214 2030 1300 2057 uno
1322 2016 1552 2057 Defuncto.
1616 2015 1781 2055 Oratio.

1026 2080 1217 2187 Inclina
1243 2089 1433 2130 Domine
1467 2098 1617 2128 aurem
1649 2088 1770 2126 tuam
1801 2082 1858 2146 ad

1092 2155 1247 2195 preces
1279 2150 1470 2193 nostras,
1505 2141 1663 2194 quibus
1693 2139 1856 2180 miseri-

1027 2198 1224 2241 cordiam
1251 2205 1372 2242 tuam
1401 2198 1625 2253 supplices
1650 2196 1856 2248 depreca-

1025 2268 1138 2296 mur:
1164 2261 1212 2298 ut
1236 2257 1424 2298 animam
1447 2254 1599 2297 famuli
1621 2253 1700 2302 tui,
1726 2264 1857 2304 quam

1027 2310 1083 2352 de
1103 2312 1189 2353 hoc
1213 2313 1376 2355 sa'eculo
1400 2312 1590 2363 migrare
1615 2308 1787 2362 iussisti,
1811 2308 1855 2348 in

1027 2368 1148 2419 pacis
1178 2382 1230 2411 ac
1256 2369 1366 2411 lucis
1393 2369 1571 2420 regione
1603 2367 1855 2413 constituas,

1026 2428 1071 2465 et
1097 2428 1350 2467 sanctorum
1377 2428 1554 2467 tuorum
1581 2422 1731 2474 jubeas
1757 2431 1854 2462 esse

1026 2483 1288 2523 consortem.
1315 2483 1400 2523 Per
1418 2480 1666 2522 Dominum.

1107 2543 1192 2582 Pro
1215 2556 1298 2582 una
1318 2543 1545 2583 Def.unct1
1616 2543 1777 2584 Oratio.

1030 2594 1330 2718 Quaesumus
1348 2615 1536 2656 Domine
1560 2626 1643 2666 pro
1666 2617 1741 2653 tua
1763 2610 1851 2662 pie-

1126 2673 1218 2712 tate
1251 2673 1459 2712 miserere
1493 2670 1649 2711 animae
1676 2665 1850 2708 famulae

1021 2731 1128 2768 tuae:
1174 2732 1218 2769 et
1253 2740 1278 2768 a
1318 2726 1534 2778 contagiis
1569 2722 1848 2766 mortalitatis

1771 220 1863 265 [163]
1918 214 1919 217 ’
