2080 2990
533 240 706 272 ‹mit-ium
736 239 905 272 votivum
932 239 977 271 dc
1004 240 1059 270 ss.
1086 236 1337 270 Eucharistiae
1362 237 1620 269 Sat-ramento.

428 335 603 375 Mense
637 335 842 375 Martio.

228 401 375 443 Lectio
401 399 539 441 sancti
559 398 785 449 Evangelii
809 398 1050 440 secundum

523 455 547 496 J
551 457 748 496 oannem.

285 532 287 535 ·
330 519 476 559 Lectio
505 519 569 557 vii.
743 518 843 567 Cap.
866 520 902 555 (i.
925 516 946 554 f.

270 590 296 616 n
323 576 397 617 illo
422 577 640 628 tempore:
667 576 789 616 Dixit
812 575 837 615 J
840 588 939 616 esus
963 580 1050 616 tur—

292 632 359 673 bis
379 632 403 672 J
406 631 650 672 udaeorum:
678 632 791 672 Caro
814 644 922 679 mea,
947 644 1051 672 vere

224 694 291 729 est
308 688 445 729 cibus:
466 693 509 728 et
524 687 700 738 sanguis
714 700 849 736 meus,
867 701 970 729 vere
985 693 1052 729 est

224 750 366 796 potus.
394 745 452 785 Et
471 744 649 796 reliqua.

228 822 415 864 Ilomilia
429 822 568 863 sancti
584 821 815 873 Augustini
831 821 1051 874 Episcopi.

326 890 517 924 '1¹1·uc1.'„'7.
539 891 572 922 in
592 889 728 921 domin.
749 894 833 920 unte
855 887 949 919 med.

238 968 241 998 :
355 942 521 991 iximus,
538 942 705 990 fratres,
718 942 803 983 hoc
813 942 1053 982 D6minum

237 1004 242 1047 1
261 993 326 1054 (ᾖ)
370 997 703 1038 commendasse
740 998 783 1037 in
820 997 1052 1039 manduca-

238 1049 242 1062 ’
280 1054 302 1058 ”
369 1053 487 1094 ti6ne
508 1054 651 1094 carnis
675 1067 777 1102 suae,
803 1059 846 1094 et
866 1054 1053 1105 potatio—

224 1121 278 1148 ne
302 1110 524 1159 sanguinis
548 1110 624 1159 sui,
649 1115 695 1150 ut
720 1110 762 1150 in
787 1109 862 1150 illo
882 1111 1053 1150 maneti-

226 1176 339 1211 muS,
368 1170 412 1205 et
439 1165 534 1216 ipse
562 1166 605 1206 in
633 1165 771 1207 nobis.
825 1166 1054 1206 Manemus

225 1225 370 1260 autem
390 1221 435 1260 in
456 1221 542 1270 illo,
567 1234 665 1262 cum
688 1234 838 1262 sumus
856 1220 1052 1262 membra

226 1276 334 1326 ejus:
366 1282 513 1318 manet
541 1282 687 1318 autem
715 1278 810 1330 ipse
843 1278 886 1317 in
914 1276 1053 1326 nobis,

226 1344 325 1372 cum
349 1345 498 1373 sumus
521 1334 734 1385 templum
757 1334 859 1385 ejus.
899 1333 958 1375 Ut
983 1346 1054 1374 au-

224 1392 313 1427 tem
331 1388 467 1429 simus
482 1389 678 1430 membra
694 1390 795 1440 ejus,
815 1390 958 1430 unitas
973 1402 1054 1430 nos

225 1444 519 1495 compaginat:
538 1450 586 1486 ut
603 1446 883 1498 compaginet
899 1447 1053 1495 unitas,

227 1511 325 1549 quae
346 1499 460 1548 facit,
483 1501 565 1541 nisi
589 1500 771 1543 caritas?
811 1502 868 1543 Et
893 1502 1054 1543 caritas

225 1555 309 1595 Dei
341 1554 481 1596 unde?
526 1557 792 1608 Apostolum
822 1559 1055 1608 interroga.

228 1610 412 1660 Caritas,
440 1612 597 1664 inquit,
626 1614 709 1654 Dei
735 1613 894 1655 diffusa
920 1619 987 1655 est
1011 1615 1054 1654 in

228 1667 434 1708 cordibus
454 1669 614 1710 nostris
636 1683 715 1722 per
733 1670 942 1722 Spiritum
962 1683 1055 1711 san-

227 1727 356 1772 ctum,
377 1724 450 1774 qui
470 1723 597 1766 datus
619 1731 686 1766 est
704 1726 842 1767 nobis.

277 1786 325 1836 133,
355 1780 439 1829 Qui
458 1781 704 1823 manducat.
732 1782 848 1834 [230]

511 1850 660 1890 Lectio
684 1850 764 1889 viii.

225 1902 383 2005 Ergo
420 1902 600 1953 spiritus
634 1909 701 1944 est
736 1903 823 1954 qui·
845 1903 1053 1945 vivificat:

334 1958 512 2009 spiritus
537 1959 651 1999 enim
675 1959 779 2000 facit
802 1959 901 2001 viva
921 1972 1054 2001 mem·

225 2011 318 2052 bra:
343 2025 424 2054 nec
448 2014 547 2054 viva
570 2014 768 2056 membra
792 2015 972 2068 spiritus
996 2016 1055 2056 fa-

227 2068 297 2116 cit,
321 2069 402 2109 nisi
427 2082 525 2121 quae
550 2071 592 2111 in
617 2073 816 2124 corpore,
842 2072 961 2124 quod
985 2074 1055 2113 ve-

226 2128 346 2173 getat
365 2125 459 2176 ipse
478 2127 669 2178 spiritus,
687 2128 913 2169 invenerit.
941 2128 1056 2169 Nam

227 2180 419 2231 spiritus,
441 2183 514 2234 qui
534 2188 600 2224 est
618 2184 661 2224 in
680 2189 735 2234 te,
757 2197 783 2225 o
800 2184 945 2235 homo,
967 2198 1054 2237 quo

228 2241 405 2278 constas
420 2243 468 2279 ut
482 2238 614 2280 homo
633 2240 703 2289 sis,
722 2241 935 2293 numquid
950 2241 1055 2282 vivi-

227 2292 331 2334 ficat
366 2294 611 2336 membrum
648 2296 768 2348 quod
804 2300 1056 2350 separatum

227 2348 440 2390 invenerit
473 2363 497 2391 a
530 2364 660 2393 carne
691 2351 790 2393 tua?
845 2354 1055 2405 Spiritum

227 2409 349 2445 tuum
376 2405 476 2448 dico
505 2407 693 2449 animam
721 2413 851 2450 tuam.
896 2410 1056 2451 Anima

227 2464 302 2500 tua
318 2473 405 2502 non
421 2463 623 2513 vivificat,
643 2464 725 2505 nisi
742 2465 939 2506 membra
956 2478 1055 2517 quae

228 2520 330 2579 sunt
353 2516 395 2557 in
422 2530 552 2560 carne
577 2525 668 2561 tua:
694 2533 828 2561 unum
853 2522 889 2562 si
913 2521 1054 2572 tollas,

228 2583 312 2635 jam
337 2584 422 2613 non
451 2575 696 2617 vivificatur
721 2589 775 2617 ex
800 2578 944 2618 {mima
968 2582 1055 2628 tua,

229 2639 330 2677 quia
358 2629 514 2670 unitati
547 2633 746 2684 corporis
775 2633 837 2673 tui
868 2646 956 2674 non
984 2646 1054 2675 co-

228 2683 415 2735 pulatur.

285 2739 331 2788 Ru
357 2740 476 2782 Misit
494 2755 564 2783 me
583 2744 743 2785 vivens.
771 2745 887 2797 [230]

1407 333 1559 373 Lectio
1580 332 1631 371 ix.

1199 405 1264 433 aec
1284 392 1498 440 dicuntur,
1518 396 1567 433 ut
1587 392 1782 432 amemus
1797 391 1935 432 unita-

1224 454 1334 496 tem,
1365 452 1409 489 et
1435 448 1668 489 timeamus
1697 447 1936 499 separatio·

1105 518 1216 546 nem.
1259 504 1380 545 Nihil
1404 504 1519 545 enim
1544 503 1608 544 sic
1633 502 1767 544 debet
1790 502 1936 544 formi-

1105 561 1211 602 dare
1231 560 1516 608 Christianus,
1543 572 1674 611 quam
1694 558 1893 611 separari
1911 570 1938 599 a

1106 620 1294 669 corpore
1311 616 1484 658 Christi.
1511 616 1557 657 Si
1577 616 1692 657 enim
1708 617 1938 667 separatur
1962 615 1964 617 ’

1106 686 1131 714 a
1159 675 1349 725 c6rpore
1378 671 1561 721 Christi,
1593 683 1682 712 non
1710 675 1779 712 est
1804 683 1937 712 mem-

1105 729 1233 770 brum
1266 730 1376 779 ejus:
1411 729 1447 769 si
1476 740 1565 768 non
1595 732 1663 769 est
1691 725 1939 768 membrum

1107 787 1218 837 ejus,
1254 797 1342 826 non
1374 786 1606 835 vegetatur
1643 783 1799 835 spiritu
1835 783 1938 834 ejus.

1107 842 1316 893 Quisquis
1340 846 1498 890 autem,
1521 840 1662 892 inquit
1681 839 1939 891 Ap6stolus,

1106 898 1315 950 Spiritum
1355 897 1518 938 Christi
1555 908 1643 937 non
1679 894 1832 937 habet:
1868 894 1939 936 hic

1106 967 1194 995 non
1215 959 1282 995 est
1302 954 1404 1004 ejus.
1431 952 1619 1005 Spiritus
1640 964 1746 1003 ergo
1767 956 1845 1000 est,
1866 951 1941 1003 qui

1107 1010 1316 1058 vivificat,
1342 1021 1446 1050 caro
1471 1013 1618 1050 autem
1643 1020 1731 1048 non
1754 1006 1940 1059 prodest

1109 1066 1360 1118 quidquam.
1402 1065 1563 1114 Verba,
1590 1077 1690 1119 quae
1715 1076 1797 1115 ego
1822 1062 1940 1104 locu>-

1106 1127 1177 1164 tus
1198 1135 1294 1162 sum
1311 1121 1447 1170 vobis,
1468 1121 1647 1173 spiritus
1664 1125 1708 1161 et
1722 1120 1812 1160 vita
1828 1124 1940 1160 sunt.

1108 1177 1223 1228 Quid
1257 1183 1343 1227 est,
1380 1177 1569 1229 Spiritus
1607 1181 1651 1218 et
1686 1176 1777 1218 vita
1814 1173 1939 1216 sunt?

1107 1234 1371 1287 Spiritaliter
1397 1232 1681 1283 intelligenda
1709 1237 1822 1274 sunt.
1871 1232 1940 1272 In-

1106 1290 1315 1332 tellexisti
1343 1287 1626 1342 spiritaliter?
1680 1288 1868 1341 Spiritus
1897 1292 1941 1328 et

1108 1348 1197 1388 vita
1227 1351 1339 1387 sunt.
1393 1345 1654 1386 Intellexisti
1684 1341 1940 1386 carnciIiterP
2007 1368 2010 1373 ·

1107 1404 1252 1444 Etiam
1271 1403 1334 1443 sic
1356 1402 1430 1442 illa
1453 1402 1636 1454 spiritus
1657 1405 1701 1442 et
1719 1400 1810 1442 vita
1829 1403 1941 1450 sunt,

1108 1458 1188 1501 sed
1205 1459 1286 1500 tibi
1306 1471 1395 1499 non
1415 1462 1527 1499 sunt.

1162 1524 1227 1562 Te
1246 1520 1390 1560 Deum
1408 1517 1649 1560 laudamus.
1668 1518 1728 1558 14.

1375 1599 1455 1640 Ad.
1475 1598 1675 1640 Laudes

1316 1660 1366 1688 ct
1406 1665 1502 1697 per
1541 1655 1737 1689 Horas

1160 1711 1258 1750 Ant.
1275 1712 1303 1749 1.
1324 1709 1553 1762 Sapientia
1566 1710 1590 1734 *
1606 1705 1843 1749 aedificavit
1857 1704 1942 1748 sibi

1109 1766 1305 1816 domum,
1332 1766 1507 1807 miscuit
1531 1765 1696 1813 vinum,
1724 1767 1768 1804 et
1791 1761 1942 1815 p6suit

1107 1835 1316 1864 mensam.

1160 1882 1227 1920 Ps.
1261 1878 1473 1920 Dominus
1497 1875 1711 1928 regnavit.
1733 1875 1792 1916 15.

1161 1938 1196 1975 2.
1231 1934 1503 1985 Ange16rum
1533 1945 1635 1974 esca
1665 1933 1689 1959 *
1720 1929 1943 1972 nutrivisti

1108 1991 1323 2044 populum
1346 1995 1480 2040 tuum,
1504 1995 1548 2032 et
1570 2001 1732 2043 panem
1750 1986 1806 2028 de
1824 1985 1940 2028 coelo

1107 2047 1356 2100 praestitisti
1375 2047 1449 2088 eis.

1161 2106 1197 2143 .’3.
1222 2103 1403 2154 Pinguis
1423 2107 1490 2144 est
1510 2101 1637 2154 panis
1656 2102 1680 2127 *
1701 2099 1877 2148 Christi,
1898 2102 1942 2140 et

1107 2159 1326 2212 praebebit
1346 2159 1526 2201 delicias
1546 2156 1733 2208 regibus.

1160 2220 1198 2257 4.
1225 2215 1490 2257 SacerdOtes
1510 2212 1651 2255 sancti
1671 2214 1694 2239 *
1714 2212 1941 2253 incensum

1109 2277 1152 2314 et
1170 2284 1310 2325 panes
1330 2270 1520 2312 offerunt
1538 2270 1648 2310 Deo.

1160 2330 1197 2368 5.
1228 2327 1434 2368 Vincenti
1463 2325 1580 2367 dabo
1607 2328 1631 2353 *
1657 2337 1817 2366 manna
1844 2323 1940 2366 abs-

1108 2383 1346 2433 conditum,
1367 2388 1411 2425 et
1429 2395 1590 2424 nomen
1610 2394 1786 2423 novum.

1161 2455 1421 2507 Capitulum.
1628 2457 1654 2494 1.
1672 2456 1767 2495 Cor.
1786 2457 1834 2495 11.
1851 2467 1885 2495 e.

1187 2527 1340 2563 ratres:
1368 2521 1464 2572 Ego
1488 2520 1603 2562 enim
1627 2519 1778 2571 accepi
1802 2531 1827 2560 a
1850 2519 1939 2560 Do-

1206 2578 1344 2628 mino,
1377 2576 1498 2629 quod
1531 2581 1575 2618 et
1605 2575 1769 2617 tradidi
1799 2574 1939 2624 vobiS,

1109 2634 1316 2686 qudniam
1351 2632 1569 2674 Dominus
1605 2632 1732 2673 Jesus
1771 2631 1816 2671 in
1853 2643 1940 2682 qua

1107 2695 1237 2731 nocte
1264 2688 1539 2738 tradebatur,
1569 2688 1741 2740 accepit
1767 2699 1937 2740 panem,

1109 2751 1152 2787 et
1165 2746 1328 2798 gratias
1343 2757 1478 2796 agens
1492 2745 1632 2795 fregit,
1652 2749 1696 2786 et
1711 2743 1834 2786 dixit:
1852 2742 1936 2784 Ac-
