2080 2990
515 228 583 262 Dic
613 229 658 262 14.
684 228 771 262 Dec.
818 228 852 262 S
877 229 1066 272 „Iosaphat
1092 229 1215 272 Episc.
1241 234 1275 263 ct
1302 229 1406 263 Mart.

1738 228 1799 263 13*

339 324 388 364 In
405 325 475 364 III.
496 326 715 365 Nocturno.

118 391 272 433 Lectio
292 391 429 433 sancti
450 391 673 443 Evangelii
696 393 933 435 secundum

417 448 441 488 J
443 450 637 490 oannem.

222 509 371 550 Lectio
393 509 459 549 vii.
647 510 748 560 Cap.
770 510 831 548 1().

118 564 193 670 In
215 568 289 610 illo
312 570 522 620 tempore:
548 568 667 610 Dixit
686 570 709 610 J
713 582 810 610 esus
832 570 933 622 pha-

184 624 336 666 risaeis:
362 625 456 675 Ego
486 637 580 665 sum
607 631 757 677 pastor
784 626 934 668 bonus.

120 681 267 722 Bonus
303 686 452 733 pastor
489 681 673 721 animam
709 695 830 722 suam
862 682 935 725 dat

119 750 199 790 pro
220 736 373 779 evibus
393 737 491 778 suis.
518 737 574 778 Et
594 737 768 788 reliqua.

246 819 434 861 Homilia
469 819 607 860 sancti
636 819 815 860 Joannis

371 875 681 927 Chrysestomi.

292 943 401 978 Hom.
425 944 477 977 59.
502 943 539 977 in
564 942 761 977 Jocmncm.

174 1014 236 1058 εἷς),
264 1012 433 1050 agnum
458 991 680 1052 quiddam,
714 1000 936 1043 dilectissi-

128 1062 168 1112 531:
190 1055 236 1111 ἧς,
292 1056 364 1105 mi,
400 1069 615 1107 magnum,
651 1058 839 1108 inquam,
873 1064 937 1100 est

128 1112 130 1114 ’
195 1113 211 1126 ”
264 1111 267 1115 ’
292 1112 500 1154 Ecclesiae
526 1113 741 1165 praelatio,
770 1119 813 1155 et
840 1127 937 1165 quae

119 1169 254 1211 multa
277 1167 440 1220 indiget
466 1170 676 1222 sapientia
704 1175 747 1212 et
771 1170 936 1212 fortitu-

121 1225 237 1275 dine,
271 1225 443 1277 qualem
471 1225 666 1268 Christus
693 1227 936 1279 propesuit:

119 1287 167 1324 ut
199 1282 384 1323 animam
414 1295 495 1335 pro
530 1282 682 1324 avibus
713 1285 936 1335 ponamus,

121 1344 164 1381 et
194 1350 428 1390 numquam
459 1339 555 1380 illas
591 1338 855 1380 deseramus:
890 1344 937 1380 ut

118 1395 223 1448 lupo
263 1397 473 1446 generose
514 1395 775 1436 resistamus.
828 1395 937 1436 Haec

120 1452 233 1493 enim
258 1451 370 1493 inter
396 1454 617 1504 pasterem
651 1456 693 1492 et
719 1454 935 1492 mercena-

119 1508 229 1549 rium
248 1513 314 1550 est
329 1507 578 1550 differentia.
598 1508 722 1549 Alter
735 1508 936 1560 prepriae,

121 1564 380 1617 contemptis
399 1564 566 1606 ovibus:
593 1565 717 1614 alter,
741 1577 818 1605 sua
838 1577 935 1605 con-

119 1623 300 1673 tempta,
328 1621 473 1662 evium
497 1633 667 1674 semper
687 1621 814 1662 saluti
833 1621 935 1662 invi-

120 1677 235 1728 gilat.
275 1677 467 1719 Pastoris
498 1689 602 1728 ergo
635 1677 835 1730 exemplo
865 1676 935 1718 de-

119 1736 378 1783 monstrato,
415 1733 673 1786 decepteres
710 1732 820 1775 duos
851 1735 935 1774 me-

119 1790 256 1840 minit;
275 1790 412 1831 furem
429 1792 691 1831 mactantem
711 1795 754 1831 et
772 1789 935 1842 rapien-

119 1851 208 1888 tem
228 1859 346 1897 oves;
371 1851 415 1888 et
432 1846 744 1888 mercenarium
764 1845 936 1898 permit-

120 1904 298 1952 tentem,
323 1915 464 1954 neque
493 1902 795 1944 defendentem
823 1914 935 1943 com-

120 1960 284 2000 missas.

168 2014 219 2066 R.
268 2015 440 2057 C0r6na
475 2018 605 2056 aurea
642 2027 771 2067 super
808 2019 938 2066 caput

121 2072 226 2123 ejus,
250 2074 273 2099 *
298 2072 518 2124 Expressa
541 2072 663 2122 signo
688 2070 936 2117 sanctitatis,

119 2128 257 2178 gloria
274 2127 462 2178 honeris,
482 2134 525 2170 et
540 2141 651 2180 opus
665 2125 936 2168 fortitadinis.

117 2183 167 2232 V.
189 2185 401 2234 Queniam
420 2184 669 2237 praevenisti
689 2196 786 2225 eum
804 2183 847 2223 in
865 2182 935 2224 be-

120 2239 436 2283 nedictienibus
464 2239 721 2290 dulcedinis,
752 2238 937 2292 posuisti

120 2296 163 2337 in
191 2297 332 2349 capite
361 2298 450 2348 ejus
481 2299 686 2338 corenam
711 2295 765 2338 de
790 2293 936 2347 lapide

120 2353 324 2405 pretieso.
351 2355 580 2407 Expressa.

401 2415 551 2456 Lectio
572 2414 653 2454 viii.

119 2448 294 2573 Quod
338 2470 550 2523 superiori
592 2471 789 2521 tempore
832 2468 935 2509 Eze-

215 2526 325 2568 chiel
347 2527 414 2568 his
433 2526 576 2568 verbis
599 2526 833 2566 insectatus
858 2530 936 2566 est:

120 2583 202 2624 Vae
216 2582 463 2636 pastoribus
477 2582 625 2623 Israel:
635 2593 776 2622 nonne
788 2582 936 2633 pasce-

120 2639 223 2681 bant
268 2638 548 2692 semetipsos?
599 2650 739 2679 nonne
783 2649 936 2687 greges

120 2699 356 2748 pascuntur
389 2709 414 2737 a
448 2692 717 2748 pasteribus?
762 2692 841 2734 sed
876 2692 937 2733 illi

121 2752 383 2794 contrarium
405 2751 636 2800 faciebant,
663 2748 781 2802 quod
805 2749 935 2790 maxi-

985 338 1068 366 mae
1087 326 1260 368 malitiae
1279 339 1412 378 genus
1432 332 1511 376 est,
1537 332 1581 368 et
1597 326 1799 379 plurimo-

985 395 1080 422 rum
1112 395 1241 423 causa
1272 382 1492 424 maldrum.
1544 382 1713 424 Idcirco
1742 383 1799 423 in-

987 438 1091 490 quit:
1122 438 1275 490 Neque
1309 438 1426 490 quod
1458 439 1670 491 abjectum
1698 445 1799 488 erat,

986 493 1263 536 reducebant:
1294 507 1433 546 neque
1467 494 1586 547 quod
1613 497 1800 547 perierat

987 550 1251 602 quaerebant:
1270 563 1409 602 neque
1429 551 1693 592 confractum
1714 550 1800 591 alli-

986 606 1159 656 gabant:
1198 619 1337 658 neque
1373 607 1587 647 infirmum
1619 606 1800 648 consoli-

987 662 1164 704 dabant:
1195 663 1397 714 queniam
1422 676 1485 711 se,
1517 675 1603 704 non
1627 675 1801 713 gregem

986 719 1233 771 pascebant.
1285 718 1408 760 Idem
1445 724 1488 760 et
1517 718 1676 760 Paulus
1708 719 1801 759 aliis

988 774 1129 816 verbis
1158 775 1382 826 significat:
1415 775 1576 816 Omnes
1603 787 1700 826 quae
1725 788 1802 816 sua

988 837 1085 873 sunt
1097 837 1304 883 quaerunt,
1316 844 1402 872 non
1414 844 1511 882 quae
1522 831 1546 871 J
1549 843 1625 872 esu
1635 830 1802 872 Christi.

1040 890 1089 940 R.
1117 888 1201 929 Hic
1221 893 1286 929 est
1304 900 1404 928 vere
1423 887 1600 939 Martyr,
1627 887 1700 938 qui
1722 899 1802 939 pro

990 945 1147 988 Christi
1181 944 1352 986 nemine
1393 943 1644 994 sanguinem
1679 956 1803 983 suum

988 1002 1111 1044 fudit:
1130 1003 1152 1024 *
1172 1001 1255 1050 Qui
1278 1000 1414 1041 minas
1437 999 1625 1051 judicum
1647 1011 1734 1040 non
1752 1001 1801 1040 ti-

988 1060 1110 1108 muit,
1141 1070 1221 1099 nec
1249 1058 1432 1099 terrenae
1465 1055 1684 1106 dignitatis
1714 1054 1802 1106 glo-

988 1116 1095 1157 riam
1114 1113 1327 1166 quaesivit,
1354 1111 1431 1154 sed
1455 1111 1510 1153 ad
1529 1111 1722 1153 coelestia
1740 1123 1802 1151 re-

987 1185 1071 1222 gna
1097 1170 1303 1224 pervenit.
1344 1162 1393 1213 V.
1427 1169 1595 1209 Justum
1623 1166 1802 1208 dedaxit

988 1228 1198 1270 Deminus
1215 1239 1294 1279 per
1313 1226 1404 1267 vias
1423 1229 1578 1273 rectas,
1601 1228 1643 1265 et
1663 1225 1801 1264 osten-

989 1285 1051 1326 dit
1086 1284 1146 1324 illi
1181 1295 1360 1334 regnum
1391 1281 1484 1322 Dei.
1538 1280 1620 1330 Qui
1654 1279 1801 1320 minas.
1848 1282 1850 1286 ’

989 1340 1139 1382 Gloria
1155 1339 1284 1381 Patri.
1312 1338 1395 1389 Qui
1412 1337 1559 1378 minas.

1284 1394 1434 1433 Lectio
1456 1392 1464 1431 i
1472 1407 1507 1431 x.

987 1449 1199 1555 Verum
1226 1451 1280 1493 ab
1307 1452 1492 1502 utreque
1520 1462 1565 1490 se
1594 1446 1802 1489 dissidere

995 1507 998 1509 ’
1083 1507 1272 1551 ostendit
1291 1506 1499 1548 Christus:
1525 1505 1579 1547 ab
1605 1504 1687 1545 illis
1712 1504 1800 1555 qui-

989 1566 1102 1615 dem,
1130 1565 1202 1617 qui
1219 1565 1262 1605 in
1281 1563 1461 1605 alierum
1479 1561 1713 1615 perniciem
1731 1562 1800 1601 ve-

987 1623 1121 1671 niunt,
1147 1635 1244 1663 cum
1263 1619 1392 1667 dicat,
1418 1631 1463 1660 se
1482 1619 1714 1671 propterea
1733 1628 1801 1657 ve-

987 1682 1119 1728 nisse,
1146 1683 1193 1719 ut
1218 1677 1350 1718 vitam
1373 1675 1581 1717 haberent
1606 1678 1647 1714 et
1671 1672 1800 1713 abun-

989 1735 1160 1777 dantius
1191 1733 1412 1774 haberent:
1452 1730 1506 1772 ab
1543 1730 1609 1770 his
1641 1734 1800 1777 autem,

989 1792 1062 1843 qui
1085 1804 1189 1833 oves
1215 1803 1240 1831 a
1263 1789 1376 1841 lupis
1400 1787 1494 1839 rapi
1518 1784 1800 1837 negligebant,

994 1846 1177 1889 dicendo
1214 1859 1260 1886 se
1295 1849 1475 1897 propter
1510 1855 1582 1883 eas
1618 1841 1802 1882 animam

987 1907 1166 1956 penere,
1210 1915 1263 1943 ne
1300 1913 1404 1942 oves
1439 1901 1638 1952 perirent.
1689 1897 1802 1937 Nam

988 1974 1085 2002 cum
1112 1957 1252 2000 Judaei
1277 1958 1419 2009 ipsum
1449 1956 1691 1996 interimere
1716 1952 1801 1993 vel-

987 2017 1075 2058 lent
1106 2029 1193 2057 non
1223 2015 1458 2067 propterea
1485 2010 1648 2052 destitit
1675 2022 1700 2049 a
1727 2008 1802 2050 do-

989 2075 1139 2122 ctrina,
1176 2083 1317 2123 neque
1354 2067 1578 2111 credentes
1612 2063 1802 2114 tradidit,

988 2129 1067 2171 sed
1094 2127 1297 2182 perstitit,
1331 2131 1373 2168 et
1399 2123 1576 2178 pertulit
1602 2127 1802 2163 mortem:

987 2185 1086 2227 ideo
1119 2185 1366 2236 frequenter
1395 2180 1546 2233 inquit:
1581 2179 1677 2230 Ego
1708 2191 1802 2218 sum

987 2247 1138 2294 pastor
1155 2240 1306 2283 bonus.
1337 2239 1444 2288 Quae
1470 2249 1567 2278 cum
1590 2234 1707 2275 nullo
1726 2233 1819 2274 niti

987 2297 1234 2339 testimenio
1260 2294 1507 2338 viderentur
1532 2289 1666 2344 (quod
1690 2290 1802 2331 enim

988 2357 1170 2406 peneret
1190 2353 1375 2394 animam
1394 2363 1532 2398 suam,
1555 2359 1642 2388 non
1665 2345 1800 2387 multo

987 2415 1089 2463 post
1120 2422 1167 2451 re
1199 2408 1539 2451 demonstratum
1571 2408 1650 2444 est:
1683 2400 1800 2453 quod

987 2471 1131 2508 autem
1150 2466 1282 2507 vitam
1299 2463 1508 2505 haberent
1526 2465 1569 2502 et
1583 2456 1800 2502 abundan-

986 2523 1072 2564 tius
1099 2522 1323 2570 haberent,
1355 2519 1606 2561 eventurum
1637 2519 1729 2556 erat
1757 2513 1799 2553 in

987 2579 1131 2620 futuro
1160 2577 1335 2627 saeculo)
1368 2574 1549 2616 alterum
1580 2570 1635 2613 ab
1662 2570 1798 2611 altero

989 2635 1224 2676 confirmat.

1039 2692 1106 2733 Te
1123 2692 1263 2733 Deum
1281 2687 1517 2730 laudamus.

1293 2760 1468 2770 ‘vansvxsxdr
1478 2765 1481 2767 .
