2080 2990
417 250 489 285 Die
509 251 565 284 1().
583 250 672 285 Dee.
718 251 759 284 In
785 251 1056 286 Translatione
1074 252 1198 285 Alma:
1216 252 1362 286 Domus
1383 253 1616 287 Lauretunae.

218 346 454 398 Plebisque
472 351 576 388 vota
594 346 780 398 suscipe,

217 402 275 443 Et
293 407 447 444 nostra
466 400 603 443 corda
620 402 778 454 jugiter

217 457 438 500 Perfunde
458 457 559 500 coeli
578 458 729 508 gratia.

167 534 250 576 Hic
269 537 506 587 impetrent
524 532 719 575 fidelium

218 591 368 632 Voces
386 592 629 643 precesque
649 589 908 642 supplicum,

218 646 389 688 Domus
407 646 554 687 beatae
572 648 765 694 munera,

218 702 450 754 Partisque
470 701 598 742 donis
618 699 852 752 gaudeant:

218 758 375 799 Donec
394 757 526 799 soluti
546 759 732 809 corpore

219 813 356 855 Sedes
374 812 528 855 beatas
545 812 766 865 impleant.

170 893 316 934 Decus
335 891 510 932 Parenti·
529 889 726 932 debitum

221 947 286 989 Sit
304 948 625 999 usquequaque
645 944 884 993 Altissimo‚

221 1003 428 1055 Natoque
445 1002 588 1043 Patris
608 1001 750 1050 unico,

220 1060 278 1100 Et
296 1058 459 1111 inclyto
478 1057 709 1106 Paraclito,

223 1115 304 1156 Cui
321 1114 428 1164 laus,
447 1115 657 1166 potestas,
675 1111 815 1162 gloria

222 1171 407 1212 AEterna
426 1170 483 1211 sit
500 1182 580 1222 per
600 1168 774 1209 saecula.

482 1226 637 1266 Amen.

197 1279 248 1330 V·
273 1284 558 1328 Introibimus
580 1284 625 1325 in
643 1280 975 1324 tabernaculum

146 1342 248 1395 ejus.
285 1341 336 1392 Rz.
360 1340 658 1382 Adorabimus
683 1339 728 1379 in
751 1338 871 1386 loco,
899 1335 975 1378 ubi

146 1400 360 1440 steterunt
379 1395 519 1450 pedes
539 1397 642 1448 ejus.

178 1460 268 1501 .Ad
294 1460 455 1503 Bened.
494 1462 593 1501 Ant.
632 1460 751 1500 Ecce
775 1456 975 1498 taberna-

146 1518 293 1560 culum
310 1516 396 1558 Dei
419 1529 519 1558 cum
540 1514 806 1563 hominibus,
835 1517 879 1553 et
901 1513 974 1553 ha-

145 1573 303 1616 bitabit
340 1585 439 1614 cum
477 1571 555 1613 eis:
594 1575 637 1612 et
667 1570 754 1623 ipsi
783 1569 976 1621 populus

147 1630 238 1681 ejus
265 1632 408 1678 erunt,
441 1632 485 1669 et
510 1627 606 1680 ipse
634 1627 755 1668 Deus
784 1637 885 1666 cum
912 1624 975 1666 eis

147 1686 230 1727 erit
248 1687 402 1727 eorum
419 1683 552 1725 Deus.

477 1747 643 1788 Oratio.

147 1807 327 1912 Deum
353 1807 428 1860 qui
447 1805 594 1850 beetae
611 1806 765 1847 Mariae
782 1804 977 1856 Virginis

259 1863 439 1906 domum
473 1875 553 1916 per
588 1861 804 1904 incarnati
838 1859 978 1902 Verbi

146 1920 403 1973 mysterium
442 1917 785 1960 misericorditer
826 1928 976 1957 conse-

148 1975 298 2026 crasti,
336 1977 522 2027 eamque
557 1974 602 2015 in
640 1973 736 2015 sinu
767 1971 978 2013 Ecclesiae

147 2036 237 2073 tuae
263 2030 520 2072 mirabiliter
546 2027 791 2071 collocasti:
824 2028 977 2068 conce-

149 2086 222 2138 de3
239 2092 289 2128 ut
304 2086 523 2137 segregati
538 2098 563 2127 a
577 2082 872 2127 tabernaculis
886 2094 979 2134 pec-

149 2145 364 2192 catorum,
397 2141 517 2193 digni
548 2141 787 2183 efficiamur
812 2137 977 2179 habita-

148 2201 268 2240 tores
288 2197 446 2240 domus
462 2202 627 2239 sanctae
641 2202 740 2238 tuae.
760 2195 847 2236 Per
861 2196 977 2235 eum-

150 2254 251 2296 dem
268 2253 506 2295 Dominum
523 2258 733 2295 nostrum.

202 2316 251 2351 Et
278 2317 320 2351 fit
347 2325 589 2351 commemor.
615 2314 738 2348 Feriae
767 2316 804 2347 et
828 2312 862 2347 S.
887 2311 978 2346 Mel-

152 2364 313 2399 chiadis.
337 2368 414 2404 392,

422 2432 490 2469 Ad
513 2432 713 2468 Primam.

204 2491 254 2530 In
275 2491 326 2542 R.
347 2490 407 2531 br.
428 2488 585 2531 dicitur
604 2483 654 2534 V.
683 2489 767 2540 Qui
785 2494 912 2531 natus
932 2500 980 2530 es

152 2547 208 2589 de
226 2548 367 2589 Maria
385 2546 579 2598 Virgine.

425 2618 493 2655 Ad
512 2618 715 2654 Tertiam.

207 2675 306 2715 Ant.
333 2674 501 2716 Domus
519 2686 629 2715 mea.

208 2733 465 2785 Capitulum.
494 2732 545 2772 In
563 2732 775 2775 omnibus.
794 2730 904 2783 [256]

303 2875 372 2900 Pars
388 2873 522 2899 Hiemalis.

1759 250 1851 294 [257]

1076 346 1126 397 Rz.
1152 344 1214 385 br.
1250 346 1336 387 Hic
1361 346 1517 387 domus
1543 345 1627 386 Dei
1653 349 1736 394 est,
1754 351 1775 374 *
1795 345 1852 385 Et

1023 405 1154 453 porta
1179 401 1289 443 coeli.
1329 402 1425 443 Hic.
1465 397 1512 447 V.
1542 402 1600 443 Et
1623 399 1853 442 vocabitur

1024 457 1123 499 aula
1141 458 1235 499 Dei.
1261 459 1329 498 Et.
1360 457 1510 499 Gloria
1528 457 1658 499 Patri.
1686 457 1782 497 Hic.

1077 507 1125 559 V.
1160 514 1348 555 Domine
1381 513 1514 555 dilexi
1542 513 1748 554 decerem
1776 511 1850 553 do-

1023 582 1120 610 mus
1138 574 1238 611 tuae.
1271 570 1316 619 R„
1334 570 1392 611 Et
1410 569 1557 610 locum
1571 567 1852 610 habitationis

1024 625 1178 676 gloriae
1196 630 1296 667 tuae.

1303 694 1370 730 Ad
1394 694 1579 730 Sextam.

1078 750 1177 790 Ant.
1211 750 1396 803 Propter
1416 750 1606 791 domum.

1104 810 1362 860 Capitulum.
1513 811 1640 850 Eccli.
1656 811 1718 849 24.
1736 810 1772 847 b.

1105 876 1122 913 t
1147 872 1209 912 sic
1231 871 1275 912 in
1294 870 1398 912 Sion
1421 871 1593 911 firmata
1614 882 1724 918 sum,
1750 873 1792 909 et
1810 868 1854 908 in

1135 928 1311 969 civitate
1348 927 1620 969 sanctificata
1658 924 1854 965 similiter

1025 984 1236 1035 requievi,
1265 988 1309 1024 et
1331 983 1374 1023 in
1394 982 1637 1024 Jerusalem
1655 982 1854 1033 potestas

1025 1052 1132 1080 mea.
1166 1040 1224 1081 Et
1246 1039 1440 1080 radicavi
1463 1039 1508 1078 in
1530 1037 1698 1090 populo
1718 1035 1853 1076 hono-

1024 1096 1213 1145 rificato,
1239 1100 1283 1137 et
1301 1095 1346 1135 in
1364 1099 1489 1147 parte
1507 1093 1592 1135 Dei
1614 1092 1700 1133 mei
1718 1091 1853 1132 haere-

1026 1152 1140 1193 ditas
1165 1151 1298 1201 illius,
1323 1156 1367 1192 et
1391 1150 1435 1190 in
1460 1147 1733 1202 plenitudine
1759 1159 1853 1187 san-

1026 1210 1197 1249 ctorum
1216 1207 1410 1248 detentio
1430 1218 1539 1247 mea.

1082 1262 1129 1313 Ιζν.
1150 1262 1210 1301 br.
1233 1262 1421 1304 Domine
1444 1263 1466 1285 *
1482 1260 1628 1302 Dilexi
1649 1258 1855 1300 decorem

1026 1318 1183 1360 domus
1200 1323 1300 1359 tuae.
1333 1318 1531 1359 Domine.
1563 1310 1613 1359 Y-
1633 1315 1690 1356 Et
1709 1314 1854 1355 locum

1024 1374 1306 1416 habitationis
1350 1374 1502 1424 gloriae
1547 1377 1646 1413 tuae.
1699 1369 1855 1411 Dilexi.

1029 1430 1181 1472 Gloria
1198 1430 1330 1471 Patri.
1356 1430 1556 1470 Domine.

1080 1480 1130 1532 V.
1153 1486 1348 1527 Domum
1371 1492 1492 1526 tuam
1511 1483 1700 1525 Domine
1726 1481 1855 1522 decet

1026 1542 1290 1584 sanctitudo.
1349 1542 1397 1592 Rg.
1441 1542 1492 1581 In
1536 1536 1856 1590 longitudinem

1027 1598 1206 1640 dierum.

1304 1648 1371 1685 Ad
1395 1649 1579 1685 Nonam.

1083 1707 1181 1748 Ant.
1207 1707 1399 1747 Domum
1418 1702 1659 1756 majestatis
1678 1714 1800 1743 meae.

1110 1766 1368 1818 Capitulum.
1518 1763 1646 1803 Eccli.
1660 1763 1725 1801 24.
1742 1761 1778 1801 b.

1075 1836 1103 1862 n
1129 1821 1288 1875 plateis
1322 1821 1434 1862 sicut
1462 1819 1783 1861 cinnamomum
1813 1821 1857 1858 et

1091 1877 1337 1919 balsamum
1361 1877 1652 1916 aromatizans
1674 1872 1857 1913 odorem

1028 1933 1146 1975 dedi:
1193 1933 1317 1985 quasi
1356 1930 1532 1983 myrrha
1574 1929 1714 1971 electa
1753 1926 1857 1969 dedi

1028 1989 1289 2030 suavitatem
1309 1987 1469 2029 odoris.

1084 2043 1133 2092 ΗΖ.
1158 2042 1219 2082 br.
1251 2044 1445 2084 Domum
1470 2047 1592 2084 tuam
1619 2038 1808 2081 Domine
1835 2040 1857 2062 *

1027 2100 1169 2141 Decet
1192 2098 1454 2140 sanctitudo.
1489 2098 1692 2138 Domum.
1728 2092 1778 2140 V.
1805 2094 1857 2134 In

1027 2154 1347 2206 longitudinem
1366 2154 1545 2195 dierum.
1573 2153 1724 2194 Decet.
1754 2149 1855 2191 Glo-

1028 2211 1092 2252 ria
1109 2211 1240 2253 Patri.
1266 2210 1459 2251 Domum
1476 2214 1608 2250 tuam.

1085 2262 1135 2311 V·
1157 2267 1244 2307 Hic
1268 2266 1426 2307 domus
1444 2265 1530 2306 Dei
1554 2269 1636 2313 est,
1661 2267 1705 2304 et
1727 2267 1858 2315 porta

1030 2322 1143 2363 coeli.
1176 2321 1227 2371 Rs-
1238 2322 1297 2363 Et
1314 2319 1545 2363 vocabitur
1563 2318 1663 2360 aula
1679 2318 1774 2359 Dei.

1235 2397 1297 2438 In
1318 2397 1382 2437 11.
1400 2393 1650 2446 vesperis.

1088 2456 1225 2491 Omnia
1246 2460 1287 2490 ut
1304 2456 1343 2489 in
1362 2455 1388 2489 I.
1413 2454 1529 2497 Vesp.
1548 2453 1649 2498 [251]‚
1678 2454 1833 2493 praeter:

1088 2514 1158 2554 Ad
1187 2514 1362 2564 Magnis.
1405 2514 1502 2552 Ant.
1548 2512 1585 2551 O
1612 2521 1744 2560 quam
1769 2521 1856 2549 me-

1030 2566 1218 2609 tuendus
1251 2571 1319 2608 est
1350 2566 1474 2607 locus
1506 2565 1605 2606 iste:
1635 2576 1738 2605 vere
1769 2576 1856 2604 non

1031 2629 1099 2664 est
1126 2623 1197 2664 hic
1225 2621 1361 2671 aliud,
1388 2621 1471 2661 nisi
1499 2620 1655 2662 domus
1682 2619 1783 2667 Dei,
1814 2622 1858 2659 et

1029 2683 1160 2731 porta
1178 2678 1289 2720 coeli.
