2040 2990
170 214 242 249 190

792 208 832 241 ln
859 207 1070 241 Nativitute
1094 206 1259 240 Domini.

450 306 517 342 Ad
541 306 725 342 Nonam.

223 368 320 406 Ant.
357 367 564 409 Parvulas
584 366 709 407 filius.

272 435 532 486 Capitulum.
661 434 791 475 Hebr.
811 435 837 473 1.
855 433 894 473 d.

167 491 284 595 Ipsi
302 497 520 550 peribunt,
540 501 589 537 tu
609 499 756 536 autem
773 495 999 546 permane-

233 553 317 603 bis;
337 558 380 595 et
400 566 553 594 omnes
568 553 680 593 sicut
690 550 1001 591 vestimentum

169 612 460 651 veterescent:
480 615 524 650 et
543 608 663 650 velut
682 608 892 647 amictum
909 619 999 646 mu-

167 665 284 707 tabis
305 678 392 715 eos,
413 671 456 707 et
469 663 771 706 mutabuntur:
790 667 838 703 tu
853 667 1001 703 autern

169 721 288 763 idem
307 722 402 774 ipse
422 735 485 771 es,
512 726 555 762 et
580 720 682 761 anni
703 718 768 760 tui
787 731 875 759 non
897 717 1000 759 defi-

168 777 295 819 cient.

224 830 270 870 lv
291 830 352 870 br
377 833 596 875 Viderunt
616 843 769 874 omnes
788 830 897 872 fines
917 835 1000 871 ter-

168 904 245 953 rae,
267 890 289 911 *
318 890 523 942 Alleluia,
552 888 734 939 alleluja.
771 886 1001 928 Viderunt.

168 937 218 989 ¹³-
250 946 450 989 Salutate
484 946 569 987 Dei
602 944 753 986 nostri.
802 943 1001 994 Alleluja,

169 1003 352 1064 alleluja.
382 1002 534 1043 Gloria
552 1001 684 1042 Patri.
711 999 940 1042 Viderunt.

220 1051 269 1102 ,Y-
289 1058 488 1101 Verbum
504 1070 607 1099 caro
623 1058 787 1098 factum
806 1061 884 1105 est,
900 1055 1000 1096 alle-

167 1116 265 1168 luia.
293 1112 343 1162 R·
364 1115 421 1156 Et
439 1114 683 1156 habitavit
672 1127 715 1154 ln
734 1112 872 1162 nobis,
890 1112 1001 1154 allel.

375 1196 436 1236 In
458 1195 516 1236 Π.
540 1194 792 1245 vesperis.

223 1260 321 1298 Ant.
351 1260 516 1301 Tecum
539 1260 805 1312 principium
824 1260 847 1285 *
866 1260 911 1300 in
930 1260 1001 1301 die

168 1316 342 1358 virtutis
366 1321 474 1365 tuae,
501 1317 544 1357 in
570 1316 879 1368 splendoribus
906 1329 1001 1357 san—

168 1374 357 1422 ctorum,
394 1386 448 1414 ex
479 1376 607 1414 utero
641 1377 742 1414 ante
773 1372 1001 1414 luciferum

168 1429 298 1479 genui
316 1433 371 1469 te.

428 1483 627 1523 Psalmus
646 1483 740 1523 109.

245 1554 289 1588 x
303 1544 382 1585 ixit
401 1545 618 1586 Dominus
633 1545 825 1586 Domino
845 1558 960 1586 meo:
977 1546 1001 1571 *

291 1634 294 1639 .
328 1600 442 1642 Sede
462 1614 488 1641 a
508 1600 677 1642 dextris
696 1601 823 1642 meis:

249 1655 285 1681 ’Ξ
380 1657 535 1698 Donec
586 1669 748 1709 ponam
798 1658 1001 1699 inimicos

168 1713 335 1762 tuos,*
360 1713 601 1754 scabellum
624 1713 790 1765 pedum
814 1716 1001 1755 tuorum.

220 1768 404 1820 Virgam
425 1769 601 1810 virtutis
620 1774 710 1810 tuae
727 1772 898 1811 emittet
912 1771 1001 1811 Do-

168 1825 312 1865 minus
339 1837 393 1866 ex
413 1825 535 1866 Sion:
554 1826 578 1851 *
599 1825 826 1867 dominare
850 1826 895 1866 in
915 1828 1001 1867 me-

170 1880 244 1921 dio
265 1880 543 1922 inimicorum
560 1883 748 1923 tuorum.

221 1936 388 1978 Tecum
416 1937 683 1990 principium
711 1938 755 1978 in
776 1937 848 1979 die
868 1938 1000 1979 virtu-

169 1991 227 2033 tis
241 1997 330 2033 tuae
346 1993 391 2033 in
406 1993 718 2045 splendoribus
733 1996 1001 2035 sanctorum.

169 2048 193 2073 *
214 2060 268 2089 ex
288 2051 415 2090 utero
433 2054 534 2090 ante
551 2049 780 2091 luciferum
798 2050 929 2101 genui
946 2055 1001 2091 te.

221 2104 392 2145 Juravit
423 2105 534 2153 Dfis‚
571 2110 614 2146 et
646 2118 734 2146 non
766 2106 1001 2158 poenitebit

172 2173 286 2201 eum:
301 2160 324 2185 *
339 2160 408 2201 Tu
429 2173 475 2201 es
496 2161 705 2202 sacerdos
725 2162 769 2202 in
789 2164 1002 2203 aeternum

172 2215 414 2257 secundum
439 2216 640 2258 ordinem
664 2217 1001 2260 Melchisedech.

223 2272 439 2313 Dominus
455 2285 480 2313 a
496 2272 663 2314 dextris
678 2274 777 2323 tuis,
794 2274 817 2299 *
834 2275 1001 2316 confre-

171 2328 235 2378 git
254 2328 298 2368 in
318 2327 390 2369 die
409 2328 486 2369 irae
506 2341 598 2369 suae
617 2342 755 2380 reges.

223 2383 248 2424 J
249 2383 448 2425 udicabit
464 2385 508 2424 in
521 2384 784 2434 nationibus,
800 2386 1002 2438 implebit

173 2441 339 2480 ruinas:
371 2441 395 2465 ‘⁸‘
431 2441 746 2492 conquassabit
779 2443 925 2494 capita
958 2443 1001 2483 in

173 2500 291 2536 terra
312 2496 561 2537 multorum.

224 2551 293 2592 De
318 2553 515 2593 torrente
540 2553 584 2592 in
608 2552 679 2593 via
704 2552 842 2594 bibet:
860 2554 884 2579 *
904 2567 1002 2606 pro-

173 2608 326 2659 pterea
346 2607 558 2648 exaltabit
577 2613 719 2660 caput.

224 2663 256 2700 A
265 2667 320 2700 nt.
364 2663 529 2704 Tecum
562 2664 823 2716 principium
856 2665 899 2705 in
932 2665 1002 2707 die

174 2719 346 2760 virtutis
372 2724 476 2768 tuae,
505 2720 549 2760 in
574 2720 883 2772 splendoribus
909 2734 1003 2762 san-

1053 302 1242 350 ctorum,
1274 315 1330 343 ex
1363 304 1490 343 utero
1524 306 1625 343 ante
1656 301 1884 343 luciferum

1052 357 1182 408 genui
1200 362 1256 399 te.

1107 422 1204 462 Ant.
1233 418 1599 470 Redemptionem
1617 418 1641 444 *
1658 417 1778 459 misit
1796 417 1884 459 Do-

1053 473 1196 515 minus
1233 474 1401 527 populo
1435 487 1531 516 suo:
1577 474 1804 516 mandavit
1842 474 1885 515 in

1053 531 1267 571 aeternum
1285 532 1598 573 testamentum
1618 543 1756 572 suum.

1318 601 1516 641 Psalmus
1540 603 1624 641 110.

1054 655 1347 763 Confitebor
1378 661 1459 703 tibi
1490 661 1679 702 Domine
1713 660 1758 701 in
1788 664 1884 701 toto

1143 719 1276 760 corde
1298 731 1413 760 meo:
1433 720 1457 745 *
1475 718 1519 758 in
1544 716 1729 759 consilio
1754 716 1885 768 justo-

1053 787 1161 825 rum,
1181 780 1225 817 et
1245 774 1598 826 congregatione.

1107 831 1266 882 Magna
1298 834 1435 884 opera
1466 830 1659 871 Domini:
1687 829 1711 855 *
1738 829 1886 882 exqui-

1054 890 1137 929 sita
1155 889 1199 928 in
1219 900 1371 930 omnes
1391 887 1644 929 voluntates
1665 886 1768 936 ejus.

1107 944 1335 985 Confessio
1359 949 1404 985 et
1425 942 1751 995 magnificentia
1773 954 1886 994 opus

1055 1001 1160 1052 ejus:
1178 1001 1202 1026 *
1222 1005 1266 1042 et
1285 1000 1449 1052 justitia
1468 1000 1560 1051 ejus
1578 1002 1726 1040 manet
1744 998 1789 1039 in
1808 999 1886 1038 sae-

1054 1056 1200 1098 culum
1221 1056 1383 1098 saeculi.

1105 1113 1365 1155 Memoriam
1384 1112 1487 1154 fecit
1505 1110 1771 1152 mirabilium
1789 1111 1886 1151 suo-

1053 1183 1168 1218 rum,
1195 1169 1448 1211 misericors
1475 1173 1519 1210 et
1546 1167 1780 1208 miserator
1798 1166 1887 1207 Do-

1054 1226 1212 1266 minus:
1222 1227 1246 1251 *
1258 1238 1407 1267 escam
1422 1224 1544 1267 dedit
1558 1222 1814 1266 timentibus
1829 1234 1888 1263 se.

1106 1282 1277 1323 Memor
1315 1281 1398 1323 erit
1435 1282 1479 1322 in
1512 1279 1723 1322 saeculum
1755 1283 1887 1320 testa-

1053 1339 1190 1379 menti
1209 1339 1291 1379 sui:
1309 1338 1333 1364 *
1353 1338 1562 1379 virtutem
1584 1338 1769 1389 operum
1790 1336 1887 1376 suo-

1054 1407 1151 1435 rum
1169 1393 1445 1436 annuntiabit
1462 1392 1630 1446 populo
1650 1404 1747 1434 suo:

1106 1450 1167 1492 Ut
1207 1450 1282 1492 det
1317 1450 1403 1491 illis
1435 1449 1743 1491 haereditatem
1775 1447 1888 1488 Gen-

1055 1507 1180 1547 tium:
1208 1508 1232 1534 *
1261 1509 1397 1559 opera
1425 1508 1633 1547 manuum
1662 1505 1752 1556 ejus
1779 1502 1888 1544 veri-

1054 1567 1134 1612 tas,
1154 1568 1198 1604 et
1216 1563 1435 1615 judicium.

1106 1619 1276 1661 Fidelia
1289 1618 1436 1660 omnia
1446 1617 1655 1660 mandata
1666 1616 1772 1668 ejus:
1787 1627 1888 1657 con-

1054 1675 1229 1717 firmata
1246 1675 1291 1716 in
1316 1674 1526 1716 saeculum
1546 1673 1711 1722 saeculi,
1730 1675 1755 1698 *¹
1773 1671 1890 1713 facta

1054 1731 1097 1771 in
1117 1732 1303 1773 veritate
1324 1736 1368 1772 et
1388 1730 1609 1782 aequitate.

1109 1787 1481 1840 Redemptionem
1490 1787 1610 1828 misit
1617 1784 1784 1839 populo
1794 1796 1889 1825 suo:

1054 1846 1078 1871 *
1097 1844 1322 1886 mandavit
1346 1844 1391 1884 in
1416 1845 1630 1884 aeternum
1655 1842 1888 1883 testamen-

1054 1904 1147 1941 tum
1168 1913 1305 1941 suum.

1107 1956 1326 2007 Sanctum,
1343 1961 1387 1999 et
1401 1954 1597 1998 terribile
1611 1966 1772 1996 nomen
1783 1953 1889 2005 ejus:

1055 2014 1078 2039 *
1096 2014 1267 2055 initium
1292 2013 1522 2066 sapientiae
1546 2012 1679 2053 timor
1697 2008 1889 2051 Domini.

1107 2070 1363 2111 Intellectus
1403 2069 1547 2111 bonus
1590 2066 1794 2109 omnibus
1830 2065 1889 2106 fa-

1056 2125 1272 2168 cientibus
1294 2139 1407 2168 eum:
1426 2127 1450 2151 *
1469 2124 1665 2167 laudatio
1691 2123 1782 2174 ejus
1801 2134 1888 2162 ma-

1055 2187 1130 2224 net
1149 2183 1193 2223 in
1213 2182 1424 2224 saeculum
1444 2181 1604 2222 saeculi.

1105 2248 1206 2286 Ant.
1248 2246 1618 2299 Redemptionem
1649 2243 1768 2284 misit
1802 2242 1888 2283 Do-

1054 2304 1198 2344 minus
1217 2303 1385 2355 populo
1406 2314 1501 2344 suo:
1524 2299 1751 2341 mandavit
1770 2299 1814 2339 in
1833 2311 1889 2339 ae-

1056 2362 1229 2401 ternum
1247 2360 1561 2400 testamentum
1581 2369 1717 2397 suum.
1805 2407 1811 2413 ἢ

1107 2423 1205 2462 Ant.
1234 2424 1452 2464 Exortum
1482 2427 1549 2463 est
1576 2422 1599 2447 *
1625 2422 1669 2461 in
1696 2418 1889 2461 tenebris

1057 2480 1203 2521 lumen
1223 2480 1354 2521 rectis
1374 2478 1526 2520 corde:
1553 2476 1820 2524 misericors,
1846 2478 1890 2515 et

1057 2538 1301 2585 miserator,
1321 2540 1365 2577 et
1383 2536 1520 2586 justus
1540 2534 1767 2575 Dominus.

1326 2604 1525 2644 Psalmus
1546 2604 1616 2643 111.

1054 2661 1267 2765 Beatus
1286 2665 1368 2714 vir,
1394 2664 1468 2729 qui
1491 2664 1617 2728 timet
1636 2663 1888 2728 Dominum:

1152 2724 1176 2750 *
1195 2735 1238 2762 m
1257 2720 1477 2762 mandans
1498 2733 1589 2771 ejus
1609 2719 1728 2761 volet
1748 2732 1888 2760 nimis.
