2040 2990
647 208 848 242 Dominica
875 208 935 242 VI.
962 212 1049 251 post
1071 208 1337 251 Epiphaniam.

1773 204 1839 239 313

153 303 415 344 ministraret
445 303 488 344 in
520 303 702 345 vinculis
729 303 969 354 Evangelii:

153 360 244 401 sine
267 359 450 401 consilio
469 364 614 401 autem
633 365 709 401 tuo
728 359 834 400 nihil
852 359 969 400 volui

151 415 310 466 facere,
333 417 398 458 uti
420 429 474 458 ne
493 416 611 458 velut
635 429 688 458 ex
706 416 968 458 necessitate

151 471 313 513 bonum
334 477 457 514 tuum
481 478 612 523 esset,
641 473 719 515 sed
737 473 968 515 voluntari-

150 541 234 569 um.
271 529 472 570 Forsitan
501 530 615 571 enim
641 530 741 572 ideo
769 529 970 571 discessit

151 584 207 626 ad
230 585 383 626 horam
409 599 434 627 a
456 591 516 636 te,
543 591 590 628 ut
613 588 823 628 aeternum
848 586 969 627 illum

151 644 382 694 reciperes:
405 643 490 694 jam
507 656 595 684 non
614 647 661 685 ut
679 656 866 692 servum,
891 642 969 684 sed

150 711 231 751 pro
251 711 378 740 servo
393 700 661 741 carissimum
674 699 862 749 fratrem,
882 701 968 739 ma-

150 755 264 796 xime
295 755 413 796 mihi:
454 760 614 808 quanto
651 760 796 797 autem
831 755 968 806 magis

150 810 231 853 tibi
254 816 297 853 et
319 812 363 852 in
383 825 526 862 carne,
555 817 598 855 et
615 812 659 854 in
677 811 891 854 Domino?
924 812 969 854 Si

152 880 254 919 ergo
273 868 408 911 habes
431 882 500 911 me
519 869 700 919 socium,
727 869 899 921 suscipe
923 868 968 909 il-

150 924 240 965 lum
259 925 371 967 sicut
389 939 472 968 me:
493 926 531 967 si
550 930 695 968 autem
714 925 877 977 aliquid
896 927 968 966 no-

150 981 238 1023 cuit
262 981 363 1032 tibi,
386 987 460 1024 aut
484 982 628 1025 debet:
655 982 739 1024 hoc
767 981 872 1023 mihi
894 984 968 1023 im-

149 1043 265 1090 puta.
330 1039 424 1090 Ego
469 1039 629 1081 Paulus
674 1039 829 1092 scripsi
872 1051 970 1080 mea

149 1107 289 1137 manu.

205 1153 256 1205 R.
278 1151 464 1204 Adjutor
482 1166 615 1195 meus.
632 1154 732 1194 290.

377 1225 455 1266 Ad
473 1226 736 1276 vesperas.

488 1290 649 1332 Oratio.

235 1351 366 1389 raesta
397 1349 661 1399 quaesumus,
693 1350 968 1401 omnipotens

245 1404 382 1445 Deus:
413 1408 461 1445 ut
492 1417 663 1457 semper
696 1404 969 1446 rationabilia

150 1458 425 1509 meditantes,
453 1473 551 1513 quae
573 1460 653 1502 tibi
678 1466 777 1503 sunt
798 1461 968 1514 placita,

152 1520 195 1557 et
210 1515 336 1558 dictis
351 1520 651 1569 exsequamur,
671 1522 714 1559 et
730 1517 865 1559 factis.
885 1518 969 1560 Per

150 1572 386 1614 Dominum
405 1578 611 1615 nostrum.

370 1730 642 1780 Dominica
663 1730 749 1779 VI.

268 1799 408 1846 post
446 1793 866 1846 Epiphaniam.

387 1870 437 1909 In
463 1869 493 1908 Ι.
521 1868 742 1907 Nocturno.

156 1933 309 1986 Incipit
335 1934 533 1987 Epistola
560 1934 675 1976 beati
701 1934 825 1976 Pauli
851 1936 969 1988 Apo-

352 1990 454 2033 stoli
473 1990 529 2032 ad
547 1990 772 2033 Hebraeos.

260 2051 412 2092 Lectio
432 2051 455 2090 i.
724 2049 824 2100 Cap.
844 2050 873 2088 1.

161 2132 164 2164 3
182 2150 191 2169 .
218 2149 270 2167 ἡ
298 2107 555 2158 ultifariam,
575 2108 809 2162 multisque
827 2109 969 2151 modis

162 2170 201 2222 {533
229 2166 269 2223 J,
329 2163 432 2205 olim
467 2165 586 2206 Deus
622 2165 805 2217 loquens
840 2166 969 2219 patri-

264 2232 273 2235 ·
297 2222 301 2228 '
328 2219 409 2262 bus
441 2221 484 2261 in
512 2221 756 2274 Prophetis:
790 2222 969 2264 novissi-

152 2289 236 2326 me,
263 2276 417 2318 diebus
440 2277 534 2319 istis
557 2278 728 2319 locutus
753 2283 819 2320 est
841 2278 968 2320 nobis

152 2332 196 2373 in
214 2332 341 2383 Filio,
362 2346 490 2385 quem
509 2335 733 2377 constituit
751 2335 969 2376 haeredem

153 2389 467 2439 universorum,
508 2404 587 2443 per
624 2404 752 2443 quem
787 2392 890 2433 fecit
927 2396 970 2433 et

154 2445 326 2487 saecula:
351 2447 424 2498 qui
449 2459 547 2488 cum
571 2448 627 2489 sit
651 2448 858 2500 splendor
880 2448 969 2499 glo-

154 2501 240 2551 riae,
259 2506 303 2543 et
321 2502 459 2553 figora
477 2503 731 2545 substantiae
752 2505 852 2556 ejus,
872 2516 969 2556 por-

153 2558 338 2610 tansque
357 2559 501 2600 omnia
519 2560 654 2602 verbo
674 2561 846 2602 virtutis
870 2572 970 2609 suae,

153 2614 455 2665 purgationem
486 2618 767 2668 peccatorum
799 2617 970 2665 faciens,

1022 306 1134 351 etus,
1161 306 1323 354 quanto
1349 301 1614 343 differentius
1638 314 1730 354 prae
1755 301 1838 342 illis

1021 371 1178 400 nomen
1198 357 1483 399 haereditavit.

1075 422 1125 473 Rg.
1149 418 1351 467 Domine,
1375 431 1429 459 ne
1447 418 1490 458 in
1508 419 1572 459 ira
1589 423 1662 459 tua
1682 420 1838 470 arguas

1020 488 1106 524 me,
1130 487 1270 527 neque
1295 475 1338 515 in
1360 474 1505 516 furore
1528 480 1603 516 tuo
1627 475 1838 527 corripias

1021 545 1106 573 me:
1127 534 1149 557 *
1170 532 1377 573 Miserere
1402 532 1486 572 mei
1507 531 1708 580 Domine,
1735 534 1838 584 quo-

1021 589 1137 629 niam
1167 588 1362 629 infirmus
1395 601 1500 628 sum.
1548 582 1596 633 Y.
1620 588 1769 628 Timor
1795 593 1838 629 et

1020 649 1184 686 tremor
1201 646 1412 686 venerunt
1431 657 1561 696 super
1579 657 1659 694 me,
1679 649 1721 685 et
1741 657 1838 686 con-

1021 703 1222 743 texerunt
1231 714 1301 742 me
1311 700 1514 742 tenebrae.
1528 701 1734 742 Miserere
1744 701 1838 742 mei.

1332 775 1481 815 Lectio
1503 775 1541 813 ii.

1102 841 1145 882 ui
1165 841 1277 881 enim
1304 840 1414 882 dixit
1442 840 1674 893 aliquando
1699 840 1839 891 Ange-

1112 897 1265 938 lorum:
1290 897 1423 938 Filius
1446 910 1568 939 meus
1596 910 1641 938 es
1666 901 1728 946 tu,
1758 908 1838 948 ego

1022 954 1152 996 hodie
1179 954 1307 1005 genui
1333 952 1398 995 te?
1439 954 1495 995 Et
1522 967 1707 995 rursum:
1745 953 1838 1003 Ego

1023 1024 1097 1053 ero
1117 1011 1178 1052 illi
1196 1012 1239 1051 in
1258 1016 1442 1063 patrem,
1463 1015 1506 1052 et
1524 1011 1617 1063 ipse
1638 1010 1719 1051 erit
1736 1010 1840 1051 mihi

1021 1069 1064 1108 in
1083 1066 1239 1109 filium?
1267 1068 1323 1109 Et
1347 1081 1445 1109 cum
1467 1070 1624 1108 iterum
1648 1066 1838 1108 introdu—

1022 1125 1080 1166 cit
1104 1125 1439 1178 primogenitum
1463 1124 1506 1164 in
1532 1123 1682 1165 orbem
1700 1128 1839 1173 terrae,

1022 1181 1140 1223 dicit:
1167 1181 1223 1222 Et
1248 1180 1431 1222 adorent
1458 1193 1555 1222 eum
1580 1193 1729 1222 omnes
1754 1180 1838 1221 An-

1021 1238 1107 1290 geli
1133 1238 1227 1279 Dei.
1274 1238 1329 1278 Et
1359 1237 1415 1279 ad
1443 1237 1635 1288 Angelos
1664 1236 1839 1289 quidem

1022 1294 1141 1336 dicit:
1162 1295 1245 1345 Qui
1263 1293 1365 1335 facit
1383 1294 1575 1346 Angelos
1595 1307 1698 1335 suos
1718 1294 1838 1346 spiri-

1020 1356 1108 1401 tus,
1147 1357 1190 1393 et
1225 1352 1446 1393 ministros
1483 1363 1586 1392 suos
1623 1351 1840 1392 flammam

1020 1408 1143 1459 ignis.
1180 1408 1252 1449 Ad
1271 1407 1427 1449 Filium
1454 1412 1611 1449 autem:
1637 1407 1839 1448 Thronus

1021 1469 1121 1506 tuus
1140 1465 1259 1506 Deus
1283 1465 1326 1505 in
1346 1464 1555 1505 saeculum
1574 1463 1735 1504 saeculi:
1758 1463 1839 1504 vir-

1020 1534 1075 1573 ga
1095 1521 1323 1574 aequitatis,
1343 1521 1464 1572 virga
1482 1520 1603 1572 regni
1620 1520 1693 1561 tui.
1725 1519 1839 1561 Dile-

1022 1578 1123 1620 xisti
1153 1578 1373 1629 justitiam,
1405 1582 1448 1619 et
1480 1576 1612 1618 odisti
1643 1576 1839 1627 iniquita-

1021 1638 1124 1675 tem:
1138 1635 1373 1687 propterea
1388 1634 1510 1675 unxit
1524 1638 1567 1674 te
1578 1633 1708 1682 Deus,
1721 1633 1840 1674 Deus

1020 1695 1120 1732 tuus
1146 1690 1243 1732 oleo
1270 1690 1568 1732 exsultationis
1593 1702 1684 1742 prae
1710 1689 1839 1742 parti·

1022 1746 1191 1799 cipibus
1209 1747 1306 1788 tuis.

1081 1802 1131 1853 Rv.
1151 1803 1280 1852 Deus,
1314 1803 1386 1854 qui
1410 1802 1538 1844 sedes
1566 1815 1696 1854 super
1723 1802 1839 1844 thro-

1021 1873 1139 1908 num,
1174 1864 1217 1900 et
1249 1858 1413 1910 judicas
1445 1858 1709 1911 aequitatem,
1744 1862 1838 1899 esto

1021 1915 1232 1966 refugium
1282 1918 1523 1967 pafiperum
1571 1915 1615 1955 in
1663 1914 1838 1956 tribula-

1020 1971 1153 2012 tione:
1182 1968 1205 1992 *
1229 1971 1339 2020 Quia
1362 1976 1410 2012 tu
1432 1971 1550 2013 solus
1575 1970 1771 2013 laborem
1797 1976 1839 2013 et

1021 2027 1219 2068 dolorem
1239 2027 1499 2069 consideras.
1542 2019 1592 2068 V·
1606 2027 1707 2070 Tibi
1726 2028 1839 2069 enim

1021 2083 1254 2124 derelictus
1288 2088 1354 2125 est
1385 2097 1568 2137 pauper,
1600 2084 1766 2137 pupillo
1792 2089 1839 2125 tu

1022 2139 1106 2181 eris
1125 2139 1304 2191 adjutor.
1337 2140 1446 2190 Quia
1464 2146 1512 2182 tu
1531 2140 1661 2183 solus.

1326 2207 1477 2247 Lectio
1499 2207 1553 2246 iii.

1108 2283 1138 2320 t:
1165 2279 1233 2320 Tu
1256 2280 1300 2320 in
1316 2280 1529 2333 principio
1547 2280 1733 2322 Domine
1756 2285 1839 2322 ter-¹

1106 2348 1198 2377 ram
1211 2336 1416 2378 fundasti:
1431 2342 1473 2378 et
1489 2338 1623 2388 opera
1636 2339 1839 2377 manuum

1021 2394 1192 2433 tuarum
1222 2398 1324 2434 sunt
1353 2393 1463 2434 coeli.
1502 2393 1594 2445 Ipsi
1626 2393 1838 2445 peribunt,

1020 2453 1068 2489 tu
1087 2453 1231 2490 autem
1248 2448 1536 2502 permanebis,
1562 2453 1604 2490 et
1623 2462 1773 2490 omnes
1791 2453 1839 2490 ut

1022 2504 1326 2547 vestimentum
1344 2507 1631 2546 veterascent:
1656 2509 1700 2546 et
1720 2505 1838 2546 velut

1022 2563 1226 2602 amictum
1243 2561 1430 2603 mutabis
1450 2573 1536 2610 eos,
1556 2566 1599 2602 et
1614 2561 1837 2615 mutabun-

1021 2620 1104 2657 tur:
1122 2621 1170 2658 tu
1188 2622 1333 2659 autem
1351 2617 1467 2659 idem
1487 2617 1581 2668 ipse
1601 2630 1659 2666 es,
1678 2621 1722 2658 et
1740 2615 1837 2657 anni

155 2668 278 2710 sedet
315 2669 371 2711 ad
407 2670 629 2714 dexteram
659 2672 896 2725 majestatis
928 2672 970 2712 in
1012 2672 1085 2713 ,tui
1102 2686 1190 2714 non
1210 2673 1423 2715 deficient.
1456 2673 1528 2715 Ad
1548 2686 1676 2725 quem
1695 2676 1837 2713 autem

155 2724 351 2766 excelsis:
369 2731 490 2768 tanto
507 2728 660 2770 melior
674 2728 853 2780 Angelis
874 2727 969 2769 effe·
998 2705 1289 2779 {Angelorum
1316 2729 1425 2771 dixit
1450 2729 1699 2781 aliquando:
1726 2726 1837 2769 Sede

305 2867 368 2892 Pars
383 2867 516 2893 Hiemalis.

1593 2860 1633 2892 21
