2040 2990
616 195 666 228 27.
692 195 781 228 Dec.
828 195 862 227 S.
888 193 1052 226 sommis
1075 193 1210 235 Apost.
1236 198 1271 226 et
1295 192 1441 234 Evang.

229 296 382 335 Psalm.
422 292 635 334 Dominus
668 290 879 341 regnavit.
906 290 965 330 15.

227 354 263 392 2.
297 350 381 391 Hic
409 353 476 391 est
505 347 744 401 discipulus
771 346 858 396 ille,
882 347 906 373 *
930 345 1004 398 qui

173 406 473 449 testimonium
509 404 712 458 perhibet
750 403 805 445 de
837 402 919 443 his:
961 407 1004 443 et

173 464 335 505 scimus
352 463 454 516 quia
464 475 616 504 verum
627 466 694 503 est
704 459 1003 502 testimenium

173 533 274 572 ejus.

225 578 260 618 3.
289 577 374 618 Hic
394 580 461 617 est
480 575 721 628 discipulus
740 586 878 615 meus:
897 573 921 599 *
941 573 1004 614 sic

173 647 273 676 eum
292 633 395 675 volo
414 634 602 682 manere,
622 631 762 674 donec
782 630 964 671 veniam.

224 691 263 730 4.
298 690 407 731 Sunt
436 689 491 731 de
517 689 589 730 hic
617 686 848 737 stantibus,
877 687 900 713 *
930 686 1003 739 qui

172 759 261 788 non
284 746 524 798 gustabunt
548 750 753 794 mortem,
780 743 924 785 donec
943 745 1002 784 vi-

172 804 305 846 deant
324 804 483 845 Filium
498 803 685 844 heminis
698 802 742 842 in
757 813 894 852 regno
911 813 1003 841 suo.

224 863 261 901 5.
304 863 420 903 Ecce
453 873 564 913 puer
600 872 724 901 meus
761 858 784 884 *
823 857 1003 907 electus,

173 931 304 970 quem
319 918 440 969 elegi,
459 916 587 970 posui
608 928 740 969 super
761 928 860 957 eum
879 914 1001 967 spiri-

171 980 265 1017 tum
283 988 440 1017 meum.

278 1033 537 1084 Capitulum.
689 1033 818 1074 Eccli.
839 1035 896 1074 15.

257 1094 303 1135 ui
320 1094 444 1135 timet
462 1093 621 1142 Deum,
647 1091 778 1133 faciet
802 1090 933 1132 bona:
960 1093 1003 1131 et

278 1151 351 1203 qui
371 1150 598 1192 centinens
622 1153 689 1190 est
712 1147 903 1200 justitiae,
928 1159 1001 1199 ap-

170 1207 414 1261 prehendet
449 1206 586 1256 illam,
629 1210 672 1247 et
709 1203 906 1246 obviabit
941 1202 1003 1243 illi

173 1265 298 1317 quasi
316 1269 456 1307 mater
475 1262 777 1305 honorificata.

484 1327 695 1378 Hymnus.

305 1382 467 1424 xsultet
487 1382 607 1423 orbis
626 1380 812 1432 gaudiis:

329 1439 500 1482 Coelum
519 1438 702 1480 resultet
720 1435 942 1478 laudibus:

276 1496 598 1550 Apostolorum
616 1494 802 1547 gloriam

274 1554 425 1595 Tellus
450 1558 494 1595 et
514 1557 632 1594 astra
653 1551 900 1593 concinunt.

232 1619 317 1661 Vos
337 1618 601 1660 saecu16rum
619 1616 796 1669 jndices,

274 1677 332 1718 Et
351 1688 456 1718 vera
474 1674 627 1717 mundi
644 1673 822 1714 lumina:

274 1732 406 1774 Votis
425 1734 659 1785 precamur
679 1728 890 1778 cordium,

276 1789 439 1831 Audite
459 1801 592 1830 voces
613 1786 874 1840 supplicum.

227 1855 311 1904 Qui
329 1854 495 1907 templa
514 1853 615 1895 coeli
635 1851 847 1900 clauditis,

276 1912 495 1964 Serasque
515 1910 652 1953 verbo
672 1908 854 1958 selvitis‚

276 1967 371 2009 Nos
391 1980 417 2009 a
434 1970 561 2009 reatu
580 1966 738 2008 nexios

276 2024 397 2065 Solvi
417 2024 572 2076 jubete,
594 2025 856 2076 quaesumus.

228 2089 456 2142 Praecepta
476 2102 662 2142 quorum
680 2088 883 2141 pretinus

279 2145 485 2198 Languor
505 2145 711 2197 salusque
731 2144 932 2194 sentiunt,

277 2203 437 2245 Sanate
455 2207 625 2244 mentes
644 2201 884 2253 languidas,

276 2260 449 2310 Augete
467 2272 548 2301 nos
568 2258 812 2300 virtutibus.

222 2325 292 2375 Ut,
315 2338 414 2367 cum
435 2324 595 2366 redibit
615 2323 796 2365 Arbiter

277 2383 328 2423 In
347 2382 433 2423 fine
455 2381 654 2423 Christus
674 2379 834 2429 saeculi,

276 2438 372 2480 Nos
392 2437 645 2491 sempiterni
663 2436 810 2488 gaudii

278 2494 503 2537 Concedat
524 2507 622 2536 esse
642 2495 882 2545 compotes.

232 2562 342 2610 Jesu,
362 2559 440 2601 tibi
459 2560 514 2601 sit
532 2559 681 2610 gloria,

278 2617 361 2667 Qui
380 2621 509 2657 natus
530 2629 576 2658 es
597 2615 652 2657 de
672 2614 864 2666 Virgine,

277 2674 385 2715 Cum
404 2674 545 2723 Patre,
565 2677 609 2714 et
628 2671 743 2713 almo
763 2671 937 2723 Spiritu,

276 2732 327 2772 In
353 2730 619 2783 sempiterna
644 2728 815 2770 saecula.
849 2728 1001 2768 Amen.

1110 287 1161 337 V.
1180 289 1266 330 Hic
1283 293 1351 330 est
1369 287 1611 341 discipulus
1629 288 1714 339 ille,
1735 288 1809 341 qui
1827 293 1888 330 te-

1058 345 1311 386 stimenium
1335 344 1539 398 perhibet
1564 344 1619 387 de
1643 344 1721 387 his.
1757 346 1808 398 Rz.
1831 345 1889 387 Et

1057 401 1220 443 scimus
1237 401 1339 454 quia
1347 414 1501 443 verum
1513 406 1580 444 est
1590 401 1889 444 testimenium

1059 471 1160 510 ejus.

1111 516 1183 556 Ad
1202 514 1364 556 Bened.
1393 514 1493 555 Ant.
1522 515 1612 557 Iste
1631 519 1698 557 est
1715 514 1740 556 J
1743 516 1889 564 canes,

1059 572 1133 625 qui
1157 586 1291 625 supra
1314 577 1471 626 pectus
1490 571 1670 613 Domini
1692 572 1737 613 in
1761 584 1889 614 coena

1057 629 1272 671 recubuit:
1316 629 1475 671 beatus
1512 628 1775 682 Apestolus‚
1818 628 1890 670 cui

1057 686 1251 728 revelata
1269 691 1370 728 sunt
1389 688 1560 729 secreta
1578 685 1787 727 coelestia.

1393 747 1557 787 Oratio.

1058 797 1348 903 Ecclesiam
1387 805 1508 842 tuam
1542 798 1734 841 Domine
1769 798 1888 841 beni-

1151 870 1261 909 gnus
1285 857 1468 898 ilh'istra:
1493 861 1543 898 ut
1566 856 1686 898 beati
1709 855 1733 896 J
1735 855 1888 897 oannis

1057 915 1265 968 Apostoli
1297 914 1361 956 tui
1394 918 1438 956 et
1466 912 1761 964 Evangelistae
1795 912 1888 954 illu-

1056 972 1220 1014 minata
1248 971 1476 1021 doctrinis,
1508 969 1565 1012 ad
1593 969 1710 1011 dona
1735 971 1888 1023 perve-

1056 1030 1147 1071 niat
1169 1029 1445 1082 sempiterna.
1473 1028 1558 1069 Per
1577 1027 1826 1068 Dominum.

1113 1089 1259 1123 Deinde
1284 1090 1324 1123 fit
1349 1099 1545 1124 commem.
1571 1089 1617 1123 dc
1638 1088 1798 1123 Nativit.

1110 1139 1210 1178 Ant.
1245 1137 1398 1179 G16ria
1422 1138 1466 1178 in
1492 1136 1677 1179 excelsis
1700 1136 1814 1186 Deo,
1845 1139 1889 1178 et

1056 1196 1099 1236 in
1125 1200 1242 1237 terra
1268 1208 1357 1248 pax
1379 1193 1629 1236 hominibus
1655 1192 1787 1235 bonae
1813 1205 1887 1234 vo-

1056 1252 1246 1302 luntatis,
1267 1251 1450 1304 alleluja,
1470 1250 1653 1303 aHellija.

1110 1303 1161 1356 V.
1171 1309 1339 1351 Notum
1349 1308 1452 1350 fecit
1462 1307 1690 1358 Deminus,
1705 1306 1888 1359 alleluja.

1056 1367 1107 1418 R».
1126 1366 1326 1408 Salutare
1347 1378 1484 1415 suum,
1504 1364 1688 1417 alleluja.

1392 1423 1557 1465 Oratio.

1132 1480 1314 1531 oncede,
1335 1481 1588 1533 quaesumus
1608 1480 1887 1531 omnipotens

1147 1537 1285 1579 Deus:
1307 1542 1356 1579 ut
1378 1550 1460 1578 nos
1477 1535 1701 1587 Unigeniti
1723 1535 1788 1577 tui
1811 1547 1887 1577 no-

1057 1607 1112 1636 va
1143 1607 1224 1647 per
1257 1607 1433 1636 carnem
1466 1592 1685 1635 Nativitas
1719 1591 1888 1643 liberet,

1058 1664 1170 1704 quos
1193 1650 1274 1693 sub
1298 1650 1470 1704 peccati
1488 1650 1588 1702 jugo
1606 1651 1782 1691 vetusta
1800 1649 1887 1690 ser-

1057 1708 1172 1750 vitus
1192 1712 1324 1750 tenet.

1108 1762 1183 1797 Pro
1208 1762 1243 1797 S.
1270 1763 1478 1808 Stephano.

1109 1811 1209 1851 Ant.
1258 1812 1507 1866 Stephanus
1549 1815 1696 1853 autem
1729 1810 1887 1864 plenus

1056 1870 1197 1922 gratia
1212 1874 1255 1912 et
1269 1869 1538 1919 fortitudine,
1558 1867 1745 1910 faciebat
1765 1867 1888 1920 signa

1055 1940 1125 1968 ma
1158 1940 1214 1968 na
1231 1927 1276 1968 in
1293 1927 1474 1980 pepulo.

1152 2015 1161 2024 .
1194 1984 1470 2037 Sepelierunt
1497 1981 1769 2036 Stephanum
1802 1981 1885 2023 viri

1056 2041 1262 2082 timorati.
1295 2040 1347 2092 Rz.
1369 2042 1427 2083 Et
1446 2041 1643 2083 fecerunt
1661 2038 1888 2092 planctum

1056 2111 1261 2150 magnum
1281 2110 1413 2151 super
1433 2111 1543 2140 eum.

1396 2153 1561 2194 Oratio.

1057 2206 1172 2314 Da
1209 2210 1354 2261 nobis,
1401 2213 1651 2263 quaesumus
1689 2209 1888 2258 Domine,

1151 2268 1311 2309 imitari
1332 2267 1452 2321 quod
1472 2267 1667 2316 celimus,
1686 2270 1734 2307 ut
1749 2265 1887 2307 disca-

1055 2338 1152 2366 mus
1172 2329 1216 2366 et
1235 2325 1436 2366 inimicos
1455 2323 1651 2375 diligere:
1674 2322 1775 2375 quia
1795 2322 1886 2374 ejus

1056 2381 1251 2423 natalitia
1296 2380 1586 2430 celebramus,
1639 2379 1715 2431 qui
1764 2378 1888 2420 novit

1056 2439 1187 2480 etiam
1210 2451 1292 2491 pro
1317 2436 1676 2490 persecutoribus
1701 2437 1887 2477 exorare

1055 2495 1293 2536 Deminum
1336 2499 1535 2536 nostrum
1573 2493 1598 2534 J
1601 2506 1724 2535 esum
1766 2491 1885 2535 Chri-

1056 2558 1171 2593 stum
1185 2551 1342 2593 Filium
1356 2556 1492 2592 tuum:
1512 2550 1596 2601 Qui
1610 2554 1756 2591 tecum
1769 2548 1886 2591 vivit.

1324 2616 1391 2652 Ad
1415 2615 1617 2652 Tertiam.

1110 2671 1210 2711 Ant.
1237 2670 1323 2711 Hic
1343 2674 1410 2711 est
1430 2668 1672 2721 discipulus
1690 2667 1774 2709 ille.

1110 2727 1244 2779 Capit.
1274 2726 1357 2777 Qui
1375 2726 1499 2767 timet
1518 2726 1672 2767 Deum.
