<?xml version="1.0" encoding="UTF-8"?>
<!DOCTYPE html PUBLIC "-//W3C//DTD XHTML 1.0 Transitional//EN"
    "http://www.w3.org/TR/xhtml1/DTD/xhtml1-transitional.dtd">
<html xmlns="http://www.w3.org/1999/xhtml" xml:lang="en" lang="en">
 <head>
  <title>
</title>
<meta http-equiv="Content-Type" content="text/html;charset=utf-8" />
  <meta name='ocr-system' content='tesseract 3.04.00' />
  <meta name='ocr-capabilities' content='ocr_page ocr_carea ocr_par ocr_line ocrx_word'/>
</head>
<body>
  <div class='ocr_page' id='page_1' title='image "./p1breviariumroma00cathuoft_0921.png"; bbox 0 0 2080 2990; ppageno 0'>
   <div class='ocr_carea' id='block_1_1' title="bbox 324 230 1597 280">
    <p class='ocr_par' dir='ltr' id='par_1_1' title="bbox 324 230 1597 280">
     <span class='ocr_line' id='line_1_1' title="bbox 324 230 1597 280; baseline 0.005 -16"><span class='ocrx_word' id='word_1_1' title='bbox 324 230 394 264; x_wconf 75' lang='lat' dir='ltr'>Dic</span> <span class='ocrx_word' id='word_1_2' title='bbox 411 232 460 265; x_wconf 60' lang='lat'>18.</span> <span class='ocrx_word' id='word_1_3' title='bbox 476 232 563 266; x_wconf 77' lang='lat' dir='ltr'>Dec.</span> <span class='ocrx_word' id='word_1_4' title='bbox 589 232 879 275; x_wconf 68' lang='lat' dir='ltr'>Exspcct.1&#39;[1rt.</span> <span class='ocrx_word' id='word_1_5' title='bbox 898 234 1055 268; x_wconf 65' lang='lat' dir='ltr'>B.M.Y.</span> <span class='ocrx_word' id='word_1_6' title='bbox 1075 241 1109 268; x_wconf 76' lang='lat' dir='ltr'>ct</span> <span class='ocrx_word' id='word_1_7' title='bbox 1127 236 1173 269; x_wconf 73' lang='lat' dir='ltr'>w.</span> <span class='ocrx_word' id='word_1_8' title='bbox 1196 236 1231 269; x_wconf 61' lang='lat'>13.</span> <span class='ocrx_word' id='word_1_9' title='bbox 1252 236 1390 270; x_wconf 62' lang='lat' dir='ltr'>[rhum</span> <span class='ocrx_word' id='word_1_10' title='bbox 1410 238 1448 270; x_wconf 58' lang='grc' dir='ltr'>Υ.</span> <span class='ocrx_word' id='word_1_11' title='bbox 1466 238 1597 280; x_wconf 65' lang='lat' dir='ltr'>l*p.‹21&#39;.</span> 
     </span>
    </p>
   </div>
   <div class='ocr_carea' id='block_1_2' title="bbox 113 324 941 2180">
    <p class='ocr_par' dir='ltr' id='par_1_2' title="bbox 121 324 941 535">
     <span class='ocr_line' id='line_1_2' title="bbox 124 324 941 378; baseline 0.002 -13"><span class='ocrx_word' id='word_1_12' title='bbox 124 328 224 365; x_wconf 89' lang='lat' dir='ltr'>tuor</span> <span class='ocrx_word' id='word_1_13' title='bbox 268 336 401 377; x_wconf 91' lang='lat' dir='ltr'>supra</span> <span class='ocrx_word' id='word_1_14' title='bbox 443 324 728 378; x_wconf 87' lang='lat' dir='ltr'>quadraginta</span> <span class='ocrx_word' id='word_1_15' title='bbox 768 328 941 368; x_wconf 90' lang='lat' dir='ltr'>strenue</span> 
     </span>
     <span class='ocr_line' id='line_1_3' title="bbox 123 379 939 435; baseline 0.004 -14"><span class='ocrx_word' id='word_1_16' title='bbox 123 379 347 433; x_wconf 89' lang='lat' dir='ltr'>impendit,</span> <span class='ocrx_word' id='word_1_17' title='bbox 373 393 470 422; x_wconf 93' lang='lat' dir='ltr'>cum</span> <span class='ocrx_word' id='word_1_18' title='bbox 493 381 654 433; x_wconf 89' lang='lat' dir='ltr'>ingenti</span> <span class='ocrx_word' id='word_1_19' title='bbox 676 382 836 435; x_wconf 90' lang='lat' dir='ltr'>ubique</span> <span class='ocrx_word' id='word_1_20' title='bbox 855 383 939 424; x_wconf 91' lang='lat' dir='ltr'>ani-</span> 
     </span>
     <span class='ocr_line' id='line_1_4' title="bbox 122 436 939 489; baseline 0.005 -12"><span class='ocrx_word' id='word_1_21' title='bbox 122 438 290 478; x_wconf 91' lang='lat' dir='ltr'>marum</span> <span class='ocrx_word' id='word_1_22' title='bbox 325 436 446 479; x_wconf 90' lang='lat' dir='ltr'>lucro</span> <span class='ocrx_word' id='word_1_23' title='bbox 479 442 522 479; x_wconf 87' lang='lat' dir='ltr'>et</span> <span class='ocrx_word' id='word_1_24' title='bbox 552 437 771 489; x_wconf 76' lang='lat' dir='ltr'>religienis</span> <span class='ocrx_word' id='word_1_25' title='bbox 807 439 939 481; x_wconf 90' lang='lat' dir='ltr'>incre-</span> 
     </span>
     <span class='ocr_line' id='line_1_5' title="bbox 121 494 280 535; baseline 0 -2"><span class='ocrx_word' id='word_1_26' title='bbox 121 494 280 535; x_wconf 86' lang='lat' dir='ltr'>mento.</span> 
     </span>
    </p>

    <p class='ocr_par' dir='ltr' id='par_1_3' title="bbox 120 549 941 885">
     <span class='ocr_line' id='line_1_6' title="bbox 174 549 938 602; baseline 0.004 -12"><span class='ocrx_word' id='word_1_27' title='bbox 174 551 225 602; x_wconf 59' lang='grc' dir='ltr'>Κ.</span> <span class='ocrx_word' id='word_1_28' title='bbox 249 549 426 591; x_wconf 85' lang='lat' dir='ltr'>Amavit</span> <span class='ocrx_word' id='word_1_29' title='bbox 445 562 544 591; x_wconf 90' lang='lat' dir='ltr'>eum</span> <span class='ocrx_word' id='word_1_30' title='bbox 561 550 790 601; x_wconf 79' lang='lat' dir='ltr'>Deminus,</span> <span class='ocrx_word' id='word_1_31' title='bbox 812 556 855 593; x_wconf 88' lang='lat' dir='ltr'>et</span> <span class='ocrx_word' id='word_1_32' title='bbox 873 564 938 593; x_wconf 90' lang='lat' dir='ltr'>or-</span> 
     </span>
     <span class='ocr_line' id='line_1_7' title="bbox 125 606 941 657; baseline 0.005 -12"><span class='ocrx_word' id='word_1_33' title='bbox 125 606 244 648; x_wconf 89' lang='lat' dir='ltr'>navit</span> <span class='ocrx_word' id='word_1_34' title='bbox 280 618 392 648; x_wconf 86' lang='lat' dir='ltr'>eum:</span> <span class='ocrx_word' id='word_1_35' title='bbox 430 606 588 648; x_wconf 90' lang='lat' dir='ltr'>stolam</span> <span class='ocrx_word' id='word_1_36' title='bbox 619 606 770 657; x_wconf 81' lang='lat' dir='ltr'>gloriae</span> <span class='ocrx_word' id='word_1_37' title='bbox 801 607 941 649; x_wconf 88' lang='lat' dir='ltr'>induit</span> 
     </span>
     <span class='ocr_line' id='line_1_8' title="bbox 123 661 938 716; baseline 0.002 -13"><span class='ocrx_word' id='word_1_38' title='bbox 123 674 230 712; x_wconf 86' lang='lat' dir='ltr'>eum,</span> <span class='ocrx_word' id='word_1_39' title='bbox 251 666 274 690; x_wconf 85' lang='lat'>*</span> <span class='ocrx_word' id='word_1_40' title='bbox 290 663 346 704; x_wconf 92' lang='lat' dir='ltr'>Et</span> <span class='ocrx_word' id='word_1_41' title='bbox 365 661 421 704; x_wconf 89' lang='lat' dir='ltr'>ad</span> <span class='ocrx_word' id='word_1_42' title='bbox 438 668 588 715; x_wconf 89' lang='lat' dir='ltr'>portas</span> <span class='ocrx_word' id='word_1_43' title='bbox 606 662 798 716; x_wconf 86' lang='lat' dir='ltr'>paradisi</span> <span class='ocrx_word' id='word_1_44' title='bbox 817 676 938 705; x_wconf 91' lang='lat' dir='ltr'>coro-</span> 
     </span>
     <span class='ocr_line' id='line_1_9' title="bbox 122 717 937 768; baseline 0.001 -9"><span class='ocrx_word' id='word_1_45' title='bbox 122 719 240 761; x_wconf 88' lang='lat' dir='ltr'>navit</span> <span class='ocrx_word' id='word_1_46' title='bbox 268 731 377 761; x_wconf 93' lang='lat' dir='ltr'>eum.</span> <span class='ocrx_word' id='word_1_47' title='bbox 416 717 464 768; x_wconf 63' lang='lat' dir='ltr'>V.</span> <span class='ocrx_word' id='word_1_48' title='bbox 492 718 640 761; x_wconf 86' lang='lat' dir='ltr'><strong>Induit</strong></span> <span class='ocrx_word' id='word_1_49' title='bbox 667 732 765 761; x_wconf 90' lang='lat' dir='ltr'>eum</span> <span class='ocrx_word' id='word_1_50' title='bbox 791 720 937 761; x_wconf 83' lang='lat' dir='ltr'>Domi-</span> 
     </span>
     <span class='ocr_line' id='line_1_10' title="bbox 120 775 939 825; baseline 0.004 -10"><span class='ocrx_word' id='word_1_51' title='bbox 120 787 202 816; x_wconf 97' lang='lat' dir='ltr'>nus</span> <span class='ocrx_word' id='word_1_52' title='bbox 225 775 403 818; x_wconf 89' lang='lat' dir='ltr'>loricam</span> <span class='ocrx_word' id='word_1_53' title='bbox 426 775 546 825; x_wconf 91' lang='lat' dir='ltr'>fidei,</span> <span class='ocrx_word' id='word_1_54' title='bbox 571 780 616 817; x_wconf 91' lang='lat' dir='ltr'>et</span> <span class='ocrx_word' id='word_1_55' title='bbox 638 776 808 818; x_wconf 90' lang='lat' dir='ltr'>ornavit</span> <span class='ocrx_word' id='word_1_56' title='bbox 831 789 939 818; x_wconf 90' lang='lat' dir='ltr'>eum.</span> 
     </span>
     <span class='ocr_line' id='line_1_11' title="bbox 123 831 434 885; baseline 0.006 -13"><span class='ocrx_word' id='word_1_57' title='bbox 123 831 180 873; x_wconf 92' lang='lat' dir='ltr'>Et</span> <span class='ocrx_word' id='word_1_58' title='bbox 198 831 254 873; x_wconf 92' lang='lat' dir='ltr'>ad</span> <span class='ocrx_word' id='word_1_59' title='bbox 271 837 434 885; x_wconf 85' lang='lat' dir='ltr'>portas.</span> 
     </span>
    </p>

    <p class='ocr_par' dir='ltr' id='par_1_4' title="bbox 419 893 642 934">
     <span class='ocr_line' id='line_1_12' title="bbox 419 893 642 934; baseline 0.004 -2"><span class='ocrx_word' id='word_1_60' title='bbox 419 893 570 934; x_wconf 79' lang='lat' dir='ltr'>Lectio</span> <span class='ocrx_word' id='word_1_61' title='bbox 593 895 642 933; x_wconf 80' lang='lat' dir='ltr'>vi.</span> 
     </span>
    </p>

    <p class='ocr_par' dir='ltr' id='par_1_5' title="bbox 122 943 939 1049">
     <span class='ocr_line' id='line_1_13' title="bbox 122 943 939 1049; baseline 0.004 -63"><span class='ocrx_word' id='word_1_62' title='bbox 122 943 362 1049; x_wconf 87' lang='lat' dir='ltr'>Immensa</span> <span class='ocrx_word' id='word_1_63' title='bbox 397 957 530 998; x_wconf 91' lang='lat' dir='ltr'>porro</span> <span class='ocrx_word' id='word_1_64' title='bbox 566 945 646 987; x_wconf 89' lang='lat' dir='ltr'>fuit</span> <span class='ocrx_word' id='word_1_65' title='bbox 675 947 939 1000; x_wconf 67' lang='lat' dir='ltr'>populorum</span> 
     </span>
    </p>

    <p class='ocr_par' dir='ltr' id='par_1_6' title="bbox 113 1000 938 2180">
     <span class='ocr_line' id='line_1_14' title="bbox 184 1000 938 1055; baseline 0.004 -13"><span class='ocrx_word' id='word_1_66' title='bbox 184 1000 241 1043; x_wconf 91' lang='lat' dir='ltr'>ad</span> <span class='ocrx_word' id='word_1_67' title='bbox 273 1014 370 1044; x_wconf 90' lang='lat' dir='ltr'>eum</span> <span class='ocrx_word' id='word_1_68' title='bbox 399 1001 661 1044; x_wconf 89' lang='lat' dir='ltr'>audiendum</span> <span class='ocrx_word' id='word_1_69' title='bbox 688 1003 938 1055; x_wconf 86' lang='lat' dir='ltr'>frequentia,</span> 
     </span>
     <span class='ocr_line' id='line_1_15' title="bbox 123 1058 937 1102; baseline 0.004 -4"><span class='ocrx_word' id='word_1_70' title='bbox 123 1062 168 1099; x_wconf 90' lang='lat' dir='ltr'>et</span> <span class='ocrx_word' id='word_1_71' title='bbox 191 1058 524 1100; x_wconf 87' lang='lat' dir='ltr'>innumerabiles</span> <span class='ocrx_word' id='word_1_72' title='bbox 549 1059 855 1102; x_wconf 68' lang='lat' dir='ltr'>conversiones</span> <span class='ocrx_word' id='word_1_73' title='bbox 878 1061 937 1101; x_wconf 87' lang='lat' dir='ltr'>in-</span> 
     </span>
     <span class='ocr_line' id='line_1_16' title="bbox 121 1112 938 1168; baseline 0.004 -13"><span class='ocrx_word' id='word_1_74' title='bbox 121 1112 175 1155; x_wconf 91' lang='lat' dir='ltr'>de</span> <span class='ocrx_word' id='word_1_75' title='bbox 203 1113 496 1167; x_wconf 82' lang='lat' dir='ltr'>subsequutae.</span> <span class='ocrx_word' id='word_1_76' title='bbox 534 1115 638 1168; x_wconf 86' lang='lat' dir='ltr'>Ipsa</span> <span class='ocrx_word' id='word_1_77' title='bbox 666 1116 779 1157; x_wconf 91' lang='lat' dir='ltr'>enim</span> <span class='ocrx_word' id='word_1_78' title='bbox 807 1118 938 1158; x_wconf 85' lang='lat' dir='ltr'>saxea</span> 
     </span>
     <span class='ocr_line' id='line_1_17' title="bbox 119 1170 936 1222; baseline 0.004 -11"><span class='ocrx_word' id='word_1_79' title='bbox 119 1182 170 1211; x_wconf 89' lang='lat' dir='ltr'>ac</span> <span class='ocrx_word' id='word_1_80' title='bbox 197 1170 337 1213; x_wconf 84' lang='lat' dir='ltr'>ferrea</span> <span class='ocrx_word' id='word_1_81' title='bbox 364 1171 514 1222; x_wconf 90' lang='lat' dir='ltr'>corda,</span> <span class='ocrx_word' id='word_1_82' title='bbox 542 1184 594 1214; x_wconf 93' lang='lat' dir='ltr'>eo</span> <span class='ocrx_word' id='word_1_83' title='bbox 620 1172 784 1222; x_wconf 89' lang='lat' dir='ltr'>audit0,</span> <span class='ocrx_word' id='word_1_84' title='bbox 811 1172 936 1215; x_wconf 87' lang='lat' dir='ltr'>vehe-</span> 
     </span>
     <span class='ocr_line' id='line_1_18' title="bbox 118 1227 935 1282; baseline 0.004 -15"><span class='ocrx_word' id='word_1_85' title='bbox 118 1228 286 1269; x_wconf 83' lang='lat' dir='ltr'>menter</span> <span class='ocrx_word' id='word_1_86' title='bbox 310 1227 619 1270; x_wconf 66' lang='lat' dir='ltr'>scindebantur</span> <span class='ocrx_word' id='word_1_87' title='bbox 644 1229 700 1270; x_wconf 89' lang='lat' dir='ltr'>ad</span> <span class='ocrx_word' id='word_1_88' title='bbox 726 1229 935 1282; x_wconf 88' lang='lat' dir='ltr'>poeniten-</span> 
     </span>
     <span class='ocr_line' id='line_1_19' title="bbox 117 1282 935 1327; baseline 0.002 -3"><span class='ocrx_word' id='word_1_89' title='bbox 117 1282 223 1324; x_wconf 84' lang='lat' dir='ltr'>tiam</span> <span class='ocrx_word' id='word_1_90' title='bbox 243 1288 335 1326; x_wconf 89' lang='lat' dir='ltr'>tum</span> <span class='ocrx_word' id='word_1_91' title='bbox 359 1284 417 1326; x_wconf 93' lang='lat' dir='ltr'>ob</span> <span class='ocrx_word' id='word_1_92' title='bbox 440 1285 595 1326; x_wconf 91' lang='lat' dir='ltr'>miram</span> <span class='ocrx_word' id='word_1_93' title='bbox 614 1286 824 1327; x_wconf 67' lang='lat' dir='ltr'>sermonis</span> <span class='ocrx_word' id='word_1_94' title='bbox 849 1286 935 1327; x_wconf 91' lang='lat' dir='ltr'>effi-</span> 
     </span>
     <span class='ocr_line' id='line_1_20' title="bbox 117 1340 933 1395; baseline 0.004 -15"><span class='ocrx_word' id='word_1_95' title='bbox 117 1340 295 1390; x_wconf 89' lang='lat' dir='ltr'>caciam,</span> <span class='ocrx_word' id='word_1_96' title='bbox 320 1354 371 1383; x_wconf 90' lang='lat' dir='ltr'>ac</span> <span class='ocrx_word' id='word_1_97' title='bbox 390 1340 741 1384; x_wconf 89' lang='lat' dir='ltr'>ardentissimum</span> <span class='ocrx_word' id='word_1_98' title='bbox 759 1342 933 1395; x_wconf 88' lang='lat' dir='ltr'>loquen-</span> 
     </span>
     <span class='ocr_line' id='line_1_21' title="bbox 115 1396 935 1452; baseline 0.005 -15"><span class='ocrx_word' id='word_1_99' title='bbox 115 1396 172 1437; x_wconf 86' lang='lat' dir='ltr'>tis</span> <span class='ocrx_word' id='word_1_100' title='bbox 191 1396 348 1447; x_wconf 87' lang='lat' dir='ltr'>zelum,</span> <span class='ocrx_word' id='word_1_101' title='bbox 373 1403 466 1440; x_wconf 93' lang='lat' dir='ltr'>tum</span> <span class='ocrx_word' id='word_1_102' title='bbox 489 1399 733 1451; x_wconf 79' lang='lat' dir='ltr'>praesertim</span> <span class='ocrx_word' id='word_1_103' title='bbox 752 1398 809 1441; x_wconf 95' lang='lat' dir='ltr'>ob</span> <span class='ocrx_word' id='word_1_104' title='bbox 827 1412 935 1452; x_wconf 81' lang='lat' dir='ltr'>prae-</span> 
     </span>
     <span class='ocr_line' id='line_1_22' title="bbox 118 1452 935 1506; baseline 0.006 -14"><span class='ocrx_word' id='word_1_105' title='bbox 118 1452 280 1494; x_wconf 90' lang='lat' dir='ltr'>claram</span> <span class='ocrx_word' id='word_1_106' title='bbox 326 1454 415 1506; x_wconf 91' lang='lat' dir='ltr'>ejus</span> <span class='ocrx_word' id='word_1_107' title='bbox 451 1455 554 1496; x_wconf 83' lang='lat' dir='ltr'>vitae</span> <span class='ocrx_word' id='word_1_108' title='bbox 596 1455 935 1506; x_wconf 78' lang='lat' dir='ltr'>sanctimeniam,</span> 
     </span>
     <span class='ocr_line' id='line_1_23' title="bbox 117 1511 935 1560; baseline 0.005 -10"><span class='ocrx_word' id='word_1_109' title='bbox 117 1520 216 1560; x_wconf 88' lang='lat' dir='ltr'>quae</span> <span class='ocrx_word' id='word_1_110' title='bbox 240 1512 544 1552; x_wconf 88' lang='lat' dir='ltr'>suavissimum</span> <span class='ocrx_word' id='word_1_111' title='bbox 570 1511 730 1553; x_wconf 86' lang='lat' dir='ltr'>Christi</span> <span class='ocrx_word' id='word_1_112' title='bbox 754 1512 935 1554; x_wconf 78' lang='lat' dir='ltr'>oderem</span> 
     </span>
     <span class='ocr_line' id='line_1_24' title="bbox 115 1564 935 1618; baseline 0.005 -12"><span class='ocrx_word' id='word_1_113' title='bbox 115 1564 278 1618; x_wconf 89' lang='lat' dir='ltr'>ubique</span> <span class='ocrx_word' id='word_1_114' title='bbox 303 1567 491 1610; x_wconf 87' lang='lat' dir='ltr'>efflabat.</span> <span class='ocrx_word' id='word_1_115' title='bbox 531 1567 659 1610; x_wconf 87' lang='lat' dir='ltr'>Senio</span> <span class='ocrx_word' id='word_1_116' title='bbox 683 1567 859 1610; x_wconf 91' lang='lat' dir='ltr'>tandem</span> <span class='ocrx_word' id='word_1_117' title='bbox 884 1581 935 1610; x_wconf 89' lang='lat' dir='ltr'>ac</span> 
     </span>
     <span class='ocr_line' id='line_1_25' title="bbox 115 1621 934 1677; baseline 0.006 -15"><span class='ocrx_word' id='word_1_118' title='bbox 115 1621 351 1664; x_wconf 79' lang='lat' dir='ltr'>innumeris</span> <span class='ocrx_word' id='word_1_119' title='bbox 382 1623 607 1666; x_wconf 69' lang='lat' dir='ltr'>laboribus</span> <span class='ocrx_word' id='word_1_120' title='bbox 639 1628 934 1677; x_wconf 82' lang='lat' dir='ltr'>consumptus,</span> 
     </span>
     <span class='ocr_line' id='line_1_26' title="bbox 116 1679 934 1724; baseline 0.005 -5"><span class='ocrx_word' id='word_1_121' title='bbox 116 1690 215 1719; x_wconf 92' lang='lat' dir='ltr'>cum</span> <span class='ocrx_word' id='word_1_122' title='bbox 248 1679 425 1722; x_wconf 91' lang='lat' dir='ltr'>Summo</span> <span class='ocrx_word' id='word_1_123' title='bbox 459 1680 661 1723; x_wconf 89' lang='lat' dir='ltr'>Pontifici</span> <span class='ocrx_word' id='word_1_124' title='bbox 695 1680 934 1724; x_wconf 81' lang='lat' dir='ltr'>Benedicto</span> 
     </span>
     <span class='ocr_line' id='line_1_27' title="bbox 116 1733 934 1789; baseline 0.006 -14"><span class='ocrx_word' id='word_1_125' title='bbox 116 1733 285 1777; x_wconf 92' lang='lat' dir='ltr'>decimo</span> <span class='ocrx_word' id='word_1_126' title='bbox 301 1742 456 1789; x_wconf 89' lang='lat' dir='ltr'>quarto</span> <span class='ocrx_word' id='word_1_127' title='bbox 471 1736 603 1779; x_wconf 91' lang='lat' dir='ltr'>fidem</span> <span class='ocrx_word' id='word_1_128' title='bbox 618 1737 812 1780; x_wconf 86' lang='lat' dir='ltr'>dedisset</span> <span class='ocrx_word' id='word_1_129' title='bbox 829 1738 934 1780; x_wconf 78' lang='lat' dir='ltr'>null—</span> 
     </span>
     <span class='ocr_line' id='line_1_28' title="bbox 114 1789 935 1844; baseline 0.004 -13"><span class='ocrx_word' id='word_1_130' title='bbox 114 1789 175 1832; x_wconf 94' lang='lat' dir='ltr'>ibi</span> <span class='ocrx_word' id='word_1_131' title='bbox 205 1804 252 1833; x_wconf 91' lang='lat' dir='ltr'>se</span> <span class='ocrx_word' id='word_1_132' title='bbox 282 1792 366 1833; x_wconf 89' lang='lat' dir='ltr'>nisi</span> <span class='ocrx_word' id='word_1_133' title='bbox 394 1793 550 1835; x_wconf 87' lang='lat' dir='ltr'>Romae</span> <span class='ocrx_word' id='word_1_134' title='bbox 582 1795 856 1844; x_wconf 76' lang='lat' dir='ltr'>moriturum,</span> <span class='ocrx_word' id='word_1_135' title='bbox 891 1794 935 1835; x_wconf 92' lang='lat' dir='ltr'>in</span> 
     </span>
     <span class='ocr_line' id='line_1_29' title="bbox 115 1845 933 1892; baseline 0.006 -5"><span class='ocrx_word' id='word_1_136' title='bbox 115 1845 272 1889; x_wconf 86' lang='lat' dir='ltr'>almam</span> <span class='ocrx_word' id='word_1_137' title='bbox 294 1847 404 1891; x_wconf 87' lang='lat' dir='ltr'>hanc</span> <span class='ocrx_word' id='word_1_138' title='bbox 425 1849 589 1892; x_wconf 89' lang='lat' dir='ltr'>Urbem</span> <span class='ocrx_word' id='word_1_139' title='bbox 611 1849 783 1892; x_wconf 88' lang='lat' dir='ltr'>rediens</span> <span class='ocrx_word' id='word_1_140' title='bbox 807 1863 831 1892; x_wconf 93' lang='lat' dir='ltr'>e</span> <span class='ocrx_word' id='word_1_141' title='bbox 849 1851 933 1892; x_wconf 90' lang='lat' dir='ltr'>Bo—</span> 
     </span>
     <span class='ocr_line' id='line_1_30' title="bbox 114 1903 933 1955; baseline 0.006 -12"><span class='ocrx_word' id='word_1_142' title='bbox 114 1903 310 1946; x_wconf 89' lang='lat' dir='ltr'>noniensi</span> <span class='ocrx_word' id='word_1_143' title='bbox 340 1905 560 1955; x_wconf 84' lang='lat' dir='ltr'>missione,</span> <span class='ocrx_word' id='word_1_144' title='bbox 592 1906 746 1948; x_wconf 91' lang='lat' dir='ltr'>morbo</span> <span class='ocrx_word' id='word_1_145' title='bbox 777 1907 933 1948; x_wconf 88' lang='lat' dir='ltr'>tentari</span> 
     </span>
     <span class='ocr_line' id='line_1_31' title="bbox 113 1959 933 2014; baseline 0.005 -14"><span class='ocrx_word' id='word_1_146' title='bbox 113 1959 263 2012; x_wconf 91' lang='lat' dir='ltr'>coepit,</span> <span class='ocrx_word' id='word_1_147' title='bbox 286 1973 374 2014; x_wconf 93' lang='lat' dir='ltr'>quo</span> <span class='ocrx_word' id='word_1_148' title='bbox 393 1961 476 2004; x_wconf 92' lang='lat' dir='ltr'>sibi</span> <span class='ocrx_word' id='word_1_149' title='bbox 493 1961 617 2004; x_wconf 87' lang='lat' dir='ltr'>brevi</span> <span class='ocrx_word' id='word_1_150' title='bbox 635 1961 933 2004; x_wconf 91' lang='lat' dir='ltr'>decedendum</span> 
     </span>
     <span class='ocr_line' id='line_1_32' title="bbox 114 2017 931 2070; baseline 0.005 -14"><span class='ocrx_word' id='word_1_151' title='bbox 114 2027 210 2057; x_wconf 89' lang='lat' dir='ltr'>esse</span> <span class='ocrx_word' id='word_1_152' title='bbox 229 2017 374 2070; x_wconf 86' lang='lat' dir='ltr'>palam</span> <span class='ocrx_word' id='word_1_153' title='bbox 392 2018 537 2060; x_wconf 81' lang='lat' dir='ltr'>edixit.</span> <span class='ocrx_word' id='word_1_154' title='bbox 565 2018 675 2060; x_wconf 93' lang='lat' dir='ltr'>Cum</span> <span class='ocrx_word' id='word_1_155' title='bbox 692 2018 821 2069; x_wconf 82' lang='lat' dir='ltr'>igitur</span> <span class='ocrx_word' id='word_1_156' title='bbox 839 2031 931 2060; x_wconf 89' lang='lat' dir='ltr'>san-</span> 
     </span>
     <span class='ocr_line' id='line_1_33' title="bbox 115 2071 934 2126; baseline 0.005 -14"><span class='ocrx_word' id='word_1_157' title='bbox 115 2071 174 2113; x_wconf 90' lang='lat' dir='ltr'>cti</span> <span class='ocrx_word' id='word_1_158' title='bbox 186 2072 505 2117; x_wconf 80' lang='lat' dir='ltr'>Bonaventurae</span> <span class='ocrx_word' id='word_1_159' title='bbox 521 2074 767 2117; x_wconf 77' lang='lat' dir='ltr'>coenebium</span> <span class='ocrx_word' id='word_1_160' title='bbox 782 2075 934 2126; x_wconf 89' lang='lat' dir='ltr'>ingres-</span> 
     </span>
     <span class='ocr_line' id='line_1_34' title="bbox 115 2130 932 2180; baseline 0.005 -12"><span class='ocrx_word' id='word_1_161' title='bbox 115 2139 188 2169; x_wconf 88' lang='lat' dir='ltr'>sus</span> <span class='ocrx_word' id='word_1_162' title='bbox 206 2134 332 2180; x_wconf 91' lang='lat' dir='ltr'>esset,</span> <span class='ocrx_word' id='word_1_163' title='bbox 347 2130 462 2172; x_wconf 86' lang='lat' dir='ltr'>illico</span> <span class='ocrx_word' id='word_1_164' title='bbox 473 2131 681 2173; x_wconf 77' lang='lat' dir='ltr'>Ecclesiae</span> <span class='ocrx_word' id='word_1_165' title='bbox 694 2132 932 2172; x_wconf 87' lang='lat' dir='ltr'>sacramen-</span> 
     </span>
    </p>
   </div>
   <div class='ocr_carea' id='block_1_3' title="bbox 113 2183 1038 2296">
    <p class='ocr_par' dir='ltr' id='par_1_7' title="bbox 113 2183 1079 2296">
     <span class='ocr_line' id='line_1_35' title="bbox 113 2183 1038 2240; baseline -0.003 -12"><span class='ocrx_word' id='word_1_166' title='bbox 113 2183 169 2224; x_wconf 86' lang='lat' dir='ltr'>tis</span> <span class='ocrx_word' id='word_1_167' title='bbox 196 2186 351 2227; x_wconf 90' lang='lat' dir='ltr'>muniri</span> <span class='ocrx_word' id='word_1_168' title='bbox 378 2186 529 2238; x_wconf 79' lang='lat' dir='ltr'>veluit,</span> <span class='ocrx_word' id='word_1_169' title='bbox 563 2186 718 2240; x_wconf 92' lang='lat' dir='ltr'>quibus</span> <span class='ocrx_word' id='word_1_170' title='bbox 750 2186 931 2228; x_wconf 84' lang='lat' dir='ltr'>admira·</span> <span class='ocrx_word' id='word_1_171' title='bbox 991 2187 1014 2212; x_wconf 51' lang='grc' dir='ltr'><em>Τ</em></span> <span class='ocrx_word' id='word_1_172' title='bbox 1032 2187 1038 2205; x_wconf 74' lang='lat'><em>³</em></span> 
     </span>
     <span class='ocr_line' id='line_1_36' title="bbox 114 2237 998 2296; baseline -0.002 -13"><span class='ocrx_word' id='word_1_173' title='bbox 114 2237 190 2280; x_wconf 88' lang='lat' dir='ltr'>bili</span> <span class='ocrx_word' id='word_1_174' title='bbox 207 2240 377 2284; x_wconf 75' lang='lat' dir='ltr'>fervere</span> <span class='ocrx_word' id='word_1_175' title='bbox 393 2248 524 2295; x_wconf 91' lang='lat' dir='ltr'>atque</span> <span class='ocrx_word' id='word_1_176' title='bbox 538 2242 788 2296; x_wconf 81' lang='lat' dir='ltr'>inexplebili</span> <span class='ocrx_word' id='word_1_177' title='bbox 802 2243 932 2283; x_wconf 87' lang='lat' dir='ltr'>animi</span> <span class='ocrx_word' id='word_1_178' title='bbox 986 2240 998 2289; x_wconf 64' lang='lat'>§2</span> 
     </span>
    </p>
   </div>
   <div class='ocr_carea' id='block_1_4' title="bbox 111 2294 932 2798">
    <p class='ocr_par' dir='ltr' id='par_1_8' title="bbox 111 2294 932 2798">
     <span class='ocr_line' id='line_1_37' title="bbox 115 2294 931 2353; baseline 0.004 -17"><span class='ocrx_word' id='word_1_179' title='bbox 115 2294 274 2345; x_wconf 75' lang='lat' dir='ltr'>gaudio</span> <span class='ocrx_word' id='word_1_180' title='bbox 308 2299 536 2353; x_wconf 81' lang='lat' dir='ltr'>susceptis,</span> <span class='ocrx_word' id='word_1_181' title='bbox 568 2297 858 2353; x_wconf 78' lang='lat' dir='ltr'>placidissime</span> <span class='ocrx_word' id='word_1_182' title='bbox 888 2299 931 2339; x_wconf 92' lang='lat' dir='ltr'>in</span> 
     </span>
     <span class='ocr_line' id='line_1_38' title="bbox 112 2350 932 2407; baseline 0.004 -15"><span class='ocrx_word' id='word_1_183' title='bbox 112 2350 289 2394; x_wconf 76' lang='lat' dir='ltr'>Demini</span> <span class='ocrx_word' id='word_1_184' title='bbox 320 2355 470 2397; x_wconf 78' lang='lat' dir='ltr'>osculo</span> <span class='ocrx_word' id='word_1_185' title='bbox 497 2355 670 2407; x_wconf 86' lang='lat' dir='ltr'>quievit.</span> <span class='ocrx_word' id='word_1_186' title='bbox 714 2353 932 2396; x_wconf 92' lang='lat' dir='ltr'>Leonardi</span> 
     </span>
     <span class='ocr_line' id='line_1_39' title="bbox 113 2407 929 2463; baseline 0.005 -15"><span class='ocrx_word' id='word_1_187' title='bbox 113 2407 280 2450; x_wconf 76' lang='lat' dir='ltr'>ebitum</span> <span class='ocrx_word' id='word_1_188' title='bbox 301 2410 487 2462; x_wconf 81' lang='lat' dir='ltr'>plurima</span> <span class='ocrx_word' id='word_1_189' title='bbox 509 2414 693 2463; x_wconf 80' lang='lat' dir='ltr'>sequuta</span> <span class='ocrx_word' id='word_1_190' title='bbox 716 2415 815 2452; x_wconf 85' lang='lat' dir='ltr'>sunt</span> <span class='ocrx_word' id='word_1_191' title='bbox 831 2423 929 2463; x_wconf 92' lang='lat' dir='ltr'>pro-</span> 
     </span>
     <span class='ocr_line' id='line_1_40' title="bbox 113 2463 929 2520; baseline 0.004 -16"><span class='ocrx_word' id='word_1_192' title='bbox 113 2463 245 2515; x_wconf 87' lang='lat' dir='ltr'>digia,</span> <span class='ocrx_word' id='word_1_193' title='bbox 274 2466 432 2517; x_wconf 90' lang='lat' dir='ltr'>quibus</span> <span class='ocrx_word' id='word_1_194' title='bbox 457 2467 537 2509; x_wconf 90' lang='lat' dir='ltr'>rite</span> <span class='ocrx_word' id='word_1_195' title='bbox 560 2466 773 2520; x_wconf 73' lang='lat' dir='ltr'>probatis,</span> <span class='ocrx_word' id='word_1_196' title='bbox 802 2479 827 2507; x_wconf 91' lang='lat' dir='ltr'>a</span> <span class='ocrx_word' id='word_1_197' title='bbox 850 2467 929 2508; x_wconf 93' lang='lat' dir='ltr'>Pio</span> 
     </span>
     <span class='ocr_line' id='line_1_41' title="bbox 113 2521 931 2565; baseline 0.004 -5"><span class='ocrx_word' id='word_1_198' title='bbox 113 2525 237 2562; x_wconf 86' lang='lat' dir='ltr'>sexto</span> <span class='ocrx_word' id='word_1_199' title='bbox 251 2521 463 2565; x_wconf 87' lang='lat' dir='ltr'>Pontifice</span> <span class='ocrx_word' id='word_1_200' title='bbox 478 2523 668 2565; x_wconf 87' lang='lat' dir='ltr'>Maximo</span> <span class='ocrx_word' id='word_1_201' title='bbox 687 2522 802 2564; x_wconf 93' lang='lat' dir='ltr'>idem</span> <span class='ocrx_word' id='word_1_202' title='bbox 820 2523 931 2564; x_wconf 92' lang='lat' dir='ltr'>inter</span> 
     </span>
     <span class='ocr_line' id='line_1_42' title="bbox 111 2574 930 2621; baseline 0.004 -5"><span class='ocrx_word' id='word_1_203' title='bbox 111 2574 266 2618; x_wconf 88' lang='lat' dir='ltr'>beatos</span> <span class='ocrx_word' id='word_1_204' title='bbox 302 2578 470 2621; x_wconf 83' lang='lat' dir='ltr'>co&#39;elites</span> <span class='ocrx_word' id='word_1_205' title='bbox 511 2578 816 2621; x_wconf 84' lang='lat' dir='ltr'>adnumeratus</span> <span class='ocrx_word' id='word_1_206' title='bbox 853 2584 930 2619; x_wconf 86' lang='lat' dir='ltr'>est.</span> 
     </span>
     <span class='ocr_line' id='line_1_43' title="bbox 111 2630 929 2686; baseline 0.002 -13"><span class='ocrx_word' id='word_1_207' title='bbox 111 2630 250 2674; x_wconf 89' lang='lat' dir='ltr'>Novis</span> <span class='ocrx_word' id='word_1_208' title='bbox 298 2632 455 2676; x_wconf 87' lang='lat' dir='ltr'>deinde</span> <span class='ocrx_word' id='word_1_209' title='bbox 502 2635 737 2686; x_wconf 76' lang='lat' dir='ltr'>fulgentem</span> <span class='ocrx_word' id='word_1_210' title='bbox 781 2634 929 2685; x_wconf 85' lang='lat' dir='ltr'>signis,</span> 
     </span>
     <span class='ocr_line' id='line_1_44' title="bbox 111 2687 927 2732; baseline 0.001 -3"><span class='ocrx_word' id='word_1_211' title='bbox 111 2687 288 2730; x_wconf 89' lang='lat' dir='ltr'>tandem</span> <span class='ocrx_word' id='word_1_212' title='bbox 313 2690 417 2731; x_wconf 88' lang='lat' dir='ltr'>Pius</span> <span class='ocrx_word' id='word_1_213' title='bbox 450 2702 590 2732; x_wconf 88' lang='lat' dir='ltr'>nonus</span> <span class='ocrx_word' id='word_1_214' title='bbox 615 2690 814 2732; x_wconf 73' lang='lat' dir='ltr'>Pontifex</span> <span class='ocrx_word' id='word_1_215' title='bbox 840 2690 927 2730; x_wconf 91' lang='lat' dir='ltr'>Ma-</span> 
     </span>
     <span class='ocr_line' id='line_1_45' title="bbox 112 2743 930 2798; baseline 0.001 -13"><span class='ocrx_word' id='word_1_216' title='bbox 112 2743 252 2786; x_wconf 86' lang='lat' dir='ltr'>ximus</span> <span class='ocrx_word' id='word_1_217' title='bbox 275 2746 654 2798; x_wconf 85' lang='lat' dir='ltr'>praeclarissimum</span> <span class='ocrx_word' id='word_1_218' title='bbox 677 2746 790 2788; x_wconf 92' lang='lat' dir='ltr'>hunc</span> <span class='ocrx_word' id='word_1_219' title='bbox 808 2745 930 2787; x_wconf 90' lang='lat' dir='ltr'>verbi</span> 
     </span>
    </p>
   </div>
   <div class='ocr_carea' id='block_1_5' title="bbox 1742 233 1805 268">
    <p class='ocr_par' dir='ltr' id='par_1_9' title="bbox 1742 233 1805 268">
     <span class='ocr_line' id='line_1_46' title="bbox 1742 233 1805 268; baseline 0.016 -1"><span class='ocrx_word' id='word_1_220' title='bbox 1742 233 1805 268; x_wconf 81' lang='lat'>15*</span> 
     </span>
    </p>
   </div>
   <div class='ocr_carea' id='block_1_6' title="bbox 991 325 1804 439">
    <p class='ocr_par' dir='ltr' id='par_1_10' title="bbox 991 325 1804 439">
     <span class='ocr_line' id='line_1_47' title="bbox 991 325 1804 378; baseline 0.007 -12"><span class='ocrx_word' id='word_1_221' title='bbox 991 325 1075 367; x_wconf 90' lang='lat' dir='ltr'>Dei</span> <span class='ocrx_word' id='word_1_222' title='bbox 1116 329 1362 378; x_wconf 76' lang='lat' dir='ltr'>praecenem</span> <span class='ocrx_word' id='word_1_223' title='bbox 1408 331 1654 371; x_wconf 73' lang='lat' dir='ltr'>sancterum</span> <span class='ocrx_word' id='word_1_224' title='bbox 1693 333 1804 372; x_wconf 87' lang='lat' dir='ltr'>cata-</span> 
     </span>
     <span class='ocr_line' id='line_1_48' title="bbox 991 382 1711 439; baseline 0.008 -17"><span class='ocrx_word' id='word_1_225' title='bbox 991 382 1094 433; x_wconf 89' lang='lat' dir='ltr'>logo</span> <span class='ocrx_word' id='word_1_226' title='bbox 1113 384 1342 426; x_wconf 84' lang='lat' dir='ltr'>accensuit.</span> <span class='ocrx_word' id='word_1_227' title='bbox 1396 391 1439 439; x_wconf 51' lang='lat' dir='ltr'>lgv.</span> <span class='ocrx_word' id='word_1_228' title='bbox 1462 386 1551 427; x_wconf 88' lang='lat' dir='ltr'>Iste</span> <span class='ocrx_word' id='word_1_229' title='bbox 1569 386 1711 428; x_wconf 92' lang='lat' dir='ltr'>homo.</span> 
     </span>
    </p>
   </div>
   <div class='ocr_carea' id='block_1_7' title="bbox 993 450 1804 630">
    <p class='ocr_par' dir='ltr' id='par_1_11' title="bbox 993 450 1804 630">
     <span class='ocr_line' id='line_1_49' title="bbox 1045 450 1803 487; baseline 0.004 -4"><span class='ocrx_word' id='word_1_230' title='bbox 1045 450 1085 483; x_wconf 82' lang='lat' dir='ltr'>In</span> <span class='ocrx_word' id='word_1_231' title='bbox 1111 451 1173 484; x_wconf 80' lang='grc' dir='ltr'>ΙΙΙ.</span> <span class='ocrx_word' id='word_1_232' title='bbox 1198 452 1393 486; x_wconf 67' lang='lat' dir='ltr'>Noenu-no</span> <span class='ocrx_word' id='word_1_233' title='bbox 1427 454 1623 487; x_wconf 60' lang='lat' dir='ltr'>Lectiones</span> <span class='ocrx_word' id='word_1_234' title='bbox 1654 455 1699 486; x_wconf 81' lang='lat' dir='ltr'>dc</span> <span class='ocrx_word' id='word_1_235' title='bbox 1734 454 1803 486; x_wconf 77' lang='lat' dir='ltr'>[lo-</span> 
     </span>
     <span class='ocr_line' id='line_1_50' title="bbox 993 498 1804 542; baseline 0.006 -12"><span class='ocrx_word' id='word_1_236' title='bbox 993 499 1097 531; x_wconf 70' lang='lat' dir='ltr'>milia</span> <span class='ocrx_word' id='word_1_237' title='bbox 1124 499 1159 531; x_wconf 82' lang='lat' dir='ltr'>in</span> <span class='ocrx_word' id='word_1_238' title='bbox 1187 500 1326 541; x_wconf 62' lang='lat' dir='ltr'>Evang.</span> <span class='ocrx_word' id='word_1_239' title='bbox 1360 498 1584 542; x_wconf 73' lang='lat' dir='ltr'>Designavit</span> <span class='ocrx_word' id='word_1_240' title='bbox 1608 499 1804 535; x_wconf 67' lang='lat' dir='ltr'>Dominus</span> 
     </span>
     <span class='ocr_line' id='line_1_51' title="bbox 994 546 1803 591; baseline 0.005 -13"><span class='ocrx_word' id='word_1_241' title='bbox 994 546 1039 579; x_wconf 78' lang='lat' dir='ltr'>de</span> <span class='ocrx_word' id='word_1_242' title='bbox 1065 548 1262 581; x_wconf 73' lang='lat' dir='ltr'>Communi</span> <span class='ocrx_word' id='word_1_243' title='bbox 1291 548 1521 587; x_wconf 52' lang='lat' dir='ltr'>lex-angelist.</span> <span class='ocrx_word' id='word_1_244' title='bbox 1548 559 1628 582; x_wconf 79' lang='lat' dir='ltr'>cum</span> <span class='ocrx_word' id='word_1_245' title='bbox 1658 549 1733 591; x_wconf 33' lang='lat' dir='ltr'>livii.</span> <span class='ocrx_word' id='word_1_246' title='bbox 1760 550 1803 582; x_wconf 79' lang='lat' dir='ltr'>dc</span> 
     </span>
     <span class='ocr_line' id='line_1_52' title="bbox 994 594 1498 630; baseline 0.006 -3"><span class='ocrx_word' id='word_1_247' title='bbox 994 594 1136 628; x_wconf 82' lang='lat' dir='ltr'>Comm.</span> <span class='ocrx_word' id='word_1_248' title='bbox 1160 597 1267 630; x_wconf 60' lang='lat' dir='ltr'>(jons.</span> <span class='ocrx_word' id='word_1_249' title='bbox 1292 606 1365 629; x_wconf 82' lang='lat' dir='ltr'>non</span> <span class='ocrx_word' id='word_1_250' title='bbox 1392 596 1498 630; x_wconf 82' lang='lat' dir='ltr'>l’ont.</span> 
     </span>
    </p>
   </div>
   <div class='ocr_carea' id='block_1_8' title="bbox 990 681 1803 800">
    <p class='ocr_par' dir='ltr' id='par_1_12' title="bbox 990 681 1803 800">
     <span class='ocr_line' id='line_1_53' title="bbox 1176 681 1618 725; baseline 0.009 -4"><span class='ocrx_word' id='word_1_251' title='bbox 1176 681 1260 723; x_wconf 92' lang='lat' dir='ltr'>Die</span> <span class='ocrx_word' id='word_1_252' title='bbox 1278 683 1336 723; x_wconf 88' lang='lat'>18.</span> <span class='ocrx_word' id='word_1_253' title='bbox 1354 682 1618 725; x_wconf 87' lang='lat' dir='ltr'>Decembris.</span> 
     </span>
     <span class='ocr_line' id='line_1_54' title="bbox 990 748 1803 800; baseline 0.007 -11"><span class='ocrx_word' id='word_1_254' title='bbox 990 748 1388 800; x_wconf 80' lang='lat' dir='ltr'>Exspectationis</span> <span class='ocrx_word' id='word_1_255' title='bbox 1405 750 1583 793; x_wconf 79' lang='lat' dir='ltr'>Partus</span> <span class='ocrx_word' id='word_1_256' title='bbox 1601 753 1652 794; x_wconf 90' lang='grc' dir='ltr'>Β.</span> <span class='ocrx_word' id='word_1_257' title='bbox 1672 753 1734 794; x_wconf 86' lang='grc' dir='ltr'>Μ.</span> <span class='ocrx_word' id='word_1_258' title='bbox 1748 753 1803 794; x_wconf 92' lang='lat' dir='ltr'>V.</span> 
     </span>
    </p>
   </div>
   <div class='ocr_carea' id='block_1_9' title="bbox 994 817 1804 958">
    <p class='ocr_par' dir='ltr' id='par_1_13' title="bbox 994 817 1804 958">
     <span class='ocr_line' id='line_1_55' title="bbox 1246 817 1552 859; baseline 0.003 -10"><span class='ocrx_word' id='word_1_259' title='bbox 1246 817 1398 859; x_wconf 70' lang='lat' dir='ltr'>Duplex</span> <span class='ocrx_word' id='word_1_260' title='bbox 1423 818 1552 857; x_wconf 64' lang='lat' dir='ltr'>majus.</span> 
     </span>
     <span class='ocr_line' id='line_1_56' title="bbox 1046 877 1804 922; baseline 0.005 -16"><span class='ocrx_word' id='word_1_261' title='bbox 1046 877 1178 909; x_wconf 71' lang='lat' dir='ltr'>Omnia</span> <span class='ocrx_word' id='word_1_262' title='bbox 1204 884 1239 910; x_wconf 76' lang='lat' dir='ltr'>ut</span> <span class='ocrx_word' id='word_1_263' title='bbox 1265 878 1359 911; x_wconf 78' lang='lat' dir='ltr'>inter</span> <span class='ocrx_word' id='word_1_264' title='bbox 1378 878 1473 911; x_wconf 65' lang='lat' dir='ltr'>festa</span> <span class='ocrx_word' id='word_1_265' title='bbox 1493 890 1559 922; x_wconf 69' lang='lat' dir='ltr'>pro</span> <span class='ocrx_word' id='word_1_266' title='bbox 1578 878 1690 920; x_wconf 67' lang='lat' dir='ltr'>aliqu.</span> <span class='ocrx_word' id='word_1_267' title='bbox 1711 879 1804 911; x_wconf 62' lang='lat' dir='ltr'>locis</span> 
     </span>
     <span class='ocr_line' id='line_1_57' title="bbox 994 923 1221 958; baseline 0.013 -3"><span class='ocrx_word' id='word_1_268' title='bbox 994 923 1123 956; x_wconf 65' lang='lat' dir='ltr'>cadem</span> <span class='ocrx_word' id='word_1_269' title='bbox 1151 925 1221 958; x_wconf 76' lang='lat' dir='ltr'>dic.</span> 
     </span>
    </p>
   </div>
   <div class='ocr_carea' id='block_1_10' title="bbox 986 1011 1803 2235">
    <p class='ocr_par' dir='ltr' id='par_1_14' title="bbox 986 1011 1803 2235">
     <span class='ocr_line' id='line_1_58' title="bbox 1176 1011 1618 1054; baseline 0.002 -3"><span class='ocrx_word' id='word_1_270' title='bbox 1176 1011 1258 1051; x_wconf 92' lang='lat' dir='ltr'>Die</span> <span class='ocrx_word' id='word_1_271' title='bbox 1277 1011 1336 1051; x_wconf 88' lang='grc'>19.</span> <span class='ocrx_word' id='word_1_272' title='bbox 1354 1011 1618 1054; x_wconf 88' lang='lat' dir='ltr'>Decembris.</span> 
     </span>
     <span class='ocr_line' id='line_1_59' title="bbox 1041 1077 1752 1135; baseline 0.006 -16"><span class='ocrx_word' id='word_1_273' title='bbox 1041 1078 1091 1119; x_wconf 87' lang='lat' dir='ltr'>B.</span> <span class='ocrx_word' id='word_1_274' title='bbox 1114 1077 1306 1120; x_wconf 83' lang='lat' dir='ltr'>&#39;Urbani</span> <span class='ocrx_word' id='word_1_275' title='bbox 1329 1080 1384 1120; x_wconf 90' lang='lat' dir='ltr'>V.</span> <span class='ocrx_word' id='word_1_276' title='bbox 1417 1085 1541 1135; x_wconf 66' lang='lat' dir='ltr'>l&#39;apzc</span> <span class='ocrx_word' id='word_1_277' title='bbox 1569 1091 1609 1124; x_wconf 78' lang='lat' dir='ltr'>ct</span> <span class='ocrx_word' id='word_1_278' title='bbox 1635 1086 1752 1123; x_wconf 68' lang='lat' dir='ltr'>(lons.</span> 
     </span>
     <span class='ocr_line' id='line_1_60' title="bbox 1316 1144 1477 1187; baseline 0.006 -10"><span class='ocrx_word' id='word_1_279' title='bbox 1316 1144 1477 1187; x_wconf 69' lang='lat' dir='ltr'>Duplex.</span> 
     </span>
     <span class='ocr_line' id='line_1_61' title="bbox 1044 1198 1643 1234; baseline 0.003 -3"><span class='ocrx_word' id='word_1_280' title='bbox 1044 1198 1176 1231; x_wconf 69' lang='lat' dir='ltr'>Omnia</span> <span class='ocrx_word' id='word_1_281' title='bbox 1218 1200 1262 1232; x_wconf 78' lang='lat' dir='ltr'>dc</span> <span class='ocrx_word' id='word_1_282' title='bbox 1301 1200 1499 1234; x_wconf 77' lang='lat' dir='ltr'>Communi</span> <span class='ocrx_word' id='word_1_283' title='bbox 1538 1201 1643 1234; x_wconf 72' lang='lat' dir='ltr'>Cous.</span> 
     </span>
     <span class='ocr_line' id='line_1_62' title="bbox 991 1249 1360 1289; baseline 0.011 -11"><span class='ocrx_word' id='word_1_284' title='bbox 991 1252 1128 1289; x_wconf 49' lang='lat' dir='ltr'>prietes</span> <span class='ocrx_word' id='word_1_285' title='bbox 1153 1249 1360 1289; x_wconf 62' lang='lat' dir='ltr'>sequent-ia.</span> 
     </span>
     <span class='ocr_line' id='line_1_63' title="bbox 1321 1305 1481 1345; baseline -0.006 -1"><span class='ocrx_word' id='word_1_286' title='bbox 1321 1305 1481 1345; x_wconf 79' lang='lat' dir='ltr'>Oratio.</span> 
     </span>
     <span class='ocr_line' id='line_1_64' title="bbox 1073 1360 1801 1412; baseline 0.003 -11"><span class='ocrx_word' id='word_1_287' title='bbox 1073 1373 1164 1409; x_wconf 90' lang='lat' dir='ltr'>eus,</span> <span class='ocrx_word' id='word_1_288' title='bbox 1194 1361 1266 1412; x_wconf 93' lang='lat' dir='ltr'>qui</span> <span class='ocrx_word' id='word_1_289' title='bbox 1290 1360 1344 1402; x_wconf 87' lang='lat' dir='ltr'>ad</span> <span class='ocrx_word' id='word_1_290' title='bbox 1368 1361 1528 1403; x_wconf 88' lang='lat' dir='ltr'>tuenda</span> <span class='ocrx_word' id='word_1_291' title='bbox 1546 1361 1712 1403; x_wconf 77' lang='lat' dir='ltr'>fertiter</span> <span class='ocrx_word' id='word_1_292' title='bbox 1730 1362 1801 1403; x_wconf 91' lang='lat' dir='ltr'>Se-</span> 
     </span>
     <span class='ocr_line' id='line_1_65' title="bbox 1087 1416 1800 1470; baseline 0.003 -13"><span class='ocrx_word' id='word_1_293' title='bbox 1087 1416 1153 1457; x_wconf 92' lang='lat' dir='ltr'>dis</span> <span class='ocrx_word' id='word_1_294' title='bbox 1177 1416 1429 1470; x_wconf 78' lang='lat' dir='ltr'>apostelicae</span> <span class='ocrx_word' id='word_1_295' title='bbox 1454 1418 1560 1469; x_wconf 83' lang='lat' dir='ltr'>jura,</span> <span class='ocrx_word' id='word_1_296' title='bbox 1583 1416 1800 1470; x_wconf 86' lang='lat' dir='ltr'>fidemque</span> 
     </span>
     <span class='ocr_line' id='line_1_66' title="bbox 988 1471 1801 1526; baseline 0 -11"><span class='ocrx_word' id='word_1_297' title='bbox 988 1471 1242 1515; x_wconf 79' lang='lat' dir='ltr'>cathelicam</span> <span class='ocrx_word' id='word_1_298' title='bbox 1255 1473 1340 1515; x_wconf 86' lang='lat' dir='ltr'>late</span> <span class='ocrx_word' id='word_1_299' title='bbox 1350 1473 1688 1526; x_wconf 68' lang='lat' dir='ltr'>propagandam,</span> <span class='ocrx_word' id='word_1_300' title='bbox 1702 1473 1801 1516; x_wconf 89' lang='lat' dir='ltr'>bea-</span> 
     </span>
     <span class='ocr_line' id='line_1_67' title="bbox 986 1529 1803 1572; baseline 0 -1"><span class='ocrx_word' id='word_1_301' title='bbox 986 1536 1078 1572; x_wconf 91' lang='lat' dir='ltr'>tum</span> <span class='ocrx_word' id='word_1_302' title='bbox 1102 1529 1325 1571; x_wconf 89' lang='lat' dir='ltr'>Urbanum</span> <span class='ocrx_word' id='word_1_303' title='bbox 1352 1530 1654 1571; x_wconf 79' lang='lat' dir='ltr'>Confesserem</span> <span class='ocrx_word' id='word_1_304' title='bbox 1681 1535 1803 1571; x_wconf 85' lang='lat' dir='ltr'>tuum</span> 
     </span>
     <span class='ocr_line' id='line_1_68' title="bbox 988 1586 1801 1638; baseline -0.001 -10"><span class='ocrx_word' id='word_1_305' title='bbox 988 1592 1117 1638; x_wconf 90' lang='lat' dir='ltr'>atque</span> <span class='ocrx_word' id='word_1_306' title='bbox 1136 1586 1391 1628; x_wconf 88' lang='lat' dir='ltr'>Pontificem</span> <span class='ocrx_word' id='word_1_307' title='bbox 1415 1587 1657 1628; x_wconf 83' lang='lat' dir='ltr'>constantia</span> <span class='ocrx_word' id='word_1_308' title='bbox 1675 1586 1801 1628; x_wconf 95' lang='lat' dir='ltr'>robo-</span> 
     </span>
     <span class='ocr_line' id='line_1_69' title="bbox 988 1641 1800 1697; baseline 0 -13"><span class='ocrx_word' id='word_1_309' title='bbox 988 1644 1108 1685; x_wconf 90' lang='lat' dir='ltr'>rasti:</span> <span class='ocrx_word' id='word_1_310' title='bbox 1133 1644 1201 1685; x_wconf 92' lang='lat' dir='ltr'>fac</span> <span class='ocrx_word' id='word_1_311' title='bbox 1218 1656 1314 1694; x_wconf 91' lang='lat' dir='ltr'>nos,</span> <span class='ocrx_word' id='word_1_312' title='bbox 1338 1644 1474 1697; x_wconf 90' lang='lat' dir='ltr'>ipsius</span> <span class='ocrx_word' id='word_1_313' title='bbox 1497 1643 1711 1696; x_wconf 73' lang='lat' dir='ltr'>praesidiis</span> <span class='ocrx_word' id='word_1_314' title='bbox 1730 1641 1800 1684; x_wconf 89' lang='lat' dir='ltr'>ad-</span> 
     </span>
     <span class='ocr_line' id='line_1_70' title="bbox 987 1700 1801 1752; baseline -0.002 -11"><span class='ocrx_word' id='word_1_315' title='bbox 987 1700 1119 1752; x_wconf 76' lang='lat' dir='ltr'>jutos,</span> <span class='ocrx_word' id='word_1_316' title='bbox 1155 1700 1215 1742; x_wconf 87' lang='lat' dir='ltr'>ita</span> <span class='ocrx_word' id='word_1_317' title='bbox 1249 1700 1447 1742; x_wconf 75' lang='lat' dir='ltr'>militanti</span> <span class='ocrx_word' id='word_1_318' title='bbox 1477 1700 1684 1742; x_wconf 83' lang='lat' dir='ltr'>Ecclesiae</span> <span class='ocrx_word' id='word_1_319' title='bbox 1717 1711 1801 1740; x_wconf 90' lang='lat' dir='ltr'>ser-</span> 
     </span>
     <span class='ocr_line' id='line_1_71' title="bbox 987 1755 1801 1809; baseline -0.002 -13"><span class='ocrx_word' id='word_1_320' title='bbox 987 1758 1091 1806; x_wconf 80' lang='lat' dir='ltr'>vire3</span> <span class='ocrx_word' id='word_1_321' title='bbox 1141 1761 1189 1798; x_wconf 94' lang='lat' dir='ltr'>ut</span> <span class='ocrx_word' id='word_1_322' title='bbox 1235 1755 1517 1809; x_wconf 89' lang='lat' dir='ltr'>triumphanti</span> <span class='ocrx_word' id='word_1_323' title='bbox 1562 1755 1801 1797; x_wconf 91' lang='lat' dir='ltr'>consociari</span> 
     </span>
     <span class='ocr_line' id='line_1_72' title="bbox 986 1812 1614 1854; baseline -0.002 -1"><span class='ocrx_word' id='word_1_324' title='bbox 986 1815 1237 1854; x_wconf 90' lang='lat' dir='ltr'>mereamur.</span> <span class='ocrx_word' id='word_1_325' title='bbox 1271 1813 1354 1853; x_wconf 90' lang='lat' dir='ltr'>Per</span> <span class='ocrx_word' id='word_1_326' title='bbox 1371 1812 1614 1853; x_wconf 77' lang='lat' dir='ltr'>Deminum.</span> 
     </span>
     <span class='ocr_line' id='line_1_73' title="bbox 1040 1879 1520 1914; baseline 0.004 -2"><span class='ocrx_word' id='word_1_327' title='bbox 1040 1879 1085 1913; x_wconf 89' lang='lat' dir='ltr'>Et</span> <span class='ocrx_word' id='word_1_328' title='bbox 1111 1879 1150 1913; x_wconf 79' lang='lat' dir='ltr'>fit</span> <span class='ocrx_word' id='word_1_329' title='bbox 1173 1890 1363 1914; x_wconf 73' lang='lat' dir='ltr'>commem.</span> <span class='ocrx_word' id='word_1_330' title='bbox 1390 1880 1520 1914; x_wconf 64' lang='lat' dir='ltr'>Fcriac.</span> 
     </span>
     <span class='ocr_line' id='line_1_74' title="bbox 1038 1935 1800 1971; baseline 0.001 -2"><span class='ocrx_word' id='word_1_331' title='bbox 1038 1935 1077 1969; x_wconf 86' lang='lat' dir='ltr'>In</span> <span class='ocrx_word' id='word_1_332' title='bbox 1110 1935 1136 1969; x_wconf 87' lang='lat'>1.</span> <span class='ocrx_word' id='word_1_333' title='bbox 1166 1936 1362 1970; x_wconf 77' lang='lat' dir='ltr'>Nocturno</span> <span class='ocrx_word' id='word_1_334' title='bbox 1393 1937 1592 1971; x_wconf 70' lang='lat' dir='ltr'>Lectiones</span> <span class='ocrx_word' id='word_1_335' title='bbox 1627 1937 1671 1970; x_wconf 83' lang='lat' dir='ltr'>dc</span> <span class='ocrx_word' id='word_1_336' title='bbox 1704 1937 1800 1970; x_wconf 72' lang='lat' dir='ltr'>Scri-</span> 
     </span>
     <span class='ocr_line' id='line_1_75' title="bbox 987 1988 1354 2026; baseline 0.003 -9"><span class='ocrx_word' id='word_1_337' title='bbox 987 1988 1098 2026; x_wconf 66' lang='lat' dir='ltr'>thl&#39;il</span> <span class='ocrx_word' id='word_1_338' title='bbox 1124 1990 1354 2019; x_wconf 75' lang='lat' dir='ltr'>occurrente.</span> 
     </span>
     <span class='ocr_line' id='line_1_76' title="bbox 1215 2054 1570 2093; baseline 0 0"><span class='ocrx_word' id='word_1_339' title='bbox 1215 2055 1262 2093; x_wconf 93' lang='lat' dir='ltr'>In</span> <span class='ocrx_word' id='word_1_340' title='bbox 1282 2054 1331 2093; x_wconf 89' lang='lat'>11.</span> <span class='ocrx_word' id='word_1_341' title='bbox 1351 2054 1384 2092; x_wconf 95' lang='lat' dir='ltr'>N</span> <span class='ocrx_word' id='word_1_342' title='bbox 1388 2055 1570 2093; x_wconf 80' lang='lat' dir='ltr'>oeturno.</span> 
     </span>
     <span class='ocr_line' id='line_1_77' title="bbox 1281 2123 1504 2164; baseline 0 -1"><span class='ocrx_word' id='word_1_343' title='bbox 1281 2123 1432 2164; x_wconf 87' lang='lat' dir='ltr'>Lectio</span> <span class='ocrx_word' id='word_1_344' title='bbox 1453 2124 1504 2163; x_wconf 80' lang='lat' dir='ltr'>iv.</span> 
     </span>
     <span class='ocr_line' id='line_1_78' title="bbox 1046 2181 1795 2235; baseline -0.003 -11"><span class='ocrx_word' id='word_1_345' title='bbox 1046 2187 1057 2189; x_wconf 63' lang='grc'><strong>“</strong></span> <span class='ocrx_word' id='word_1_346' title='bbox 1098 2187 1107 2212; x_wconf 45' lang='grc' dir='ltr'>ν’</span> <span class='ocrx_word' id='word_1_347' title='bbox 1134 2182 1273 2224; x_wconf 86' lang='lat' dir='ltr'>banus</span> <span class='ocrx_word' id='word_1_348' title='bbox 1297 2182 1469 2235; x_wconf 83' lang='lat' dir='ltr'>quintus</span> <span class='ocrx_word' id='word_1_349' title='bbox 1492 2181 1691 2223; x_wconf 78' lang='lat' dir='ltr'>Pentifex</span> <span class='ocrx_word' id='word_1_350' title='bbox 1709 2181 1795 2222; x_wconf 88' lang='lat' dir='ltr'>Ma-</span> 
     </span>
    </p>
   </div>
   <div class='ocr_carea' id='block_1_11' title="bbox 1095 2219 1797 2309">
    <p class='ocr_par' dir='ltr' id='par_1_15' title="bbox 1023 2219 1797 2309">
     <span class='ocr_line' id='line_1_79' title="bbox 1095 2219 1797 2309; baseline -0.001 -24.093"><span class='ocrx_word' id='word_1_351' title='bbox 1095 2219 1107 2309; x_wconf 53' lang='lat' dir='ltr'>&#39;l</span> <span class='ocrx_word' id='word_1_352' title='bbox 1129 2239 1268 2280; x_wconf 83' lang='lat' dir='ltr'>ximus</span> <span class='ocrx_word' id='word_1_353' title='bbox 1287 2238 1421 2281; x_wconf 74' lang='lat' dir='ltr'>nobili</span> <span class='ocrx_word' id='word_1_354' title='bbox 1441 2237 1797 2280; x_wconf 63' lang='lat' dir='ltr'>Grimoarddrum</span> 
     </span>
    </p>
   </div>
   <div class='ocr_carea' id='block_1_12' title="bbox 1683 1200 1803 1235">
    <p class='ocr_par' dir='ltr' id='par_1_16' title="bbox 1683 1200 1803 1235">
     <span class='ocr_line' id='line_1_80' title="bbox 1683 1200 1803 1235; baseline 0.017 -2"><span class='ocrx_word' id='word_1_355' title='bbox 1683 1200 1803 1235; x_wconf 78' lang='lat' dir='ltr'>l‘ont..</span> 
     </span>
    </p>
   </div>
   <div class='ocr_carea' id='block_1_13' title="bbox 981 2293 1796 2618">
    <p class='ocr_par' dir='ltr' id='par_1_17' title="bbox 981 2291 1796 2618">
     <span class='ocr_line' id='line_1_81' title="bbox 986 2293 1796 2347; baseline -0.005 -9"><span class='ocrx_word' id='word_1_356' title='bbox 986 2295 1003 2311; x_wconf 76' lang='lat'>⁵·</span> <span class='ocrx_word' id='word_1_357' title='bbox 1127 2300 1255 2347; x_wconf 87' lang='lat' dir='ltr'>gente</span> <span class='ocrx_word' id='word_1_358' title='bbox 1282 2300 1424 2345; x_wconf 89' lang='lat' dir='ltr'>natus,</span> <span class='ocrx_word' id='word_1_359' title='bbox 1461 2295 1504 2335; x_wconf 91' lang='lat' dir='ltr'>in</span> <span class='ocrx_word' id='word_1_360' title='bbox 1532 2298 1674 2336; x_wconf 86' lang='lat' dir='ltr'>castro</span> <span class='ocrx_word' id='word_1_361' title='bbox 1703 2293 1796 2335; x_wconf 90' lang='lat' dir='ltr'>Gri-</span> 
     </span>
     <span class='ocr_line' id='line_1_82' title="bbox 983 2350 1795 2401; baseline -0.004 -8"><span class='ocrx_word' id='word_1_362' title='bbox 983 2364 1085 2393; x_wconf 87' lang='lat' dir='ltr'>saco</span> <span class='ocrx_word' id='word_1_363' title='bbox 1118 2351 1321 2393; x_wconf 88' lang='lat' dir='ltr'>dioecesis</span> <span class='ocrx_word' id='word_1_364' title='bbox 1352 2350 1632 2399; x_wconf 83' lang='lat' dir='ltr'>MimatensiS,</span> <span class='ocrx_word' id='word_1_365' title='bbox 1665 2362 1795 2401; x_wconf 91' lang='lat' dir='ltr'>quum</span> 
     </span>
     <span class='ocr_line' id='line_1_83' title="bbox 981 2406 1795 2455; baseline -0.002 -7"><span class='ocrx_word' id='word_1_366' title='bbox 981 2407 1198 2449; x_wconf 84' lang='lat' dir='ltr'>innocenti</span> <span class='ocrx_word' id='word_1_367' title='bbox 1208 2406 1500 2449; x_wconf 85' lang='lat' dir='ltr'>adolescentia</span> <span class='ocrx_word' id='word_1_368' title='bbox 1509 2406 1692 2455; x_wconf 87' lang='lat' dir='ltr'>floreret,</span> <span class='ocrx_word' id='word_1_369' title='bbox 1706 2418 1795 2446; x_wconf 93' lang='lat' dir='ltr'>mo-</span> 
     </span>
     <span class='ocr_line' id='line_1_84' title="bbox 981 2461 1794 2512; baseline -0.002 -8"><span class='ocrx_word' id='word_1_370' title='bbox 981 2464 1194 2506; x_wconf 89' lang='lat' dir='ltr'>nasticum</span> <span class='ocrx_word' id='word_1_371' title='bbox 1215 2463 1410 2506; x_wconf 88' lang='lat' dir='ltr'>habitum</span> <span class='ocrx_word' id='word_1_372' title='bbox 1433 2461 1513 2504; x_wconf 90' lang='lat' dir='ltr'>sub</span> <span class='ocrx_word' id='word_1_373' title='bbox 1531 2461 1679 2512; x_wconf 84' lang='lat' dir='ltr'>regula</span> <span class='ocrx_word' id='word_1_374' title='bbox 1702 2474 1794 2503; x_wconf 88' lang='lat' dir='ltr'>san-</span> 
     </span>
     <span class='ocr_line' id='line_1_85' title="bbox 983 2517 1793 2567; baseline -0.005 -5"><span class='ocrx_word' id='word_1_375' title='bbox 983 2521 1041 2562; x_wconf 92' lang='lat' dir='ltr'>cti</span> <span class='ocrx_word' id='word_1_376' title='bbox 1067 2519 1293 2562; x_wconf 91' lang='lat' dir='ltr'>Benedicti</span> <span class='ocrx_word' id='word_1_377' title='bbox 1318 2518 1472 2567; x_wconf 91' lang='lat' dir='ltr'>induit,</span> <span class='ocrx_word' id='word_1_378' title='bbox 1504 2530 1554 2560; x_wconf 88' lang='lat' dir='ltr'>ac</span> <span class='ocrx_word' id='word_1_379' title='bbox 1578 2518 1621 2558; x_wconf 90' lang='lat' dir='ltr'>in</span> <span class='ocrx_word' id='word_1_380' title='bbox 1645 2517 1793 2559; x_wconf 84' lang='lat' dir='ltr'>Massi-</span> 
     </span>
     <span class='ocr_line' id='line_1_86' title="bbox 982 2573 1794 2618; baseline -0.004 -1"><span class='ocrx_word' id='word_1_381' title='bbox 982 2577 1116 2618; x_wconf 90' lang='lat' dir='ltr'>liense</span> <span class='ocrx_word' id='word_1_382' title='bbox 1153 2575 1396 2618; x_wconf 77' lang='lat' dir='ltr'>coenebium</span> <span class='ocrx_word' id='word_1_383' title='bbox 1433 2574 1570 2615; x_wconf 89' lang='lat' dir='ltr'>sancti</span> <span class='ocrx_word' id='word_1_384' title='bbox 1603 2573 1794 2615; x_wconf 77' lang='lat' dir='ltr'>Victeris</span> 
     </span>
    </p>
   </div>
   <div class='ocr_carea' id='block_1_14' title="bbox 980 2629 1793 2796">
    <p class='ocr_par' dir='ltr' id='par_1_18' title="bbox 980 2629 1793 2796">
     <span class='ocr_line' id='line_1_87' title="bbox 982 2629 1793 2686; baseline -0.006 -12"><span class='ocrx_word' id='word_1_385' title='bbox 982 2631 1271 2686; x_wconf 82' lang='lat' dir='ltr'>cooptanduS‚</span> <span class='ocrx_word' id='word_1_386' title='bbox 1298 2636 1401 2673; x_wconf 89' lang='lat' dir='ltr'>vota</span> <span class='ocrx_word' id='word_1_387' title='bbox 1427 2629 1700 2683; x_wconf 82' lang='lat' dir='ltr'>nuncupavit.</span> <span class='ocrx_word' id='word_1_388' title='bbox 1743 2629 1793 2669; x_wconf 89' lang='lat' dir='ltr'>In</span> 
     </span>
     <span class='ocr_line' id='line_1_88' title="bbox 980 2685 1793 2740; baseline -0.007 -9"><span class='ocrx_word' id='word_1_389' title='bbox 980 2689 1212 2740; x_wconf 85' lang='lat' dir='ltr'>theologiae</span> <span class='ocrx_word' id='word_1_390' title='bbox 1250 2700 1300 2729; x_wconf 88' lang='lat' dir='ltr'>ac</span> <span class='ocrx_word' id='word_1_391' title='bbox 1335 2687 1436 2739; x_wconf 88' lang='lat' dir='ltr'>juris</span> <span class='ocrx_word' id='word_1_392' title='bbox 1468 2685 1703 2739; x_wconf 89' lang='lat' dir='ltr'>disciplinis</span> <span class='ocrx_word' id='word_1_393' title='bbox 1733 2685 1793 2726; x_wconf 89' lang='lat' dir='ltr'>ita</span> 
     </span>
     <span class='ocr_line' id='line_1_89' title="bbox 981 2740 1790 2796; baseline -0.007 -9"><span class='ocrx_word' id='word_1_394' title='bbox 981 2745 1196 2794; x_wconf 85' lang='lat' dir='ltr'>excelluit,</span> <span class='ocrx_word' id='word_1_395' title='bbox 1219 2748 1268 2785; x_wconf 93' lang='lat' dir='ltr'>ut</span> <span class='ocrx_word' id='word_1_396' title='bbox 1289 2755 1369 2796; x_wconf 88' lang='lat' dir='ltr'>per</span> <span class='ocrx_word' id='word_1_397' title='bbox 1388 2742 1536 2796; x_wconf 88' lang='lat' dir='ltr'>plures</span> <span class='ocrx_word' id='word_1_398' title='bbox 1554 2753 1689 2782; x_wconf 90' lang='lat' dir='ltr'>annos</span> <span class='ocrx_word' id='word_1_399' title='bbox 1707 2740 1790 2781; x_wconf 93' lang='lat' dir='ltr'>To-</span> 
     </span>
    </p>
   </div>
   <div class='ocr_carea' id='block_1_15' title="bbox 58 160 1861 2860">
    <p class='ocr_par' dir='ltr' id='par_1_19' title="bbox 58 160 1861 2860">
     <span class='ocr_line' id='line_1_90' title="bbox 58 160 1861 2860; baseline 0 0"><span class='ocrx_word' id='word_1_400' title='bbox 58 160 1861 2860; x_wconf 95' lang='lat' dir='ltr'> </span> 
     </span>
    </p>
   </div>
  </div>
 </body>
</html>
