2040 2990
644 220 844 254 Dominiea
870 220 914 254 Π.
939 224 1028 263 post
1049 220 1316 264 Epiphaniam.

138 313 315 356 miserit.
341 313 614 356 Permanebo
635 318 781 355 autem
795 312 958 366 Ephesi

138 382 276 422 usque
286 370 343 412 ad
349 371 648 413 Pentecosten.
664 370 834 412 Ostium
844 370 958 411 enim

138 425 244 467 mihi
262 428 461 479 apertum
481 431 548 468 est
566 439 785 478 magnum,
811 430 855 468 et
874 426 958 467 evi-

139 481 262 524 dens:
282 487 325 525 et
344 483 583 525 adversarii
601 483 735 525 multi.

436 556 586 597 Lectio
606 556 660 595 iii.

206 621 221 661 i
245 627 390 664 autem
411 622 579 664 venerit
598 621 871 672 Timotheus,
900 622 958 663 vi·
1017 622 1083 678 ᾖξ’·
1109 638 1118 654 2

227 679 327 722 dete
363 683 411 720 ut
443 679 535 720 sine
566 679 722 720 timore
755 678 810 720 sit
841 678 959 731 apud
1014 680 1069 723 ..ss

138 750 232 779 vos:
260 749 372 789 opus
401 735 515 777 enim
539 735 717 776 Domini
741 737 958 787 operatur,

139 794 250 835 sicut
275 798 319 834 et
340 804 431 843 ego.
470 791 539 833 Ne
572 792 667 844 quis
700 804 804 842 ergo
836 791 958 832 illum

138 853 332 903 spernat:
365 848 569 890 deducite
596 853 741 889 autem
768 847 889 888 illum
912 848 955 888 in

137 919 263 959 pace,
295 910 343 947 ut
369 905 515 947 veniat
542 905 599 947 ad
625 917 709 946 me:
748 906 957 957 exspecto

138 963 251 1004 enim
295 961 416 1003 illum
465 975 565 1003 cum
613 961 830 1003 fratribus.
889 962 957 1002 De

137 1018 300 1072 Apollo
327 1023 473 1060 autem
496 1018 630 1060 fratre
657 1017 782 1059 vobis
808 1022 958 1058 notum

138 1075 259 1125 facio,
280 1075 486 1128 quoniam
500 1074 685 1116 multum
695 1074 847 1125 rogavi
860 1087 958 1115 eum

137 1136 186 1173 ut
202 1134 370 1174 veniret
387 1130 444 1174 ad
458 1144 537 1173 vos
558 1144 658 1172 cum
676 1130 896 1172 fratribus:
915 1134 959 1172 et

136 1188 286 1241 utique
314 1201 401 1229 non
429 1187 509 1229 fuit
535 1187 737 1229 voluntas
765 1192 813 1228 ut
843 1199 958 1228 nunc

137 1247 318 1287 veniret:
345 1244 489 1286 veniet
513 1249 675 1294 autem,
703 1256 802 1285 cum
825 1243 865 1285 ei
887 1245 957 1284 va-

138 1313 266 1343 cuum
284 1301 424 1342 fuerit.
450 1299 651 1352 Vigilate,
671 1305 784 1342 state
800 1300 845 1340 in
859 1299 957 1350 fide,

137 1357 316 1399 viriliter
335 1357 465 1408 agite,
489 1361 533 1398 et
551 1356 867 1398 confortamini.
903 1355 957 1397 O-

137 1414 253 1455 mnia
271 1418 418 1455 vestra
436 1413 480 1454 in
500 1414 681 1456 caritate
700 1414 817 1454 fiant.

384 1541 412 1578 S
431 1553 457 1578 a
470 1542 495 1578 b
511 1543 537 1578 b
553 1553 579 1578 a
593 1545 609 1578 t
626 1553 651 1578 o
680 1542 709 1578 1.

233 1607 335 1654 post
360 1600 571 1642 Octavam
594 1599 862 1652 Epiphaniae.

367 1680 446 1721 Ad
464 1681 728 1732 Vesper-as.

189 1748 341 1791 Omnia,
382 1754 523 1793 praeter
561 1749 799 1789 Orationem,
839 1753 879 1783 ut
919 1749 956 1782 in

137 1796 253 1831 Psalt.
276 1796 347 1831 123.
376 1799 481 1841 quod
505 1802 679 1833 servatur
703 1799 741 1832 in
762 1798 848 1832 aliis
866 1797 957 1831 Sab-

136 1846 238 1880 batis
263 1855 385 1888 usque
410 1846 460 1880 ad
484 1845 823 1890 Septuagcsimam.

472 1912 633 1953 Oratio.

219 1979 468 2030 mnipotens
513 1975 776 2028 sempiterne
822 1975 957 2024 Deus,

232 2034 306 2086 qui
336 2033 532 2075 coelestia
561 2031 690 2073 simul
717 2036 761 2073 et
787 2033 959 2073 terrena

138 2089 395 2132 moderaris:
431 2088 773 2142 supplicationes
806 2087 959 2140 populi

138 2146 202 2188 tui
238 2146 473 2188 clementer
511 2143 683 2194 exaudi,
726 2148 770 2185 et
804 2156 958 2196 pacem

138 2207 257 2244 tuam
275 2203 436 2244 nostris
460 2201 652 2243 concede
675 2200 958 2253 temporibus

138 2258 222 2300 Per
239 2259 488 2300 Dominum.

188 2322 336 2357 Deinde
368 2322 461 2357 fiunt
493 2332 686 2357 commem.
718 2320 861 2354 ibidem
891 2330 957 2362 po-

139 2370 223 2405 sitae
246 2375 287 2405 ut
312 2371 350 2404 in
374 2370 489 2405 Psalt.
516 2375 587 2410 126,

369 2549 727 2600 DominicaII.

255 2624 394 2670 post
429 2619 842 2672 Epiphaniam.

195 2687 330 2722 Omnia
359 2692 402 2723 ut
432 2689 470 2723 in
501 2690 708 2731 Psalterio,
742 2694 881 2733 praeter
913 2698 956 2722 ea

141 2745 227 2778 quae
251 2735 311 2769 hic
337 2741 424 2770 sunt
446 2738 613 2780 propria.

296 2873 359 2898 Pars
374 2872 505 2898 memus.

1239 328 1288 366 In
1315 328 1344 365 I.
1372 327 1591 365 Nocturno.

1040 395 1199 447 Incipit
1230 395 1428 448 Epistola
1459 395 1650 437 secunda
1681 394 1798 436 beati

1070 451 1193 493 Pauli
1211 452 1414 505 Apostoli
1434 452 1490 494 ad
1510 451 1767 494 Corinthios.

1112 527 1262 567 Lectio
1284 528 1306 567 i.
1575 526 1675 577 Cup·
1698 528 1725 565 1-

1019 592 1075 621 59²-
1084 616 1089 628 1
1103 588 1247 630 aulus
1274 588 1516 641 Apostolus
1543 587 1567 628 J
1569 600 1646 628 esu
1671 586 1829 628 Christi

1091 656 1118 684 :a
1140 658 1219 697 per
1251 645 1519 687 voluntatem
1552 643 1651 694 Dei,
1684 648 1727 685 et
1759 643 1829 683 Ti-

1140 701 1342 743 motheus
1358 701 1500 750 frater,
1514 700 1722 741 Ecclesiae
1737 699 1829 750 Dei,

1012 771 1110 810 quae
1152 763 1219 800 est
1255 757 1451 799 Corinthi
1491 770 1590 799 cum
1632 755 1830 797 omnibus

1010 815 1191 865 sanctis,
1254 816 1327 868 qui
1386 819 1485 856 sunt
1533 814 1577 855 in
1630 813 1831 854 universa

1010 871 1187 923 Achaia.
1241 872 1393 913 Gratia
1426 870 1571 920 vobis,
1609 874 1652 911 et
1685 882 1772 922 pax
1806 882 1831 909 a

1012 928 1108 970 Deo
1127 929 1257 970 Patre
1277 933 1437 978 nostro,
1460 933 1502 969 et
1519 926 1711 968 Domino
1728 926 1753 966 J
1755 938 1832 967 esu

1012 985 1196 1026 Christo.
1239 984 1504 1026 Benedictus
1530 983 1651 1024 Deus
1683 987 1726 1024 et
1753 982 1830 1023 Pa-

1010 1046 1077 1083 ter
1118 1041 1296 1082 Domini
1338 1041 1476 1083 nostri
1513 1041 1616 1082 Jesu
1652 1039 1831 1090 Christi,

1009 1098 1140 1139 Pater
1176 1097 1590 1146 misericordiarum,
1632 1101 1674 1138 et
1711 1097 1831 1137 Deus

1010 1157 1144 1195 totius
1172 1153 1501 1203 consolationiS,
1533 1153 1606 1206 qui
1634 1152 1831 1194 consola-

1010 1215 1080 1252 tur
1111 1223 1192 1252 nos
1223 1211 1266 1252 in
1299 1211 1416 1252 omni
1447 1185 1727 1252 tribulatione
1757 1221 1831 1250 no-

1011 1271 1114 1309 stra:
1139 1272 1187 1309 ut
1209 1269 1428 1320 possimus
1448 1271 1491 1309 et
1510 1266 1595 1336 ipsi
1614 1265 1830 1307 consolari

1011 1336 1086 1365 eos
1106 1324 1180 1376 qui
1197 1324 1241 1365 in
1260 1324 1377 1365 omni
1394 1326 1599 1377 pressura
1618 1327 1732 1371 sunt,
1751 1335 1831 1374 per

1011 1380 1369 1430 exhortationem,
1390 1393 1475 1433 qua
1492 1380 1773 1421 exhortamur
1788 1382 1831 1419 et

1010 1436 1094 1489 ipsi
1121 1450 1146 1478 a
1169 1437 1278 1479 Deo.
1316 1437 1531 1487 Quoniam
1559 1437 1670 1478 sicut
1698 1436 1830 1477 abun-

1010 1492 1115 1535 dant
1154 1494 1381 1546 passiones
1413 1493 1574 1535 Christi
1607 1492 1651 1533 in
1687 1492 1831 1534 nobis:

1009 1550 1071 1591 ita
1097 1555 1140 1591 et
1164 1563 1244 1602 per
1269 1550 1488 1592 Christum
1513 1548 1707 1591 abundat
1732 1561 1830 1590 con-

1009 1606 1167 1648 solatio
1186 1612 1345 1649 nostra.

1061 1684 1112 1735 R.
1138 1680 1342 1730 Domine,
1363 1692 1417 1721 ne
1435 1679 1479 1720 in
1497 1679 1562 1720 ira
1580 1684 1655 1720 tua
1674 1680 1830 1729 arguas

1010 1750 1097 1787 me,
1124 1750 1266 1789 neque
1291 1737 1335 1777 in
1358 1736 1504 1777 furore
1522 1740 1599 1776 tuo
1620 1734 1830 1786 corripias

1009 1807 1093 1835 me:
1115 1797 1137 1821 *
1158 1793 1368 1834 Miserere
1393 1792 1479 1833 mei
1497 1791 1699 1839 Domine,
1727 1792 1830 1842 quo-

1010 1851 1127 1891 niam
1158 1849 1355 1890 infirmus
1387 1861 1493 1889 sum.
1534 1848 1582 1898 x.
1612 1846 1763 1888 Timor
1788 1851 1832 1887 et

1009 1911 1174 1948 tremor
1193 1906 1404 1947 venerunt
1423 1916 1555 1957 super
1571 1915 1651 1952 me,
1671 1907 1714 1944 et
1731 1915 1830 1944 con-

1010 1964 1213 2004 texerunt
1250 1974 1321 2002 me
1361 1960 1565 2003 tenebrae.
1623 1959 1830 2001 Miserere

1010 2018 1095 2060 mei
1113 2018 1313 2059 Domine.

1318 2099 1467 2140 Lectio
1488 2099 1526 2138 ii.

1012 2164 1148 2271 Sive
1180 2170 1327 2208 autem
1358 2165 1615 2207 tribulamur
1646 2177 1728 2218 pro
1760 2178 1829 2206 ve-

1089 2227 1179 2264 stra
1198 2222 1501 2264 exhortatione
1527 2226 1570 2263 et
1594 2221 1752 2271 salute,
1777 2221 1829 2262 si-

1012 2292 1065 2320 ve
1093 2278 1371 2320 consolamur
1398 2291 1479 2331 pro
1505 2282 1651 2319 vestra
1678 2290 1828 2318 conso-

1013 2335 1192 2385 latione,
1223 2335 1315 2376 sive
1343 2330 1624 2377 exhortamur
1650 2346 1732 2386 pro
1759 2347 1829 2376 ve-

1012 2396 1103 2432 stra
1136 2390 1438 2433 exhortatione
1470 2394 1513 2432 et
1540 2390 1698 2440 salute,
1730 2402 1828 2442 quae

1013 2449 1220 2500 operatur
1257 2447 1532 2489 tolerantiam
1578 2445 1829 2488 earumdem

1011 2504 1280 2556 passionum,
1313 2516 1420 2556 quas
1448 2507 1491 2545 et
1517 2515 1598 2544 nos
1624 2503 1828 2555 patimur:

1011 2565 1059 2602 ut
1078 2573 1179 2613 spes
1197 2564 1349 2602 nostra
1369 2560 1492 2600 firma
1511 2560 1568 2601 sit
1587 2571 1668 2612 pro
1687 2557 1827 2600 vobis:

1013 2617 1197 2658 scientes
1230 2616 1350 2668 quod
1385 2616 1496 2657 sicut
1527 2615 1635 2657 socii
1665 2613 1827 2667 passio-

1003 2685 1114 2770 nng
1142 2673 1262 2722 estis,
1305 2672 1368 2713 sic
1400 2672 1520 2713 eritis
1557 2676 1600 2713 et
1632 2668 1825 2712 consola-

1010 2733 1047 2769 ‘n
1074 2729 1152 2769 nis.

1559 2854 1622 2888 19·
