2040 2990
167 183 241 219 230

221 279 499 323 Recordatus
558 286 625 323 est
682 282 997 324 misericordiae

171 351 276 387 suae,
296 339 319 364 *
343 342 386 379 et
413 337 611 379 veritatis
641 351 732 380 suae
761 339 910 381 domui
937 340 997 380 Is-

170 394 271 435 raeL

221 450 439 492 Viderunt
458 462 610 492 omnes
630 452 804 493 termini
823 457 954 493 terrae
974 453 997 478 *

170 507 360 548 salutare
379 507 464 549 Dei
482 507 634 548 nostri.

220 563 244 603 J
247 562 411 605 ubilate
429 563 527 605 Deo
548 564 688 605 omnis
707 569 838 606 terra:
858 566 881 590 *
901 577 998 606 can-

168 622 269 670 tate,
289 625 333 662 et
353 620 581 670 exsultate,
601 625 644 661 et
662 620 849 672 psallite.

220 676 399 718 Psallite
431 677 622 718 Domino
658 677 702 717 in
736 677 918 728 cithara,
955 678 998 719 in

170 732 337 775 cithara
365 738 408 775 et
436 746 546 775 voce
573 732 748 786 psalmi:
767 734 791 759 *
810 734 852 775 in
880 734 999 776 tubis

170 789 418 839 ductilibus,
439 794 482 831 et
500 802 610 831 voce
629 789 748 831 tubae
769 792 954 832 corneae.

220 845 411 887 Jubilate
436 845 479 886 in
505 847 746 898 conspectu
772 847 887 897 regis
911 848 998 888 Do-

168 902 287 943 mini:
306 903 329 929 *
348 904 577 943 moveatur
596 915 728 951 mare,
749 907 792 944 et
812 903 998 955 plenitu-

170 959 227 1000 do
249 959 353 1010 ejus:
379 958 499 1000 orbis
518 961 750 1009 terrarum,
771 964 814 1001 et
832 961 907 1012 qui
926 960 998 1001 ha-

168 1015 312 1057 bitant
330 1016 374 1055 in
395 1027 458 1056 eo.

221 1072 422 1113 Flumina
450 1071 662 1124 plaudent
691 1085 838 1124 manu,
872 1074 1000 1114 simul

170 1134 344 1170 montes
383 1128 665 1170 exsultabunt
700 1142 725 1170 a
758 1132 1000 1183 conspectu

170 1186 364 1227 Domini:
381 1187 404 1211 *
426 1186 632 1238 quoniam
660 1186 780 1228 venit
807 1186 1000 1238 judicare

168 1247 341 1284 terram.

221 1298 442 1341 Judicabit
465 1298 618 1341 orbem
642 1302 858 1341 terrarum
880 1300 923 1340 in
943 1302 1000 1352 iu-

171 1356 298 1406 stitia,
317 1357 341 1382 *
361 1360 405 1397 et
425 1356 616 1409 populos
635 1357 679 1397 in
699 1357 918 1409 aequitate.

224 1414 321 1453 Ant.
360 1414 474 1454 Ante
499 1412 727 1454 luciferum
750 1414 933 1464 genitus,
957 1418 1001 1456 et

172 1475 271 1510 ante
315 1469 494 1518 saecula,
540 1469 756 1511 Dominus
800 1470 1001 1512 Salvator

172 1531 322 1567 noster
341 1525 473 1567 hodie
492 1527 613 1567 nasci
634 1526 837 1578 dignatus
858 1533 934 1569 est.

226 1586 322 1626 Ant.
363 1584 480 1624 Nato
516 1584 724 1633 Domino,
755 1585 778 1610 *
812 1584 999 1635 Angelo-

172 1652 268 1679 rum
289 1638 449 1680 chorus
470 1639 666 1689 canebat,
688 1639 856 1682 dicens:
875 1641 1001 1683 Salus

173 1697 270 1737 Deo
303 1700 471 1746 nostro,
508 1696 678 1738 sedenti
715 1710 848 1750 super
886 1698 1001 1739 thro-

173 1767 287 1802 num,
309 1757 352 1794 et
371 1753 511 1804 Agno.

447 1812 645 1852 Psalmus
665 1814 730 1852 98.

174 1864 435 1970 Dominus
450 1867 659 1918 regnavit,
669 1867 913 1909 irascantur
926 1870 1002 1920 po—

285 1923 389 1976 puli:
408 1924 431 1949 *
453 1924 525 1976 qui
546 1923 671 1965 sedet
690 1937 822 1977 super
843 1924 1002 1966 Cheru-

172 1980 273 2030 bim,
301 1982 531 2022 moveatur
550 1985 678 2021 terra.

224 2037 441 2078 Dominus
471 2037 515 2077 in
542 2036 647 2078 Sion
674 2050 873 2087 magnus:
905 2038 928 2063 *
961 2042 1003 2079 et

175 2092 373 2135 excelsus
393 2106 525 2145 super
546 2105 697 2134 omnes
716 2094 919 2146 populos.

228 2149 531 2191 Confiteentur
550 2150 715 2191 nomini
733 2155 809 2191 tuo
829 2163 1003 2201 magno:

176 2206 382 2259 quoniam
401 2205 611 2256 terribile,
640 2211 683 2248 et
703 2212 902 2248 sanctum
923 2212 1003 2249 est:

174 2264 197 2288 *
218 2268 262 2305 θῖ
279 2262 421 2304 honor
441 2262 556 2313 regis
576 2262 782 2314 judicium
802 2263 952 2315 diligit.

226 2319 295 2361 Tu
327 2319 494 2371 parasti
530 2318 810 2361 directiones:
842 2321 865 2345 *
897 2320 1003 2371 judi-

175 2377 289 2418 cium
305 2381 349 2417 et
363 2376 568 2427 justitiam
582 2376 626 2416 in
637 2375 774 2417 Jacob
790 2381 838 2417 tu
853 2376 1003 2418 fecisti.

227 2432 428 2473 Exaltate
469 2432 706 2473 Dominum
745 2432 887 2474 Deum
930 2446 1004 2475 no-

175 2494 324 2538 strum,
336 2494 379 2530 et
391 2488 571 2530 adorate
587 2488 826 2530 scabellum
841 2489 1004 2541 pedum

177 2546 280 2598 ejus:
298 2546 321 2571 *
343 2545 549 2597 quoniam
570 2550 770 2586 sanctum
791 2551 867 2587 est.

226 2602 404 2654 Moyses
418 2606 461 2643 et
475 2602 626 2642 Aaron
641 2602 685 2642 in
701 2601 1003 2643 sacerdotibus

177 2660 281 2712 ejus:
299 2659 323 2684 ¹⁸¹
343 2663 387 2699 et
405 2657 579 2699 samuel
598 2658 710 2699 inter
730 2671 822 2707 eos,
853 2659 926 2711 qui
944 2661 1004 2699 in-

176 2720 336 2759 vocant
354 2715 641 2766 nomen-ejus:

754 191 791 223 In
820 190 1121 224 (Iircuincisionc
1148 189 1311 223 Domini.

1101 281 1373 324 Invocabant
1408 282 1664 333 Dominum,
1707 287 1751 325 et
1784 283 1879 335 ipse

1051 338 1314 380 exaudiebat
1329 351 1419 381 eos:
1436 339 1459 364 *
1476 339 1520 379 in
1535 339 1737 381 columna
1751 338 1880 381 nubis

1050 394 1313 447 loquebatur
1332 395 1389 437 ad
1409 408 1496 437 θοε.

1104 452 1421 494 Custodiebant
1446 452 1697 494 testimonia
1725 454 1831 505 ejus,
1857 453 1879 478 *

1052 514 1095 550 et
1114 511 1387 562 praeceptum
1407 509 1528 561 quod
1548 508 1669 552 dedit
1687 509 1783 551 illis.

1102 566 1290 607 Domine
1305 566 1427 608 Deus
1444 570 1594 608 noster
1611 571 1660 607 tu
1680 566 1880 608 exaudie-

1051 622 1131 664 bas
1156 635 1247 664 eos:
1266 624 1289 649 *
1309 623 1430 665 Deus
1449 627 1497 664 tu
1519 623 1737 676 propitius
1762 622 1881 665 fuisti

1052 680 1124 729 eis,
1143 684 1186 721 et
1205 680 1420 721 ulciscens
1440 680 1484 720 in
1504 692 1656 722 omnes
1676 679 1880 722 adinven-

1051 736 1194 777 tiones
1215 738 1378 778 eorum.

1103 793 1307 835 Exaltate
1348 794 1587 835 Dominum
1623 794 1767 835 Deum
1806 806 1880 834 no-

1053 854 1201 899 strum,
1231 855 1273 891 et
1292 850 1475 893 adorate
1484 851 1538 891 ‘in
1557 855 1706 892 monte
1727 854 1880 891 sancto

1052 907 1159 958 ejus:
1187 907 1210 933 *
1241 907 1447 959 quoniam
1467 913 1645 949 sanctus
1664 906 1880 948 Dominus

1052 963 1173 1004 Deus
1193 967 1354 1005 noster.

1108 1030 1208 1071 Ant.
1243 1031 1357 1071 Nato
1381 1030 1586 1078 Domino,
1612 1028 1882 1080 Angelorum

1053 1085 1214 1127 chorus
1234 1086 1429 1136 canebat,
1449 1086 1615 1128 dicens:
1639 1085 1765 1128 Salus
1783 1084 1882 1126 Deo

1053 1147 1217 1190 nostro,
1243 1141 1413 1184 sedenti
1438 1156 1571 1195 super
1595 1142 1813 1191 thronum,
1839 1146 1883 1183 et

1054 1200 1194 1250 Agno.

1109 1263 1159 1314 V.
1187 1263 1353 1305 Notum
1384 1264 1487 1306 fecit
1517 1264 1748 1314 DominuS,
1781 1263 1881 1305 alle-

1053 1320 1149 1372 luja.
1183 1323 1233 1374 Rv.
1249 1321 1449 1363 Salutare
1469 1334 1606 1370 suum,
1626 1320 1809 1373 alleluja.

1056 1404 1210 1446 Lectio
1236 1404 1375 1445 sancti
1393 1403 1619 1455 Evangelii
1643 1403 1884 1445 secundum

1381 1460 1557 1502 Lucam.

1160 1529 1312 1570 Lectio
1333 1528 1401 1568 vii.
1576 1527 1678 1580 Cap.
1693 1528 1730 1568 2.
1746 1541 1779 1568 c.

1053 1583 1129 1690 In
1156 1587 1231 1628 illo
1259 1589 1479 1640 tempore:
1514 1586 1758 1639 Postquam
1784 1599 1883 1628 con-

1128 1644 1333 1686 summati
1352 1648 1453 1685 sunt
1477 1642 1571 1685 dies
1591 1648 1709 1693 octo,
1734 1648 1782 1685 ut
1805 1643 1884 1685 cir-

1054 1700 1376 1743 cumcideretur
1411 1712 1536 1753 puer:
1573 1701 1781 1741 vocatum
1817 1704 1885 1742 est

1053 1770 1214 1799 nomen
1233 1758 1324 1809 eius
1343 1757 1367 1797 J
1371 1769 1482 1798 esus.
1510 1756 1567 1797 Et
1585 1756 1764 1809 reliqua.

1056 1840 1246 1883 Homilia
1264 1840 1404 1881 sancti
1422 1839 1646 1882 Ambrosii
1664 1839 1884 1892 Episcopi.

1113 1918 1195 1952 Lib.
1212 1918 1241 1952 2.
1259 1918 1297 1952 in
1316 1928 1398 1961 cap.
1417 1918 1447 1951 2.
1467 1918 1591 1959 Lucae,
1610 1917 1710 1951 circa
1728 1917 1825 1951 med,

1060 1989 1104 2042 if*
1111 1979 1531 2029 fp‘ircumciditur
1573 1982 1723 2032 itaque
1764 1993 1884 2033 puer.

1061 2030 1168 2118 (ι
1196 2037 1302 2088 Quis
1331 2041 1398 2078 θεῖ
1425 2036 1509 2078 iste
1536 2049 1662 2089 puer,
1690 2036 1773 2078 nisi
1800 2036 1884 2086 ille,

1065 2095 1075 2118 ÷
1103 2080 1169 2121 Ἀ
1195 2093 1250 2135 de
1292 2106 1379 2145 quo
1422 2092 1588 2135 dictum
1629 2097 1714 2135 est:
1768 2094 1883 2135 Puer

1055 2155 1184 2192 natus
1217 2155 1284 2192 est
1317 2149 1464 2200 nobis,
1505 2150 1619 2191 filius
1655 2149 1784 2191 datus
1818 2154 1885 2192 θεῖ

1055 2205 1207 2249 nobis?
1236 2207 1398 2248 Factus
1427 2210 1495 2247 est
1523 2206 1638 2258 enim
1666 2205 1747 2248 sub
1776 2206 1884 2258 lege,

1056 2269 1104 2305 ut
1129 2276 1223 2314 eos,
1249 2263 1322 2316 qui
1347 2262 1428 2304 sub
1454 2262 1551 2314 lege
1576 2267 1733 2313 essent,
1759 2262 1883 2316 lucri-

1056 2322 1230 2362 faceret.
1258 2319 1317 2361 Ut
1337 2321 1543 2361 sisterent
1562 2331 1660 2361 eum
1680 2319 1884 2360 Domino.

1057 2376 1171 2427 Quid
1195 2376 1251 2418 sit
1276 2381 1422 2417 autem
1449 2376 1492 2416 in
1516 2374 1760 2417 Jerusalem
1789 2375 1884 2417 sisti

1056 2433 1267 2483 Domino,
1304 2432 1515 2482 dicerem,
1558 2432 1639 2472 nisi
1676 2431 1719 2472 in
1756 2432 1884 2473 Isaiae

1057 2489 1313 2531 commentis
1329 2493 1429 2530 ante
1446 2487 1665 2529 dixissem.
1695 2487 1883 2529 Circum-

1057 2549 1173 2588 cisus
1193 2546 1307 2587 enim
1326 2545 1453 2594 vitiis,
1473 2544 1704 2586 Dominico
1726 2544 1883 2596 dignus

1056 2602 1271 2654 judicatur
1304 2601 1478 2643 obtutu:
1517 2601 1618 2652 quia
1651 2601 1765 2643 oculi
1796 2601 1883 2643 Do·

1056 2660 1160 2700 mini
1188 2670 1320 2711 super
1348 2658 1498 2709 justos.
1543 2656 1682 2699 Vides
1710 2670 1883 2699 omnem

1056 2715 1164 2767 legis
1193 2715 1351 2756 veteris
1381 2714 1536 2755 seriem
1566 2714 1698 2756 fuisse
1727 2718 1882 2767 typum
