2080 2990
205 196 271 231 434

204 296 311 341 tres,
341 291 414 342 qui
438 291 594 332 Romae
617 290 660 331 in
687 288 888 331 custadia
913 294 1036 330 erant
1060 264 1063 332 Ι

206 347 326 400 apud
344 347 658 389 Nicostratum:
678 347 798 398 cujus
817 358 928 386 uxor
943 346 1036 386 Zo'e

205 416 377 454 vocem,
398 417 528 456 quam
548 406 767 453 amiserat,
791 402 1036 444 Sebastiani
1061 422 1064 453 Ι

206 460 405 502 oratione
425 460 714 513 recuperavit.
747 458 915 510 Quibus
933 458 1036 499 Dio·
1061 459 1064 472 ”

208 517 397 559 cletiano
431 515 603 565 delatis,
635 515 942 558 Sebastianum
969 527 1037 556 ac-

208 574 354 623 cersit,
379 579 423 616 et
441 573 740 615 vehementius
761 571 1037 624 objurgatum

208 629 410 673 Omnibus
430 630 623 672 artificiis
644 643 669 671 a
684 628 843 670 Christi
862 626 950 669 fide
968 640 1038 669 co-

207 689 335 728 natur
356 689 565 729 avertere.
599 685 688 727 Sed
712 698 811 727 cum
833 683 939 725 nihil
957 696 1039 726 nec

207 742 479 796 pollicendo,
512 755 593 785 nec
619 740 826 784 terrendo
854 740 1038 793 profice-

208 805 293 850 ret,
332 799 388 841 ad
425 799 573 852 palum
609 798 833 849 alligatum
870 798 1038 848 sagittis

209 856 369 907 configi
391 855 521 909 jubet.

267 923 311 962 R„
351 912 551 954 Verbera
587 912 838 954 carnificum
869 924 958 953 non
989 911 1038 953 ti-

207 966 410 1011 muerunt
428 969 567 1011 sancti
584 969 678 1018 Dei,
700 968 937 1010 morientes
955 980 1038 1020 pro

211 1026 371 1068 Christi
399 1026 591 1067 nomine:
614 1036 633 1056 *
652 1025 711 1067 Ut
737 1023 938 1066 haeredes
965 1024 1038 1066 fie-

209 1088 306 1124 rent
325 1083 368 1123 in
388 1081 521 1124 domo
541 1082 728 1124 Domini.
757 1086 805 1134 Y.
829 1079 1039 1123 Tradide-

208 1144 308 1180 runt
346 1142 535 1192 corpora
571 1152 650 1180 sua
680 1143 866 1191 propter
897 1138 1039 1179 Deum

209 1195 266 1238 ad
285 1196 512 1249 supplicia.
541 1195 600 1238 Ut
617 1194 829 1237 haeredes.

518 1261 665 1301 Lectio
688 1260 737 1299 vi.

213 1294 395 1417 Quem
441 1309 634 1351 emnium
680 1307 886 1361 opiniene
928 1309 1040 1349 mor-

302 1371 426 1408 tuum
450 1371 585 1408 noctu
609 1370 760 1407 sancta
780 1363 936 1405 mulier
954 1364 1041 1405 Ire-

209 1436 263 1464 ne
290 1421 531 1476 sepeliendi
555 1422 697 1473 gratia
721 1421 846 1474 iussit
869 1420 1041 1462 auferri:

210 1479 290 1521 sed
308 1479 456 1521 vivum
479 1481 701 1532 repertum
721 1477 841 1520 domi
860 1490 951 1519 suae
971 1490 1041 1519 cu-

211 1537 334 1578 ravit.
361 1537 517 1588 Itaque
536 1535 670 1589 paulo
690 1540 794 1588 post
814 1534 1041 1576 confirma-

210 1598 256 1635 ta
274 1591 539 1643 valetudine,
563 1592 842 1633 Diocletiano
867 1590 1042 1632 Obviam

211 1649 364 1698 factus,
383 1650 474 1702 ejus
493 1649 766 1702 impietatem
781 1647 959 1690 liberius
975 1660 1041 1688 ac-

212 1706 393 1748 cusavit.
448 1706 579 1758 Cujus
616 1707 799 1758 aspectu
835 1717 934 1746 cum
970 1703 1042 1745 ille

211 1763 400 1816 primum
429 1762 750 1816 obstupuisset,
783 1759 904 1813 quod
930 1763 1042 1802 mor-

210 1825 334 1861 tuum
354 1818 569 1870 crederet;
588 1819 651 1860 rei
668 1818 875 1868 novitate,
896 1822 940 1859 et
953 1817 1043 1859 acri

212 1875 458 1918 Sebastiani
503 1874 844 1929 reprehensione
889 1887 1043 1916 excan-

214 1931 417 1982 descens,
450 1945 549 1974 eum
576 1931 746 1974 tamdiu
770 1931 903 1982 virgis
933 1930 1045 1973 caedi

213 1989 457 2042 imperavit,
475 1989 617 2031 donec
633 1989 821 2030 animam
834 1988 932 2029 Deo
948 1986 1044 2029 red-

214 2045 349 2087 deret.
381 2046 485 2098 Ejus
509 2059 670 2099 corpus
693 2046 736 2086 in
757 2045 953 2087 cloacam
972 2043 1044 2086 de-

214 2103 374 2155 jectum
392 2103 557 2144 Lucina
580 2116 606 2144 a
624 2102 884 2144 Sebastiano
908 2102 953 2142 in
977 2102 1044 2142 so-

214 2159 326 2200 mnis
351 2158 589 2209 admonita,
620 2159 696 2201 ubi
721 2164 855 2208 esset,
888 2163 932 2200 et
956 2170 1043 2210 quo

214 2215 315 2257 loco
334 2215 505 2256 humari
519 2215 662 2266 vellet,
681 2214 738 2257 ad
754 2214 1045 2256 Catacumbas

216 2271 432 2324 sepelivit,
457 2271 531 2313 ubi
551 2272 689 2314 sancti
708 2271 953 2314 Sebastiani
971 2273 1044 2312 no-

215 2328 331 2370 mine
369 2327 553 2370 celebris
590 2328 775 2370 ecclesia
812 2333 879 2370 est
913 2327 1045 2370 aedifi-

216 2387 325 2427 cata.

276 2445 319 2494 lx{·.
346 2442 593 2494 Tamquam
612 2454 775 2483 aurum.
795 2441 871 2494 [41]

275 2505 311 2537 ln
339 2504 399 2537 111.
426 2505 619 2537 Nocturno
648 2503 812 2536 llomilizt
844 2504 876 2535 in
904 2504 1043 2545 lix-ung.

221 2551 467 2587 Descendens
494 2551 621 2587 Jesus.
658 2551 703 2584 dc
734 2551 867 2583 codem
900 2553 1044 2585 (Iomm.

218 2602 247 2634 2.
274 2601 369 2633 loco.
396 2599 466 2643 [47]

277 2653 388 2695 N'csp.
421 2665 439 2686 ιι
468 2653 589 2694 Capit.
623 2652 667 2684 dc
701 2661 804 2693 sequ.
836 2662 918 2684 cum
946 2663 1043 2685 com-

220 2712 326 2734 mem.
354 2712 464 2743 prat-c.
1070 2723 1074 2779 1

478 2746 790 2773 ἡψ-

646 200 711 233 tm-
738 201 786 232 ’31Δ
814 200 895 231 dam.
946 202 977 231 *ss
1008 200 1165 240 Agnetis
1195 199 1293 234 Vim.
1321 206 1352 232 ct
1384 199 1485 231 Mart.

1311 290 1395 332 Die
1412 291 1471 332 21.
1488 290 1690 332 Ianuarii.

1184 361 1228 403 S.
1251 361 1462 412 Agnetis
1491 367 1605 413 virg.
1631 372 1672 406 et
1700 366 1818 406 Mart.

1424 435 1582 477 Duplex.

1144 496 1305 535 Quando
1341 496 1361 529 1.
1397 496 1507 538 N'csp.
1540 495 1714 529 dicendae
1746 502 1830 529 sunt
1866 496 1914 528 in-

1093 551 1219 585 tegrae.
1249 546 1330 577 Ant.
1359 550 1465 577 crunt
1493 544 1537 578 dc
1563 543 1680 577 Laud.
1709 543 1849 577 Psalmi
1878 552 1913 577 ut

1095 593 1127 624 in
1157 592 1179 625 Ι.
1208 593 1318 634 X'csp,
1350 594 1481 634 :Xpmst
1504 584 1551 628 [2]

1197 649 1454 700 Capitulum.
1618 648 1741 688 ticeli.
1757 649 1814 686 51.

1094 702 1386 813 Confitebor
1411 702 1492 747 tibi
1517 703 1704 745 Domine
1728 703 1842 753 Rex,
1874 708 1918 745 et

1180 759 1443 802 collaudabo
1475 765 1519 802 te
1549 760 1694 801 Deum
1724 759 1918 801 Salvato-

1090 829 1183 859 rem
1200 830 1356 858 meum.
1382 816 1637 859 Confitebor
1650 815 1814 858 nomini
1826 821 1920 858 tuo:

1093 873 1299 926 queniam
1331 872 1504 926 adjutor
1537 878 1580 915 et
1606 874 1834 926 protector
1860 872 1918 914 fa-

1092 935 1188 972 ctus
1225 943 1271 972 es
1306 929 1411 971 mihi
1448 935 1492 971 et
1527 929 1723 972 liberasti
1759 942 1919 982 corpus

1091 999 1237 1028 meum
1256 999 1282 1028 a
1299 985 1558 1039 perditione.

1404 1062 1610 1112 Hymnus.

1189 1134 1277 1173 esu,
1298 1124 1461 1164 corona
1478 1122 1719 1173 Virginum,

1209 1179 1349 1229 Quem
1366 1184 1506 1221 mater
1524 1178 1599 1220 illa
1617 1178 1818 1231 concipit,

1172 1236 1280 1286 Quae
1301 1236 1395 1278 sola
1412 1236 1552 1286 Virgo
1571 1235 1776 1288 parturit:

1169 1292 1281 1334 Haec
1299 1298 1403 1334 vota
1423 1292 1614 1334 clemens
1633 1292 1796 1345 accipe.

1123 1361 1205 1415 (Jui
1223 1362 1370 1414 pergis
1389 1362 1502 1404 inter
1520 1361 1620 1412 lilia,

1171 1418 1332 1472 Septus
1352 1418 1522 1461 choreis
1540 1418 1782 1469 Vstginum,

1171 1476 1369 1528 Sponsus
1389 1475 1577 1518 decorus
1595 1475 1745 1526 gloria,

1108 1572 1111 1575 .
1171 1532 1443 1585 Sponsisque
1462 1531 1653 1574 reddens
1671 1531 1864 1585 praemia.

1125 1605 1410 1655 Quocumque
1428 1601 1584 1652 tendis,
1602 1601 1808 1652 Virgines

1172 1658 1434 1710 Sequuntur,
1456 1663 1588 1711 atque
1606 1657 1811 1700 laudibus

1171 1715 1281 1756 Post
1299 1720 1343 1757 te
1364 1717 1570 1757 canentes
1591 1714 1814 1764 cursitant,

1171 1772 1460 1824 Hymnosque
1479 1771 1630 1814 dulces
1647 1773 1897 1824 personant.

1124 1845 1184 1883 Te
1204 1841 1492 1894 deprecamur
1511 1841 1748 1895 supplices,

1174 1898 1350 1940 Nostris
1368 1904 1417 1941 ut
1435 1897 1574 1940 addas
1594 1896 1806 1948 sensibus,

1174 1956 1357 1998 Nescire
1375 1968 1557 2008 prorsus
1576 1954 1722 1996 emnia

1176 2011 1479 2066 Corruptionis
1497 2010 1689 2054 vulnera.

1126 2081 1285 2132 Virtus,
1303 2080 1456 2132 honor,
1474 2080 1581 2131 laus,
1600 2079 1741 2131 gloria

1174 2139 1272 2180 Deo
1294 2138 1413 2180 Patri
1432 2151 1531 2179 cum
1549 2136 1673 2187 Filio,

1176 2195 1337 2237 Sancto
1358 2193 1485 2235 simul
1503 2192 1733 2244 Paraclito,

1175 2252 1226 2293 In
1245 2250 1507 2292 saeculorum
1525 2249 1698 2292 saecula.
1725 2249 1878 2290 Amen.

1155 2314 1200 2363 V.
1235 2315 1390 2369 Specie
1423 2320 1499 2358 tua
1531 2320 1575 2358 et
1604 2313 1928 2368 pulchritudine

1098 2380 1185 2417 tua.
1215 2375 1261 2426 R:-
1279 2371 1473 2423 Intende,
1491 2373 1705 2425 prospere
1723 2370 1928 2424 procede,

1100 2436 1144 2473 et
1164 2442 1308 2481 regna.

1159 2497 1221 2537 Ad
1248 2497 1413 2543 magnif.
1443 2498 1537 2535 Ant.
1569 2497 1699 2538 Reata
1715 2497 1865 2547 Agnes
1884 2496 1929 2536 in

1099 2554 1245 2598 medio
1271 2554 1543 2595 flammarum
1568 2553 1774 2606 expansis
1795 2552 1928 2594 mani-

1099 2612 1182 2655 bus
1207 2610 1375 2653 orabat:
1401 2610 1466 2652 Te
1493 2608 1708 2663 deprecor
1733 2611 1927 2662 omnipo-

1099 2674 1208 2718 tens,
1227 2665 1462 2717 adorande,
1483 2665 1677 2716 colende,
1696 2666 1827 2708 Pater
1842 2677 1928 2706 me-

1100 2722 1279 2774 tuende,
1314 2723 1415 2776 quia
1442 2735 1522 2776 per
1549 2728 1747 2765 sanctum
1773 2720 1929 2763 Filium

1907 1224 1932 1246 1
