2080 2990
471 233 649 267 Officium
675 232 851 266 votivum
875 231 922 265 dc
947 230 981 264 S.
1006 230 1156 273 „Ioseph
1182 232 1334 272 sponso
1361 229 1400 262 B.
1426 229 1471 262 M.
1498 228 1540 262 V.

1766 225 1856 269 [211]

145 326 396 375 absolvens,
442 338 542 366 cum
574 324 699 366 dicit:
743 324 857 374 Vos,
903 324 978 375 qui

145 382 286 424 secuti
320 381 426 423 estis
458 393 529 422 me
561 381 605 421 in
636 380 977 430 regeneratione,

147 437 394 491 iudicabitis
414 436 648 478 duodecim
669 436 810 478 tribus
829 435 978 477 Israel.

146 494 258 535 Haec
303 493 419 535 enim
462 492 537 534 illa
581 492 854 543 regeneratio
901 497 978 541 est,

148 563 280 603 quam
303 549 509 602 Apostoli
535 554 635 590 sunt
661 548 818 598 secuti,
848 560 979 600 quam

146 606 219 648 lex
236 606 463 657 indulgere
487 618 575 647 non
593 605 753 658 potuit,
782 617 881 656 quae
902 617 978 646 eos

147 675 280 715 super
312 661 547 704 duodecim
580 660 765 703 thronos
796 661 841 701 in
873 660 978 713 judi-

147 718 300 760 candis
331 717 567 760 duodecim
597 716 800 759 tribubus
830 716 979 766 Israel,

146 775 191 815 in
210 773 445 816 duodecim
462 773 819 815 Patriarcharum
839 772 980 824 gloria

150 830 384 883 copulavit.

203 893 264 933 Te
283 890 428 931 Deum
445 889 687 931 laudemus.
707 890 768 929 14.

320 994 357 1035 Ρ
376 1006 397 1034 r
416 1006 443 1035 o
478 993 514 1034 F
533 1005 557 1034 e
577 1006 598 1033 r
617 993 631 1034 i
649 1006 675 1034 a
709 993 731 1033 I
748 992 802 1034 V.

381 1065 559 1100 Officium
583 1064 758 1098 votivum

189 1121 251 1162 de
273 1121 317 1162 S.
340 1119 531 1171 Joseph
555 1121 728 1172 Sponso
754 1120 801 1159 B.
822 1120 876 1159 M.
896 1121 948 1160 V.

210 1189 444 1224 confessore
461 1192 498 1222 et
512 1185 727 1221 Catholicae
741 1184 928 1219 Ecclesiae

476 1235 655 1269 Patrono.

438 1291 698 1334 Semiduplex.

367 1358 428 1398 In
452 1357 489 1398 Ι.
513 1356 767 1407 vesperis.

205 1428 293 1461 Ant.
319 1431 356 1460 et
377 1426 470 1468 Cap.
497 1425 543 1458 dc
570 1424 687 1457 Laud.
712 1422 806 1466 [218]
841 1421 984 1455 Psalmi

154 1479 195 1510 ut
224 1474 263 1508 in
294 1474 319 1508 Ι.
349 1474 466 1516 Vesp.
500 1472 546 1506 de
580 1470 782 1506 Communi
816 1470 983 1512 Aposto-

154 1523 288 1557 lorum.
314 1518 362 1563 [2]

466 1572 676 1623 Hymnus.

156 1636 262 1741 Te
280 1635 305 1676 J
308 1634 447 1688 oseph
467 1634 691 1699 celebrent
709 1634 881 1685 agmina
900 1637 985 1675 co'e-

205 1747 271 1789 Te
297 1747 442 1789 cuncti
464 1690 675 1812 1³23}th
700 1746 988 1788 christiadum

208 1859 294 1909 Qui
314 1858 457 1900 clarus
469 1802 652 1909 ffigliiltis
670 1859 842 1911 junctus
862 1871 909 1900 es
928 1861 988 1899 in-

314 1971 447 2013 Casto
466 1914 635 2013 tqclgciZe
653 1971 836 2022 Virgini.

159 2045 289 2087 Almo
315 2058 414 2086 cum
438 2044 653 2110 tumidam
675 2044 870 2095 germine
891 2045 989 2085 con-

214 2113 651 2221 Admirans'Jugeffiio
689 2156 883 2207 tangeris
920 2158 990 2197 an-

212 2268 380 2310 Afflatu
402 2225 776 2321 suplzlilisblaminis
796 2267 992 2318 Angelus

317 2325 592 2378 Conceptum
609 2328 795 2377 puerum
816 2324 959 2366 docet.

163 2399 229 2440 Tu
260 2402 411 2440 natum
437 2398 674 2440 Dominum
711 2397 902 2449 stringis,
935 2396 993 2438 ad

474 2455 648 2496 exteras

213 2510 398 2563 AEg3'7pti
439 2509 675 2563 profugum
710 2514 759 2551 tu
795 2509 993 2560 sequeris

216 2622 440 2663 Amissum
458 2566 646 2686 Slffffis
669 2620 844 2674 quaeris,
868 2612 912 2661 et
933 2621 993 2660 in-

320 2690 688 2784 Miscenxgeggsidia
707 2733 895 2775 fletibus.

1033 325 1136 365 Post
1173 328 1361 365 mortem
1398 323 1590 375 reliquos
1627 335 1748 364 mors
1786 323 1859 375 pia

1341 382 1581 428 consecrat,

1080 437 1365 487 Palmamque
1387 436 1592 477 emeritos
1611 435 1750 486 gloria
1768 437 1859 476 sus-

1342 491 1463 543 cipit:

1081 549 1150 590 Tu
1176 549 1346 597 vivens,
1374 547 1554 599 Superis
1581 560 1676 599 par,
1704 547 1860 588 frueris

1340 604 1451 653 Deo,

1186 661 1298 701 Mira
1318 664 1438 700 sorte
1457 659 1640 700 beatior.

1036 734 1190 783 Nobis,
1223 745 1392 774 summa
1423 732 1568 781 Trias‚
1602 743 1734 783 parce
1765 743 1862 783 pre-

1344 787 1556 837 cantibus,

1084 846 1154 887 Da
1180 846 1205 886 J
1208 844 1347 897 oseph
1374 843 1541 885 meritis
1571 843 1715 884 sidera
1743 844 1862 883 scan-

1084 959 1145 1001 Ut
1162 900 1489 1021 tandemcifergait
1511 968 1593 997 nos
1611 955 1692 996 tibi
1710 956 1864 1007 perpe-

1190 1018 1601 1121 Graturiinpromere
1621 1067 1848 1109 canticum.
1918 1095 1920 1098 -

1346 1126 1501 1167 Amen.

1093 1192 1142 1243 V.
1163 1194 1401 1236 Constituit
1423 1206 1522 1235 eum
1547 1193 1772 1234 dominum
1792 1191 1866 1233 do-

1034 1265 1131 1294 mus
1156 1264 1259 1293 suae.
1300 1252 1349 1302 Rg.
1374 1250 1431 1291 Et
1456 1249 1702 1302 principem
1727 1248 1868 1290 omnis

1034 1307 1329 1361 possessionis
1349 1319 1452 1347 suae.

1095 1379 1164 1419 Ad
1213 1377 1383 1427 Magnis.
1442 1379 1538 1417 Ant.
1597 1376 1708 1416 Cum
1753 1377 1870 1414 esset

1038 1433 1310 1486 desponsata
1346 1433 1370 1459 *
1405 1432 1547 1473 Mater
1587 1430 1693 1472 Jesu
1731 1430 1871 1470 Maria

1037 1491 1062 1531 J
1065 1489 1222 1542 oseph,
1280 1491 1517 1541 antequam
1571 1488 1870 1535 convenirent,

1037 1547 1214 1587 inventa
1254 1550 1322 1587 est
1361 1545 1406 1585 in
1447 1547 1574 1586 utero
1611 1542 1778 1583 habens
1815 1541 1870 1583 de

1038 1602 1205 1655 Spiritu
1223 1605 1387 1643 sancto.

1380 1664 1544 1705 Oratio.

1132 1743 1225 1780 euS,
1255 1730 1331 1783 qui
1357 1728 1567 1771 ineffabili
1593 1727 1871 1781 providentia

1156 1788 1335 1830 beatum
1376 1785 1543 1838 Joseph
1585 1784 1873 1826 sanctissimae

1043 1844 1279 1887 Genitricis
1324 1847 1412 1884 tuae
1454 1854 1667 1894 sponsum
1712 1840 1873 1890 eligere

1043 1901 1249 1952 dignatus
1265 1911 1328 1940 es:
1347 1902 1522 1951 praesta,
1539 1899 1806 1949 quaesumus3
1824 1900 1873 1936 ut

1044 1970 1176 2010 quem
1207 1957 1509 2008 protectorem
1537 1955 1795 1995 veneramur
1829 1952 1874 1992 in

1042 2013 1191 2062 terris,
1222 2012 1562 2053 intercessorem
1593 2009 1759 2051 habere
1786 2020 1873 2049 me-

1042 2072 1218 2112 reamur
1259 2067 1304 2108 in
1347 2066 1489 2108 coelis:
1547 2066 1633 2116 Qui
1674 2066 1787 2107 vivis
1831 2068 1875 2105 et

1043 2138 1201 2176 regnas
1230 2136 1330 2166 cum
1355 2123 1454 2164 Deo
1481 2123 1625 2164 Patre.

1209 2216 1297 2258 Ad.
1321 2216 1711 2258 matutinum.

1098 2288 1221 2328 Invit.
1247 2287 1496 2329 Laudemus
1516 2286 1660 2327 Deum
1677 2288 1876 2325 nostrum

1046 2344 1067 2369 *
1083 2346 1134 2386 1n
1148 2344 1432 2386 veneratione
1446 2342 1566 2385 beati
1581 2342 1606 2383 J
1608 2340 1758 2394 oseph,
1776 2351 1875 2392 pro-

1045 2403 1226 2443 tectoris
1244 2400 1396 2442 nostri.
1924 2399 1925 2402 ’

1099 2464 1165 2503 Ps.
1191 2465 1358 2515 Venite,
1377 2463 1656 2505 exsultemus.
1673 2461 1710 2501 2.

1101 2529 1310 2580 Hymnus.
1360 2530 1418 2569 Te
1443 2525 1610 2579 Joseph
1641 2523 1874 2567 celebrent.

1048 2590 1095 2626 ut
1124 2598 1265 2637 supra.

1287 2660 1336 2699 In
1363 2659 1392 2698 Ι.
1420 2658 1643 2697 Nocturno.

1101 2730 1199 2770 Ant.
1230 2728 1443 2772 Ascendit
1461 2728 1486 2770 J
1488 2727 1639 2780 oseph.
