2040 2990
767 200 966 233 Donunlca
994 201 1041 234 ud
1068 201 1242 235 Primum
1811 200 1852 235 21

200 294 301 335 Non
317 294 490 342 m<3riar⁷
511 293 589 335 sed
608 293 765 334 vivam:
781 294 804 318 *
821 298 863 333 et
882 305 975 333 nar-

148 349 256 391 rabo
278 352 413 401 Opera
433 350 620 390 Domini.

201 406 429 455 Castigans
466 406 696 455 castigavit
727 417 797 445 me
828 404 976 444 Domi-

147 474 243 502 nus:
262 462 285 486 *
306 466 348 502 et
368 462 499 502 morti
518 474 605 501 non
624 460 807 502 tradidit
825 473 906 501 me.

199 518 381 568 Aperite
401 517 505 557 mihi
528 522 680 569 portas
704 516 893 567 justitiae,
917 516 976 555 in-

146 575 323 621 gressus
342 573 385 612 in
410 585 484 613 eas
505 571 749 613 confitebor
769 572 976 611 DOmino:

147 629 170 653 *
185 628 280 669 haec
294 633 423 680 porta
438 628 625 676 Domini,
641 628 739 678 iusti
754 627 977 668 intrabunt

147 684 190 724 in
210 697 317 725 eam.

201 739 455 781 Confitebor
474 739 553 780 tibi
574 740 779 790 quoniam
799 739 975 780 exaudi-

148 795 203 836 sti
230 808 314 836 me:
338 796 361 820 *
391 800 434 836 et
462 795 602 836 factus
632 808 678 835 es
707 794 811 834 mihi
839 795 881 835 in
912 808 975 835 sa-

147 850 292 891 lutem.

198 906 431 958 Lapidem,
466 919 595 958 quem
628 906 976 958 reprobaverunt

147 961 430 1003 aedificantes:
450 963 472 987 *
492 961 562 1002 hic
587 962 727 1002 factus
751 968 817 1002 est
841 962 884 1002 in
909 975 975 1003 ca-

146 1022 225 1069 put
244 1017 399 1067 anguli.

199 1074 239 1113 A
257 1073 449 1114 Domino
469 1073 630 1114 facturn
653 1079 719 1114 est
738 1073 871 1114 istud:
890 1075 912 1098 *
934 1078 977 1114 et

148 1134 215 1170 est
233 1128 431 1169 mireibile
451 1129 494 1168 in
515 1129 652 1170 oculis
672 1130 844 1170 nostris.

199 1184 308 1225 Haec
328 1189 396 1225 est
415 1184 524 1232 dies,
553 1198 682 1236 quam
707 1185 809 1225 fecit
828 1185 975 1225 Domi-

146 1253 242 1280 nus:
253 1241 276 1265 *
287 1239 566 1289 exsultemus,
585 1245 629 1281 et
643 1240 841 1281 laetemur
857 1241 899 1280 in
915 1253 976 1281 ea.

201 1296 238 1336 O
259 1296 447 1337 Domine
468 1296 636 1336 salvum
655 1309 725 1337 me
745 1296 823 1344 fac,
844 1309 870 1336 ο
888 1297 975 1336 Do-

146 1351 278 1399 mine,
306 1351 418 1392 bene
443 1354 722 1403 prosperare:
750 1353 773 1376 *
801 1351 975 1392 benedi·

148 1412 243 1448 ctus
265 1407 339 1458 qui
357 1407 476 1448 venit
493 1407 536 1447 in
556 1407 730 1448 nomine
750 1407 938 1447 Domini.

199 1462 511 1503 Benediximus
527 1462 652 1503 vobis
668 1462 723 1503 de
740 1462 873 1503 domo
888 1463 976 1502 Do-

147 1518 267 1558 mini:
291 1519 314 1543 ¹⁸¹
343 1518 464 1559 Deus
495 1518 728 1566 Dominus,
761 1523 805 1559 et
837 1518 978 1558 illuxit

147 1573 285 1615 nobis.

201 1629 465 1670 Constituite
503 1629 619 1670 diem
657 1629 897 1670 solemnem
934 1629 977 1669 in

149 1684 393 1733 condensis,
403 1685 427 1709 *
439 1698 578 1736 usque
593 1684 650 1726 ad
665 1697 802 1726 cornu
817 1685 977 1725 altaris.

201 1740 322 1781 Deus
349 1752 473 1781 meus
503 1753 549 1781 es
573 1746 637 1789 tu,
671 1746 714 1781 et
733 1740 978 1781 confitebor

148 1795 241 1837 tibi:
268 1796 291 1822 ’⁶‘
319 1796 441 1836 Deus
469 1808 592 1837 meus
621 1809 669 1837 es
695 1801 763 1844 tu,
792 1801 836 1837 et
864 1796 976 1837 exal-

148 1851 254 1893 tabo
273 1856 328 1892 te.

203 1906 457 1948 Confitebor
475 1907 554 1948 tibi
576 1907 783 1958 quoniam
803 1908 977 1948 exaudi-

150 1963 205 2003 sti
231 1975 316 2004 me:
340 1963 364 1989 *
393 1967 436 2004 et
463 1963 603 2004 factus
633 1975 679 2004 es
707 1963 813 2003 mihi
841 1963 884 2003 in
913 1975 976 2004 sa-

149 2017 295 2059 lutem.

203 2074 477 2115 Confitemini
524 2075 715 2115 D6mino
771 2075 977 2126 quOniam

149 2128 306 2170 bonus:
326 2130 348 2154 *
370 2130 575 2180 quossiam
600 2130 642 2169 in
669 2130 877 2170 saeculum
901 2130 976 2170 mi-

151 2184 389 2225 seric6rdia
410 2186 510 2236 ejus.

424 2246 618 2285 psalmus
639 2248 716 2285 118.

155 2295 322 2398 Beati
354 2295 620 2336 immaculati
656 2296 699 2336 in
732 2296 815 2336 via:
848 2295 870 2320 *
905 2295 978 2346 qui

264 2350 487 2392 ambulant
505 2351 547 2390 in
567 2351 664 2400 lege
686 2350 871 2391 D6mini.

203 2405 346 2454 Beati,
368 2406 441 2457 qui
462 2408 711 2447 scrutantur
730 2406 979 2447 testimonia

153 2460 291 2509 ejusz*
303 2461 346 2500 in
361 2466 456 2502 toto
473 2461 607 2503 corde
623 2464 855 2513 exquirunt
871 2474 979 2502 eum.

204 2515 304 2555 Non
329 2517 443 2556 enim
469 2517 542 2568 qui
566 2519 803 2568 operantur
828 2517 979 2567 iniqui-

153 2571 300 2619 tatem,
319 2572 342 2596 *
362 2572 405 2611 in
426 2572 508 2611 viis
529 2572 619 2622 ejus
639 2571 979 2613 ambulaverunt.

206 2625 274 2665 Tu
297 2626 514 2667 mandasti
535 2628 557 2652 *
582 2626 787 2668 mandata
812 2632 884 2668 tua
910 2639 978 2667 cu-

155 2680 310 2720 stodiri
327 2681 465 2722 nimis.

1081 293 1259 334 Utinam
1279 293 1520 345 dirigantur
1536 296 1616 336 viae
1632 308 1754 345 meae,
1765 296 1787 320 *
1801 295 1857 336 acl

1030 349 1341 391 custodiendas
1361 351 1688 401 justificatiOnes
1709 351 1822 392 tuas!

1082 405 1206 446 Tunc
1225 419 1312 446 non
1333 407 1584 455 confundar,
1603 408 1626 431 *
1647 420 1745 447 cum
1760 420 1855 459 per-

1031 463 1217 512 spexero
1237 461 1280 501 in
1301 462 1503 503 Omnibus
1523 462 1740 503 mandatis
1759 463 1856 503 tuis.

1084 517 1338 558 Confitebor
1357 518 1435 559 tibi
1452 519 1493 558 in
1510 518 1749 559 directione
1766 531 1856 558 cor-

1030 571 1111 612 dis:
1131 573 1215 612 *in
1242 586 1294 613 eo
1322 574 1441 625 quod
1466 573 1597 614 didici
1620 573 1774 623 iudicia
1799 575 1856 624 iu-

1030 628 1160 668 stitiae
1180 634 1278 669 tuae.

1080 684 1422 726 Justificationes
1459 691 1556 726 tuas
1594 685 1856 726 custOdiam:

1029 740 1052 764 *
1063 752 1149 779 non
1160 753 1230 780 me
1242 740 1519 792 derelinquas
1531 743 1857 792 usquequaque.

1081 796 1130 835 In
1178 809 1264 847 quo
1311 797 1490 845 corrigit
1536 796 1856 837 adolescentior

1030 851 1143 891 viam
1173 850 1318 892 suam?
1339 853 1361 877 *
1382 853 1423 892 in
1453 852 1741 893 custodiendo
1771 865 1856 893 ser-

1028 908 1182 947 mones
1202 913 1314 948 tuos.

1081 963 1130 1002 In
1154 968 1250 1003 toto
1276 964 1409 1004 corde
1435 977 1534 1005 mco
1561 964 1774 1015 exquisivi
1798 969 1856 1004 te:

1029 1019 1051 1042 *
1071 1031 1124 1058 ne
1146 1019 1333 1070 repellas
1352 1033 1421 1060 me
1442 1033 1466 1060 a
1485 1019 1702 1060 mandatis
1722 1020 1817 1060 tuis.

1081 1074 1130 1113 In
1156 1074 1290 1116 corde
1315 1088 1413 1115 meo
1444 1075 1653 1116 abscOndi
1684 1074 1855 1126 equuia

1029 1134 1117 1169 tua:
1136 1130 1159 1154 *
1180 1135 1227 1170 ut
1246 1143 1333 1170 non
1352 1144 1532 1182 peccem
1552 1131 1641 1172 tibi.

1081 1185 1347 1226 Benedictus
1381 1199 1427 1228 cs
1462 1187 1666 1227 DOmine:
1694 1187 1717 1211 *
1746 1186 1856 1226 doce

1029 1253 1098 1281 me
1118 1241 1447 1291 justificationes
1468 1248 1576 1283 tuas.

1082 1297 1133 1336 In
1178 1297 1304 1337 labiis
1349 1298 1478 1346 meis,
1515 1299 1538 1322 *
1579 1297 1858 1349 pronuntiavi

1031 1352 1176 1392 omnia
1195 1352 1351 1403 judicia
1373 1354 1461 1393 oris
1481 1354 1555 1394 tui.

1081 1408 1130 1447 In
1173 1408 1243 1448 via
1287 1409 1637 1449 testimoniorum
1681 1411 1856 1449 tuorum

1031 1462 1274 1504 delectatus
1295 1477 1401 1513 sum,
1421 1466 1443 1489 *
1465 1465 1576 1505 sicut
1595 1465 1638 1504 in
1655 1464 1857 1504 Omnibus

1031 1518 1203 1559 divitiis.

1082 1575 1131 1614 In
1151 1575 1369 1616 mandatis
1389 1576 1475 1616 tuis
1496 1575 1750 1616 exercebor:
1770 1577 1793 1599 *
1814 1580 1857 1616 et

1031 1630 1321 1671 considerabo
1342 1631 1434 1671 vias
1453 1636 1561 1671 tuas.

1083 1686 1132 1725 In
1155 1686 1533 1737 justificatiOnibus
1562 1687 1648 1727 tuis
1678 1685 1856 1726 medita-

1029 1741 1130 1781 bor:
1167 1743 1190 1766 *
1226 1755 1313 1782 non
1356 1742 1589 1783 obliviscar
1633 1743 1856 1782 sermones

1029 1802 1140 1837 tuos.

1035 1846 1285 1950 Retribue
1306 1865 1434 1893 servo
1454 1858 1546 1900 tuo,
1576 1852 1747 1892 vivifica
1770 1863 1854 1891 me:

1136 1909 1159 1933 *
1181 1913 1224 1948 et
1239 1908 1485 1949 custodiam
1505 1909 1728 1948 sermones
1744 1912 1854 1947 tuos.

1082 1963 1247 2004 Revela
1271 1963 1423 2004 Oculos
1447 1975 1584 2004 meos:
1604 1964 1626 1988 *
1651 1968 1694 2003 et
1718 1962 1854 2003 consi—

1031 2018 1196 2059 derabo
1215 2018 1430 2059 mirabilia
1449 2018 1503 2059 de
1523 2018 1618 2067 lege
1637 2023 1721 2058 tua.

1081 2074 1231 2114 Incola
1260 2087 1341 2123 ego
1372 2087 1467 2114 sum
1495 2074 1538 2113 in
1566 2078 1697 2114 terra:
1721 2074 1743 2098 *
1769 2085 1853 2112 non

1030 2129 1276 2170 abscondas
1297 2142 1321 2170 a
1340 2143 1410 2170 me
1429 2129 1635 2170 mandata
1653 2134 1737 2169 tua.

1084 2185 1345 2236 Concupivit
1378 2185 1521 2225 Anima
1558 2197 1655 2225 mea
1687 2183 1854 2224 deside-

1030 2242 1128 2281 rare
1148 2240 1478 2291 justificationes
1498 2246 1610 2288 tuaS,
1629 2241 1652 2264 *
1673 2240 1714 2279 in
1739 2238 1854 2278 omni

1030 2298 1240 2347 ternpore.

1083 2352 1324 2403 Increpasti
1344 2351 1573 2403 superbos:
1593 2352 1616 2375 *
1635 2349 1854 2390 maledicti

1033 2407 1106 2458 qui
1126 2406 1344 2447 declinant
1364 2419 1388 2446 a
1407 2406 1624 2447 mandatis
1645 2406 1742 2446 tuis.

1083 2462 1220 2502 Aufer
1240 2474 1264 2502 a
1284 2475 1352 2503 me
1373 2461 1675 2513 opprObrium,
1695 2466 1738 2501 ct
1757 2472 1854 2500 con-

1030 2519 1264 2584 tempturn:
1296 2518 1318 2541 *
1353 2517 1452 2568 quia
1494 2516 1740 2557 testimonia
1780 2520 1853 2555 tua

1032 2573 1230 2623 exquisix
1233 2573 1256 2611 i.

1083 2628 1255 2668 Etenim
1293 2627 1498 2668 sederunt
1535 2626 1768 2678 principes,
1810 2628 1853 2663 ct

983 2707 986 2711 Δ
1033 2682 1265 2724 adversum
1293 2695 1361 2724 me
1390 2681 1695 2734 loquebantur:
1720 2681 1741 2704 *
1768 2690 1852 2720 ser-
