2080 2990
453 261 523 294 Dic
551 261 598 293 11.
626 261 732 293 Febr.
781 260 847 292 Bb.
873 259 945 292 VII
969 258 1089 292 Fund.
1116 259 1204 292 Ord.
1227 260 1331 293 Serv.
1358 260 1398 294 B.
1425 260 1468 293 M.
1488 261 1530 293 V.

142 371 266 399 suam
282 359 554 410 quantalibet
565 360 879 401 numerositate
889 360 974 411 jam

143 413 388 464 dilatatam,
415 419 564 456 tamen
587 428 728 468 usque
757 415 814 457 ad
841 416 973 457 finem

142 469 294 511 mundi
312 469 557 512 humilitate
576 471 670 513 vult
689 473 901 522 crescere,
931 476 974 513 et

143 525 200 567 ad
226 528 493 578 promissum
520 539 702 578 regnum
728 527 974 569 humilitate

142 584 382 633 pervenire.
441 581 639 634 Ideoque
673 584 764 635 ejus
798 582 973 625 labores

141 637 303 679 blande
331 638 602 688 consolatus,
630 651 762 690 quam
791 652 974 690 regnum

141 693 226 735 Dei
252 698 423 735 tantum
450 696 647 745 quaerere
671 696 889 748 praecipit,
918 697 972 736 ei-

143 749 245 790 dem
263 762 445 800 regnum
465 763 491 791 a
504 751 635 792 Patre
651 751 844 792 dandum
859 764 974 792 com-

142 805 305 857 placita
324 805 593 856 benignitate
614 807 845 858 promittit.

197 869 247 919 Rv.
277 869 467 911 Dabitur
494 870 744 921 lugentibus
770 872 875 913 Sion
903 884 973 912 co-

143 927 252 967 rona
270 938 353 978 pro
373 928 534 975 cinere,
560 926 706 968 oleum
724 926 873 978 gaudii
891 940 974 980 pro

143 982 283 1031 luctu,
313 982 496 1034 pallium
526 982 669 1024 laudis
702 996 785 1036 pro
817 984 973 1036 spiritu

144 1038 362 1080 moeroris:
388 1039 410 1062 *
440 1038 498 1080 Et
532 1039 806 1081 vocabuntur
837 1040 974 1081 fortes

144 1094 337 1145 justitiae,
364 1094 581 1146 plantatio
600 1095 779 1136 Domini
802 1095 860 1137 ad
883 1095 974 1146 glo-

144 1150 417 1191 rificandum.
444 1146 494 1197 Y.
513 1150 779 1192 Sacerdotes
797 1151 975 1192 Domini

145 1206 422 1247 vocabuntur
435 1207 623 1247 ministri
636 1208 722 1248 Dei
735 1208 885 1248 nostri.
909 1208 975 1249 Et.

200 1267 362 1309 Bened.
388 1268 584 1316 Quorum
602 1267 762 1309 festum
781 1268 975 1309 colimus.

437 1343 589 1384 Lectio
608 1342 691 1382 viii.

148 1409 386 1514 Vendite
407 1426 506 1466 quae
524 1414 781 1466 possidetis,
811 1419 854 1456 et
875 1414 976 1456 date

261 1469 594 1522 eleemosynam.
636 1471 798 1521 Nolite,
821 1471 977 1523 inquit,

147 1525 311 1575 timere,
331 1538 386 1567 ne
401 1532 586 1579 propter
602 1539 786 1578 regnum
800 1527 885 1568 Dei
901 1527 977 1567 mi-

146 1581 394 1631 litantibus,
431 1581 558 1634 hujus
592 1582 696 1624 vitae
731 1583 979 1624 necessaria

149 1637 308 1679 desint:
344 1637 447 1690 quin
481 1638 613 1680 etiam
640 1641 849 1691 possessa
880 1651 976 1691 pro-

147 1698 247 1745 pter
273 1693 598 1747 eleemosynam
622 1695 812 1738 vendite.
849 1695 979 1746 Quod

148 1754 253 1791 tune
273 1749 403 1801 digne
422 1749 487 1800 fit,
516 1750 693 1801 quando
720 1751 817 1803 quis
843 1751 979 1793 semel

148 1818 230 1858 pro
249 1805 442 1846 Domino
466 1805 556 1846 suis
581 1806 784 1847 omnibus
809 1807 979 1859 spretis,

149 1860 430 1902 nihilominus
457 1866 563 1914 post
590 1861 687 1903 haec
714 1862 867 1904 labore
890 1865 978 1903 ma-

149 1929 300 1967 nuum,
327 1916 444 1958 unde
471 1922 516 1959 et
537 1917 702 1959 victum
728 1921 980 1970 transigere,

151 1977 196 2014 et
223 1972 547 2025 eleemosynam
575 1973 680 2015 dare
702 1979 848 2026 queat,
877 1986 978 2026 ope-

151 2030 282 2069 ratur.
326 2029 455 2071 Unde
482 2029 698 2080 gloriatur
725 2030 980 2082 Apostolus,

152 2083 317 2125 dicens:
341 2084 602 2135 Argentum,
621 2090 696 2126 aut
714 2098 882 2135 aurum,
907 2090 981 2127 aut

151 2144 320 2181 vestem
338 2140 499 2181 nullius
519 2141 764 2193 concupivi:
791 2141 877 2194 ipsi
902 2143 980 2183 sci-

152 2195 224 2245 tis,
251 2196 458 2248 quoniam
478 2196 535 2238 ad
556 2209 607 2238 ea
628 2210 726 2249 quae
745 2197 850 2238 mihi
870 2210 981 2250 opus

153 2256 291 2300 erant,
320 2255 364 2293 et
386 2250 454 2293 his
479 2252 554 2304 qui
571 2265 744 2293 mecum
763 2257 878 2302 sunt,
905 2253 981 2293 mi-

152 2307 447 2349 nistraverunt
479 2320 633 2349 manus
661 2308 769 2350 istae.
825 2309 982 2350 Omnia

154 2362 329 2404 ostendi
355 2364 498 2413 vobis,
538 2364 744 2416 quoniam
772 2365 835 2406 sic
861 2365 980 2406 labo-

153 2420 301 2460 rantes
325 2421 502 2471 oportet
527 2422 751 2472 suscipere
773 2420 980 2462 infirmos.

208 2482 259 2532 R.
298 2483 393 2534 Ego
431 2483 556 2535 quasi
587 2483 688 2525 vitis
722 2483 982 2525 fructificavi

155 2538 417 2580 suavitatem
469 2538 634 2580 odoris:
679 2538 699 2559 *
743 2540 802 2581 Et
850 2540 982 2581 flores

155 2594 242 2635 mei
266 2594 432 2635 fructus
458 2594 639 2635 honoris
664 2600 708 2636 et
729 2595 983 2636 honestatis.

159 2644 209 2695 V.
224 2649 321 2699 Ego
338 2650 479 2690 Mater
502 2650 700 2701 pulchrae
725 2650 983 2700 dilectionis,

157 2709 201 2745 et
218 2705 404 2755 timoris,
424 2710 468 2747 et
487 2706 735 2756 agnitionis,
755 2711 799 2748 et
818 2711 983 2748 sanctae

158 2761 264 2812 spei.
290 2760 358 2802 Et.
388 2760 539 2802 Gloria
556 2761 686 2804 Patri.
713 2763 780 2804 Et.

312 2901 376 2927 Pars
392 2901 525 2928 fflemans.

1077 357 1119 390 In
1145 356 1379 396 Quadrages.
1407 355 1536 389 Lectio
1565 356 1610 387 ix.
1639 356 1684 388 dc
1714 356 1850 388 llomil.

1024 405 1157 438 Fcriae.

1327 464 1476 503 Lectio
1500 465 1550 502 ix.

1026 518 1220 622 Facite
1254 526 1381 567 vobis
1419 526 1620 567 sacculos
1660 527 1733 578 qui
1766 539 1854 567 non

1121 583 1418 623 veterascunt:
1460 582 1760 634 eleemosynas
1795 582 1854 623 vi—

1027 638 1186 679 delicet
1205 637 1448 690 operando,
1479 650 1662 689 quarum
1686 650 1854 679 merces

1025 694 1069 734 in
1094 695 1305 735 aeternum
1329 695 1514 734 maneat.
1550 693 1637 735 Ubi
1659 707 1747 735 non
1769 693 1856 735 hoc

1026 751 1299 802 praeceptum
1319 762 1414 790 esse
1434 749 1678 801 putandum
1697 755 1780 799 est,
1807 754 1856 790 ut

1026 805 1086 846 nil
1116 805 1317 857 pecuniae
1349 807 1598 847 reservetur
1631 818 1656 846 a
1684 806 1855 855 sanctis,

1026 862 1097 903 vel
1116 862 1206 903 suis
1230 861 1407 912 scilicet,
1423 861 1493 903 vel
1508 865 1753 914 pauperum
1772 862 1856 902 usi-

1026 918 1110 959 bus
1134 917 1435 968 suggerendae:
1464 930 1563 958 cum
1588 923 1631 959 et
1654 917 1750 969 ipse
1769 917 1856 957 Do-

1026 974 1180 1023 minus,
1200 974 1270 1015 cui
1288 973 1594 1015 ministrabant
1608 973 1777 1025 Angeli,
1796 978 1856 1014 ta·
1903 978 1905 982 ⁴

1027 1043 1127 1071 men
1157 1029 1224 1071 .ad
1259 1029 1581 1071 informandam
1615 1029 1858 1070 Ecclesiam
1905 1063 1907 1066 .

1028 1099 1151 1127 suam
1178 1086 1349 1127 loculos
1374 1086 1580 1127 habuisse
1600 1086 1786 1136 legatur,
1815 1091 1858 1126 et

1028 1155 1053 1183 a
1082 1141 1285 1183 fidelibus
1315 1141 1463 1183 oblata
1496 1143 1777 1190 conservanS,
1815 1145 1859 1182 et

1028 1200 1208 1239 suorum
1231 1197 1567 1239 necessitatibus
1590 1198 1772 1249 aliisque
1797 1196 1856 1236 in-

1028 1253 1277 1305 digentibus
1311 1254 1522 1304 tribuens3
1560 1252 1639 1295 sed
1672 1266 1727 1294 ne
1761 1254 1858 1294 Deo
1906 1283 1907 1286 η

1028 1315 1211 1362 propter
1226 1310 1309 1351 ista
1324 1310 1548 1359 serviatur,
1565 1314 1607 1351 et
1623 1309 1681 1351 ob
1696 1309 1858 1361 inopiae

1028 1366 1233 1407 timorem
1251 1367 1414 1417 justitia
1433 1366 1672 1407 deseratur.

1091 1420 1151 1463 Te
1170 1423 1314 1463 Deum
1333 1422 1572 1463 laudamus.
1591 1423 1650 1462 14.

1293 1494 1372 1535 Ad
1397 1494 1593 1535 Laudes

1240 1560 1288 1588 et
1327 1564 1423 1596 pcr
1460 1554 1652 1586 Horas.

1086 1620 1183 1659 Ant.
1202 1620 1228 1657 1.
1251 1619 1471 1672 Sapientia
1490 1619 1724 1662 aedificavit
1738 1620 1761 1646 *
1776 1618 1859 1660 sibi

1033 1675 1228 1726 domum,
1250 1675 1413 1717 excidit
1432 1677 1658 1717 columnas
1678 1680 1860 1727 septem.

1085 1737 1152 1777 Ps.
1182 1736 1396 1777 Dominus
1415 1736 1622 1787 regnavit.
1641 1736 1700 1776 15.

1084 1794 1119 1833 2.
1158 1792 1238 1832 Isti
1269 1796 1369 1833 sunt
1401 1792 1482 1833 viri
1513 1797 1683 1843 septem
1706 1792 1729 1817 *
1753 1790 1859 1832 boni

1032 1847 1288 1897 testimonii,
1314 1847 1433 1899 pleni
1451 1847 1616 1899 Spiritu
1640 1851 1792 1887 sancto
1818 1851 1861 1887 et

1034 1903 1258 1955 sapientia.

1085 1961 1120 2000 3.
1148 1959 1368 2010 Apparuit
1387 1958 1451 1999 eis
1467 1958 1657 1999 Domina
1675 1958 1699 1985 *
1718 1958 1859 2008 Ange-

1033 2015 1189 2063 lorum,
1215 2018 1258 2054 et
1277 2013 1429 2055 dilexit
1449 2026 1526 2055 eos
1545 2014 1588 2054 in
1608 2013 1792 2062 visione,
1817 2019 1861 2055 et

1033 2071 1077 2111 in
1096 2069 1314 2120 agnitione
1333 2069 1598 2121 magnalium
1617 2071 1805 2110 suorum.

1088 2128 1123 2165 4.
1159 2127 1283 2167 Beati
1306 2126 1388 2167 viri
1411 2126 1518 2167 tui*
1538 2126 1705 2175 Regina
1729 2125 1862 2165 omni-

1034 2197 1122 2224 um:
1153 2183 1273 2224 beati
1297 2182 1413 2223 servi
1437 2181 1516 2231 tui,
1550 2181 1624 2232 qui
1649 2185 1766 2221 stant
1791 2193 1860 2221 co—

1035 2252 1128 2279 ram
1146 2243 1190 2280 te
1210 2250 1395 2290 semper.

1088 2296 1123 2334 5.
1162 2293 1360 2334 Laudem
1385 2292 1516 2334 dicite
1539 2293 1636 2334 Deo
1661 2293 1685 2319 *
1709 2297 1860 2333 nostro

1036 2362 1187 2391 omnes
1219 2348 1335 2390 servi
1370 2349 1477 2401 ejus,
1516 2353 1559 2390 et
1592 2349 1664 2400 qui
1700 2346 1860 2388 timetis

1036 2418 1145 2455 eum,
1166 2404 1314 2457 pusilli
1333 2409 1377 2446 et
1394 2404 1551 2455 magni.

1116 2468 1374 2519 Capitulum.
1528 2464 1656 2504 Hebr.
1675 2465 1729 2502 13.
1748 2463 1784 2502 b.

1035 2537 1271 2641 Fratres:
1302 2541 1571 2582 Mementote
1602 2539 1860 2592 praeposito-

1130 2610 1227 2637 rum
1254 2599 1518 2645 vestrorum,
1549 2596 1623 2647 qui
1648 2595 1774 2636 vobis
1799 2594 1860 2634 lo-

1037 2653 1126 2693 cuti
1150 2657 1250 2693 sunt
1268 2651 1450 2693 verbum
1469 2652 1568 2702 Dei,
1595 2663 1780 2703 quorum
1802 2650 1861 2689 in-

1035 2709 1208 2749 tuentes
1224 2708 1386 2748 exitum
1400 2706 1756 2755 conversationis,
1772 2705 1861 2746 imi-

1036 2763 1188 2804 tamini
1206 2762 1350 2803 fidem.
