2080 2990
564 216 634 249 l)ic
660 216 692 249 8.
718 216 826 249 Febr.
873 216 907 250 S.
932 216 1095 249 ¹Ioannis
1123 216 1168 250 dc
1195 217 1324 250 Mathai
1350 218 1466 268 (lons.-

211 318 254 351 In
279 317 304 350 I.
330 317 439 350 Noct.
472 318 570 351 Lect.
597 317 643 350 de
673 316 808 358 script.
840 326 982 349 occurr.

209 369 252 403 In
279 368 468 410 Quadrug
504 368 648 401 Beatus
677 367 748 401 vir.
772 368 818 400 de
848 367 983 401 eodem

158 415 358 450 Communi
384 418 413 448 2.
440 416 535 449 loco.
571 414 640 457 [77]

391 481 439 518 In
458 481 507 518 ΙΙ.
528 480 768 529 Nocturno„

462 540 611 579 Lectio
632 540 683 577 iv.

173 608 183 632 ς
202 592 525 655 [’‚omualdus
561 592 802 642 Ravennae,
842 591 993 642 Sergio

173 651 184 693 3
203 640 289 708 2333,
311 653 453 700 patre,
489 647 626 688 nobili
660 649 819 697 genere
855 652 994 696 natus,

174 703 183 718 ²
223 700 287 728 ‘2
312 702 569 744 adolescens
613 703 657 743 in
696 705 995 755 propinquum

166 759 480 800 monasterium
515 759 745 799 Classense
781 759 994 810 poeniten-

165 816 240 856 tiae
277 827 410 855 causa
446 814 645 855 secessit:
690 813 766 854 ubi
801 813 995 864 religiosi

166 870 356 911 hominis
384 871 587 910 sermone
615 869 672 910 ad
704 869 880 921 pietatis
909 873 994 911 stu-

167 925 287 967 dium
317 925 618 966 vehementius
649 925 867 973 incensus,
899 925 994 965 viso

167 982 298 1023 etiam
322 980 458 1022 semel
481 985 524 1021 et
542 982 701 1021 iterum
719 993 799 1031 per
818 985 995 1021 noctem

166 1037 210 1077 in
229 1036 413 1078 ecclesia
431 1036 564 1077 beato
586 1035 846 1087 Apollinari,
876 1036 996 1087 quod

165 1093 250 1134 Dei
283 1105 435 1133 servus
468 1092 531 1132 illi
564 1091 758 1132 futurum
785 1094 995 1144 promise-

165 1153 249 1197 rat,
283 1147 527 1188 monachus
559 1147 756 1188 efficitur.
801 1147 907 1188 Mox
939 1147 995 1188 ad

165 1204 398 1252 Marinum,
423 1203 527 1243 vitae
553 1203 785 1243 sanctitate
805 1215 856 1243 ac
876 1215 994 1243 seve-

165 1259 280 1300 riore
305 1258 537 1310 disciplina
558 1258 603 1298 in
627 1258 786 1299 finibus
805 1258 995 1299 Veneto-

165 1327 262 1356 rum
281 1326 334 1356 eo
354 1315 554 1365 tempore
574 1313 808 1362 celebrem,
829 1326 876 1354 se
896 1316 995 1354 con—

110 1373 116 1381 '
166 1370 282 1419 tulit,
323 1374 371 1411 ut
402 1369 458 1410 ad
490 1374 655 1410 arctam
690 1373 734 1410 et
765 1368 997 1410 sublimem

166 1426 448 1478 perfectionis
480 1425 596 1466 viam
625 1437 677 1466 eo
706 1426 915 1474 magistro
945 1437 996 1465 ac

168 1481 279 1522 duce
298 1483 504 1522 uteretur.

216 1542 267 1592 R.
299 1537 548 1577 Honestum
575 1536 680 1578 fecit
703 1536 824 1577 illum
847 1537 995 1577 Domi-

165 1605 265 1643 nus,
285 1597 329 1634 et
348 1591 586 1633 custodivit
605 1604 704 1632 eum
724 1591 778 1633 ab
798 1592 995 1642 inimicis,

168 1652 212 1689 et
235 1660 261 1688 a
289 1646 596 1689 seductoribus
624 1647 784 1688 tutavit
811 1647 947 1687 illum:
967 1647 990 1669 *

165 1704 223 1745 Et
254 1702 377 1745 dedit
408 1703 470 1743 illi
505 1702 750 1744 claritatem
775 1705 995 1745 aeternam.

166 1755 216 1807 V.
247 1759 421 1800 Iustum
453 1757 636 1799 deduxit
666 1758 884 1799 Dominus
915 1771 995 1810 per

165 1815 259 1856 vias
277 1818 436 1862 rectas,
460 1818 503 1854 et
523 1813 716 1855 ostendit
733 1813 796 1854 illi
813 1826 996 1864 regnum

165 1870 260 1911 Dei.
287 1870 344 1910 Et
363 1867 497 1910 dedit.

476 1929 629 1969 Lectio
650 1942 686 1967 v.

274 1980 377 2022 ultis
401 1982 567 2021 satanae
585 1978 770 2028 insidiis,
796 1983 840 2020 et
858 1979 995 2020 homi-

286 2049 391 2077 num
409 2035 574 2077 invidia
593 2037 884 2086 oppugnatus,
904 2039 995 2075 tan-

167 2097 214 2134 to
242 2091 446 2132 humilior
474 2104 522 2132 se
551 2090 727 2131 assidue
755 2090 921 2141 jejuniis
953 2095 997 2131 et

169 2146 440 2189 orationibus
477 2145 727 2194 exercebat,
771 2150 815 2186 et
851 2158 997 2186 rerum

169 2203 413 2245 coelestium
436 2200 737 2251 meditatione,
766 2201 854 2241 vim
872 2200 994 2241 lacri-

168 2261 338 2300 marum
354 2256 638 2310 profundens,
657 2256 896 2298 fruebatur:
916 2256 999 2297 vul-

168 2319 218 2355 tu
243 2319 390 2355 tamen
418 2313 530 2354 adeo
558 2313 662 2353 laeto
691 2324 865 2364 semper
893 2316 997 2360 erat,

169 2374 218 2411 ut
251 2370 471 2410 intuentes
508 2368 779 2409 exhilararet.
836 2367 997 2416 Magno

171 2424 290 2476 apud
311 2424 532 2476 principes
555 2428 600 2464 et
623 2435 749 2473 reges
768 2423 812 2462 in
829 2422 998 2462 honore

171 2479 264 2520 fuit:
282 2479 494 2530 multique
514 2480 605 2530 ejus
625 2477 824 2526 consilio,
849 2475 1000 2517 mundi

172 2534 390 2575 illecebris
409 2534 604 2585 abjectis,
628 2533 908 2574 solitudinem
926 2545 998 2583 pe-

171 2590 343 2630 tierunt.
388 2589 585 2641 Martyrii
624 2601 798 2640 quoque
835 2587 998 2639 cupidi-

171 2646 263 2685 tate
283 2644 498 2694 flagravit,
526 2646 646 2695 eujus
673 2656 806 2684 causa
830 2642 933 2683 dum
956 2643 999 2682 in

172 2700 441 2740 Pannoniam
476 2700 786 2751 proficiscitur,
824 2697 998 2746 morbo,

1802 217 1869 252 481

1045 325 1132 364 quo
1152 312 1444 354 afflictabatur
1468 326 1566 354 cum
1586 313 1870 365 progredere-

1044 373 1131 417 tur,
1157 368 1386 410 levabatur
1411 381 1510 410 cum
1534 369 1777 420 recederet,
1807 382 1869 411 re-

1044 425 1157 466 verti
1175 425 1356 474 cogitur.

1092 485 1163 535 R„
1195 480 1375 521 Amavit
1417 493 1516 521 eum
1552 481 1786 530 Dominus,
1828 486 1871 523 et

1046 536 1218 577 ornavit
1238 549 1352 577 eum:
1381 536 1539 577 stolam
1557 536 1709 587 gleriae
1729 536 1871 578 induit

1047 605 1161 641 eum,
1179 598 1200 621 *
1232 592 1290 632 Et
1317 591 1374 633 ad
1400 596 1552 644 portas
1580 592 1773 644 paradisi
1801 605 1870 633 co-

1046 647 1221 688 ronavit
1249 660 1359 688 eum.
1397 649 1443 698 Y
1475 647 1624 688 Induit
1652 660 1751 688 eum
1778 648 1871 688 Dfis

1046 703 1229 744 loricam
1254 703 1370 752 fidei,
1393 708 1437 744 et
1461 703 1634 744 ornavit
1654 716 1764 744 eum.
1805 703 1872 743 Et.

1345 765 1493 804 Lectio
1518 765 1566 803 vi.

1043 816 1123 919 In
1145 815 1234 855 vita
1258 819 1302 856 et
1322 819 1426 866 post
1448 819 1635 855 mortem
1654 815 1873 855 miraculis

1113 870 1266 919 clarus,
1293 871 1449 922 spiritu
1473 870 1604 910 etiam
1627 870 1873 922 prophetiae

1047 939 1136 967 non
1155 927 1305 967 caruit.
1338 926 1510 967 Scalam
1534 939 1558 966 a
1577 931 1695 966 terra
1715 926 1875 966 coelum

1047 982 1377 1034 pertingentem,
1396 982 1440 1022 in
1460 981 1787 1022 similitudinem
1807 982 1832 1021 J
1834 995 1874 1022 a-

1049 1037 1131 1079 cob
1159 1037 1443 1086 Patriarchae‚
1471 1050 1551 1089 per
1581 1050 1711 1089 quam
1739 1037 1874 1078 homi-

1047 1106 1126 1134 nes
1153 1093 1196 1133 in
1219 1098 1343 1134 veste
1370 1093 1557 1134 candida
1580 1093 1876 1134 ascendebant

1049 1154 1092 1190 et
1119 1148 1461 1198 descendebant,
1498 1162 1578 1201 per
1605 1149 1747 1189 visum
1775 1161 1874 1189 con-

1047 1205 1209 1256 spexit:
1238 1206 1379 1256 eoque
1405 1203 1760 1245 Camaldulenses
1785 1206 1873 1244 mo-

1047 1260 1230 1309 naehos,
1275 1273 1463 1312 quorum
1498 1260 1686 1300 instituti
1721 1264 1874 1300 auctor

1046 1316 1142 1365 fuit,
1171 1315 1391 1366 designari
1409 1315 1664 1356 mirabiliter
1684 1315 1873 1365 agnovit,

1045 1371 1246 1423 Denique
1272 1384 1371 1412 cum
1395 1383 1530 1411 annos
1556 1375 1730 1411 centum
1752 1374 1795 1411 et
1814 1370 1872 1411 vi-

1046 1427 1155 1477 ginti
1187 1429 1352 1477 ageret,
1389 1432 1433 1467 et
1469 1431 1643 1467 centum
1678 1426 1799 1477 ipsos
1830 1426 1874 1465 in

1048 1495 1216 1523 summa
1234 1483 1336 1523 vitae
1355 1482 1591 1534 asperitate
1602 1482 1699 1522 Deo
1719 1482 1873 1521 servis-

1048 1544 1125 1587 set,
1149 1539 1206 1579 ad
1226 1551 1325 1579 eum
1343 1538 1561 1588 migravit,
1587 1550 1701 1578 anno
1722 1536 1873 1577 salutis

1046 1594 1277 1635 millesimo
1302 1594 1512 1644 vigesimo
1536 1593 1735 1645 septimo.
1771 1592 1874 1642 Ejus

1047 1662 1210 1702 corpus
1238 1649 1532 1701 quinquennio
1555 1653 1791 1700 postquam
1811 1660 1874 1687 88-

1046 1706 1219 1757 pultum
1238 1706 1389 1754 fuerat,
1408 1707 1624 1754 integrum
1641 1705 1874 1755 repertum,

1046 1761 1251 1802 Fabriani
1268 1761 1313 1800 in
1333 1760 1516 1801 ecclesia
1535 1760 1602 1799 sui
1621 1759 1784 1800 ordinis
1799 1758 1874 1798 ho-

1047 1817 1228 1858 norifice
1248 1815 1472 1856 conditum
1491 1820 1568 1855 est.

1102 1877 1153 1926 R.
1175 1873 1265 1912 Iste
1283 1871 1428 1912 homo.
1450 1870 1532 1922 [72]

1101 1938 1143 1971 In
1166 1938 1229 1971 III.
1247 1938 1446 1970 Nocturno
1472 1936 1641 1969 Homilia
1668 1935 1703 1967 in
1732 1934 1874 1974 Evang.

1050 1987 1150 2019 Ecce
1191 1993 1264 2018 nos
1306 1982 1541 2025 reliquimus.
1584 1983 1629 2015 dc
1674 1982 1875 2016 Communi

1050 2033 1245 2066 Abbatum
1273 2032 1299 2064 l.
1324 2032 1421 2064 loco.
1457 2029 1536 2072 [80]

1101 2084 1144 2117 ln
1161 2083 1345 2125 vesperis
1367 2093 1388 2115 a
1406 2082 1586 2124 Capitulo
1605 2082 1651 2114 dc
1670 2091 1774 2123 sequ.
1793 2091 1877 2113 cum

1051 2141 1183 2166 comm.
1209 2130 1373 2173 praeced.

1263 2205 1348 2245 Die
1367 2206 1405 2244 8.
1423 2203 1660 2245 Februarii.

1108 2269 1152 2310 S.
1177 2268 1389 2310 Joannis
1413 2267 1475 2308 de
1499 2266 1677 2307 Matha
1708 2269 1825 2307 (lonf.

1386 2327 1547 2369 Duplex.

1103 2384 1238 2417 Omnia
1273 2383 1319 2415 dc
1350 2382 1494 2415 Comm.
1526 2382 1633 2415 (Ionf.
1664 2391 1737 2414 non
1770 2380 1876 2413 l'ont.

1051 2429 1120 2472 [67]
1151 2434 1292 2472 praeter
1317 2439 1422 2471 sequ.
1442 2427 1502 2469 (m.
1525 2430 1550 2461 t.
1573 2426 1622 2467 v.)

1392 2477 1554 2515 Oratio.

1143 2542 1235 2579 eus,
1261 2530 1335 2581 qui
1352 2542 1432 2582 per
1451 2532 1648 2570 sanctum
1665 2527 1690 2567 J
1691 2529 1876 2568 oannem

1156 2585 1356 2626 ordinem
1383 2583 1669 2625 sanctissimae
1693 2580 1875 2622 Trinita-

1051 2643 1107 2683 tis
1145 2640 1203 2682 ad
1237 2638 1539 2681 redimendum
1571 2638 1627 2679 de
1658 2637 1876 2688 potestate

1051 2698 1368 2739 Saracenorum
1393 2696 1594 2747 captivos
1621 2691 1790 2734 co'elitus
1814 2690 1874 2730 in-
