<?xml version="1.0" encoding="UTF-8"?>
<!DOCTYPE html PUBLIC "-//W3C//DTD XHTML 1.0 Transitional//EN"
    "http://www.w3.org/TR/xhtml1/DTD/xhtml1-transitional.dtd">
<html xmlns="http://www.w3.org/1999/xhtml" xml:lang="en" lang="en">
 <head>
  <title>
</title>
<meta http-equiv="Content-Type" content="text/html;charset=utf-8" />
  <meta name='ocr-system' content='tesseract 3.04.00' />
  <meta name='ocr-capabilities' content='ocr_page ocr_carea ocr_par ocr_line ocrx_word'/>
</head>
<body>
  <div class='ocr_page' id='page_1' title='image "./p1breviariumroma00cathuoft_0918.png"; bbox 0 0 2080 2990; ppageno 0'>
   <div class='ocr_carea' id='block_1_1' title="bbox 250 234 871 274">
    <p class='ocr_par' dir='ltr' id='par_1_1' title="bbox 250 234 871 274">
     <span class='ocr_line' id='line_1_1' title="bbox 250 234 871 274; baseline 0.002 -9"><span class='ocrx_word' id='word_1_1' title='bbox 250 239 313 274; x_wconf 79' lang='lat'>12*</span> <span class='ocrx_word' id='word_1_2' title='bbox 648 234 716 267; x_wconf 70' lang='lat' dir='ltr'>Dic</span> <span class='ocrx_word' id='word_1_3' title='bbox 747 234 791 266; x_wconf 64' lang='lat'>14.</span> <span class='ocrx_word' id='word_1_4' title='bbox 820 234 871 267; x_wconf 65' lang='lat' dir='ltr'>Ue</span> 
     </span>
    </p>
   </div>
   <div class='ocr_carea' id='block_1_2' title="bbox 247 294 1952 368">
    <p class='ocr_par' dir='ltr' id='par_1_2' title="bbox 247 294 1952 368">
     <span class='ocr_line' id='line_1_2' title="bbox 247 294 1952 368; baseline 0 0"><span class='ocrx_word' id='word_1_5' title='bbox 247 294 1952 368; x_wconf 95' lang='lat' dir='ltr'>   </span> 
     </span>
    </p>
   </div>
   <div class='ocr_carea' id='block_1_3' title="bbox 236 335 1072 2815">
    <p class='ocr_par' dir='ltr' id='par_1_3' title="bbox 236 335 1072 2815">
     <span class='ocr_line' id='line_1_3' title="bbox 251 335 1071 378; baseline -0.002 0"><span class='ocrx_word' id='word_1_6' title='bbox 251 336 512 378; x_wconf 90' lang='lat' dir='ltr'>creditarum</span> <span class='ocrx_word' id='word_1_7' title='bbox 562 335 644 377; x_wconf 86' lang='lat' dir='ltr'>sibi</span> <span class='ocrx_word' id='word_1_8' title='bbox 694 336 841 376; x_wconf 82' lang='lat' dir='ltr'>evium</span> <span class='ocrx_word' id='word_1_9' title='bbox 887 335 1071 377; x_wconf 78' lang='lat' dir='ltr'>salutem</span> 
     </span>
     <span class='ocr_line' id='line_1_4' title="bbox 236 390 1072 434; baseline 0 -1"><span class='ocrx_word' id='word_1_10' title='bbox 236 392 373 434; x_wconf 83' lang='lat' dir='ltr'>&#39;cordi</span> <span class='ocrx_word' id='word_1_11' title='bbox 404 392 566 434; x_wconf 88' lang='lat' dir='ltr'>habuit.</span> <span class='ocrx_word' id='word_1_12' title='bbox 622 390 858 434; x_wconf 81' lang='lat' dir='ltr'>Cathelicae</span> <span class='ocrx_word' id='word_1_13' title='bbox 894 392 1072 433; x_wconf 90' lang='lat' dir='ltr'>unitatis</span> 
     </span>
     <span class='ocr_line' id='line_1_5' title="bbox 251 449 1071 501; baseline -0.002 -10"><span class='ocrx_word' id='word_1_14' title='bbox 251 462 301 491; x_wconf 90' lang='lat' dir='ltr'>ac</span> <span class='ocrx_word' id='word_1_15' title='bbox 320 449 514 491; x_wconf 88' lang='lat' dir='ltr'>veritatis</span> <span class='ocrx_word' id='word_1_16' title='bbox 541 451 740 490; x_wconf 90' lang='lat' dir='ltr'>strenuus</span> <span class='ocrx_word' id='word_1_17' title='bbox 761 450 1071 501; x_wconf 66' lang='lat' dir='ltr'>propugnator,</span> 
     </span>
     <span class='ocr_line' id='line_1_6' title="bbox 250 504 1071 547; baseline -0.002 0"><span class='ocrx_word' id='word_1_18' title='bbox 250 506 352 547; x_wconf 89' lang='lat' dir='ltr'>totis</span> <span class='ocrx_word' id='word_1_19' title='bbox 385 505 547 547; x_wconf 86' lang='lat' dir='ltr'>viribus</span> <span class='ocrx_word' id='word_1_20' title='bbox 580 504 853 547; x_wconf 65' lang='lat' dir='ltr'>adlaboravit</span> <span class='ocrx_word' id='word_1_21' title='bbox 885 510 932 546; x_wconf 94' lang='lat' dir='ltr'>ut</span> <span class='ocrx_word' id='word_1_22' title='bbox 963 504 1071 546; x_wconf 91' lang='lat' dir='ltr'>schi-</span> 
     </span>
     <span class='ocr_line' id='line_1_7' title="bbox 250 560 1070 613; baseline -0.002 -10"><span class='ocrx_word' id='word_1_23' title='bbox 250 562 456 603; x_wconf 88' lang='lat' dir='ltr'>smaticos</span> <span class='ocrx_word' id='word_1_24' title='bbox 476 561 796 613; x_wconf 84' lang='lat' dir='ltr'>haereticosque</span> <span class='ocrx_word' id='word_1_25' title='bbox 813 560 868 602; x_wconf 90' lang='lat' dir='ltr'>ad</span> <span class='ocrx_word' id='word_1_26' title='bbox 884 573 1070 602; x_wconf 91' lang='lat' dir='ltr'>commu-</span> 
     </span>
     <span class='ocr_line' id='line_1_8' title="bbox 249 617 1070 660; baseline 0 -2"><span class='ocrx_word' id='word_1_27' title='bbox 249 618 423 659; x_wconf 80' lang='lat' dir='ltr'>nienem</span> <span class='ocrx_word' id='word_1_28' title='bbox 455 631 554 659; x_wconf 92' lang='lat' dir='ltr'>cum</span> <span class='ocrx_word' id='word_1_29' title='bbox 585 618 703 660; x_wconf 90' lang='lat' dir='ltr'>beati</span> <span class='ocrx_word' id='word_1_30' title='bbox 726 618 843 659; x_wconf 90' lang='lat' dir='ltr'>Petri</span> <span class='ocrx_word' id='word_1_31' title='bbox 876 617 980 658; x_wconf 89' lang='lat' dir='ltr'>sede</span> <span class='ocrx_word' id='word_1_32' title='bbox 1007 629 1070 658; x_wconf 92' lang='lat' dir='ltr'>re-</span> 
     </span>
     <span class='ocr_line' id='line_1_9' title="bbox 249 673 1072 725; baseline -0.002 -9"><span class='ocrx_word' id='word_1_33' title='bbox 249 674 439 716; x_wconf 79' lang='lat' dir='ltr'>duceret.</span> <span class='ocrx_word' id='word_1_34' title='bbox 460 675 683 715; x_wconf 89' lang='lat' dir='ltr'>Summum</span> <span class='ocrx_word' id='word_1_35' title='bbox 699 673 954 715; x_wconf 90' lang='lat' dir='ltr'>Pontificem</span> <span class='ocrx_word' id='word_1_36' title='bbox 973 674 1072 725; x_wconf 82' lang='lat' dir='ltr'>ejus·</span> 
     </span>
     <span class='ocr_line' id='line_1_10' title="bbox 250 729 1069 784; baseline -0.002 -12"><span class='ocrx_word' id='word_1_37' title='bbox 250 744 333 783; x_wconf 91' lang='lat' dir='ltr'>que</span> <span class='ocrx_word' id='word_1_38' title='bbox 353 731 584 784; x_wconf 91' lang='lat' dir='ltr'>potestatis</span> <span class='ocrx_word' id='word_1_39' title='bbox 598 730 910 783; x_wconf 79' lang='lat' dir='ltr'>plenitudinem</span> <span class='ocrx_word' id='word_1_40' title='bbox 926 729 980 771; x_wconf 90' lang='lat' dir='ltr'>ab</span> <span class='ocrx_word' id='word_1_41' title='bbox 995 730 1069 770; x_wconf 83' lang='lat' dir='ltr'>irn-</span> 
     </span>
     <span class='ocr_line' id='line_1_11' title="bbox 248 786 1070 840; baseline -0.001 -12"><span class='ocrx_word' id='word_1_42' title='bbox 248 787 574 840; x_wconf 82' lang='lat' dir='ltr'>pudentissimis</span> <span class='ocrx_word' id='word_1_43' title='bbox 593 788 824 840; x_wconf 80' lang='lat' dir='ltr'>impierum</span> <span class='ocrx_word' id='word_1_44' title='bbox 844 786 1070 828; x_wconf 83' lang='lat' dir='ltr'>calumniis</span> 
     </span>
     <span class='ocr_line' id='line_1_12' title="bbox 250 842 1071 896; baseline -0.002 -11"><span class='ocrx_word' id='word_1_45' title='bbox 250 850 293 885; x_wconf 90' lang='lat' dir='ltr'>et</span> <span class='ocrx_word' id='word_1_46' title='bbox 312 843 542 892; x_wconf 79' lang='lat' dir='ltr'>err6ribus‚</span> <span class='ocrx_word' id='word_1_47' title='bbox 563 857 647 896; x_wconf 92' lang='lat' dir='ltr'>qua</span> <span class='ocrx_word' id='word_1_48' title='bbox 667 842 961 892; x_wconf 70' lang='lat' dir='ltr'>concionibus,</span> <span class='ocrx_word' id='word_1_49' title='bbox 986 856 1071 895; x_wconf 92' lang='lat' dir='ltr'>qua</span> 
     </span>
     <span class='ocr_line' id='line_1_13' title="bbox 249 899 1070 953; baseline -0.001 -12"><span class='ocrx_word' id='word_1_50' title='bbox 249 900 421 953; x_wconf 91' lang='lat' dir='ltr'>scriptis</span> <span class='ocrx_word' id='word_1_51' title='bbox 440 900 603 953; x_wconf 89' lang='lat' dir='ltr'>pietate</span> <span class='ocrx_word' id='word_1_52' title='bbox 622 913 673 941; x_wconf 89' lang='lat' dir='ltr'>ac</span> <span class='ocrx_word' id='word_1_53' title='bbox 689 899 886 941; x_wconf 90' lang='lat' dir='ltr'>doctrina</span> <span class='ocrx_word' id='word_1_54' title='bbox 900 899 1070 941; x_wconf 89' lang='lat' dir='ltr'>refertis</span> 
     </span>
     <span class='ocr_line' id='line_1_14' title="bbox 249 955 1070 1008; baseline -0.002 -10"><span class='ocrx_word' id='word_1_55' title='bbox 249 955 480 998; x_wconf 90' lang='lat' dir='ltr'>defendere</span> <span class='ocrx_word' id='word_1_56' title='bbox 500 969 734 1008; x_wconf 88' lang='lat' dir='ltr'>numquam</span> <span class='ocrx_word' id='word_1_57' title='bbox 759 955 937 997; x_wconf 88' lang='lat' dir='ltr'>destitit.</span> <span class='ocrx_word' id='word_1_58' title='bbox 970 955 1070 1008; x_wconf 90' lang='lat' dir='ltr'>Epi-</span> 
     </span>
     <span class='ocr_line' id='line_1_15' title="bbox 250 1012 1069 1065; baseline -0.001 -11"><span class='ocrx_word' id='word_1_59' title='bbox 250 1013 470 1065; x_wconf 90' lang='lat' dir='ltr'>scopalem</span> <span class='ocrx_word' id='word_1_60' title='bbox 495 1012 836 1064; x_wconf 85' lang='lat' dir='ltr'>jurisdictionem</span> <span class='ocrx_word' id='word_1_61' title='bbox 862 1017 904 1054; x_wconf 92' lang='lat' dir='ltr'>et</span> <span class='ocrx_word' id='word_1_62' title='bbox 922 1012 1069 1054; x_wconf 89' lang='lat' dir='ltr'>Eccle-</span> 
     </span>
     <span class='ocr_line' id='line_1_16' title="bbox 250 1069 1069 1122; baseline 0 -12"><span class='ocrx_word' id='word_1_63' title='bbox 250 1070 324 1110; x_wconf 88' lang='lat' dir='ltr'>siae</span> <span class='ocrx_word' id='word_1_64' title='bbox 353 1069 468 1111; x_wconf 92' lang='lat' dir='ltr'>bona</span> <span class='ocrx_word' id='word_1_65' title='bbox 497 1082 521 1110; x_wconf 91' lang='lat' dir='ltr'>a</span> <span class='ocrx_word' id='word_1_66' title='bbox 548 1069 670 1110; x_wconf 92' lang='lat' dir='ltr'>laicis</span> <span class='ocrx_word' id='word_1_67' title='bbox 698 1071 908 1122; x_wconf 89' lang='lat' dir='ltr'>usurpata</span> <span class='ocrx_word' id='word_1_68' title='bbox 934 1069 1069 1110; x_wconf 86' lang='lat' dir='ltr'>vindi·</span> 
     </span>
     <span class='ocr_line' id='line_1_17' title="bbox 250 1125 1071 1177; baseline 0.001 -11"><span class='ocrx_word' id='word_1_69' title='bbox 250 1126 373 1167; x_wconf 87' lang='lat' dir='ltr'>cavit.</span> <span class='ocrx_word' id='word_1_70' title='bbox 418 1125 679 1167; x_wconf 83' lang='lat' dir='ltr'><strong>Incredibile</strong></span> <span class='ocrx_word' id='word_1_71' title='bbox 713 1125 833 1167; x_wconf 89' lang='lat' dir='ltr'>dictu</span> <span class='ocrx_word' id='word_1_72' title='bbox 865 1131 932 1167; x_wconf 93' lang='lat' dir='ltr'>est</span> <span class='ocrx_word' id='word_1_73' title='bbox 964 1130 1071 1177; x_wconf 93' lang='lat' dir='ltr'>quot</span> 
     </span>
     <span class='ocr_line' id='line_1_18' title="bbox 249 1182 1070 1223; baseline -0.001 0"><span class='ocrx_word' id='word_1_74' title='bbox 249 1182 478 1223; x_wconf 86' lang='lat' dir='ltr'>haereticos</span> <span class='ocrx_word' id='word_1_75' title='bbox 507 1182 549 1223; x_wconf 95' lang='lat' dir='ltr'>in</span> <span class='ocrx_word' id='word_1_76' title='bbox 578 1182 718 1223; x_wconf 93' lang='lat' dir='ltr'>sinum</span> <span class='ocrx_word' id='word_1_77' title='bbox 746 1182 895 1223; x_wconf 90' lang='lat' dir='ltr'>matris</span> <span class='ocrx_word' id='word_1_78' title='bbox 924 1182 1070 1223; x_wconf 90' lang='lat' dir='ltr'>Eccle-</span> 
     </span>
     <span class='ocr_line' id='line_1_19' title="bbox 249 1238 1069 1280; baseline 0.001 -1"><span class='ocrx_word' id='word_1_79' title='bbox 249 1239 324 1279; x_wconf 88' lang='lat' dir='ltr'>siae</span> <span class='ocrx_word' id='word_1_80' title='bbox 378 1239 662 1280; x_wconf 67' lang='lat' dir='ltr'><strong>revocaverit.</strong></span> <span class='ocrx_word' id='word_1_81' title='bbox 728 1238 909 1279; x_wconf 81' lang='lat' dir='ltr'>Unienis</span> <span class='ocrx_word' id='word_1_82' title='bbox 965 1251 1069 1280; x_wconf 88' lang='lat' dir='ltr'>vero</span> 
     </span>
     <span class='ocr_line' id='line_1_20' title="bbox 250 1295 1070 1336; baseline 0 0"><span class='ocrx_word' id='word_1_83' title='bbox 250 1295 417 1336; x_wconf 88' lang='lat' dir='ltr'>Graecae</span> <span class='ocrx_word' id='word_1_84' title='bbox 450 1295 659 1336; x_wconf 87' lang='lat' dir='ltr'>Ecclesiae</span> <span class='ocrx_word' id='word_1_85' title='bbox 692 1307 790 1336; x_wconf 92' lang='lat' dir='ltr'>cum</span> <span class='ocrx_word' id='word_1_86' title='bbox 820 1295 974 1336; x_wconf 89' lang='lat' dir='ltr'>Latina</span> <span class='ocrx_word' id='word_1_87' title='bbox 1001 1295 1070 1336; x_wconf 91' lang='lat' dir='ltr'>Jo-</span> 
     </span>
     <span class='ocr_line' id='line_1_21' title="bbox 250 1351 1070 1404; baseline 0.001 -12"><span class='ocrx_word' id='word_1_88' title='bbox 250 1351 481 1404; x_wconf 90' lang='lat' dir='ltr'>saphatum</span> <span class='ocrx_word' id='word_1_89' title='bbox 516 1354 815 1404; x_wconf 81' lang='lat' dir='ltr'>promot6rem</span> <span class='ocrx_word' id='word_1_90' title='bbox 852 1352 1070 1393; x_wconf 81' lang='lat' dir='ltr'>exstitisse</span> 
     </span>
     <span class='ocr_line' id='line_1_22' title="bbox 247 1408 1071 1461; baseline 0 -12"><span class='ocrx_word' id='word_1_91' title='bbox 247 1408 642 1460; x_wconf 85' lang='lat' dir='ltr'>praeclarissimum,</span> <span class='ocrx_word' id='word_1_92' title='bbox 680 1408 810 1449; x_wconf 90' lang='lat' dir='ltr'>etiam</span> <span class='ocrx_word' id='word_1_93' title='bbox 847 1408 1071 1461; x_wconf 85' lang='lat' dir='ltr'>pontificia</span> 
     </span>
     <span class='ocr_line' id='line_1_23' title="bbox 248 1463 1069 1515; baseline 0.001 -10"><span class='ocrx_word' id='word_1_94' title='bbox 248 1464 423 1506; x_wconf 85' lang='lat' dir='ltr'>oracula</span> <span class='ocrx_word' id='word_1_95' title='bbox 444 1464 604 1506; x_wconf 79' lang='lat' dir='ltr'>diserte</span> <span class='ocrx_word' id='word_1_96' title='bbox 625 1467 850 1506; x_wconf 91' lang='lat' dir='ltr'>testantur.</span> <span class='ocrx_word' id='word_1_97' title='bbox 880 1463 950 1506; x_wconf 87' lang='lat' dir='ltr'>Ad</span> <span class='ocrx_word' id='word_1_98' title='bbox 964 1464 1069 1515; x_wconf 86' lang='lat' dir='ltr'>haec,</span> 
     </span>
     <span class='ocr_line' id='line_1_24' title="bbox 249 1520 1069 1574; baseline 0 -12"><span class='ocrx_word' id='word_1_99' title='bbox 249 1526 293 1562; x_wconf 92' lang='lat' dir='ltr'>et</span> <span class='ocrx_word' id='word_1_100' title='bbox 317 1521 468 1574; x_wconf 93' lang='lat' dir='ltr'>templi</span> <span class='ocrx_word' id='word_1_101' title='bbox 491 1521 575 1562; x_wconf 90' lang='lat' dir='ltr'>Dei</span> <span class='ocrx_word' id='word_1_102' title='bbox 604 1520 752 1562; x_wconf 86' lang='lat' dir='ltr'>decori</span> <span class='ocrx_word' id='word_1_103' title='bbox 774 1521 1069 1570; x_wconf 89' lang='lat' dir='ltr'>instaurando,</span> 
     </span>
     <span class='ocr_line' id='line_1_25' title="bbox 248 1576 1069 1628; baseline 0 -10"><span class='ocrx_word' id='word_1_104' title='bbox 248 1582 291 1618; x_wconf 90' lang='lat' dir='ltr'>et</span> <span class='ocrx_word' id='word_1_105' title='bbox 314 1579 536 1619; x_wconf 83' lang='lat' dir='ltr'>sacrarum</span> <span class='ocrx_word' id='word_1_106' title='bbox 554 1578 770 1628; x_wconf 86' lang='lat' dir='ltr'>virginum</span> <span class='ocrx_word' id='word_1_107' title='bbox 795 1576 1069 1619; x_wconf 80' lang='lat' dir='ltr'>exstruendis</span> 
     </span>
     <span class='ocr_line' id='line_1_26' title="bbox 247 1633 1067 1686; baseline 0.001 -12"><span class='ocrx_word' id='word_1_108' title='bbox 247 1633 431 1684; x_wconf 71' lang='lat' dir='ltr'>aedibus,</span> <span class='ocrx_word' id='word_1_109' title='bbox 459 1633 642 1686; x_wconf 88' lang='lat' dir='ltr'>aliisque</span> <span class='ocrx_word' id='word_1_110' title='bbox 668 1634 752 1686; x_wconf 90' lang='lat' dir='ltr'>piis</span> <span class='ocrx_word' id='word_1_111' title='bbox 778 1634 983 1686; x_wconf 90' lang='lat' dir='ltr'>operibus</span> <span class='ocrx_word' id='word_1_112' title='bbox 1009 1635 1067 1686; x_wconf 89' lang='lat' dir='ltr'>ju-</span> 
     </span>
     <span class='ocr_line' id='line_1_27' title="bbox 246 1689 1068 1743; baseline 0 -12"><span class='ocrx_word' id='word_1_113' title='bbox 246 1689 417 1740; x_wconf 86' lang='lat' dir='ltr'>vandis,</span> <span class='ocrx_word' id='word_1_114' title='bbox 442 1704 604 1732; x_wconf 80' lang='lat' dir='ltr'>mensae</span> <span class='ocrx_word' id='word_1_115' title='bbox 629 1703 720 1731; x_wconf 88' lang='lat' dir='ltr'>suae</span> <span class='ocrx_word' id='word_1_116' title='bbox 745 1692 984 1743; x_wconf 88' lang='lat' dir='ltr'>proventus</span> <span class='ocrx_word' id='word_1_117' title='bbox 1007 1690 1068 1731; x_wconf 95' lang='lat' dir='ltr'>ul-</span> 
     </span>
     <span class='ocr_line' id='line_1_28' title="bbox 246 1746 1067 1800; baseline 0 -12"><span class='ocrx_word' id='word_1_118' title='bbox 246 1751 314 1788; x_wconf 90' lang='lat' dir='ltr'>tro</span> <span class='ocrx_word' id='word_1_119' title='bbox 335 1747 541 1798; x_wconf 83' lang='lat' dir='ltr'>erogavit.</span> <span class='ocrx_word' id='word_1_120' title='bbox 571 1747 622 1788; x_wconf 90' lang='lat' dir='ltr'>In</span> <span class='ocrx_word' id='word_1_121' title='bbox 641 1750 860 1800; x_wconf 79' lang='lat' dir='ltr'>pauperes</span> <span class='ocrx_word' id='word_1_122' title='bbox 879 1746 990 1788; x_wconf 88' lang='lat' dir='ltr'>adeo</span> <span class='ocrx_word' id='word_1_123' title='bbox 1011 1747 1067 1788; x_wconf 91' lang='lat' dir='ltr'>ef-</span> 
     </span>
     <span class='ocr_line' id='line_1_29' title="bbox 246 1802 1066 1856; baseline 0.001 -13"><span class='ocrx_word' id='word_1_124' title='bbox 246 1802 382 1853; x_wconf 79' lang='lat' dir='ltr'>quUS‚</span> <span class='ocrx_word' id='word_1_125' title='bbox 416 1808 464 1845; x_wconf 92' lang='lat' dir='ltr'>ut</span> <span class='ocrx_word' id='word_1_126' title='bbox 491 1816 590 1845; x_wconf 91' lang='lat' dir='ltr'>cum</span> <span class='ocrx_word' id='word_1_127' title='bbox 615 1803 718 1844; x_wconf 90' lang='lat' dir='ltr'>olim</span> <span class='ocrx_word' id='word_1_128' title='bbox 742 1803 902 1856; x_wconf 81' lang='lat' dir='ltr'>inepiae</span> <span class='ocrx_word' id='word_1_129' title='bbox 930 1804 1066 1855; x_wconf 78' lang='lat' dir='ltr'>cujus-</span> 
     </span>
     <span class='ocr_line' id='line_1_30' title="bbox 246 1858 1067 1901; baseline 0.001 -1"><span class='ocrx_word' id='word_1_130' title='bbox 246 1858 347 1900; x_wconf 86' lang='lat' dir='ltr'>dam</span> <span class='ocrx_word' id='word_1_131' title='bbox 378 1859 522 1901; x_wconf 87' lang='lat' dir='ltr'>viduae</span> <span class='ocrx_word' id='word_1_132' title='bbox 554 1859 837 1901; x_wconf 71' lang='lat' dir='ltr'>sublevandae</span> <span class='ocrx_word' id='word_1_133' title='bbox 863 1859 970 1900; x_wconf 92' lang='lat' dir='ltr'>nihil</span> <span class='ocrx_word' id='word_1_134' title='bbox 998 1872 1067 1901; x_wconf 94' lang='lat' dir='ltr'>oc-</span> 
     </span>
     <span class='ocr_line' id='line_1_31' title="bbox 246 1916 1068 1970; baseline 0.004 -15"><span class='ocrx_word' id='word_1_135' title='bbox 246 1919 453 1966; x_wconf 82' lang='lat' dir='ltr'>curreret,</span> <span class='ocrx_word' id='word_1_136' title='bbox 487 1916 738 1970; x_wconf 77' lang='lat' dir='ltr'>episcopale</span> <span class='ocrx_word' id='word_1_137' title='bbox 761 1916 957 1969; x_wconf 87' lang='lat' dir='ltr'>pallium,</span> <span class='ocrx_word' id='word_1_138' title='bbox 990 1929 1068 1958; x_wconf 90' lang='lat' dir='ltr'>seu</span> 
     </span>
     <span class='ocr_line' id='line_1_32' title="bbox 246 1971 1065 2026; baseline 0.002 -14"><span class='ocrx_word' id='word_1_139' title='bbox 246 1971 561 2025; x_wconf 84' lang='lat' dir='ltr'>Omophorion,</span> <span class='ocrx_word' id='word_1_140' title='bbox 581 1973 863 2026; x_wconf 88' lang='lat' dir='ltr'>oppignorari</span> <span class='ocrx_word' id='word_1_141' title='bbox 882 1973 1065 2025; x_wconf 81' lang='lat' dir='ltr'>jusserit.</span> 
     </span>
     <span class='ocr_line' id='line_1_33' title="bbox 295 2027 1064 2081; baseline 0.001 -11"><span class='ocrx_word' id='word_1_142' title='bbox 295 2027 344 2066; x_wconf 85' lang='lat' dir='ltr'>R·</span> <span class='ocrx_word' id='word_1_143' title='bbox 379 2028 655 2071; x_wconf 91' lang='lat' dir='ltr'>Desiderium</span> <span class='ocrx_word' id='word_1_144' title='bbox 686 2030 841 2070; x_wconf 86' lang='lat' dir='ltr'>animae</span> <span class='ocrx_word' id='word_1_145' title='bbox 873 2030 963 2081; x_wconf 90' lang='lat' dir='ltr'>ejus</span> <span class='ocrx_word' id='word_1_146' title='bbox 993 2030 1064 2071; x_wconf 91' lang='lat' dir='ltr'>tri-</span> 
     </span>
     <span class='ocr_line' id='line_1_34' title="bbox 244 2082 1066 2135; baseline 0.004 -10"><span class='ocrx_word' id='word_1_147' title='bbox 244 2083 377 2126; x_wconf 88' lang='lat' dir='ltr'>buisti</span> <span class='ocrx_word' id='word_1_148' title='bbox 408 2087 447 2127; x_wconf 90' lang='lat' dir='ltr'>ei</span> <span class='ocrx_word' id='word_1_149' title='bbox 474 2085 676 2135; x_wconf 74' lang='lat' dir='ltr'>Demine,</span> <span class='ocrx_word' id='word_1_150' title='bbox 705 2082 727 2104; x_wconf 84' lang='lat'>*</span> <span class='ocrx_word' id='word_1_151' title='bbox 752 2086 810 2128; x_wconf 87' lang='lat' dir='ltr'>Et</span> <span class='ocrx_word' id='word_1_152' title='bbox 840 2086 1066 2128; x_wconf 91' lang='lat' dir='ltr'>voluntate</span> 
     </span>
     <span class='ocr_line' id='line_1_35' title="bbox 244 2139 1066 2195; baseline 0.002 -14"><span class='ocrx_word' id='word_1_153' title='bbox 244 2139 458 2183; x_wconf 83' lang='lat' dir='ltr'>labiorum</span> <span class='ocrx_word' id='word_1_154' title='bbox 486 2143 575 2195; x_wconf 88' lang='lat' dir='ltr'>ejus</span> <span class='ocrx_word' id='word_1_155' title='bbox 602 2155 689 2184; x_wconf 94' lang='lat' dir='ltr'>non</span> <span class='ocrx_word' id='word_1_156' title='bbox 717 2142 928 2184; x_wconf 80' lang='lat' dir='ltr'>fraudasti</span> <span class='ocrx_word' id='word_1_157' title='bbox 955 2155 1066 2184; x_wconf 91' lang='lat' dir='ltr'>eum.</span> 
     </span>
     <span class='ocr_line' id='line_1_36' title="bbox 244 2190 1065 2251; baseline 0.004 -14"><span class='ocrx_word' id='word_1_158' title='bbox 244 2190 291 2242; x_wconf 87' lang='grc' dir='ltr'>Ψ.</span> <span class='ocrx_word' id='word_1_159' title='bbox 314 2198 526 2248; x_wconf 80' lang='lat' dir='ltr'>Queniam</span> <span class='ocrx_word' id='word_1_160' title='bbox 544 2199 795 2251; x_wconf 79' lang='lat' dir='ltr'>praevenisti</span> <span class='ocrx_word' id='word_1_161' title='bbox 814 2212 913 2240; x_wconf 91' lang='lat' dir='ltr'>eum</span> <span class='ocrx_word' id='word_1_162' title='bbox 931 2199 975 2239; x_wconf 93' lang='lat' dir='ltr'>in</span> <span class='ocrx_word' id='word_1_163' title='bbox 993 2198 1065 2241; x_wconf 90' lang='lat' dir='ltr'>be-</span> 
     </span>
     <span class='ocr_line' id='line_1_37' title="bbox 244 2253 1066 2308; baseline 0.004 -15"><span class='ocrx_word' id='word_1_164' title='bbox 244 2253 561 2296; x_wconf 80' lang='lat' dir='ltr'>nedictienibus</span> <span class='ocrx_word' id='word_1_165' title='bbox 594 2254 848 2297; x_wconf 79' lang='lat' dir='ltr'>dulcedinis:</span> <span class='ocrx_word' id='word_1_166' title='bbox 879 2255 1066 2308; x_wconf 86' lang='lat' dir='ltr'>posuisti</span> 
     </span>
     <span class='ocr_line' id='line_1_38' title="bbox 243 2308 1065 2365; baseline 0.006 -17"><span class='ocrx_word' id='word_1_167' title='bbox 243 2308 286 2349; x_wconf 92' lang='lat' dir='ltr'>in</span> <span class='ocrx_word' id='word_1_168' title='bbox 315 2310 458 2363; x_wconf 89' lang='lat' dir='ltr'>capite</span> <span class='ocrx_word' id='word_1_169' title='bbox 487 2312 577 2363; x_wconf 89' lang='lat' dir='ltr'>ejus</span> <span class='ocrx_word' id='word_1_170' title='bbox 605 2314 811 2353; x_wconf 83' lang='lat' dir='ltr'>coronam</span> <span class='ocrx_word' id='word_1_171' title='bbox 839 2311 894 2354; x_wconf 92' lang='lat' dir='ltr'>de</span> <span class='ocrx_word' id='word_1_172' title='bbox 917 2310 1065 2365; x_wconf 89' lang='lat' dir='ltr'>lapide</span> 
     </span>
     <span class='ocr_line' id='line_1_39' title="bbox 243 2365 546 2417; baseline 0.01 -11"><span class='ocrx_word' id='word_1_173' title='bbox 243 2365 450 2417; x_wconf 84' lang='lat' dir='ltr'>pretioso.</span> <span class='ocrx_word' id='word_1_174' title='bbox 478 2367 546 2409; x_wconf 92' lang='lat' dir='ltr'>Et.</span> 
     </span>
     <span class='ocr_line' id='line_1_40' title="bbox 537 2423 759 2464; baseline 0.005 -2"><span class='ocrx_word' id='word_1_175' title='bbox 537 2423 687 2464; x_wconf 80' lang='lat' dir='ltr'>Lectio</span> <span class='ocrx_word' id='word_1_176' title='bbox 710 2425 759 2463; x_wconf 78' lang='lat' dir='ltr'>vi.</span> 
     </span>
     <span class='ocr_line' id='line_1_41' title="bbox 241 2471 1065 2577; baseline 0.005 -58"><span class='ocrx_word' id='word_1_177' title='bbox 241 2471 368 2577; x_wconf 87' lang='lat' dir='ltr'>Tot</span> <span class='ocrx_word' id='word_1_178' title='bbox 404 2479 631 2521; x_wconf 82' lang='lat' dir='ltr'>catholicae</span> <span class='ocrx_word' id='word_1_179' title='bbox 668 2480 771 2522; x_wconf 86' lang='lat' dir='ltr'>fidei</span> <span class='ocrx_word' id='word_1_180' title='bbox 802 2481 1065 2524; x_wconf 90' lang='lat' dir='ltr'>incrementa</span> 
     </span>
     <span class='ocr_line' id='line_1_42' title="bbox 333 2534 1065 2587; baseline 0.004 -11"><span class='ocrx_word' id='word_1_181' title='bbox 333 2534 727 2587; x_wconf 80' lang='lat' dir='ltr'>perditissimomm</span> <span class='ocrx_word' id='word_1_182' title='bbox 750 2537 974 2579; x_wconf 80' lang='lat' dir='ltr'>heminum</span> <span class='ocrx_word' id='word_1_183' title='bbox 993 2537 1065 2579; x_wconf 92' lang='lat' dir='ltr'>ad-</span> 
     </span>
     <span class='ocr_line' id='line_1_43' title="bbox 244 2592 1064 2647; baseline 0.005 -15"><span class='ocrx_word' id='word_1_184' title='bbox 244 2604 297 2633; x_wconf 92' lang='lat' dir='ltr'>eo</span> <span class='ocrx_word' id='word_1_185' title='bbox 316 2592 614 2634; x_wconf 87' lang='lat' dir='ltr'>excitaverunt</span> <span class='ocrx_word' id='word_1_186' title='bbox 633 2593 744 2643; x_wconf 84' lang='lat' dir='ltr'>odia,</span> <span class='ocrx_word' id='word_1_187' title='bbox 768 2599 826 2643; x_wconf 89' lang='lat' dir='ltr'>ut,</span> <span class='ocrx_word' id='word_1_188' title='bbox 846 2595 1064 2647; x_wconf 86' lang='lat' dir='ltr'>conspira-</span> 
     </span>
     <span class='ocr_line' id='line_1_44' title="bbox 243 2648 1065 2698; baseline 0.005 -10"><span class='ocrx_word' id='word_1_189' title='bbox 243 2648 362 2689; x_wconf 79' lang='lat' dir='ltr'>tiene</span> <span class='ocrx_word' id='word_1_190' title='bbox 380 2648 494 2698; x_wconf 87' lang='lat' dir='ltr'>inita,</span> <span class='ocrx_word' id='word_1_191' title='bbox 515 2648 675 2691; x_wconf 92' lang='lat' dir='ltr'>Christi</span> <span class='ocrx_word' id='word_1_192' title='bbox 694 2649 901 2692; x_wconf 85' lang='lat' dir='ltr'>athletam</span> <span class='ocrx_word' id='word_1_193' title='bbox 920 2650 976 2692; x_wconf 90' lang='lat' dir='ltr'>ad</span> <span class='ocrx_word' id='word_1_194' title='bbox 994 2664 1065 2693; x_wconf 90' lang='lat' dir='ltr'>ne·</span> 
     </span>
     <span class='ocr_line' id='line_1_45' title="bbox 244 2706 1065 2758; baseline 0.005 -14"><span class='ocrx_word' id='word_1_195' title='bbox 244 2716 339 2745; x_wconf 90' lang='lat' dir='ltr'>cem</span> <span class='ocrx_word' id='word_1_196' title='bbox 369 2706 628 2756; x_wconf 80' lang='lat' dir='ltr'>quaererent3</span> <span class='ocrx_word' id='word_1_197' title='bbox 662 2718 792 2758; x_wconf 87' lang='lat' dir='ltr'>quam</span> <span class='ocrx_word' id='word_1_198' title='bbox 820 2706 903 2748; x_wconf 93' lang='lat' dir='ltr'>sibi</span> <span class='ocrx_word' id='word_1_199' title='bbox 929 2707 1065 2748; x_wconf 92' lang='lat' dir='ltr'>immi-</span> 
     </span>
     <span class='ocr_line' id='line_1_46' title="bbox 243 2760 1065 2815; baseline 0.004 -15"><span class='ocrx_word' id='word_1_200' title='bbox 243 2762 345 2801; x_wconf 92' lang='lat' dir='ltr'>nere</span> <span class='ocrx_word' id='word_1_201' title='bbox 371 2760 466 2812; x_wconf 88' lang='lat' dir='ltr'>ipse</span> <span class='ocrx_word' id='word_1_202' title='bbox 488 2761 530 2801; x_wconf 90' lang='lat' dir='ltr'>in</span> <span class='ocrx_word' id='word_1_203' title='bbox 558 2774 637 2803; x_wconf 91' lang='lat' dir='ltr'>suo</span> <span class='ocrx_word' id='word_1_204' title='bbox 663 2762 718 2804; x_wconf 92' lang='lat' dir='ltr'>ad</span> <span class='ocrx_word' id='word_1_205' title='bbox 742 2763 954 2815; x_wconf 84' lang='lat' dir='ltr'>populum</span> <span class='ocrx_word' id='word_1_206' title='bbox 979 2776 1065 2805; x_wconf 92' lang='lat' dir='ltr'>ser-</span> 
     </span>
    </p>
   </div>
   <div class='ocr_carea' id='block_1_4' title="bbox 878 234 1321 277">
    <p class='ocr_par' dir='ltr' id='par_1_4' title="bbox 878 234 1321 277">
     <span class='ocr_line' id='line_1_47' title="bbox 878 234 1321 277; baseline -0.002 -10"><span class='ocrx_word' id='word_1_207' title='bbox 878 246 905 267; x_wconf 69' lang='lat' dir='ltr'>c.</span> <span class='ocrx_word' id='word_1_208' title='bbox 954 235 987 267; x_wconf 59' lang='lat' dir='ltr'>S.</span> <span class='ocrx_word' id='word_1_209' title='bbox 1010 234 1199 277; x_wconf 59' lang='lat' dir='ltr'>Josuplmt</span> <span class='ocrx_word' id='word_1_210' title='bbox 1231 235 1321 277; x_wconf 65' lang='lat' dir='ltr'>Epis</span> 
     </span>
    </p>
   </div>
   <div class='ocr_carea' id='block_1_5' title="bbox 1071 314 1102 368">
    <p class='ocr_par' dir='ltr' id='par_1_5' title="bbox 1071 314 1102 368">
     <span class='ocr_line' id='line_1_48' title="bbox 1071 314 1102 368; baseline 0 2622"><span class='ocrx_word' id='word_1_211' title='bbox 1071 314 1102 368; x_wconf 95' lang='lat' dir='ltr'> </span> 
     </span>
    </p>
   </div>
   <div class='ocr_carea' id='block_1_6' title="bbox 1325 235 1546 268">
    <p class='ocr_par' dir='ltr' id='par_1_6' title="bbox 1325 235 1546 268">
     <span class='ocr_line' id='line_1_49' title="bbox 1325 235 1546 268; baseline 0 0"><span class='ocrx_word' id='word_1_212' title='bbox 1325 246 1353 268; x_wconf 71' lang='lat' dir='ltr'>c.</span> <span class='ocrx_word' id='word_1_213' title='bbox 1381 242 1415 268; x_wconf 78' lang='lat' dir='ltr'>ct</span> <span class='ocrx_word' id='word_1_214' title='bbox 1440 235 1546 268; x_wconf 75' lang='lat' dir='ltr'>Mart.</span> 
     </span>
    </p>
   </div>
   <div class='ocr_carea' id='block_1_7' title="bbox 248 305 1952 368">
    <p class='ocr_par' dir='ltr' id='par_1_7' title="bbox 248 305 1952 368">
     <span class='ocr_line' id='line_1_50' title="bbox 248 305 1952 368; baseline 0 -54"><span class='ocrx_word' id='word_1_215' title='bbox 248 314 251 368; x_wconf 95' lang='lat' dir='ltr'> </span> <span class='ocrx_word' id='word_1_216' title='bbox 1949 305 1952 314; x_wconf 95' lang='lat' dir='ltr'> </span> 
     </span>
    </p>
   </div>
   <div class='ocr_carea' id='block_1_8' title="bbox 1116 332 1978 2850">
    <p class='ocr_par' dir='ltr' id='par_1_8' title="bbox 1116 332 1978 2850">
     <span class='ocr_line' id='line_1_51' title="bbox 1125 332 1949 386; baseline 0 -12"><span class='ocrx_word' id='word_1_217' title='bbox 1125 336 1253 375; x_wconf 80' lang='lat' dir='ltr'>mene</span> <span class='ocrx_word' id='word_1_218' title='bbox 1290 332 1610 386; x_wconf 86' lang='lat' dir='ltr'>praenuntiavit.</span> <span class='ocrx_word' id='word_1_219' title='bbox 1658 332 1766 373; x_wconf 93' lang='lat' dir='ltr'>Cum</span> <span class='ocrx_word' id='word_1_220' title='bbox 1801 335 1949 386; x_wconf 90' lang='lat' dir='ltr'>itaque</span> 
     </span>
     <span class='ocr_line' id='line_1_52' title="bbox 1125 388 1949 442; baseline -0.001 -11"><span class='ocrx_word' id='word_1_221' title='bbox 1125 391 1384 442; x_wconf 90' lang='lat' dir='ltr'>Vitepseum</span> <span class='ocrx_word' id='word_1_222' title='bbox 1414 388 1651 442; x_wconf 88' lang='lat' dir='ltr'>pastoralis</span> <span class='ocrx_word' id='word_1_223' title='bbox 1686 388 1949 431; x_wconf 71' lang='lat' dir='ltr'>visitatiOnis</span> 
     </span>
     <span class='ocr_line' id='line_1_53' title="bbox 1125 445 1948 499; baseline 0 -11"><span class='ocrx_word' id='word_1_224' title='bbox 1125 447 1264 498; x_wconf 83' lang='lat' dir='ltr'>gratia</span> <span class='ocrx_word' id='word_1_225' title='bbox 1295 446 1521 499; x_wconf 89' lang='lat' dir='ltr'>profectus</span> <span class='ocrx_word' id='word_1_226' title='bbox 1553 450 1686 495; x_wconf 89' lang='lat' dir='ltr'>esset,</span> <span class='ocrx_word' id='word_1_227' title='bbox 1719 445 1783 486; x_wconf 90' lang='lat' dir='ltr'>illi</span> <span class='ocrx_word' id='word_1_228' title='bbox 1813 446 1948 488; x_wconf 89' lang='lat' dir='ltr'>archi-</span> 
     </span>
     <span class='ocr_line' id='line_1_54' title="bbox 1126 500 1948 555; baseline -0.001 -11"><span class='ocrx_word' id='word_1_229' title='bbox 1126 502 1400 555; x_wconf 76' lang='lat' dir='ltr'>episcopales</span> <span class='ocrx_word' id='word_1_230' title='bbox 1440 500 1651 543; x_wconf 86' lang='lat' dir='ltr'>invadunt</span> <span class='ocrx_word' id='word_1_231' title='bbox 1690 500 1824 552; x_wconf 80' lang='lat' dir='ltr'>aedes3</span> <span class='ocrx_word' id='word_1_232' title='bbox 1874 502 1948 543; x_wconf 80' lang='lat' dir='ltr'>eb-</span> 
     </span>
     <span class='ocr_line' id='line_1_55' title="bbox 1125 557 1950 612; baseline -0.002 -11"><span class='ocrx_word' id='word_1_233' title='bbox 1125 560 1220 601; x_wconf 91' lang='lat' dir='ltr'>vios</span> <span class='ocrx_word' id='word_1_234' title='bbox 1254 571 1452 612; x_wconf 92' lang='lat' dir='ltr'>quosque</span> <span class='ocrx_word' id='word_1_235' title='bbox 1485 558 1643 600; x_wconf 88' lang='lat' dir='ltr'>feriunt</span> <span class='ocrx_word' id='word_1_236' title='bbox 1678 571 1729 599; x_wconf 88' lang='lat' dir='ltr'>ac</span> <span class='ocrx_word' id='word_1_237' title='bbox 1765 557 1950 600; x_wconf 87' lang='lat' dir='ltr'>caedunt.</span> 
     </span>
     <span class='ocr_line' id='line_1_56' title="bbox 1124 614 1949 667; baseline -0.001 -10"><span class='ocrx_word' id='word_1_238' title='bbox 1124 616 1238 657; x_wconf 92' lang='lat' dir='ltr'>Tum</span> <span class='ocrx_word' id='word_1_239' title='bbox 1272 616 1338 657; x_wconf 84' lang='lat' dir='ltr'>vir</span> <span class='ocrx_word' id='word_1_240' title='bbox 1367 615 1620 657; x_wconf 88' lang='lat' dir='ltr'>mitissimus</span> <span class='ocrx_word' id='word_1_241' title='bbox 1653 614 1949 667; x_wconf 89' lang='lat' dir='ltr'>quaerentibus</span> 
     </span>
     <span class='ocr_line' id='line_1_57' title="bbox 1126 672 1949 725; baseline -0.001 -12"><span class='ocrx_word' id='word_1_242' title='bbox 1126 678 1284 725; x_wconf 92' lang='lat' dir='ltr'>sponte</span> <span class='ocrx_word' id='word_1_243' title='bbox 1295 672 1497 721; x_wconf 78' lang='lat' dir='ltr'>occurrit,</span> <span class='ocrx_word' id='word_1_244' title='bbox 1513 674 1678 724; x_wconf 85' lang='lat' dir='ltr'>eosque</span> <span class='ocrx_word' id='word_1_245' title='bbox 1689 673 1825 713; x_wconf 84' lang='lat' dir='ltr'>amice</span> <span class='ocrx_word' id='word_1_246' title='bbox 1836 683 1949 713; x_wconf 92' lang='lat' dir='ltr'>com-</span> 
     </span>
     <span class='ocr_line' id='line_1_58' title="bbox 1125 727 1949 782; baseline -0.002 -11"><span class='ocrx_word' id='word_1_247' title='bbox 1125 729 1304 782; x_wconf 91' lang='lat' dir='ltr'>pellans,</span> <span class='ocrx_word' id='word_1_248' title='bbox 1327 728 1482 779; x_wconf 90' lang='lat' dir='ltr'>Filioli,</span> <span class='ocrx_word' id='word_1_249' title='bbox 1504 728 1655 780; x_wconf 89' lang='lat' dir='ltr'>inquit,</span> <span class='ocrx_word' id='word_1_250' title='bbox 1679 740 1812 781; x_wconf 91' lang='lat' dir='ltr'>quare</span> <span class='ocrx_word' id='word_1_251' title='bbox 1830 727 1949 769; x_wconf 89' lang='lat' dir='ltr'>fami-</span> 
     </span>
     <span class='ocr_line' id='line_1_59' title="bbox 1123 783 1948 837; baseline -0.001 -11"><span class='ocrx_word' id='word_1_252' title='bbox 1123 786 1253 828; x_wconf 89' lang='lat' dir='ltr'>liares</span> <span class='ocrx_word' id='word_1_253' title='bbox 1277 798 1400 828; x_wconf 91' lang='lat' dir='ltr'>meos</span> <span class='ocrx_word' id='word_1_254' title='bbox 1425 783 1616 827; x_wconf 78' lang='lat' dir='ltr'>caeditis?</span> <span class='ocrx_word' id='word_1_255' title='bbox 1649 785 1695 826; x_wconf 93' lang='lat' dir='ltr'>Si</span> <span class='ocrx_word' id='word_1_256' title='bbox 1721 783 1826 837; x_wconf 92' lang='lat' dir='ltr'>quid</span> <span class='ocrx_word' id='word_1_257' title='bbox 1850 796 1948 826; x_wconf 93' lang='lat' dir='ltr'>con-</span> 
     </span>
     <span class='ocr_line' id='line_1_60' title="bbox 1127 841 1950 892; baseline -0.002 -8"><span class='ocrx_word' id='word_1_258' title='bbox 1127 847 1195 884; x_wconf 84' lang='lat' dir='ltr'>tra</span> <span class='ocrx_word' id='word_1_259' title='bbox 1212 857 1282 885; x_wconf 91' lang='lat' dir='ltr'>me</span> <span class='ocrx_word' id='word_1_260' title='bbox 1302 842 1487 892; x_wconf 89' lang='lat' dir='ltr'>habetis,</span> <span class='ocrx_word' id='word_1_261' title='bbox 1513 854 1614 884; x_wconf 92' lang='lat' dir='ltr'>ecce</span> <span class='ocrx_word' id='word_1_262' title='bbox 1634 841 1799 883; x_wconf 86' lang='lat' dir='ltr'>adsum.</span> <span class='ocrx_word' id='word_1_263' title='bbox 1835 841 1950 882; x_wconf 89' lang='lat' dir='ltr'>Hinc</span> 
     </span>
     <span class='ocr_line' id='line_1_61' title="bbox 1125 897 1974 952; baseline -0.002 -11"><span class='ocrx_word' id='word_1_264' title='bbox 1125 902 1291 952; x_wconf 92' lang='lat' dir='ltr'>impetu</span> <span class='ocrx_word' id='word_1_265' title='bbox 1310 900 1435 949; x_wconf 88' lang='lat' dir='ltr'>facto,</span> <span class='ocrx_word' id='word_1_266' title='bbox 1458 911 1557 940; x_wconf 90' lang='lat' dir='ltr'>eum</span> <span class='ocrx_word' id='word_1_267' title='bbox 1574 897 1831 940; x_wconf 87' lang='lat' dir='ltr'>verberibus</span> <span class='ocrx_word' id='word_1_268' title='bbox 1850 910 1949 939; x_wconf 92' lang='lat' dir='ltr'>con·</span> <span class='ocrx_word' id='word_1_269' title='bbox 1970 923 1974 929; x_wconf 57' lang='grc' dir='ltr'><em>ι</em></span> 
     </span>
     <span class='ocr_line' id='line_1_62' title="bbox 1124 954 1948 1006; baseline -0.002 -8"><span class='ocrx_word' id='word_1_270' title='bbox 1124 957 1328 1006; x_wconf 72' lang='grc' dir='ltr'>ῒῄῐιᾰηῃῒ,</span> <span class='ocrx_word' id='word_1_271' title='bbox 1362 956 1461 998; x_wconf 91' lang='lat' dir='ltr'>telis</span> <span class='ocrx_word' id='word_1_272' title='bbox 1495 955 1766 1005; x_wconf 83' lang='lat' dir='ltr'>confodiunt,</span> <span class='ocrx_word' id='word_1_273' title='bbox 1799 967 1850 996; x_wconf 93' lang='lat' dir='ltr'>ac</span> <span class='ocrx_word' id='word_1_274' title='bbox 1877 954 1948 996; x_wconf 89' lang='lat' dir='ltr'>de-</span> 
     </span>
     <span class='ocr_line' id='line_1_63' title="bbox 1123 1011 1949 1061; baseline -0.002 -7"><span class='ocrx_word' id='word_1_275' title='bbox 1123 1027 1242 1054; x_wconf 90' lang='lat' dir='ltr'>mum</span> <span class='ocrx_word' id='word_1_276' title='bbox 1273 1013 1450 1054; x_wconf 90' lang='lat' dir='ltr'>immani</span> <span class='ocrx_word' id='word_1_277' title='bbox 1483 1013 1626 1054; x_wconf 79' lang='lat' dir='ltr'>securi</span> <span class='ocrx_word' id='word_1_278' title='bbox 1658 1014 1875 1061; x_wconf 89' lang='lat' dir='ltr'>necatum,</span> <span class='ocrx_word' id='word_1_279' title='bbox 1905 1011 1949 1052; x_wconf 89' lang='lat' dir='ltr'>in</span> 
     </span>
     <span class='ocr_line' id='line_1_64' title="bbox 1126 1067 1950 1122; baseline -0.001 -12"><span class='ocrx_word' id='word_1_280' title='bbox 1126 1070 1286 1111; x_wconf 91' lang='lat' dir='ltr'>flumen</span> <span class='ocrx_word' id='word_1_281' title='bbox 1313 1069 1562 1122; x_wconf 80' lang='lat' dir='ltr'>projiciunt3</span> <span class='ocrx_word' id='word_1_282' title='bbox 1589 1068 1659 1110; x_wconf 91' lang='lat' dir='ltr'>die</span> <span class='ocrx_word' id='word_1_283' title='bbox 1689 1067 1950 1110; x_wconf 86' lang='lat' dir='ltr'>duodecima</span> 
     </span>
     <span class='ocr_line' id='line_1_65' title="bbox 1124 1124 1949 1168; baseline -0.001 -1"><span class='ocrx_word' id='word_1_284' title='bbox 1124 1126 1385 1168; x_wconf 86' lang='lat' dir='ltr'>Novembris</span> <span class='ocrx_word' id='word_1_285' title='bbox 1418 1126 1519 1167; x_wconf 90' lang='lat' dir='ltr'>anni</span> <span class='ocrx_word' id='word_1_286' title='bbox 1553 1125 1858 1167; x_wconf 82' lang='lat' dir='ltr'>sexcentesimi</span> <span class='ocrx_word' id='word_1_287' title='bbox 1889 1124 1949 1166; x_wconf 88' lang='lat' dir='ltr'>vi-</span> 
     </span>
     <span class='ocr_line' id='line_1_66' title="bbox 1126 1182 1949 1236; baseline -0.001 -12"><span class='ocrx_word' id='word_1_288' title='bbox 1126 1183 1275 1224; x_wconf 88' lang='lat' dir='ltr'>cesimi</span> <span class='ocrx_word' id='word_1_289' title='bbox 1292 1183 1410 1224; x_wconf 92' lang='lat' dir='ltr'>tertii</span> <span class='ocrx_word' id='word_1_290' title='bbox 1429 1195 1561 1236; x_wconf 92' lang='lat' dir='ltr'>supra</span> <span class='ocrx_word' id='word_1_291' title='bbox 1579 1182 1870 1231; x_wconf 83' lang='lat' dir='ltr'>millesimum,</span> <span class='ocrx_word' id='word_1_292' title='bbox 1895 1194 1949 1223; x_wconf 88' lang='lat' dir='ltr'>ae-</span> 
     </span>
     <span class='ocr_line' id='line_1_67' title="bbox 1125 1238 1949 1292; baseline -0.001 -11"><span class='ocrx_word' id='word_1_293' title='bbox 1125 1240 1227 1281; x_wconf 89' lang='lat' dir='ltr'>tatis</span> <span class='ocrx_word' id='word_1_294' title='bbox 1248 1240 1337 1291; x_wconf 88' lang='lat' dir='ltr'>ejus</span> <span class='ocrx_word' id='word_1_295' title='bbox 1359 1239 1680 1292; x_wconf 87' lang='lat' dir='ltr'>quadragesimi</span> <span class='ocrx_word' id='word_1_296' title='bbox 1694 1238 1824 1280; x_wconf 90' lang='lat' dir='ltr'>tertii.</span> <span class='ocrx_word' id='word_1_297' title='bbox 1847 1238 1949 1280; x_wconf 88' lang='lat' dir='ltr'>Cor-</span> 
     </span>
     <span class='ocr_line' id='line_1_68' title="bbox 1123 1295 1949 1362; baseline -0.004 -24"><span class='ocrx_word' id='word_1_298' title='bbox 1123 1310 1207 1362; x_wconf 87' lang='lat' dir='ltr'>pus</span> <span class='ocrx_word' id='word_1_299' title='bbox 1225 1296 1414 1338; x_wconf 88' lang='lat' dir='ltr'>mirabili</span> <span class='ocrx_word' id='word_1_300' title='bbox 1431 1296 1527 1337; x_wconf 91' lang='lat' dir='ltr'>luce</span> <span class='ocrx_word' id='word_1_301' title='bbox 1548 1295 1869 1346; x_wconf 80' lang='lat' dir='ltr'>circumfusum,</span> <span class='ocrx_word' id='word_1_302' title='bbox 1894 1307 1949 1336; x_wconf 90' lang='lat' dir='ltr'>ex</span> 
     </span>
     <span class='ocr_line' id='line_1_69' title="bbox 1123 1326 1948 1394; baseline -0.001 0"><span class='ocrx_word' id='word_1_303' title='bbox 1123 1354 1212 1394; x_wconf 93' lang='lat' dir='ltr'>imo</span> <span class='ocrx_word' id='word_1_304' title='bbox 1228 1353 1416 1394; x_wconf 90' lang='lat' dir='ltr'>fluminis</span> <span class='ocrx_word' id='word_1_305' title='bbox 1431 1352 1556 1394; x_wconf 90' lang='lat' dir='ltr'>alveo</span> <span class='ocrx_word' id='word_1_306' title='bbox 1573 1343 1733 1394; x_wconf 87' lang='lat' dir='ltr'>elatum</span> <span class='ocrx_word' id='word_1_307' title='bbox 1747 1356 1824 1394; x_wconf 86' lang='lat' dir='ltr'>est.</span> <span class='ocrx_word' id='word_1_308' title='bbox 1844 1326 1948 1393; x_wconf 62' lang='lat' dir='ltr'>S&#39;an-</span> 
     </span>
     <span class='ocr_line' id='line_1_70' title="bbox 1122 1408 1948 1462; baseline -0.002 -11"><span class='ocrx_word' id='word_1_309' title='bbox 1122 1411 1218 1461; x_wconf 88' lang='lat' dir='ltr'>guis</span> <span class='ocrx_word' id='word_1_310' title='bbox 1255 1410 1459 1462; x_wconf 89' lang='lat' dir='ltr'>Martyris</span> <span class='ocrx_word' id='word_1_311' title='bbox 1494 1408 1725 1462; x_wconf 90' lang='lat' dir='ltr'>parricidis</span> <span class='ocrx_word' id='word_1_312' title='bbox 1761 1408 1869 1462; x_wconf 91' lang='lat' dir='ltr'>ipsis</span> <span class='ocrx_word' id='word_1_313' title='bbox 1904 1408 1948 1449; x_wconf 91' lang='lat' dir='ltr'>in</span> 
     </span>
     <span class='ocr_line' id='line_1_71' title="bbox 1122 1466 1948 1520; baseline 0 -13"><span class='ocrx_word' id='word_1_314' title='bbox 1122 1467 1276 1519; x_wconf 89' lang='lat' dir='ltr'>primis</span> <span class='ocrx_word' id='word_1_315' title='bbox 1294 1467 1473 1520; x_wconf 87' lang='lat' dir='ltr'>profuit,</span> <span class='ocrx_word' id='word_1_316' title='bbox 1503 1466 1579 1519; x_wconf 91' lang='lat' dir='ltr'>qui</span> <span class='ocrx_word' id='word_1_317' title='bbox 1600 1466 1690 1508; x_wconf 86' lang='lat' dir='ltr'>fere</span> <span class='ocrx_word' id='word_1_318' title='bbox 1710 1478 1860 1507; x_wconf 89' lang='lat' dir='ltr'>omnes</span> <span class='ocrx_word' id='word_1_319' title='bbox 1881 1467 1948 1507; x_wconf 88' lang='lat' dir='ltr'>ca-</span> 
     </span>
     <span class='ocr_line' id='line_1_72' title="bbox 1122 1521 1948 1576; baseline -0.002 -11"><span class='ocrx_word' id='word_1_320' title='bbox 1122 1524 1225 1576; x_wconf 91' lang='lat' dir='ltr'>pitis</span> <span class='ocrx_word' id='word_1_321' title='bbox 1262 1523 1474 1573; x_wconf 88' lang='lat' dir='ltr'>damnati,</span> <span class='ocrx_word' id='word_1_322' title='bbox 1512 1523 1677 1574; x_wconf 92' lang='lat' dir='ltr'>ejurato</span> <span class='ocrx_word' id='word_1_323' title='bbox 1714 1521 1948 1563; x_wconf 70' lang='lat' dir='ltr'>schismate</span> 
     </span>
     <span class='ocr_line' id='line_1_73' title="bbox 1122 1578 1948 1622; baseline -0.002 0"><span class='ocrx_word' id='word_1_324' title='bbox 1122 1593 1248 1622; x_wconf 91' lang='lat' dir='ltr'>suum</span> <span class='ocrx_word' id='word_1_325' title='bbox 1276 1580 1419 1622; x_wconf 90' lang='lat' dir='ltr'>scelus</span> <span class='ocrx_word' id='word_1_326' title='bbox 1448 1579 1656 1621; x_wconf 88' lang='lat' dir='ltr'>detestati</span> <span class='ocrx_word' id='word_1_327' title='bbox 1683 1583 1794 1621; x_wconf 85' lang='lat' dir='ltr'>sunt.</span> <span class='ocrx_word' id='word_1_328' title='bbox 1839 1578 1948 1620; x_wconf 91' lang='lat' dir='ltr'>Cum</span> 
     </span>
     <span class='ocr_line' id='line_1_74' title="bbox 1122 1634 1947 1688; baseline -0.001 -10"><span class='ocrx_word' id='word_1_329' title='bbox 1122 1641 1269 1678; x_wconf 91' lang='lat' dir='ltr'>tantus</span> <span class='ocrx_word' id='word_1_330' title='bbox 1300 1636 1468 1678; x_wconf 87' lang='lat' dir='ltr'>Praesul</span> <span class='ocrx_word' id='word_1_331' title='bbox 1500 1636 1700 1688; x_wconf 79' lang='lat' dir='ltr'>plurimis</span> <span class='ocrx_word' id='word_1_332' title='bbox 1737 1640 1842 1688; x_wconf 91' lang='lat' dir='ltr'>post</span> <span class='ocrx_word' id='word_1_333' title='bbox 1873 1634 1947 1677; x_wconf 83' lang='lat' dir='ltr'>ob-</span> 
     </span>
     <span class='ocr_line' id='line_1_75' title="bbox 1121 1691 1947 1742; baseline -0.001 -8"><span class='ocrx_word' id='word_1_334' title='bbox 1121 1694 1230 1734; x_wconf 94' lang='lat' dir='ltr'>itum</span> <span class='ocrx_word' id='word_1_335' title='bbox 1241 1695 1495 1735; x_wconf 81' lang='lat' dir='ltr'>coruscaret</span> <span class='ocrx_word' id='word_1_336' title='bbox 1508 1692 1740 1742; x_wconf 70' lang='lat' dir='ltr'>miraculis,</span> <span class='ocrx_word' id='word_1_337' title='bbox 1755 1704 1855 1734; x_wconf 92' lang='lat' dir='ltr'>eum</span> <span class='ocrx_word' id='word_1_338' title='bbox 1868 1691 1947 1734; x_wconf 90' lang='lat' dir='ltr'>Ur-</span> 
     </span>
     <span class='ocr_line' id='line_1_76' title="bbox 1120 1748 1978 1798; baseline -0.002 -7"><span class='ocrx_word' id='word_1_339' title='bbox 1120 1749 1261 1791; x_wconf 88' lang='lat' dir='ltr'>banus</span> <span class='ocrx_word' id='word_1_340' title='bbox 1290 1752 1474 1792; x_wconf 86' lang='lat' dir='ltr'>octavus</span> <span class='ocrx_word' id='word_1_341' title='bbox 1500 1749 1704 1790; x_wconf 82' lang='lat' dir='ltr'>Pentifex</span> <span class='ocrx_word' id='word_1_342' title='bbox 1730 1748 1948 1790; x_wconf 87' lang='lat' dir='ltr'>Maximus</span> <span class='ocrx_word' id='word_1_343' title='bbox 1975 1795 1978 1798; x_wconf 24' lang='lat'><em>⁴</em></span> 
     </span>
     <span class='ocr_line' id='line_1_77' title="bbox 1120 1803 1948 1849; baseline 0 -3"><span class='ocrx_word' id='word_1_344' title='bbox 1120 1806 1357 1849; x_wconf 85' lang='lat' dir='ltr'>Beatorum</span> <span class='ocrx_word' id='word_1_345' title='bbox 1414 1804 1656 1847; x_wconf 81' lang='lat' dir='ltr'>honeribus</span> <span class='ocrx_word' id='word_1_346' title='bbox 1712 1803 1948 1847; x_wconf 86' lang='lat' dir='ltr'>decoravit.</span> 
     </span>
     <span class='ocr_line' id='line_1_78' title="bbox 1121 1861 1947 1904; baseline -0.001 -1"><span class='ocrx_word' id='word_1_347' title='bbox 1121 1863 1224 1904; x_wconf 91' lang='lat' dir='ltr'>Pius</span> <span class='ocrx_word' id='word_1_348' title='bbox 1249 1875 1390 1904; x_wconf 91' lang='lat' dir='ltr'>nonus</span> <span class='ocrx_word' id='word_1_349' title='bbox 1413 1862 1544 1904; x_wconf 88' lang='lat' dir='ltr'>tertio</span> <span class='ocrx_word' id='word_1_350' title='bbox 1567 1861 1792 1903; x_wconf 86' lang='lat' dir='ltr'>Kalendas</span> <span class='ocrx_word' id='word_1_351' title='bbox 1810 1861 1947 1903; x_wconf 81' lang='lat' dir='ltr'>Julias</span> 
     </span>
     <span class='ocr_line' id='line_1_79' title="bbox 1121 1918 1947 1970; baseline -0.001 -10"><span class='ocrx_word' id='word_1_352' title='bbox 1121 1920 1221 1960; x_wconf 93' lang='lat' dir='ltr'>anni</span> <span class='ocrx_word' id='word_1_353' title='bbox 1245 1919 1462 1960; x_wconf 87' lang='lat' dir='ltr'>millesimi</span> <span class='ocrx_word' id='word_1_354' title='bbox 1486 1918 1835 1970; x_wconf 87' lang='lat' dir='ltr'>octingentesimi</span> <span class='ocrx_word' id='word_1_355' title='bbox 1853 1930 1947 1960; x_wconf 88' lang='lat' dir='ltr'>sex-</span> 
     </span>
     <span class='ocr_line' id='line_1_80' title="bbox 1121 1974 1947 2028; baseline -0.001 -11"><span class='ocrx_word' id='word_1_356' title='bbox 1121 1976 1302 2026; x_wconf 86' lang='lat' dir='ltr'>agesimi</span> <span class='ocrx_word' id='word_1_357' title='bbox 1343 1976 1538 2028; x_wconf 85' lang='lat' dir='ltr'>septimi,</span> <span class='ocrx_word' id='word_1_358' title='bbox 1582 1988 1682 2017; x_wconf 92' lang='lat' dir='ltr'>cum</span> <span class='ocrx_word' id='word_1_359' title='bbox 1721 1974 1947 2016; x_wconf 86' lang='lat' dir='ltr'>saecularia</span> 
     </span>
     <span class='ocr_line' id='line_1_81' title="bbox 1121 2031 1948 2085; baseline -0.002 -11"><span class='ocrx_word' id='word_1_360' title='bbox 1121 2032 1439 2085; x_wconf 85' lang='lat' dir='ltr'>Apostolorum</span> <span class='ocrx_word' id='word_1_361' title='bbox 1462 2032 1713 2084; x_wconf 89' lang='lat' dir='ltr'>Principum</span> <span class='ocrx_word' id='word_1_362' title='bbox 1736 2031 1948 2073; x_wconf 84' lang='lat' dir='ltr'>solemnia</span> 
     </span>
     <span class='ocr_line' id='line_1_82' title="bbox 1122 2087 1946 2139; baseline -0.001 -9"><span class='ocrx_word' id='word_1_363' title='bbox 1122 2088 1462 2139; x_wconf 87' lang='lat' dir='ltr'>celebrarentur,</span> <span class='ocrx_word' id='word_1_364' title='bbox 1483 2101 1631 2130; x_wconf 90' lang='lat' dir='ltr'>coram</span> <span class='ocrx_word' id='word_1_365' title='bbox 1649 2089 1827 2130; x_wconf 89' lang='lat' dir='ltr'>Patrum</span> <span class='ocrx_word' id='word_1_366' title='bbox 1846 2087 1946 2129; x_wconf 89' lang='lat' dir='ltr'>Car-</span> 
     </span>
     <span class='ocr_line' id='line_1_83' title="bbox 1121 2145 1946 2198; baseline -0.002 -11"><span class='ocrx_word' id='word_1_367' title='bbox 1121 2145 1332 2187; x_wconf 89' lang='lat' dir='ltr'>dinalium</span> <span class='ocrx_word' id='word_1_368' title='bbox 1359 2148 1533 2195; x_wconf 89' lang='lat' dir='ltr'>senatu,</span> <span class='ocrx_word' id='word_1_369' title='bbox 1565 2145 1781 2198; x_wconf 77' lang='lat' dir='ltr'>simulque</span> <span class='ocrx_word' id='word_1_370' title='bbox 1805 2146 1946 2186; x_wconf 85' lang='lat' dir='ltr'>astan-</span> 
     </span>
     <span class='ocr_line' id='line_1_84' title="bbox 1119 2200 1945 2254; baseline -0.002 -11"><span class='ocrx_word' id='word_1_371' title='bbox 1119 2201 1235 2243; x_wconf 88' lang='lat' dir='ltr'>tibus</span> <span class='ocrx_word' id='word_1_372' title='bbox 1263 2202 1353 2243; x_wconf 89' lang='lat' dir='ltr'>fere</span> <span class='ocrx_word' id='word_1_373' title='bbox 1382 2202 1645 2254; x_wconf 89' lang='lat' dir='ltr'>quingentis,</span> <span class='ocrx_word' id='word_1_374' title='bbox 1671 2200 1945 2251; x_wconf 88' lang='lat' dir='ltr'>Patriarchis,</span> 
     </span>
     <span class='ocr_line' id='line_1_85' title="bbox 1119 2257 1945 2311; baseline -0.001 -12"><span class='ocrx_word' id='word_1_375' title='bbox 1119 2258 1412 2311; x_wconf 91' lang='lat' dir='ltr'>Metropolitis</span> <span class='ocrx_word' id='word_1_376' title='bbox 1454 2263 1498 2299; x_wconf 90' lang='lat' dir='ltr'>et</span> <span class='ocrx_word' id='word_1_377' title='bbox 1532 2257 1766 2310; x_wconf 88' lang='lat' dir='ltr'>Episcopis</span> <span class='ocrx_word' id='word_1_378' title='bbox 1809 2257 1945 2309; x_wconf 90' lang='lat' dir='ltr'>cujus-</span> 
     </span>
     <span class='ocr_line' id='line_1_86' title="bbox 1119 2315 1945 2367; baseline -0.001 -11"><span class='ocrx_word' id='word_1_379' title='bbox 1119 2317 1307 2366; x_wconf 75' lang='lat' dir='ltr'>cumque</span> <span class='ocrx_word' id='word_1_380' title='bbox 1322 2315 1440 2364; x_wconf 89' lang='lat' dir='ltr'>ritus,</span> <span class='ocrx_word' id='word_1_381' title='bbox 1461 2315 1535 2367; x_wconf 92' lang='lat' dir='ltr'>qui</span> <span class='ocrx_word' id='word_1_382' title='bbox 1551 2327 1605 2356; x_wconf 88' lang='lat' dir='ltr'>ex</span> <span class='ocrx_word' id='word_1_383' title='bbox 1618 2319 1714 2356; x_wconf 92' lang='lat' dir='ltr'>toto</span> <span class='ocrx_word' id='word_1_384' title='bbox 1728 2316 1945 2355; x_wconf 90' lang='lat' dir='ltr'>terrarum</span> 
     </span>
     <span class='ocr_line' id='line_1_87' title="bbox 1119 2369 1943 2421; baseline -0.002 -9"><span class='ocrx_word' id='word_1_385' title='bbox 1119 2370 1226 2412; x_wconf 92' lang='lat' dir='ltr'>orbe</span> <span class='ocrx_word' id='word_1_386' title='bbox 1259 2373 1567 2421; x_wconf 88' lang='lat' dir='ltr'>convenerant,</span> <span class='ocrx_word' id='word_1_387' title='bbox 1598 2370 1714 2412; x_wconf 92' lang='lat' dir='ltr'>hunc</span> <span class='ocrx_word' id='word_1_388' title='bbox 1741 2369 1943 2412; x_wconf 90' lang='lat' dir='ltr'>ecclesia-</span> 
     </span>
     <span class='ocr_line' id='line_1_88' title="bbox 1118 2426 1944 2479; baseline 0 -12"><span class='ocrx_word' id='word_1_389' title='bbox 1118 2427 1239 2468; x_wconf 87' lang='lat' dir='ltr'>sticae</span> <span class='ocrx_word' id='word_1_390' title='bbox 1257 2427 1434 2469; x_wconf 88' lang='lat' dir='ltr'>unitatis</span> <span class='ocrx_word' id='word_1_391' title='bbox 1453 2429 1731 2476; x_wconf 86' lang='lat' dir='ltr'>assertorem,</span> <span class='ocrx_word' id='word_1_392' title='bbox 1757 2426 1944 2479; x_wconf 91' lang='lat' dir='ltr'>primum</span> 
     </span>
     <span class='ocr_line' id='line_1_89' title="bbox 1118 2482 1942 2533; baseline -0.001 -9"><span class='ocrx_word' id='word_1_393' title='bbox 1118 2496 1171 2524; x_wconf 94' lang='lat' dir='ltr'>ex</span> <span class='ocrx_word' id='word_1_394' title='bbox 1192 2483 1484 2533; x_wconf 90' lang='lat' dir='ltr'>orientalibus,</span> <span class='ocrx_word' id='word_1_395' title='bbox 1505 2483 1686 2524; x_wconf 92' lang='lat' dir='ltr'>solemni</span> <span class='ocrx_word' id='word_1_396' title='bbox 1700 2483 1785 2525; x_wconf 88' lang='lat' dir='ltr'>ritu</span> <span class='ocrx_word' id='word_1_397' title='bbox 1798 2482 1842 2523; x_wconf 93' lang='lat' dir='ltr'>in</span> <span class='ocrx_word' id='word_1_398' title='bbox 1856 2482 1942 2524; x_wconf 87' lang='lat' dir='ltr'>Va-</span> 
     </span>
     <span class='ocr_line' id='line_1_90' title="bbox 1116 2537 1943 2582; baseline -0.002 -1"><span class='ocrx_word' id='word_1_399' title='bbox 1116 2540 1261 2581; x_wconf 87' lang='lat' dir='ltr'>ticana</span> <span class='ocrx_word' id='word_1_400' title='bbox 1293 2540 1479 2582; x_wconf 90' lang='lat' dir='ltr'>Basilica</span> <span class='ocrx_word' id='word_1_401' title='bbox 1512 2540 1769 2581; x_wconf 85' lang='lat' dir='ltr'>Sanctorum</span> <span class='ocrx_word' id='word_1_402' title='bbox 1801 2537 1943 2581; x_wconf 82' lang='lat' dir='ltr'>ordini</span> 
     </span>
     <span class='ocr_line' id='line_1_91' title="bbox 1117 2595 1941 2649; baseline -0.001 -13"><span class='ocrx_word' id='word_1_403' title='bbox 1117 2596 1348 2638; x_wconf 88' lang='lat' dir='ltr'>accensuit.</span> <span class='ocrx_word' id='word_1_404' title='bbox 1385 2596 1514 2649; x_wconf 93' lang='lat' dir='ltr'>Cujus</span> <span class='ocrx_word' id='word_1_405' title='bbox 1539 2596 1743 2638; x_wconf 86' lang='lat' dir='ltr'>Officium</span> <span class='ocrx_word' id='word_1_406' title='bbox 1768 2609 1821 2637; x_wconf 91' lang='lat' dir='ltr'>ac</span> <span class='ocrx_word' id='word_1_407' title='bbox 1841 2595 1941 2636; x_wconf 93' lang='lat' dir='ltr'>Mis-</span> 
     </span>
     <span class='ocr_line' id='line_1_92' title="bbox 1117 2651 1941 2695; baseline -0.001 -2"><span class='ocrx_word' id='word_1_408' title='bbox 1117 2665 1209 2693; x_wconf 89' lang='lat' dir='ltr'>sam</span> <span class='ocrx_word' id='word_1_409' title='bbox 1228 2652 1319 2694; x_wconf 93' lang='lat' dir='ltr'>Leo</span> <span class='ocrx_word' id='word_1_410' title='bbox 1347 2651 1541 2694; x_wconf 91' lang='lat' dir='ltr'>decimus</span> <span class='ocrx_word' id='word_1_411' title='bbox 1563 2653 1716 2695; x_wconf 90' lang='lat' dir='ltr'>tertius</span> <span class='ocrx_word' id='word_1_412' title='bbox 1739 2652 1941 2694; x_wconf 89' lang='lat' dir='ltr'>Summus</span> 
     </span>
     <span class='ocr_line' id='line_1_93' title="bbox 1116 2707 1942 2751; baseline 0.001 -2"><span class='ocrx_word' id='word_1_413' title='bbox 1116 2708 1317 2750; x_wconf 83' lang='lat' dir='ltr'>Pontifex</span> <span class='ocrx_word' id='word_1_414' title='bbox 1360 2708 1418 2751; x_wconf 92' lang='lat' dir='ltr'>ad</span> <span class='ocrx_word' id='word_1_415' title='bbox 1461 2709 1707 2751; x_wconf 90' lang='lat' dir='ltr'>universam</span> <span class='ocrx_word' id='word_1_416' title='bbox 1747 2707 1942 2750; x_wconf 90' lang='lat' dir='ltr'>extendit</span> 
     </span>
     <span class='ocr_line' id='line_1_94' title="bbox 1116 2763 1915 2817; baseline -0.001 -12"><span class='ocrx_word' id='word_1_417' title='bbox 1116 2765 1368 2806; x_wconf 84' lang='lat' dir='ltr'>Ecclesiam.</span> <span class='ocrx_word' id='word_1_418' title='bbox 1406 2766 1453 2816; x_wconf 67' lang='lat' dir='ltr'>Rg.</span> <span class='ocrx_word' id='word_1_419' title='bbox 1487 2765 1609 2807; x_wconf 89' lang='lat' dir='ltr'>Stola</span> <span class='ocrx_word' id='word_1_420' title='bbox 1627 2763 1915 2817; x_wconf 80' lang='lat' dir='ltr'>jucunditatis,</span> 
     </span>
     <span class='ocr_line' id='line_1_95' title="bbox 1874 2831 1876 2850; baseline 0 0"><span class='ocrx_word' id='word_1_421' title='bbox 1874 2831 1876 2850; x_wconf 98' lang='grc' dir='ltr'>Ι</span> 
     </span>
    </p>
   </div>
  </div>
 </body>
</html>
