2040 2990
621 220 720 253 Infra
751 220 1041 254 llcbdomadam
1068 220 1380 262 Septuagcsimae.

1784 219 1850 254 329

148 321 238 358 tem
259 321 352 358 erat
372 316 585 358 Christus:
613 315 692 357 sed
711 328 798 357 non
818 315 862 356 in
880 315 972 368 plu-

147 372 267 414 ribus
283 375 434 414 eerum
448 372 770 425 beneplacitum
785 376 852 413 est
864 372 972 413 Deo.

202 438 250 490 R.
262 438 323 479 br.
338 438 533 479 Clamavi
547 438 591 478 in
603 442 699 479 toto
715 435 848 479 corde
861 449 972 487 meo,

149 495 171 519 *
205 494 378 536 Exaudi
413 507 483 536 me
516 495 715 536 Demine.
768 493 973 534 Clamavi.

148 547 199 599 V.
230 551 574 592 Justificationes
610 555 707 592 tuas
743 552 973 602 requiram.

147 606 319 649 Exaudi
337 620 418 649 me.
444 607 597 649 Gloria
610 607 741 648 Patri.
769 606 973 648 Clamavi.

200 666 249 717 Y.
277 668 347 710 Ab
375 668 558 710 occultis
583 668 692 710 meis
716 667 879 709 munda
902 679 973 708 me

147 724 346 766 Demine.
400 727 447 778 Rg.
481 725 538 766 Et
569 724 623 766 ab
659 723 809 765 alienis
840 735 973 776 parce

148 793 274 822 servo
300 785 388 822 tuo.

375 853 454 894 Ad
480 853 745 904 Vesperas.

200 915 286 949 Ant.
313 920 348 949 ct
372 915 432 949 Ps.
461 914 506 947 dc
532 913 744 947 Dominica.
767 914 849 949 108.

203 968 338 1019 Capit.
369 968 558 1009 Fratres:
584 967 785 1008 Nescitis.
813 966 904 1006 327.

201 1029 414 1079 Hymnus:
444 1028 573 1070 Lucis
595 1028 785 1069 Cree'Itor.
810 1028 895 1067 llO.

199 1084 249 1136 δ”.
266 1090 489 1141 Dirigatur
503 1089 690 1130 Demine
706 1087 848 1129 oratio
863 1099 972 1128 mea.

147 1147 196 1199 R.
206 1147 327 1188 Sicut
340 1147 565 1188 incensum
574 1146 618 1186 in
634 1146 875 1197 conspectu
884 1149 973 1185 tuo.

197 1207 269 1247 Ad
298 1206 470 1256 Magnis.
501 1207 599 1246 Ant.
635 1205 757 1246 Dixit
786 1204 972 1257 paterfa-

146 1262 286 1305 milias
316 1263 340 1289 *
374 1262 586 1316 operariis
620 1262 727 1303 suis:
760 1260 876 1312 Quid
902 1260 973 1301 hic

146 1319 272 1362 statis
302 1324 398 1362 tota
425 1319 495 1361 die
529 1318 684 1360 otiesi?
731 1318 792 1358 At
819 1317 881 1358 illi
908 1330 971 1358 re-

146 1374 415 1429 spondentes
447 1375 667 1417 dixerunt:
701 1374 813 1424 Quia
842 1386 971 1414 nemo

145 1445 227 1474 nos
246 1431 468 1474 conduxit.
495 1433 562 1474 Ite
581 1436 625 1473 et
642 1444 721 1472 vos
739 1431 782 1471 in
802 1432 972 1471 vineam

145 1502 302 1530 meam:
323 1493 366 1530 et
384 1487 503 1541 quod
520 1489 679 1540 justum
697 1486 836 1536 fuerit,
855 1486 971 1528 dabo

147 1545 284 1587 vobis.

303 1649 487 1686 Feria
522 1647 816 1686 Secunda.

343 1713 409 1753 De
437 1710 550 1752 libro
579 1710 775 1751 Genesis.

248 1777 400 1818 Lectio
421 1778 444 1816 i.
665 1777 768 1828 Cap.
783 1778 812 1816 1.
829 1777 867 1817 d.

231 1847 249 1884 t
264 1842 428 1884 creavit
438 1842 558 1883 Deus
573 1841 794 1882 huminem
807 1840 864 1882 ad
875 1841 972 1881 ima-

247 1899 393 1950 ginem
411 1910 549 1939 suam:
568 1897 624 1939 ad
641 1897 873 1948 imaginem
887 1897 971 1938 Dei

144 1955 309 1997 creavit
341 1954 480 2004 illum,
513 1953 754 1995 masculum
783 1958 826 1994 et
854 1953 970 1993 femi-

143 2025 243 2053 nam
261 2012 427 2053 creavit
442 2023 530 2052 eos,
551 2009 871 2061 Benedixitque
886 2009 969 2050 illis

143 2068 281 2118 Deus,
307 2073 350 2110 et
369 2068 444 2110 ait:
471 2067 680 2116 Crescite,
706 2071 749 2108 et
767 2065 970 2118 multipli-

144 2124 315 2175 camini,
344 2129 387 2166 et
410 2123 575 2176 replete
600 2127 777 2177 terram,
804 2127 847 2164 et
871 2121 969 2163 sub-

143 2181 256 2232 jicite
277 2193 389 2230 eam,
413 2185 457 2222 et
476 2179 757 2222 dominamini
776 2178 969 2231 piscibus

143 2237 292 2286 maris,
321 2242 364 2279 et
391 2235 640 2278 volatilibus
666 2235 782 2284 coeli,
811 2240 854 2276 et
878 2235 969 2276 uni-

144 2293 280 2334 versis
299 2292 602 2342 animantibus,
624 2304 722 2344 quae
741 2293 970 2333 moventur

145 2361 276 2401 super
288 2354 458 2390 terram.
481 2349 691 2400 Dixitque
706 2348 840 2388 Deus:
855 2347 969 2388 Ecce

146 2404 248 2446 dedi
264 2405 389 2447 vobis
409 2418 583 2446 omnem
598 2404 779 2446 herbam
793 2403 969 2444 afferen-

144 2464 234 2501 tem
260 2474 409 2503 semen
439 2474 570 2514 super
597 2466 777 2509 terram,
810 2465 853 2501 et
880 2459 969 2500 uni-

145 2518 271 2557 versa
294 2517 411 2568 ligna
435 2530 533 2570 quae
559 2517 721 2558 habent
748 2517 791 2556 in
816 2520 969 2557 semet-

146 2572 253 2624 ipsis
272 2574 511 2616 sementem
529 2574 699 2625 generis
719 2573 796 2622 sui,
817 2576 866 2613 ut
884 2571 970 2612 sint

146 2627 272 2669 vobis
290 2629 334 2669 in
354 2641 514 2670 escam:
534 2634 578 2671 et
597 2629 765 2670 cunctis
783 2628 969 2669 animan-

145 2683 263 2724 tibus
282 2689 425 2734 terrae,
449 2688 653 2738 omnique
672 2684 840 2726 volucri
860 2682 969 2732 coeli,

1026 319 1070 356 et
1095 315 1139 355 in
1163 315 1321 366 quibus
1349 320 1415 357 est
1441 316 1581 357 anima
1608 316 1775 363 vivens,
1803 321 1851 357 ut

1025 370 1215 413 habeant
1234 370 1290 412 ad
1308 372 1583 414 vescendum.
1614 373 1670 413 Et
1688 373 1850 413 factum

1026 432 1093 469 est
1111 428 1181 469 ita.
1208 427 1420 480 Viditque
1437 429 1556 470 Deus
1575 434 1731 470 cuncta
1751 441 1849 480 quae

1025 484 1206 526 fecerat:
1240 489 1283 525 et
1314 491 1437 527 erant
1464 485 1591 527 valde
1622 485 1749 526 bona.
1794 486 1850 526 Et

1025 541 1189 582 factum
1215 545 1280 582 est
1308 543 1491 594 vespere
1517 547 1561 583 et
1586 554 1728 591 mane,
1757 541 1849 583 dies

1026 603 1187 639 sextus.

1083 664 1130 714 R.
1158 664 1274 704 Dum
1307 663 1609 705 deambularet
1636 663 1850 704 Deminus

1025 719 1068 758 in
1100 720 1304 772 paradiso
1334 720 1391 762 ad
1423 733 1571 761 auram
1598 724 1700 772 post
1726 721 1849 760 meri-

1027 774 1152 826 diem,
1173 776 1386 826 clamavit,
1408 781 1451 818 et
1472 777 1595 818 dixit:
1614 775 1756 817 Adam
1775 775 1850 817 ubi

1026 830 1096 873 es?
1133 833 1295 874 Audivi
1324 833 1512 874 Demine
1540 845 1694 874 vocem
1721 837 1850 881 tuam,

1030 892 1051 915 *
1064 889 1121 930 Et
1140 889 1352 931 abscondi
1371 903 1451 931 me.
1486 886 1531 936 δ”.
1543 889 1713 931 Vocem
1730 893 1850 930 tuam

1026 944 1172 986 audivi
1204 946 1248 986 in
1280 945 1508 998 paradiso,
1546 950 1589 987 et
1618 945 1760 994 timui,
1797 957 1849 985 eo

1027 1001 1146 1053 quod
1165 1002 1307 1044 nudus
1328 1015 1480 1044 essem.
1508 1002 1574 1043 Et.

1132 1082 1281 1122 Lectio
1305 1082 1341 1121 ii.
1596 1083 1697 1133 Cap.
1713 1083 1748 1121 2.

1072 1149 1187 1200 gitur
1210 1150 1395 1202 perfecti
1419 1155 1518 1191 sunt
1542 1150 1642 1191 coeli
1662 1155 1705 1191 et
1724 1155 1850 1199 terra,

1091 1211 1134 1247 et
1158 1207 1297 1248 omnis
1323 1209 1500 1249 ornatus
1526 1209 1686 1248 eorum.
1725 1207 1849 1248 Com-

1025 1263 1248 1315 plevitque
1273 1264 1394 1305 Deus
1424 1263 1494 1305 die
1523 1263 1709 1315 septimo
1738 1276 1849 1315 opus

1025 1332 1151 1360 suum
1165 1319 1284 1372 quod
1298 1320 1476 1361 fecerat:
1492 1324 1535 1361 et
1551 1320 1766 1371 requievit
1779 1319 1849 1360 die

1025 1376 1212 1428 septimo
1247 1375 1301 1417 ab
1335 1377 1537 1417 universo
1571 1378 1702 1428 Opere
1732 1375 1850 1428 quod

1025 1434 1230 1484 patrarat.
1271 1433 1327 1474 Et
1354 1432 1577 1474 benedixit
1604 1431 1691 1473 diei
1718 1432 1847 1484 septi-

1023 1501 1112 1538 mo,
1137 1494 1180 1530 et
1205 1489 1492 1530 sanctificavit
1516 1488 1652 1529 illum:
1681 1488 1783 1540 quia
1806 1489 1849 1529 in

1023 1545 1120 1597 ipso
1141 1547 1389 1587 cessaverat
1406 1544 1461 1586 ab
1480 1545 1597 1586 omni
1617 1547 1751 1597 epere
1768 1557 1848 1585 suo

1025 1601 1145 1653 quod
1164 1602 1329 1643 creavit
1343 1602 1463 1643 Deus
1481 1606 1529 1643 ut
1544 1601 1718 1642 faceret.
1745 1602 1849 1642 Istae

1025 1663 1125 1699 sunt
1160 1658 1597 1716 generatieneslcoeli
1634 1663 1677 1699 et
1709 1662 1848 1707 terrae,

1025 1714 1200 1766 quando
1217 1717 1363 1756 creata
1379 1719 1489 1764 sunt,
1505 1715 1548 1755 in
1561 1713 1631 1755 die
1646 1726 1732 1766 quo
1748 1714 1849 1754 fecit

1022 1770 1237 1812 Deminus
1264 1771 1384 1812 Deus
1414 1770 1573 1812 coelum
1602 1774 1645 1811 et
1673 1775 1849 1811 terram:

1022 1827 1079 1868 Et
1098 1839 1226 1868 omne
1247 1827 1482 1877 virgultum
1501 1826 1593 1877 agri
1614 1827 1847 1877 antequam

1023 1883 1211 1924 oriretur
1235 1883 1279 1923 in
1304 1887 1437 1933 terra,
1467 1884 1726 1934 omnemque
1753 1881 1846 1923 her-

1022 1938 1123 1979 bam
1148 1939 1336 1990 regienis
1360 1939 1615 1991 priusquam
1637 1938 1846 1989 germina-

1022 2000 1105 2036 ret:
1146 2007 1233 2036 non
1271 1995 1386 2036 enim
1424 1995 1596 2047 pluerat
1632 1995 1846 2035 Deminus

1021 2052 1142 2092 Deus
1169 2064 1300 2104 super
1325 2056 1505 2101 terram,
1534 2056 1578 2092 et
1602 2050 1735 2092 homo
1760 2063 1846 2091 non

1022 2112 1115 2149 erat
1150 2107 1223 2159 qui
1256 2109 1512 2160 operaretur
1544 2112 1724 2149 terram:
1759 2106 1846 2148 Sed

1021 2163 1118 2204 fons
1149 2163 1414 2206 ascendebat
1442 2177 1466 2205 e
1497 2169 1632 2214 terra,
1664 2163 1846 2215 irrigans

1020 2219 1268 2261 universam
1286 2220 1563 2272 superficiem
1582 2225 1722 2261 terrae.

1076 2289 1126 2340 Ην.
1148 2289 1200 2330 In
1225 2288 1386 2330 sudere
1408 2288 1552 2329 vultus
1572 2288 1635 2329 tui
1656 2287 1846 2329 vesceris

1020 2357 1134 2397 pane
1150 2350 1239 2395 tuo,
1260 2344 1369 2386 dixit
1382 2345 1597 2386 Dominus
1617 2343 1673 2385 ad
1686 2343 1845 2385 Adam:

1022 2415 1122 2442 cum
1150 2403 1357 2454 operatus
1385 2401 1517 2442 fueris
1544 2405 1724 2449 terram,
1758 2412 1844 2440 non

1022 2457 1144 2499 dabit
1163 2458 1329 2499 fructus
1347 2470 1467 2499 suos:
1489 2458 1511 2482 *
1529 2455 1616 2497 Sed
1634 2456 1782 2517 spinas
1802 2459 1845 2496 et

1020 2513 1204 2555 tribulos
1232 2513 1495 2564 germinabit
1520 2512 1610 2554 tibi.
1655 2510 1704 2556 V.
1733 2511 1844 2561 Quia

1022 2570 1183 2611 audisti
1202 2583 1355 2611 vocem
1374 2569 1524 2610 uxeris
1543 2573 1646 2617 tuae,
1668 2573 1712 2609 et
1731 2579 1844 2608 com·

1022 2626 1150 2668 edisti
1178 2625 1233 2667 de
1260 2626 1400 2677 ligno,
1431 2638 1485 2666 ex
1514 2636 1600 2676 quo
1626 2625 1843 2676 praecepe-

1002 2695 1115 2723 -ram
1137 2681 1219 2724 tibi
1241 2695 1296 2723 ne
1319 2681 1588 2730 comederes,
1613 2678 1843 2720 maledicta

147 2744 192 2781 et
206 2740 418 2781 universis
431 2753 529 2793 quae
543 2742 773 2782 moventur
785 2740 829 2780 in
842 2744 969 2788 terra,
1021 2743 1139 2780 terra
1156 2739 1201 2779 in
1221 2740 1354 2790 opere
1374 2742 1462 2779 tuo.
1489 2736 1576 2778 Sed
1594 2736 1752 2788 spinas.

305 2881 368 2905 Pars
384 2881 517 2905 Biemann.

1595 2865 1637 2896 22
