2040 2990
529 220 629 254 Infra
654 220 947 254 Hebdomadam
973 220 1023 253 iii.
1050 226 1138 264 post
1163 221 1428 264 Epiphaniam.

433 315 585 356 Lectio
606 315 658 354 iii.

216 385 272 425 go
290 377 436 415 autem
449 373 604 414 fratres
621 373 657 414 si
672 373 960 414 circumcisio-

231 442 332 471 nem
357 428 499 471 adhuc
522 428 733 482 praedico:
760 429 864 481 quid
889 429 960 471 ad-

139 485 224 527 huc
249 486 599 538 persecutionem
624 484 796 538 patior?
843 485 960 536 Ergo

139 544 396 584 evacuatum
425 547 492 583 est
525 542 779 584 scandalum
808 543 961 584 crucis.

137 598 312 640 Utinam
348 603 392 640 et
429 598 739 640 abscindantur
773 599 848 650 qui
881 611 961 640 vos

139 655 410 696 conturbant.
456 655 552 699 Vos
580 656 693 697 enim
718 655 762 696 in
789 655 960 697 liberta—

137 716 227 752 tem
247 711 392 753 vocati
411 712 515 754 estis
534 712 705 767 fratres:
723 716 892 753 tantum
906 725 961 753 ne

138 767 386 810 libertatem
400 768 444 809 in
460 768 737 810 occasionem
752 768 865 810 detis
879 781 963 810 car-

137 824 215 874 nis,
237 824 316 866 sed
333 837 413 877 per
432 825 658 866 caritatem
678 825 855 878 spiritus
875 838 960 867 ser-

138 882 226 922 vite
253 881 449 923 invicem.
498 881 650 923 Omnis
679 882 792 923 enim
819 882 891 923 lex
917 883 962 923 in

137 950 225 979 uno
241 940 442 980 sermone
457 938 675 991 impletur:
689 939 857 989 Diliges
870 941 962 991 pro-

138 994 302 1035 ximum
319 999 442 1036 tuum
464 995 577 1036 sicut
596 997 795 1047 teipsum.
832 995 962 1046 Quod

138 1050 175 1091 si
195 1051 381 1092 invicem
399 1051 626 1101 mordetis,
652 1056 696 1093 et
716 1052 961 1094 comeditis:

137 1106 282 1149 videte
297 1120 351 1149 ne
364 1107 419 1150 ab
433 1108 619 1150 invicem
634 1109 961 1150 consumamini.

137 1163 249 1205 Dico
278 1169 439 1206 autem:
466 1165 628 1217 Spiritu
655 1164 889 1215 ambulate,
918 1170 962 1207 et

138 1219 355 1262 desideria
400 1222 542 1262 carnis
584 1234 672 1262 non
714 1221 961 1274 perficietis.

140 1276 252 1318 Caro
290 1277 404 1319 enim
444 1278 715 1331 concupiscit
751 1278 961 1320 adversus

138 1333 353 1386 spiritum:
380 1334 559 1387 spiritus
583 1340 728 1376 autem
751 1334 961 1376 adversus

139 1402 328 1431 carnem:
346 1389 442 1432 haec
462 1391 577 1432 enim
591 1390 675 1432 sibi
688 1391 875 1432 invicem
889 1391 961 1433 ad-

138 1448 382 1488 versantur:
401 1451 449 1488 ut
464 1460 552 1489 non
568 1450 855 1500 quaecumque
873 1447 960 1489 vul-

138 1502 205 1552 tis,
224 1502 298 1544 illa
316 1503 497 1545 faciatis
533 1506 584 1558 R'·
617 1503 713 1555 Ego
733 1503 833 1545 dixi.
858 1505 958 1545 290.

334 1616 504 1652 Feria
539 1615 764 1664 Quarta.

138 1672 297 1725 Incipit
322 1672 523 1725 Epistola
548 1672 667 1714 beati
693 1673 817 1714 Pauli
843 1673 961 1726 Apo-

335 1728 438 1771 stoli
460 1728 518 1771 ad
539 1729 765 1782 Ephesios.

238 1788 390 1831 Lectio
419 1790 443 1830 i.
704 1790 806 1842 Cap.
826 1791 855 1830 1.

146 1842 344 1901 ji'j‘taulus
380 1841 622 1895 Apostolus
659 1842 685 1882 J
687 1854 765 1883 esu
801 1842 961 1884 Christi

144 1903 178 1930 ἓν
237 1911 316 1951 per
339 1898 611 1940 voluntatem
633 1898 732 1948 Dei,
759 1898 961 1940 omnibus

138 1955 316 2004 sanctis,
342 1955 416 2008 qui
439 1960 540 1997 sunt
559 1954 740 2008 Ephesi,
765 1959 809 1996 et
827 1954 961 1996 fideli-

137 2009 220 2052 bus
242 2011 286 2052 in
305 2011 478 2053 Christo
498 2012 523 2052 J
526 2024 613 2053 esu.
650 2011 803 2052 Gratia
823 2011 961 2060 vobis,

139 2070 182 2107 et
217 2080 305 2120 pax
341 2081 366 2109 a
400 2068 497 2110 Deo
533 2068 664 2109 Patre
704 2071 876 2116 nostro,
918 2072 961 2108 et

138 2123 328 2166 Domino
347 2124 372 2165 J
374 2137 451 2166 esu
471 2123 655 2166 Christo.
696 2123 960 2165 Benedictus

137 2179 269 2230 Deus,
293 2185 336 2222 et
353 2181 485 2223 Pater
502 2180 680 2222 Domini
699 2180 839 2222 nostri
857 2180 881 2220 J
883 2192 961 2221 esu

140 2236 316 2286 Christi,
341 2237 416 2289 qui
433 2236 658 2279 benedixit
678 2249 758 2278 nos
781 2236 825 2277 in
844 2236 962 2277 omni

138 2292 444 2335 benedictione
469 2293 684 2346 spirituali
708 2293 752 2334 in
777 2292 960 2334 coelesti-

138 2348 220 2391 bus
242 2349 286 2390 in
309 2350 500 2400 Christo,
526 2350 638 2391 sicut
662 2349 791 2400 elegit
813 2362 894 2390 nos
917 2349 961 2389 in

138 2405 234 2457 ipso
253 2411 354 2448 ante
367 2406 517 2448 mundi
531 2406 896 2455 constitutionem,
914 2410 962 2446 ut

139 2463 332 2503 essemus
369 2463 507 2504 sancti
543 2467 586 2504 et
621 2462 886 2503 immaculati
918 2461 961 2501 in

140 2520 378 2570 conspectu
397 2519 486 2571 ejus
504 2519 548 2560 in
568 2519 761 2560 caritate.

189 2576 241 2627 R.
266 2574 334 2616 Ne
352 2574 608 2627 perdideris.
635 2575 736 2615 290.

445 2629 597 2672 Lectio
615 2631 653 2671 ii.

222 2685 267 2726 ui
279 2685 609 2738 praedestinavit
624 2699 704 2728 nos
714 2686 758 2727 in
770 2685 961 2737 adoptio-

243 2754 342 2783 nem
364 2741 552 2784 filiorum
574 2755 654 2795 per
672 2743 695 2783 J
700 2755 822 2783 esum
842 2740 959 2782 Chri-

292 2882 355 2907 Pars
371 2882 503 2908 ffiemalis.

1014 319 1130 356 stum
1156 315 1199 355 in
1225 315 1384 367 ipsum:
1412 314 1651 356 secundum
1674 316 1835 367 propo-

1013 372 1144 412 situm
1175 371 1413 412 voluntatis
1445 384 1555 421 suae,
1587 371 1630 411 in
1661 370 1836 412 laudem

1012 427 1164 478 gloriae
1187 427 1340 478 gratiae
1364 440 1472 477 suae,
1500 428 1543 467 in
1567 440 1652 479 qua
1674 427 1835 478 gratifi-

1014 484 1130 525 cavit
1154 497 1235 525 nos
1261 484 1305 525 in
1331 483 1492 525 dilecto
1518 483 1628 524 Filio
1655 497 1745 525 suo.
1785 484 1836 524 In

1015 553 1102 593 quo
1135 540 1345 582 habemus
1379 540 1724 593 redemptionem
1756 553 1836 593 per

1014 597 1269 648 sanguinem
1291 598 1397 649 ejus,
1420 597 1719 638 remissionem
1738 609 1835 648 pec-

1014 655 1210 694 catorum
1231 652 1472 694 secundum
1491 652 1664 694 divitias
1683 653 1836 703 gratiae

1014 710 1115 761 ejus,
1138 722 1236 761 quae
1257 709 1629 761 superabundavit
1648 709 1691 749 in
1709 708 1836 750 nobis

1014 767 1057 806 in
1078 766 1194 807 omni
1214 766 1437 818 sapientia,
1460 770 1502 806 et
1520 765 1766 818 prudentia:
1790 770 1837 806 ut

1013 828 1166 864 notum
1185 822 1349 864 faceret
1370 821 1497 863 nobis
1520 824 1838 863 sacramentum

1014 879 1251 921 voluntatis
1267 892 1369 929 suae,
1384 878 1623 920 secandum
1634 878 1837 930 benepla-

1014 936 1147 977 citum
1173 936 1280 987 ejus,
1310 935 1429 988 quod
1453 935 1684 988 proposuit
1707 935 1750 975 in
1775 946 1838 983 eo,

1013 992 1056 1032 in
1078 992 1407 1045 dispensatione
1429 991 1711 1043 plenitUdinis
1733 992 1837 1032 tem-

1012 1062 1188 1102 porum,
1212 1050 1456 1090 instaurare
1482 1048 1627 1089 omnia
1652 1048 1696 1088 in
1720 1047 1838 1088 Chri·-

1014 1110 1099 1155 sto,
1126 1118 1223 1157 quae
1247 1106 1292 1146 in
1312 1104 1451 1154 coelis,
1477 1109 1520 1146 et
1540 1117 1638 1157 quae
1659 1104 1702 1144 in
1722 1109 1838 1146 terra

1014 1167 1124 1212 sunt,
1145 1162 1189 1202 in
1207 1162 1316 1215 ipso.

1063 1229 1114 1279 R.
1141 1224 1349 1264 Paratum
1369 1235 1456 1264 cor.
1480 1223 1580 1263 290.

1311 1291 1463 1331 Lectio
1484 1290 1537 1330 iii.

1011 1348 1088 1454 In
1114 1363 1200 1403 quo
1226 1349 1355 1391 etiam
1377 1355 1420 1391 et
1443 1362 1523 1390 nos
1547 1353 1667 1390 sorte
1691 1347 1837 1389 vocati

1078 1419 1243 1456 sumus,
1271 1405 1571 1458 praedestinati
1598 1404 1838 1446 secundum

1014 1463 1291 1516 propositum
1319 1463 1425 1514 ejus,
1458 1462 1531 1514 qui
1559 1463 1766 1514 operatur
1794 1462 1837 1501 o-

1013 1521 1130 1561 mnia
1162 1519 1403 1561 secundum
1431 1518 1661 1560 consilium
1688 1517 1837 1559 volun·

1013 1577 1116 1618 tatis
1137 1589 1244 1617 suae:
1271 1580 1319 1617 ut
1341 1576 1474 1616 simus
1492 1575 1535 1615 in
1555 1574 1730 1616 laudem
1748 1573 1837 1624 glo-

1014 1634 1089 1674 riae
1115 1633 1204 1685 ejus
1224 1645 1320 1682 nos,
1346 1632 1420 1684 qui
1444 1636 1543 1672 ante
1567 1630 1837 1684 speravimus

1013 1690 1057 1730 in
1077 1689 1267 1731 Christo:
1291 1689 1341 1729 In
1362 1701 1448 1741 quo
1469 1693 1513 1729 et
1531 1700 1626 1737 vos,
1649 1700 1747 1728 cum
1767 1699 1837 1727 au-

1015 1745 1189 1787 dissetis
1212 1744 1394 1786 verbum
1414 1745 1610 1786 veritatis
1629 1744 1837 1794 (Evange-

1013 1802 1118 1843 lium
1142 1802 1295 1843 salutis
1318 1803 1493 1852 vestrae)
1514 1801 1557 1841 in
1578 1812 1664 1851 quo
1685 1803 1728 1840 et
1747 1810 1836 1839 cre-

1015 1859 1167 1900 dentes
1186 1858 1342 1910 signati
1357 1858 1461 1899 estis
1475 1856 1639 1909 Spiritu
1654 1854 1836 1908 promis-

1015 1915 1148 1956 sionis
1170 1919 1334 1964 sancto,
1356 1914 1429 1966 qui
1445 1918 1511 1955 est
1529 1913 1686 1966 pignus
1701 1911 1836 1952 haere-

1014 1971 1162 2012 ditatis
1195 1975 1381 2020 nostrae,
1416 1970 1460 2010 in
1490 1968 1837 2021 redemptionem

1014 2027 1337 2080 acquisitionis,
1380 2027 1424 2067 in
1468 2025 1643 2067 laudem
1684 2023 1835 2076 gloriae

1012 2084 1160 2136 ipsius.

1063 2148 1113 2199 R.
1140 2143 1328 2196 Adjutor
1347 2157 1481 2186 meus.
1507 2144 1608 2185 290.

1195 2270 1383 2306 Feria
1417 2269 1661 2317 Quinta.

1104 2334 1174 2374 De
1202 2330 1402 2383 Epistola
1429 2330 1486 2372 ad
1513 2329 1739 2382 Ephesios.

1138 2398 1290 2439 Lectio
1320 2398 1344 2438 i.
1545 2397 1646 2447 Cap.
1666 2397 1703 2435 4.

1020 2459 1252 2511 &bsecro
1280 2463 1428 2512 itaque
1453 2471 1532 2500 vos
1558 2471 1639 2510 ego
1664 2459 1834 2499 vinctus

1016 2515 1091 2555 ks.)
1112 2517 1156 2557 in
1170 2517 1372 2566 Domino,
1390 2521 1439 2557 ut
1455 2515 1584 2566 digne
1605 2514 1833 2556 ambuletis

1012 2573 1262 2623 vocatione,
1296 2585 1381 2625 qua
1407 2571 1552 2613 vocati
1581 2571 1704 2619 estis,
1735 2583 1833 2611 cum

1013 2629 1130 2670 omni
1148 2629 1407 2677 humilitate,
1432 2633 1476 2669 et
1492 2625 1832 2670 mansuetudine.

1001 2697 1112 2725 ¹cum
1138 2685 1365 2737 patientia,
1392 2685 1703 2736 supportantes
1728 2680 1831 2721 invi-

1013 2752 1108 2782 cem
1139 2741 1184 2781 in
1217 2741 1414 2789 caritate,
1451 2739 1626 2780 solliciti
1657 2738 1832 2778 servare

1586 2867 1630 2900 20
