2080 2990
740 213 781 246 ln
808 212 1059 246 Dedicatione
1085 212 1280 245 Ecclesiae.

147 311 208 352 tio
227 308 559 362 perambulante
583 308 626 348 in
650 306 858 348 tenebris:
876 306 900 331 *
920 304 974 346 ab

147 368 334 415 incursu,
354 370 397 407 et
417 364 635 407 daemonio
655 362 908 404 meridiano.

201 422 369 464 Cadent
389 435 414 462 a
432 421 571 462 latere
589 425 666 462 tuo
685 419 821 468 mille,
841 423 885 460 et
905 417 975 459 de-

149 493 244 521 cem
270 478 404 519 millia
432 491 456 519 a
485 477 650 519 dextris
677 476 777 518 tuis:
801 475 824 501 *
850 474 906 516 ad.
933 479 976 515 te

149 541 295 577 autem
313 548 402 576 non
422 531 805 587 appropinquabit.

199 593 517 634 Verumtamen
550 589 688 631 oculis
719 588 805 630 tuis
840 587 976 628 consi-

151 649 342 691 derabis:
361 650 384 675 *
405 653 448 689 et
469 646 800 689 retributionem
824 656 977 696 pecca-

150 708 296 748 torum
315 704 496 747 videbis.

203 762 420 813 Quoniam
433 766 481 802 tu
497 773 544 802 es
555 758 742 800 Domine
753 770 856 810 spes
867 769 979 797 mea:

151 821 175 845 *
215 818 490 860 Altissimum
537 815 724 869 posuisti
765 813 979 864 refugium

151 881 285 918 tuum.

203 932 303 974 Non
331 930 514 973 accedet
541 929 598 971 ad
625 934 669 970 te
697 928 874 969 malum:
892 928 915 953 *
936 931 980 968 et

152 988 373 1039 flagellum
399 1000 488 1029 non
519 984 893 1039 appropinquabit
920 989 979 1025 ta-

151 1044 390 1087 bernaculo
409 1049 498 1086 tuo.

204 1102 419 1151 Quoniam
439 1099 620 1151 Angelis
646 1099 734 1140 suis
756 1097 982 1139 mandavit

153 1158 207 1200 de
227 1164 287 1200 te:
306 1158 329 1184 *
349 1162 397 1199 ut
426 1155 676 1198 custodiant
702 1160 745 1196 te
773 1156 817 1196 in
846 1154 979 1195 omni-

151 1214 235 1256 bus
253 1215 335 1256 viis
354 1214 451 1256 tuis.

203 1273 255 1313 In
285 1271 485 1313 manibus
516 1269 759 1324 portabunt
790 1273 849 1309 te:
876 1268 899 1293 *
927 1279 980 1308 ne

153 1329 266 1370 forte
293 1327 490 1370 offendas
518 1327 574 1368 ad
602 1325 794 1379 lapidem
822 1323 981 1377 pedem

152 1390 287 1427 tuum.

204 1443 345 1494 Super
382 1440 598 1494 aspidem,
648 1444 692 1480 et
728 1437 982 1479 basiliscum

154 1498 411 1540 ambulabis:
421 1499 444 1524 *
457 1502 500 1539 et
514 1494 794 1538 conculcabis
809 1493 982 1535 leonem

154 1560 198 1597 et
216 1554 464 1597 draconem.

207 1612 423 1662 Quoniam
441 1611 486 1651 in
505 1623 575 1651 me
595 1608 803 1662 speravit,
826 1606 980 1648 libera-

153 1669 212 1711 bo
232 1681 346 1710 eum:
360 1670 383 1695 *
398 1669 629 1720 protegam
646 1678 756 1715 eum,
777 1663 982 1716 quoniam

154 1725 364 1776 cognovit
381 1736 541 1765 nomen
559 1735 716 1764 meum.

206 1780 422 1823 Clamabit
454 1779 510 1821 ad
542 1792 627 1828 me,
664 1783 708 1820 et
739 1790 820 1829 ego
854 1780 982 1818 exau-

155 1838 271 1879 diam
297 1850 410 1879 eum:
429 1838 453 1863 *
474 1849 574 1877 cum
597 1835 694 1887 ipso
721 1847 818 1875 sum
842 1834 887 1874 in
911 1833 982 1874 tri-

153 1893 393 1935 bulatione:
422 1891 603 1944 eripiam
629 1903 728 1932 eum
755 1895 798 1931 et
822 1889 982 1940 glorifi-

155 1950 266 1992 cabo
288 1962 397 1991 eum.

206 2009 498 2062 Longitudine
566 2008 734 2050 dierum
801 2006 982 2059 replebo

155 2082 269 2110 eum:
299 2069 323 2095 *
355 2071 399 2108 et
437 2064 667 2107 ostendam
698 2063 761 2105 illi
792 2063 982 2104 salutare

154 2137 310 2167 meum.

173 2219 179 2227 ,
208 2186 306 2227 Ant.
327 2185 411 2235 Qui
430 2183 598 2225 habitat
615 2182 659 2222 in
679 2179 894 2232 adjutorio
910 2179 982 2219 Al-

155 2242 326 2291 tissimi,
367 2241 411 2282 in
450 2238 725 2293 protectione
764 2236 845 2278 Dei
867 2235 983 2277 -coeli

157 2297 510 2340 commorabitur.

209 2363 307 2404 Ant.
351 2360 583 2414 Templum
618 2358 796 2400 Domini
826 2358 849 2383 *
889 2369 982 2397 san-

157 2423 275 2460 ctum
307 2423 389 2469 est,
419 2418 502 2459 Dei
534 2418 753 2459 structura
786 2418 867 2463 est,
898 2413 982 2454 Dei

157 2474 390 2517 aedificatio
411 2479 488 2516 est.

433 2553 630 2594 Psalmus
650 2553 714 2591 95.

161 2618 382 2725 Cantate
419 2629 610 2670 Domino
653 2627 871 2669 canticum
908 2637 983 2666 no-

157 2699 365 2786 terrgum:
383 2688 407 2713 *
427 2687 598 2727 cantate
623 2684 814 2726 Domino
841 2681 982 2723 omnis

1761 205 1852 249 [119]

1081 303 1263 344 Cantate
1292 304 1499 352 Domino,
1536 308 1579 344 et
1609 302 1854 344 benedicite

1028 360 1194 401 nomini
1213 360 1318 411 ejus:
1336 360 1359 385 *
1380 360 1630 401 annuntiate
1650 359 1704 401 de
1725 358 1796 400 die
1812 359 1854 399 in

1030 416 1146 458 diem
1166 417 1356 458 salutare
1376 417 1477 468 ejus.

1081 477 1349 518 Annuntiate
1363 477 1476 518 inter
1492 477 1658 518 Gentes
1673 476 1856 527 gloriam

1031 535 1136 586 ejus,
1155 534 1178 559 *
1197 534 1241 574 in
1264 533 1465 575 omnibus
1489 532 1666 586 populis
1685 532 1856 574 mirabi—

1029 591 1087 632 lia
1106 591 1208 642 ejus.

1083 651 1298 702 Quoniam
1330 663 1514 702 magnus
1541 651 1772 699 Dominus,
1814 655 1857 691 et

1030 707 1261 749 laudabilis
1281 707 1422 748 nimis:
1441 708 1465 733 *
1484 707 1688 749 terribilis
1709 712 1776 748 est
1792 719 1857 747 su-

1030 778 1109 818 per
1130 777 1282 806 omnes
1301 764 1420 806 deos.

1081 826 1297 876 Quoniam
1313 838 1465 867 omnes
1481 825 1540 866 dii
1552 824 1759 865 Gentium
1774 823 1859 864 dae-

1031 883 1192 979 pionia:
1228 883 1251 907 *
1288 882 1503 923 Dominus
1540 886 1686 922 autem
1723 879 1859 921 coelos

1051 939 1145 980 ecit.

1086 1000 1324 1049 Confessio,
1344 1004 1387 1041 et
1405 997 1686 1052 pulchritudo
1702 998 1745 1037 in
1760 1010 1859 1038 con-

1034 1058 1189 1109 spectu
1208 1053 1325 1108 'ejusz
1344 1056 1367 1081 *
1388 1055 1674 1097 sanctimonia
1703 1059 1745 1095 et
1772 1066 1859 1093 ma-

1032 1113 1282 1163 gnificentia
1301 1113 1344 1152 in
1364 1111 1707 1153 sanctificatione
1727 1111 1827 1162 ejus.

1087 1173 1254 1214 Afferte
1268 1173 1459 1214 Domino
1477 1172 1632 1225 patriae
1644 1170 1861 1219 Gentium,

1034 1230 1186 1271 afferte
1213 1230 1403 1270 Domino
1435 1229 1618 1280 gloriam
1651 1232 1694 1269 et
1725 1227 1860 1268 hono-

1034 1300 1141 1329 rem:
1160 1288 1183 1312 *
1204 1286 1354 1328 afferte
1373 1285 1564 1327 Domino
1586 1285 1769 1336 gloriam
1787 1286 1860 1324 no-

1033 1358 1137 1384 m1n1
1158 1356 1259 1395 ejus.

1086 1404 1247 1446 Tollite
1258 1404 1434 1452 hostias,
1455 1408 1498 1444 et
1511 1403 1688 1444 introite
1699 1402 1741 1442 in
1753 1401 1862 1442 atria

1035 1463 1140 1513 ejus:
1159 1462 1182 1486 *
1207 1461 1388 1502 adorate
1416 1460 1653 1500 Dominum
1678 1458 1720 1498 in
1749 1457 1860 1499 atrio

1036 1524 1188 1560 sancto
1208 1519 1310 1570 ejus.

1089 1580 1428 1621 Commoveatur
1461 1591 1486 1618 a
1518 1576 1626 1617 facie
1655 1576 1745 1626 ejus
1773 1574 1862 1615 uni-

1035 1638 1162 1678 versa
1193 1640 1329 1677 terra:
1357 1636 1380 1660 *
1409 1634 1539 1676 dicite
1571 1633 1615 1673 in
1649 1630 1862 1673 Gentibus

1037 1693 1138 1745 quia
1156 1692 1372 1734 Dominus
1392 1689 1599 1742 regnavit.

1087 1753 1261 1795 Etenim
1304 1752 1494 1794 correxit
1539 1750 1692 1791 orbem
1733 1753 1862 1789 terrae

1038 1810 1110 1862 qui
1128 1823 1217 1851 non
1232 1807 1593 1850 commovebitur:
1611 1806 1634 1831 *
1656 1804 1863 1857 judicabit

1035 1866 1226 1919 populos
1245 1867 1288 1906 in
1309 1864 1527 1917 aequitate.

1085 1928 1312 1968 Laetentur
1331 1924 1446 1974 coeli,
1466 1929 1509 1966 et
1528 1922 1716 1965 exsultet
1735 1926 1862 1970 terra,

1036 1984 1366 2026 commoveatur
1392 1994 1529 2031 mare,
1562 1984 1606 2022 et
1632 1976 1861 2032 plenitudo

1037 2041 1142 2092 ejus:
1160 2041 1183 2066 *
1203 2038 1456 2091 gaudebunt
1475 2036 1633 2089 campi,
1654 2040 1697 2077 et
1717 2034 1862 2076 omnia

1037 2110 1136 2150 quae
1155 2097 1199 2138 in
1218 2096 1280 2138 eis
1299 2101 1411 2136 sunt.

1087 2158 1212 2199 Tunc
1249 2155 1529 2199 exsultabunt
1566 2154 1712 2196 omnia
1747 2152 1862 2203 ligna

1037 2214 1243 2255 silvarum
1269 2226 1294 2254 a
1319 2212 1430 2254 facie
1449 2211 1643 2260 Domini,
1668 2209 1769 2262 quia
1792 2220 1861 2249 ve-

1035 2271 1111 2312 nit:
1130 2271 1154 2296 *
1179 2270 1385 2323 quoniam
1413 2268 1534 2310 venit
1560 2266 1752 2320 judicare
1779 2268 1860 2305 ter-

1035 2340 1138 2368 ram.

1087 2388 1111 2429 J
1114 2386 1311 2429 udicabit
1337 2386 1489 2428 orbem
1513 2390 1643 2427 terrae
1667 2383 1711 2424 in
1730 2381 1860 2434 aequi-

1035 2447 1136 2494 tate,
1155 2444 1178 2470 *
1198 2448 1242 2485 et
1257 2442 1449 2496 populos
1467 2442 1511 2483 in
1529 2440 1712 2482 veritate
1732 2450 1819 2480 sua.

1089 2507 1188 2545 Ant.
1221 2503 1449 2557 Templum
1466 2500 1643 2543 Domini
1663 2503 1859 2541 sanctum

1036 2567 1113 2611 est,
1130 2561 1215 2603 Dei
1234 2562 1452 2603 structura
1471 2562 1548 2607 est,
1572 2556 1655 2598 Dei
1674 2555 1859 2597 aedifica-

1035 2619 1098 2660 tio
1119 2623 1196 2660 est.

1090 2680 1188 2719 Ant.
1217 2676 1456 2719 Benedicta
1473 2675 1497 2700 *
1515 2674 1654 2726 gloria
1671 2670 1858 2720 Domini,

1036 2735 1091 2778 de
1109 2735 1209 2777 loco
1229 2738 1380 2776 sancto
1400 2744 1490 2782 suo,
1510 2730 1690 2782 alleluja.
