2040 2990
181 179 244 215 124

231 276 597 328 Magnificentiam
621 276 772 326 gloriae
800 275 1002 317 sanctita-

180 335 235 376 tis
263 339 350 376 tuae
386 333 633 386 loquentur:
661 333 684 358 *
715 337 758 374 et
790 331 1003 374 mirabilia

179 396 253 432 tua
273 389 520 431 narrabunt.

230 447 287 487 Et
314 447 517 488 virtutem
546 446 802 488 terribilium
830 448 1003 487 tuorum

179 503 338 545 dicent:
370 503 393 529 *
426 508 469 545 et
505 502 848 553 magnitudinem
884 507 1004 543 tuam

179 559 427 601 narrabunt.

230 617 486 658 Memoriam
511 616 792 658 abundantiae
818 616 1003 656 suavita-

179 673 235 714 tis
254 678 341 714 tuae
362 673 634 715 eructabunt:
649 673 671 698 *
688 677 731 714 et
750 672 911 724 justitia
930 677 1004 714 tua

180 729 470 771 exsultabunt.

229 786 461 828 Miserator
492 791 536 827 et
567 786 814 827 misericors
844 785 952 826 Dfis:
981 786 1003 811 *

179 843 368 895 patiens,
398 847 440 884 et
468 842 653 884 multum
680 842 938 884 misericors.

231 899 385 941 Suavis
412 900 626 940 Dominus
655 899 882 941 universis:
909 899 932 925 *
961 904 1005 941 et

179 956 481 998 miserationes
510 957 600 1008 ejus
629 969 760 1009 super
788 956 933 997 omnia
961 958 1004 997 o-

179 1026 285 1065 pera
305 1013 406 1065 ejus.

234 1069 533 1111 Confiteantur
556 1069 635 1112 tibi
653 1069 841 1111 Domine
861 1069 1006 1110 omnia

181 1128 316 1179 opera
343 1130 431 1168 tua:
455 1126 478 1151 *
503 1132 546 1168 et
574 1127 715 1168 sancti
741 1126 804 1168 tui
830 1125 1004 1168 benedi-

183 1188 284 1224 cant
303 1182 393 1224 tibi.

233 1239 428 1281 Gloriam
446 1240 569 1291 regni
586 1239 650 1281 tui
669 1239 828 1281 dicent:
839 1240 861 1265 *
874 1244 917 1281 et
930 1252 1005 1292 po-

180 1296 361 1338 tentiam
379 1301 499 1338 tuam
517 1296 764 1349 loquentur:

233 1353 292 1394 Ut
311 1358 461 1395 notam
485 1353 646 1395 faciant
665 1352 764 1395 filiis
783 1353 1007 1394 hominum

182 1410 424 1462 potentiam
448 1415 582 1451 tuam:
601 1410 625 1435 *
646 1414 689 1451 et
712 1410 897 1461 gloriam
919 1423 1006 1451 ma-

181 1466 442 1517 gnificentiae
461 1467 583 1517 regni
601 1466 674 1508 tui.

234 1523 434 1573 Regnum
457 1528 580 1564 tuum
608 1536 789 1575 regnum
815 1523 1008 1565 omnium

184 1579 458 1620 saeculorum:
477 1580 500 1605 *
525 1584 568 1621 et
595 1579 835 1621 dominatio
862 1585 938 1622 tua
964 1581 1007 1621 in

184 1636 302 1676 omni
318 1636 597 1686 generatione
614 1641 657 1677 et
671 1637 1008 1687 generationem.

234 1691 395 1733 Fidelis
410 1693 624 1733 Dominus
638 1693 682 1733 in
698 1693 899 1735 omnibus
916 1706 1007 1735 ver-

183 1748 250 1790 bis
276 1749 379 1790 suis:
401 1750 425 1774 *
449 1754 493 1791 et
524 1754 702 1791 sanctus
733 1750 777 1790 in
807 1750 1008 1792 omnibus

184 1805 390 1858 operibus
410 1806 509 1847 suis.

236 1862 408 1903 Allevat
419 1862 633 1904 Dominus
651 1875 802 1905 omnes
823 1864 896 1916 qui
916 1866 1007 1905 cor-

186 1923 327 1959 ruunt:
346 1919 368 1944 *
390 1923 433 1960 et
453 1919 577 1970 erigit
597 1932 749 1961 omnes
769 1920 911 1962 elisos.

238 1974 363 2016 Oculi
384 1975 576 2016 omnium
598 1976 641 2016 in
661 1981 705 2017 te
724 1982 903 2029 sperant
920 1978 1008 2019 Do-

186 2030 314 2072 mine:
333 2031 356 2056 *
377 2036 420 2072 et
439 2036 487 2072 tu
507 2031 585 2073 das
606 2045 751 2074 escam
775 2033 946 2075 illorum
966 2035 1007 2075 in

185 2089 383 2139 tempore
404 2092 667 2140 opportuno.

237 2144 396 2196 Aperis
416 2149 464 2186 tu
482 2157 658 2186 manum
676 2150 810 2187 tuam:
828 2148 852 2173 *
873 2152 915 2189 et
934 2148 1007 2189 im-

187 2199 281 2252 ples
301 2213 429 2242 omne
450 2201 607 2242 animal
626 2201 941 2246 benedictione.

237 2256 387 2298 Justus
406 2257 619 2299 Dominus
642 2258 685 2298 in
710 2259 910 2302 omnibus
928 2262 1009 2303 viis

187 2313 290 2354 suis:
308 2314 331 2338 *
353 2318 395 2354 et
419 2319 594 2355 sanctus
617 2315 660 2355 in
685 2315 884 2358 omnibus
909 2321 1009 2371 ope-

189 2369 307 2410 ribus
327 2370 427 2411 suis.

233 2425 379 2478 Prope
403 2431 470 2468 est
487 2427 702 2469 Dominus
727 2430 927 2472 omnibus
951 2431 1009 2472 in-

188 2482 447 2524 vocantibus
476 2496 588 2524 eum:
615 2485 638 2510 *
665 2485 865 2527 omnibus
892 2488 1009 2529 invo-

190 2538 388 2580 cantibus
409 2552 506 2580 eum
526 2540 567 2580 in
588 2541 782 2583 veritate.

240 2595 524 2637 Voluntatem
544 2596 785 2638 timentium
806 2611 852 2640 se
868 2599 1011 2642 faciet:

189 2652 212 2677 ¹⁸¹
241 2657 284 2693 et
314 2651 667 2704 deprecationem
702 2656 850 2696 corum
885 2661 1010 2697 exan-

193 2708 295 2750 diet:
316 2713 359 2750 et
379 2708 523 2750 salvos
544 2709 672 2751 faciet
693 2723 779 2751 eos

796 188 966 222 §abbam
993 186 1041 220 ad
1069 186 1270 229 vesperas.

1109 273 1311 316 Custodit
1342 273 1558 316 Dominus
1597 286 1750 316 omnes
1791 273 1883 316 dili-

1056 334 1208 384 gentes
1236 344 1298 373 se:
1321 331 1345 357 *
1370 335 1414 373 et
1443 344 1595 373 omnes
1623 333 1883 384 peccatores

1056 387 1293 442 disperdet.

1106 444 1426 487 Laudationem
1462 445 1640 486 Domini
1678 444 1885 497 loquetur

1057 516 1107 543 os
1143 515 1303 544 meum:
1334 502 1357 527 *
1394 506 1437 542 et
1474 500 1709 544 benedicat
1743 502 1884 543 omnis

1057 572 1159 600 caro
1186 558 1351 600 nomini
1381 562 1534 600 sancto
1563 559 1655 611 ejus
1681 559 1724 599 in
1749 561 1883 600 sa'ecu-

1056 615 1156 666 lum,
1176 620 1219 657 et
1238 615 1283 656 in
1302 614 1513 656 saeculum
1531 615 1693 657 saecffl.

1122 673 1221 713 Ant.
1251 673 1330 713 Per
1364 671 1558 723 singulos
1588 671 1682 714 dies
1708 671 1884 714 benedi-

1058 742 1154 770 cam
1173 733 1218 771 te
1235 728 1437 770 Domine.

1116 788 1213 828 Ant.
1241 784 1466 826 Laudabo.

1327 846 1524 886 Psalmus
1544 846 1630 885 145.

1126 898 1239 940 auda
1259 899 1402 940 anima
1420 911 1518 940 mea
1531 899 1779 950 Dominum,
1797 899 1885 941 lau-

1153 955 1269 997 dabo
1290 956 1528 997 Dominum
1550 956 1595 996 in
1618 956 1707 998 vita
1728 969 1844 999 mea:
1862 957 1886 982 *

1057 1012 1243 1065 psallam
1260 1013 1358 1055 Deo
1376 1025 1477 1055 meo
1498 1012 1707 1066 quamdiu
1725 1013 1861 1055 fuero.

1109 1069 1257 1111 Nolite
1282 1070 1506 1112 confidere
1532 1070 1578 1110 in
1601 1069 1887 1123 principibus:

1058 1126 1081 1151 *
1101 1126 1143 1166 in
1163 1126 1263 1168 filiis
1287 1126 1527 1176 hominum,
1549 1127 1594 1168 in
1618 1126 1776 1180 quibus
1798 1140 1887 1169 non

1060 1187 1126 1225 est
1146 1183 1274 1225 salus.

1110 1240 1259 1282 Exibit
1273 1241 1452 1294 spiritus
1465 1241 1565 1293 ejus,
1585 1245 1630 1283 et
1644 1242 1889 1292 revertetur

1059 1297 1102 1337 in
1130 1302 1293 1339 terram
1321 1310 1458 1339 suam:
1477 1298 1501 1323 *
1520 1298 1565 1338 in
1591 1297 1666 1338 illa
1693 1297 1764 1339 die
1791 1310 1887 1351 per-

1060 1353 1184 1395 ibunt
1203 1367 1357 1396 omnes
1377 1355 1666 1411 cogitationes
1686 1356 1850 1396 eorum.

1112 1411 1295 1461 Beatus,
1323 1411 1444 1463 cujus
1462 1411 1585 1453 Deus
1608 1410 1747 1452 Jacob
1772 1410 1888 1463 adju-

1059 1472 1131 1509 tor
1151 1468 1256 1520 ejus,
1281 1481 1384 1521 spes
1405 1468 1495 1520 ejus
1517 1468 1563 1509 in
1579 1467 1772 1510 Domino
1791 1467 1889 1510 Deo

1060 1525 1246 1578 ipsius:*
1261 1525 1335 1577 qui
1348 1524 1452 1566 fecit
1471 1525 1633 1567 coelum
1652 1530 1697 1567 et
1714 1529 1890 1574 terram,

1060 1595 1191 1632 mare,
1211 1586 1254 1623 et
1275 1582 1431 1632 omnia,
1453 1595 1551 1635 quae
1570 1582 1613 1623 in
1633 1582 1696 1624 eis
1716 1586 1828 1624 sunt.

1113 1639 1199 1689 Qui
1223 1638 1417 1680 custodit
1438 1639 1670 1681 veritatem
1692 1638 1735 1679 in
1755 1641 1890 1680 saecu-

1064 1694 1164 1745 lum,
1177 1695 1282 1737 facit
1295 1695 1502 1747 judicium
1516 1695 1715 1748 injuriam
1724 1695 1890 1749 patien-

1062 1751 1195 1794 tibus:
1213 1752 1238 1777 *
1258 1751 1334 1793 dat
1354 1765 1500 1794 escam
1521 1752 1823 1795 esurientibus.

1112 1809 1329 1850 Dominus
1368 1809 1499 1851 solvit
1537 1808 1831 1862 compeditos:
1867 1810 1890 1836 *

1060 1866 1274 1907 Dominus
1293 1865 1507 1908 illuminat
1525 1879 1681 1908 caecos

1113 1922 1329 1964 Dominus
1358 1923 1485 1974 erigit
1513 1923 1664 1974 elisos,
1691 1923 1715 1949 *
1743 1922 1890 1964 Domi·

1062 1993 1143 2020 nus
1163 1978 1304 2031 diligit
1327 1980 1477 2031 justos.

1113 2036 1329 2077 Dominus
1355 2035 1551 2079 custodit
1576 2035 1787 2086 advenas,
1814 2049 1891 2090 pu-

1062 2092 1214 2145 pillum
1248 2097 1292 2134 et
1323 2093 1502 2135 viduam
1534 2093 1761 2146 suscipiet:
1791 2093 1815 2119 *
1848 2098 1891 2135 et

1062 2149 1154 2190 vias
1173 2152 1458 2202 peccatorum
1479 2149 1714 2203 disperdet.

1114 2205 1334 2257 Regnabit
1378 2207 1595 2248 Dominus
1639 2207 1683 2247 in
1729 2206 1890 2248 saecula

1063 2262 1183 2304 Deus
1202 2267 1302 2303 tuus
1323 2263 1438 2313 Sion,
1458 2264 1481 2290 *
1500 2264 1543 2304 in
1563 2263 1890 2315 generationem

1064 2325 1107 2361 et
1126 2320 1463 2371 generationem.

1117 2378 1216 2417 Ant.
1264 2375 1476 2418 Laudabo
1504 2377 1647 2418 Deum
1674 2389 1820 2418 meum
1847 2376 1889 2416 in

1064 2433 1153 2474 vita
1171 2445 1280 2474 mea.

1119 2491 1217 2530 Ant.
1247 2491 1341 2530 Deo
1366 2495 1530 2531 nostro.

1324 2547 1523 2589 Psalmus
1544 2551 1630 2590 146.

1066 2596 1294 2702 Laudate
1318 2602 1555 2643 Dominum
1581 2604 1788 2655 quoniam
1815 2603 1891 2645 bo-

1156 2671 1237 2699 nus
1257 2663 1324 2700 est
1344 2658 1553 2710 psalmus:
1572 2660 1595 2685 *
1615 2660 1712 2702 Deo
1737 2665 1891 2702 nostro

1066 2715 1121 2756 sit
1141 2714 1338 2766 jucunda,
1359 2715 1607 2768 decoraque
1626 2716 1832 2759 laudatio.
