2080 2990
728 230 766 262 In
796 229 1046 266 Hodie-atione
1072 229 1267 262 Ecclesiae.

190 320 405 362 Dominus
438 318 632 360 narrabit
663 318 707 359 in
739 318 966 371 scripturis

138 376 416 430 populorum,
437 380 479 416 et
494 375 754 428 principum:
764 375 787 400 *
798 374 966 423 horum,

141 433 215 485 qui
234 433 408 474 fuorunt
428 432 471 472 in
491 444 553 473 ea.

190 489 310 533 Sicut
329 488 572 530 laete'mtium
594 488 789 529 omnium
807 489 831 514 *
850 486 967 529 habi-

138 546 248 587 tatio
270 551 336 587 est
354 546 398 586 in
417 551 472 587 te.

199 604 297 643 Ant.
327 601 446 643 Vidit
472 601 610 644 Jacob
644 600 817 649 scalam,
853 602 965 640 sum-

139 659 270 700 mitas
297 659 386 710 ejus
411 658 550 700 coelos
572 656 795 709 tangcbat,
824 659 868 697 et
896 654 967 696 de-

141 714 400 757 scendcntes
419 715 625 767 Angelos,
646 718 690 755 et
708 712 831 754 dixit:
850 712 968 753 Vere

140 772 264 814 locus
284 772 366 813 iste
386 777 562 813 sanctus
581 775 658 812 est.

200 831 298 870 Ant.
320 828 472 869 Erexit
495 827 632 869 Jacob
657 827 680 852 *
706 825 897 878 lapidem
925 827 969 867 in

142 884 326 934 titulum,
348 883 533 926 fundens
553 883 698 925 oleum
717 882 917 935 desuper.

414 944 614 984 Psalmus
644 944 705 983 87.

233 998 378 1039 omine
405 998 526 1038 Deus
555 997 708 1038 salutis
732 1009 858 1038 meae:
880 998 903 1023 *
926 996 970 1036 in

247 1053 318 1095 die
333 1053 529 1103 clamavi,
542 1058 585 1095 et
604 1058 735 1095 nocte
750 1065 899 1094 coram
914 1057 970 1093 te.

195 1110 336 1152 Intret
371 1110 417 1150 in
445 1112 685 1163 conspcctu
716 1115 793 1151 tuo
828 1109 969 1150 oratio

143 1179 256 1208 mea:
275 1168 299 1194 *
317 1166 477 1208 inclina
494 1179 644 1208 aurem
662 1172 783 1207 tuam
802 1165 860 1207 ad
874 1178 970 1218 pre-

146 1236 241 1265 cem
266 1236 424 1265 meam:

196 1279 307 1331 Quia
351 1279 520 1332 replcta
557 1284 623 1321 est
659 1278 786 1320 malis
829 1278 972 1319 anima

146 1349 257 1378 mea:
282 1337 307 1364 *
330 1341 374 1378 et
396 1337 487 1378 vita
509 1348 608 1377 mea
625 1336 793 1377 infcrno
814 1348 971 1388 appro-

146 1393 386 1446 pinquavit.

196 1449 460 1491 AEstima'itus
479 1462 576 1490 sum
591 1462 690 1490 cum
708 1447 971 1491 descendem-

146 1505 265 1548 tibus
291 1507 336 1547 in
362 1506 522 1547 lacum:
548 1507 572 1533 *
600 1506 741 1547 factus
770 1518 867 1546 sum
894 1505 972 1546 sic-

147 1566 196 1604 ut
211 1562 344 1605 homo
363 1563 457 1604 sine
476 1562 706 1615 adjut6rio‚
727 1562 841 1603 inter
860 1563 972 1602 mor—

147 1623 248 1660 tuos
275 1618 397 1661 liber.

198 1675 319 1717 Sicut
333 1676 550 1718 vulnerati
566 1675 834 1717 dormicntes
850 1675 894 1715 in
910 1687 973 1716 se-

147 1731 360 1783 pulchris,
394 1745 580 1784 quorum
611 1744 699 1773 non
733 1745 779 1773 es
806 1743 974 1773 memor

149 1787 351 1841 amplius:
383 1789 407 1815 *
443 1793 487 1830 et
521 1788 605 1841 ipsi
643 1788 698 1830 de
734 1801 866 1829 manu
897 1792 975 1828 tua

147 1844 314 1896 repulsi
339 1849 451 1886 sunt.

198 1900 445 1941 Posucrunt
470 1913 540 1941 me
568 1900 612 1940 in
638 1900 736 1942 lacu
764 1899 973 1941 inferi6ri:

147 1957 171 1983 *
216 1956 260 1997 in
309 1955 576 2006 tenebr6sis,
633 1961 676 1997 et
725 1956 770 1997 in
818 1955 974 1997 umbra

146 2012 314 2054 mortis.

200 2068 340 2121 Super
359 2081 429 2110 me
455 2068 739 2111 confirmatus
762 2072 829 2110 est
852 2067 973 2108 furor

148 2129 265 2166 tuus:
297 2127 322 2152 ¹⁸¹
350 2130 394 2167 et
422 2138 574 2167 omnes
602 2125 761 2167 fluctus
785 2129 886 2166 tuos
913 2123 973 2163 in-

150 2179 313 2223 duxisti
340 2195 472 2235 super
497 2195 578 2224 me.

202 2237 353 2290 Longe
368 2239 510 2280 fecisti
525 2244 657 2280 notos
671 2251 793 2280 meos
809 2251 835 2279 a
852 2250 936 2278 me:
951 2238 975 2264 *

149 2296 391 2345 posucrunt
404 2308 475 2337 me
490 2295 862 2337 abominationem
881 2293 974 2335 sibi.

202 2349 410 2392 Traditus
438 2364 559 2401 sum„
586 2356 629 2393 et
660 2364 750 2393 non
783 2349 975 2403 egredi&
1032 2340 1097 2375 :oQ

151 2404 298 2471 ban-*¹
325 2407 441 2448 oculi
474 2409 561 2449 mei
594 2408 854 2460 languerunt
881 2418 975 2458 prae

152 2463 397 2560 1Πὲἳὲἶὲνὶ
411 2519 469 2562 ad
481 2525 526 2562 te
541 2521 729 2562 Domine
743 2525 839 2562 tota
854 2520 941 2562 die:
952 2523 976 2548 *

153 2575 343 2627 expandi
370 2575 426 2618 ad
453 2581 498 2618 te
523 2590 677 2619 manus
704 2590 835 2619 meas.

203 2630 430 2684 Numquid
446 2634 632 2675 mortuis
652 2634 785 2675 facies
804 2633 976 2674 mirabi-

153 2686 226 2728 lia:
260 2689 285 2715 *
317 2693 392 2729 aut
418 2689 578 2731 medici
606 2690 896 2739 suscitabunt,
934 2694 977 2731 et

155 2744 479 2786 confitebuntur
505 2745 609 2787 tibi?

307 2886 370 2910 Pars
387 2886 521 2911 Hiemalis.

1748 222 1841 267 [117]

1068 317 1294 369 Numquid
1315 318 1510 360 narrabit
1528 319 1686 371 aliquis
1710 320 1754 360 in
1779 332 1841 360 se-

1017 373 1203 427 pulchro
1230 374 1576 416 misericordiam
1597 381 1728 426 tuam,
1751 377 1775 403 *
1800 380 1843 417 et

1019 431 1248 472 veritatem
1275 435 1396 472 tuam
1423 431 1467 472 in
1491 431 1764 484 perditione?

1070 486 1296 539 Numquid
1321 490 1637 539 cognosccntur
1658 489 1703 528 in
1726 490 1843 530 tone-

1018 543 1110 584 bris
1128 543 1346 585 mirabilia
1364 548 1456 585 tua:
1477 546 1501 571 *
1524 550 1568 586 et
1587 545 1750 597 justitia
1767 549 1843 586 tua

1019 600 1065 640 in
1090 605 1207 641 terra
1235 599 1493 641 oblivic'mis?

1072 656 1129 697 Et
1150 669 1232 708 ego
1259 656 1316 698 ad
1332 662 1377 698 te
1395 657 1584 698 Domine
1604 657 1802 698 clamavi:
1821 659 1844 684 *

1025 717 1068 754 et
1085 725 1212 754 mane
1239 713 1380 754 oratio
1406 726 1505 754 mea
1528 714 1768 765 praevcniet
1789 718 1844 754 te.

1071 769 1131 811 Ut
1159 769 1265 821 quid
1292 770 1481 811 Domine
1509 770 1686 822 repollis
1718 770 1845 811 orati-

1022 827 1151 867 onem
1164 838 1323 867 meam:
1338 827 1362 853 *
1377 827 1540 868 avortis
1554 827 1711 868 faciem
1725 831 1844 867 tuam

1022 895 1047 923 a
1073 881 1170 923 me?

1072 939 1245 991 Pauper
1273 952 1370 980 sum
1398 951 1498 990 ego⁷
1534 944 1578 980 et
1612 939 1657 980 in
1689 938 1846 980 labori-

1021 994 1104 1036 bus
1133 1008 1158 1036 a
1186 996 1410 1047 juventute
1437 1008 1549 1037 mea:
1577 997 1600 1023 *
1629 996 1847 1037 exaltatus

1023 1056 1179 1101 autem,
1203 1051 1455 1093 humiliatus
1480 1065 1577 1093 sum
1603 1057 1646 1094 et
1674 1057 1847 1093 contur-

1021 1107 1161 1149 batus.

1075 1164 1126 1204 In
1149 1177 1219 1206 me
1242 1164 1508 1206 transierunt
1532 1165 1609 1206 irae
1633 1170 1737 1206 tuae:
1763 1166 1786 1191 *
1805 1169 1849 1206 et

1023 1223 1216 1262 terr6res
1245 1221 1309 1262 tui
1337 1221 1710 1262 conturbavcrunt
1737 1234 1817 1262 me.

1077 1277 1469 1319 Circumdederunt
1495 1291 1565 1319 me
1594 1278 1706 1319 sicut
1735 1290 1849 1329 aqua

1024 1338 1118 1375 tota
1155 1334 1245 1375 die:
1289 1336 1312 1360 *
1354 1333 1735 1375 circumdederunt
1779 1346 1849 1374 me

1026 1390 1164 1431 simul.

1076 1447 1304 1499 Elongilsti
1327 1460 1352 1488 a
1376 1460 1446 1488 me
1471 1449 1658 1488 amicum
1684 1452 1727 1488 et
1751 1447 1849 1499 pro-

1025 1503 1207 1544 ximum:
1226 1505 1249 1530 *
1269 1509 1312 1545 et
1327 1508 1459 1545 notos
1476 1516 1600 1545 meos
1619 1516 1644 1544 a
1664 1503 1850 1544 miscria.

1080 1566 1179 1605 Ant.
1204 1565 1354 1606 Ercxit
1371 1564 1509 1606 Jacob
1528 1563 1721 1616 lapidem
1740 1564 1784 1604 in
1802 1565 1851 1604 ti-

1025 1620 1174 1670 tulum,
1192 1620 1378 1662 fundens
1398 1621 1543 1663 oleum
1563 1620 1762 1673 dosuper.

1081 1672 1130 1723 Y.
1155 1678 1325 1719 Domus
1350 1690 1459 1719 mea.
1495 1679 1543 1730 R:-
1565 1678 1735 1718 Domus
1759 1689 1852 1717 ora-

1025 1733 1157 1774 tionis
1176 1733 1415 1775 vocabitur.

1083 1792 1210 1831 Pater
1229 1795 1390 1832 noster.

1083 1852 1328 1892 Absolutio.
1358 1852 1497 1903 Ipsius
1516 1852 1667 1902 pietas.

1082 1904 1131 1954 X
1157 1906 1270 1948 Jube
1295 1906 1467 1948 domne.

1082 1969 1242 2009 Bcncd.
1273 1970 1391 2009 Deus
1413 1967 1544 2017 Pater
1568 1968 1854 2019 omnipotens.

1029 2046 1180 2086 Sermo
1210 2045 1348 2086 sancti
1375 2045 1607 2096 Augustini
1634 2044 1854 2097 Episcopi.

1187 2116 1303 2150 Scrm.
1327 2117 1399 2150 252.
1426 2116 1472 2150 dc
1497 2116 1696 2159 Tempore.

1327 2177 1479 2217 Lectio
1501 2177 1552 2216 iv.

1064 2259 1113 2307 ss}
1119 2246 1143 2263 '-
1154 2239 1493 2291 uotiescumque,
1512 2237 1668 2279 fratres
1689 2237 1853 2278 carissi-

1067 2295 1119 2339 iffi
1164 2295 1239 2345 mi,
1265 2295 1414 2336 altaris
1433 2294 1502 2336 vel
1526 2293 1677 2346 templi
1696 2293 1853 2334 festivi-

1106 2374 1110 2375 *
1137 2345 1150 2375 ‘¹
1165 2354 1303 2393 tatem
1322 2351 1519 2400 colimus,
1544 2350 1580 2391 si
1597 2349 1783 2390 fideliter
1803 2362 1853 2390 ac

1030 2407 1259 2459 diligenter
1279 2407 1553 2456 atte‘mffimus,
1573 2410 1617 2447 et
1635 2410 1784 2446 sancte
1803 2417 1853 2446 ac

1029 2465 1140 2516 juste
1158 2464 1358 2514 vivimus,
1384 2461 1597 2516 quidquid
1614 2461 1658 2502 in
1679 2461 1853 2513 templis

1029 2521 1287 2562 manufactis
1314 2520 1468 2572 agitur,
1495 2523 1637 2560 totum
1659 2518 1703 2558 in
1727 2516 1853 2558 nobis

1031 2577 1215 2630 spiritali
1261 2576 1551 2618 aedificatione
1599 2573 1853 2625 completur.

1029 2634 1131 2675 Non
1151 2634 1264 2674 enim
1283 2634 1489 2674 mentitus
1509 2635 1576 2672 est
1595 2630 1681 2678 isse,
1703 2629 1775 2681 qui
1793 2628 1852 2669 di-

1029 2690 1105 2731 xit:
1143 2689 1377 2742 Templum
1405 2687 1518 2729 enim
1545 2687 1629 2728 Dei
1657 2689 1853 2726 sanctum

1031 2751 1108 2796 est,
1129 2745 1250 2799 quod
1269 2745 1373 2787 estis
1392 2756 1486 2793 vos3
1512 2747 1556 2784 et
1574 2745 1744 2783 iterum:
1769 2739 1853 2780 Ne-
