2040 2990
595 192 646 226 27.
671 192 760 227 Dec.
808 193 842 227 S.
867 193 1032 228 Joannis
1057 192 1194 235 Apost.
1221 196 1256 225 et
1280 191 1424 233 Evang.

211 288 262 340 Rv.
277 287 340 330 br.
357 289 409 329 In
429 299 603 329 omnem
617 290 779 327 terram
799 288 822 313 *
840 285 988 326 Exivit

158 358 292 389 sonus
312 347 476 387 eorum.
507 344 559 386 In
579 355 763 384 omnem.
795 339 848 392 V.
868 342 926 383 Et
943 341 987 382 in

157 403 268 444 fines
288 401 407 444 orbis
422 405 552 443 terrae
567 399 704 441 verba
718 400 880 440 eorum.
904 398 987 439 Ex-

159 459 248 500 ivit.
280 457 431 499 Gleria
447 457 579 498 Patri.
606 457 658 496 In
677 467 863 497 omnem.

211 509 262 562 V.
291 514 543 557 Constitues
570 525 647 555 eos
669 512 892 565 principes
919 524 986 552 su-

158 584 238 624 per
271 584 444 614 omnem
476 575 651 612 terram.
690 573 741 624 Rg.
767 568 987 610 Memores

159 633 287 670 erunt
304 627 491 670 neminis
509 626 575 668 tui
593 625 793 667 Demine.

437 695 715 732 Ad'Sextam.

212 752 312 791 Ant.
339 749 423 790 Hic
443 752 510 790 est
529 747 769 800 discipulus
788 759 922 788 meus.

216 810 475 863 Capitulum.
726 814 858 856 Eccli.
879 815 936 855 15.

160 861 370 970 cibavit
388 866 510 908 illum
528 879 644 919 pane
663 867 781 917 vitae,
802 871 846 908 et
864 866 987 908 intel-

249 923 406 974 lectuS‚
433 927 477 965 et
496 936 611 975 aqua
630 923 857 977 sapientiae
878 923 987 964 salu-

158 980 267 1022 taris
290 980 462 1033 potavit
484 980 606 1021 illum
628 980 846 1022 Deminus
864 981 986 1022 Deus

158 1041 320 1079 noster.

212 1096 263 1148 Η.
278 1094 341 1137 br.
368 1093 619 1136 Constitues
635 1107 712 1136 eos
727 1094 948 1147 principes
964 1099 987 1123 *

160 1151 303 1205 Super
322 1164 497 1193 omnem
515 1155 689 1192 terram.
725 1151 987 1193 Constitues.

159 1205 211 1258 V.
223 1208 443 1250 Memores
459 1212 585 1250 erunt
599 1208 787 1250 neminis
802 1208 866 1250 tui
879 1209 987 1250 Dfie.

159 1265 219 1307 Su
254 1278 311 1307 er.
353 1265 507 1306 Gleria
530 1266 659 1307 Patri.
700 1265 962 1307 Constitues.

256 1354 263 1363 .
280 1321 422 1364 Nimis
441 1321 647 1364 honorati
664 1326 765 1363 sunt
780 1322 907 1364 amici
923 1322 988 1363 tui

159 1378 293 1420 Deus.
349 1382 399 1434 R.
434 1379 575 1420 Nimis
612 1378 885 1420 confortatus
923 1383 989 1420 est

158 1435 430 1488 principatus
450 1437 613 1477 eerum.

435 1505 503 1541 Ad
526 1505 712 1542 Nonam.

211 1563 313 1603 Ant.
340 1562 455 1603 Ecce
473 1574 584 1614 puer
602 1574 738 1603 meus.

214 1622 475 1675 Capitulum.
725 1623 858 1664 Eccli.
877 1625 936 1665 15.

160 1677 239 1784 In
278 1678 425 1721 medio
468 1679 681 1721 Ecclesiae
723 1681 896 1733 aperuit
937 1693 987 1722 os

224 1737 329 1788 ejus,
350 1740 394 1778 et
413 1736 611 1789 implevit
629 1736 752 1778 illum
769 1737 987 1779 Deminus

159 1793 317 1846 spiritu
334 1793 576 1845 sapientiae,
599 1797 643 1835 et
661 1793 924 1844 intellectus,
945 1799 988 1836 et

159 1849 331 1891 stolam·
337 1849 489 1901 gleriae
508 1849 651 1891 induit
669 1863 781 1891 eum.

213 1907 265 1958 R.
299 1905 363 1947 br.
400 1906 543 1948 Nimis
582 1906 790 1949 honorati
827 1912 928 1949 sunt
964 1906 987 1931 *

159 1963 304 2006 Amici
325 1964 390 2006 tui
413 1964 546 2005 Deus.
580 1963 733 2005 Nimis.
771 1958 823 2010 V.
845 1964 987 2006 Nimis

160 2020 432 2063 confortatus
453 2024 520 2063 est
533 2020 808 2073 principatus
824 2022 987 2062 cerum.

159 2077 315 2119 Amici.
344 2077 498 2119 Gleria
513 2077 646 2119 Patri.
671 2077 825 2118 Nimis.

214 2131 265 2184 V.
303 2134 684 2175 Annuntiaverunt
722 2135 859 2186 epera
893 2134 988 2175 Dei.

162 2195 214 2247 R.
228 2191 287 2233 Et
305 2191 420 2232 facta
439 2192 529 2243 ejus
549 2189 868 2232 intellexerunt.

386 2272 464 2313 Ad
490 2273 761 2323 vesperas.

218 2340 306 2374 Ant.
332 2342 368 2373 et
391 2338 452 2372 Ps.
478 2339 525 2373 de
549 2338 772 2373 Nativitate.
793 2339 875 2374 190.

218 2386 475 2439 Capitulum.
514 2386 598 2437 Qui
620 2387 745 2429 timet
767 2387 921 2428 Deum.
948 2387 990 2423 et

165 2445 324 2495 Hymn.
351 2443 563 2485 Exsultet.
591 2447 640 2484 ut
658 2455 801 2495 supra.
827 2443 924 2484 202.

217 2495 269 2547 ΥΤ.
281 2499 426 2542 Valde
446 2498 730 2541 honorandus
751 2504 818 2541 est
832 2499 989 2541 beatus

162 2557 187 2597 J
190 2558 370 2598 oannes.
398 2558 451 2611 R.
474 2556 558 2606 Qui
577 2569 710 2608 supra
728 2560 883 2608 pectus
902 2555 989 2596 De-

162 2613 269 2654 mini
286 2613 330 2653 in
349 2626 478 2655 coena
495 2612 706 2655 recubuit.

1795 189 1868 224 203

1093 286 1165 327 Ad
1179 286 1353 338 Magnis.
1382 286 1482 326 Ant.
1505 284 1623 325 Exiit
1642 296 1786 326 sermo
1806 284 1867 324 in-

1039 345 1107 382 ter
1121 341 1290 392 fratres,
1305 340 1425 394 quod
1439 340 1677 393 discipulus
1691 340 1763 382 ille
1778 353 1867 382 non

1039 398 1240 450 meritum
1273 403 1316 440 et
1343 411 1433 439 non
1462 397 1570 439 dixit
1597 398 1621 438 J
1623 410 1738 447 esus,
1765 397 1868 438 Non

1039 455 1237 496 meritur:
1258 454 1347 505 sed,
1363 454 1434 497 Sic
1449 467 1549 496 eum
1563 453 1664 496 volo
1679 455 1866 503 manere,

1041 511 1182 554 donec
1200 512 1383 554 veniam.

1095 575 1260 616 Oratio.
1288 572 1546 615 Ecclesiam.
1564 572 1662 612 202.

1091 644 1241 678 Deinde
1266 654 1337 687 pro
1363 643 1419 678 Ss.
1444 644 1726 678 Innocentibus.

1094 703 1194 742 Ant.
1227 701 1286 741 Hi
1313 704 1431 750 sunt,
1460 699 1534 752 qui
1562 711 1660 740 cum
1683 698 1866 739 mulieri-

1041 758 1124 800 bus
1142 770 1232 799 non
1252 761 1353 799 sunt
1373 756 1657 808 coinquinati:
1677 755 1867 806 virgines

1041 815 1157 857 enim
1189 819 1290 856 sunt
1326 819 1370 856 et
1402 816 1644 866 sequuntur
1676 812 1867 863 Agnum,

1042 875 1319 925 quocumque
1338 871 1447 913 ierit.

1094 924 1144 977 V.
1158 928 1361 971 Herodes
1380 928 1518 969 iratus
1534 925 1696 968 occidit
1708 925 1868 967 multos

1039 989 1214 1039 pueros.
1249 988 1299 1038 Rg.
1321 986 1373 1026 In
1392 983 1649 1026 Bethlehem
1667 983 1692 1023 J
1693 982 1792 1024 udae
1813 982 1868 1024 ci-

1040 1044 1174 1085 vitate
1195 1042 1351 1084 David.

1371 1103 1532 1143 Oratio.

1042 1155 1222 1261 Deus,
1242 1156 1362 1208 cujus
1381 1154 1595 1197 hodierna
1613 1153 1684 1195 die
1702 1154 1868 1205 praece-

1137 1214 1256 1255 nium
1270 1214 1533 1254 Innocentes
1548 1210 1765 1262 Martyres
1781 1222 1867 1251 non

1040 1270 1282 1324 loquendo,
1315 1269 1395 1312 sed
1421 1266 1650 1310 moriendo
1679 1267 1866 1308 confessi

1042 1333 1158 1370 sunt:
1178 1328 1324 1370 emnia
1338 1328 1381 1368 in
1395 1326 1523 1368 nobis
1537 1325 1741 1367 vitierum
1754 1323 1868 1364 mala

1041 1386 1272 1436 mortifica;
1314 1389 1362 1426 ut
1399 1383 1532 1425 fidem
1566 1387 1700 1431 tuam,
1738 1393 1869 1432 quam

1042 1443 1188 1495 lingua
1211 1446 1364 1484 nostra
1388 1440 1600 1492 loquitur,
1629 1438 1760 1480 etiam
1778 1439 1868 1478 me-

1043 1499 1163 1542 ribus
1182 1499 1272 1541 vita
1291 1498 1490 1540 fateatur.

1094 1570 1235 1604 Postea
1258 1570 1300 1603 fit
1324 1579 1519 1603 commem.
1546 1568 1592 1602 de
1617 1568 1776 1603 Nativit.

1094 1627 1195 1667 Ant.
1234 1625 1376 1667 Hedie
1404 1623 1602 1665 Christus
1630 1626 1757 1664 natus
1790 1626 1870 1664 est:

1041 1683 1173 1725 hedie
1198 1683 1400 1724 Salvator
1425 1680 1643 1734 apparuit:
1670 1678 1802 1720 hedie
1827 1678 1870 1718 in

1040 1746 1159 1782 terra
1169 1743 1330 1781 canunt
1341 1737 1510 1789 Angeli‚
1524 1736 1729 1777 laetantur
1739 1734 1869 1776 Arch-

1042 1796 1198 1848 angeli:
1234 1795 1366 1837 hedie
1400 1793 1621 1836 exsultant
1653 1792 1767 1844 justi,
1807 1790 1867 1832 di-

1042 1855 1205 1895 centes:
1230 1852 1382 1893 Gloria
1405 1851 1450 1891 in
1471 1849 1655 1891 excelsis
1673 1849 1786 1898 Deo,
1810 1847 1867 1888 al-

1038 1910 1178 1962 leluja.

1095 1961 1146 2012 V.
1180 1966 1349 2007 Notum
1373 1963 1477 2005 fecit
1503 1962 1736 2012 Deminus,
1770 1960 1867 2002 alle-

1040 2023 1136 2075 luja.
1163 2024 1214 2074 R.
1237 2021 1435 2063 Salutare
1455 2032 1591 2069 suum,
1611 2018 1791 2070 alleluja.

1096 2081 1260 2123 Oratio.
1294 2079 1509 2130 Concede,
1534 2081 1794 2131 quaesumus.
1823 2082 1869 2118 ut

1045 2151 1189 2190 supra.
1213 2140 1312 2181 202.

1095 2208 1171 2242 Pro
1196 2207 1231 2242 S.
1257 2206 1463 2251 Stephano.

1096 2265 1197 2305 Ant.
1216 2264 1492 2318 Sepelierunt
1506 2261 1776 2315 Stephanum
1790 2259 1872 2300 viri

1043 2322 1247 2373 timorati,
1267 2326 1310 2363 et
1330 2321 1527 2363 fecerunt
1544 2318 1769 2371 planctum
1783 2328 1870 2357 ma-

1043 2393 1175 2432 gnum
1194 2391 1326 2431 super
1346 2390 1455 2419 eum.

1096 2429 1147 2481 Ys·
1176 2434 1422 2487 Stephanus
1449 2432 1559 2475 vidit
1586 2431 1724 2473 coelos
1750 2430 1870 2482 aper-

1043 2498 1123 2535 tos.
1164 2491 1216 2542 R.
1245 2490 1371 2533 Vidit
1399 2494 1443 2532 et
1469 2488 1680 2530 introivit:
1716 2486 1869 2528 beatus

1043 2550 1187 2599 homo,
1212 2547 1282 2590 cui
1301 2547 1402 2589 coeli
1420 2545 1641 2599 patebant.

1098 2607 1261 2650 Oratio.
1289 2607 1360 2649 Da
1378 2606 1515 2648 nobis.
1542 2610 1589 2647 ut
1609 2615 1750 2656 supra.
1772 2602 1869 2643 202.

754 2696 1279 2735 *fflffi—-ffl
