2040 2990
734 201 791 236 De
815 211 916 236 anno
940 204 977 236 et
1000 201 1082 243 eius
1106 201 1290 244 partibus.

1800 209 1871 244 xiii

172 299 232 332 dan
251 303 335 333 atque
354 299 424 326 adeo
443 299 569 333 sequenti
588 307 661 326 anno
675 300 823 327 Novilunia
837 300 998 334 contingant

173 339 203 365 11
224 338 323 365 diebus
342 338 420 372 prius
434 346 519 372 quam
535 347 608 365 anno
621 340 720 373 primo.
754 340 796 366 Ex
810 347 866 373 quo
881 340 911 366 fit
927 340 997 374 Epa-

169 381 243 404 ctam
266 377 379 403 secundi
403 377 467 404 anni
490 385 550 404 esse
573 379 619 412 22;
645 387 707 405 cum
732 386 765 405 eo
788 387 861 405 anno
884 386 996 405 rursum

170 424 260 443 annus
278 416 377 442 solaris
390 416 516 443 lunarem
531 425 634 443 annum
649 421 761 452 superet
776 419 806 444 11
822 418 929 450 diebus,
948 418 996 452 qui

170 455 257 482 additi
281 455 316 482 ad
338 456 367 481 11
392 455 451 482 dies
470 456 552 489 primi
576 456 640 482 anni
664 456 790 483 efficiunt
809 458 854 491 223
879 465 912 484 ac
934 466 996 492 pro-

170 494 243 527 inde,
258 494 335 520 finito
349 495 402 521 hoc
417 503 498 527 anno,
513 495 662 522 Novilunia
676 496 835 530 contingere
849 497 882 523 22
898 497 996 523 diebus

170 533 257 568 prius,
275 542 359 567 quam
375 534 466 568 primo
480 542 566 561 anno:
585 535 719 568 Epactam
735 539 826 561 autem
843 536 915 562 tertii
931 536 995 562 anni

170 580 230 598 esse
249 574 273 605 3,
291 573 357 607 quia
372 573 394 598 si
410 581 508 599 rursus
523 574 553 599 11
569 573 629 599 dies
647 574 682 600 ad
696 574 730 600 22
744 574 917 608 adjiciantur,
938 574 996 600 effi-

169 612 258 638 cietur
276 619 408 638 numerus
427 612 474 645 333
493 619 509 638 a
528 620 584 646 quo
603 612 626 639 si
642 613 800 647 rejiciantur
814 615 848 640 30
862 614 929 643 dies.
947 614 995 647 qui

170 659 254 678 unam
273 651 442 677 lunationem
466 651 683 678 embolismalem
706 653 891 682 constituunt,
916 653 995 678 relin-

169 694 291 724 quentur
308 690 332 721 3,
350 693 434 724 atque
452 690 491 716 ita·
509 690 646 724 deinceps.
683 691 905 724 Progrediuntur
922 692 995 718 enim

170 725 389 764 Epactae'omnes
402 737 453 762 per
466 729 627 756 continuum
642 734 819 763 augmentum
833 732 862 757 11
878 731 995 763 dierum,

169 768 282 802 abjectis
307 771 398 794 tamen
424 769 471 800 30,
496 769 609 802 quando
635 770 707 803 rejici
733 773 856 803 possunt.
899 769 995 796 Solum

169 807 282 842 quando
300 810 465 841 perventum
484 807 537 833 erit
557 808 591 834 ad
611 808 736 834 ultimam
752 809 885 842 Epactam
900 809 995 835 Aureo

170 854 286 873 numero
306 847 337 872 19
357 846 580 880 respondentem,
598 855 661 880 quae
681 851 722 873 est
736 848 778 880 29,
798 848 940 874 adduntur
955 849 995 879 12,

170 889 199 912 ut
217 885 331 919 abjectis
350 886 397 918 30,
420 893 453 911 ex
477 886 631 919 composito
656 894 772 912 numero
790 887 836 919 41,
860 887 996 914 habeatur

170 933 267 952 rursus
286 925 390 958 Epacta
412 925 455 956 ll,
479 928 509 951 ut
532 925 557 951 in
583 925 727 959 principio.
765 926 847 958 Quod
870 926 932 953 ideo
957 927 995 959 fit,

170 967 199 990 ut
218 963 315 990 ultima
335 963 440 990 lunatio
460 964 661 997 embolismica,
685 969 813 991 currente
832 965 927 991 Aureo
947 974 994 991 nu-

169 1010 246 1029 mero
267 1003 310 1036 19,
333 1002 369 1028 sit
392 1006 499 1030 tantum
523 1003 556 1029 29
579 1003 696 1030 dierum.
732 1004 761 1030 Si
784 1005 856 1030 enim
880 1005 914 1031 30
936 1005 995 1030 dies

169 1042 332 1074 contineret,
352 1045 382 1068 ut
401 1042 461 1069 aliae
481 1050 528 1068 sex
545 1042 701 1069 lunationes
715 1043 920 1077 embolismicae,
939 1052 994 1070 non

169 1081 292 1107 redirent
307 1082 455 1109 Novilunia
469 1085 532 1115 post
548 1082 580 1107 19
598 1090 685 1108 annos
704 1083 809 1108 solares
828 1083 863 1109 ad
882 1084 993 1109 eosdem

169 1120 236 1153 dies,
255 1121 304 1146 sed
318 1128 416 1146 versus
429 1121 532 1147 calcem
548 1120 682 1146 mensium
696 1121 918 1155 prolaberentur,
932 1130 995 1148 con-

169 1160 361 1194 tingerentque
384 1168 439 1186 uno
463 1159 507 1185 die
527 1160 634 1186 tardius
657 1168 742 1194 quam
765 1164 828 1187 ante
849 1162 879 1187 19
899 1169 993 1187 annos

168 1198 212 1225 De
236 1206 291 1232 qua
315 1207 346 1225 re
370 1199 451 1233 plura
475 1198 599 1225 invenies
624 1199 651 1225 in
677 1200 749 1226 libro
773 1208 854 1226 novae
879 1201 994 1226 rationis

167 1238 331 1264 restituendi
346 1238 507 1265 Kalendarii
524 1238 651 1265 Romani.
683 1238 753 1266 Sunt
772 1243 863 1266 autem
883 1247 994 1266 novem-

168 1276 257 1303 decim
273 1277 394 1311 Epactae,
412 1281 481 1311 quot
499 1281 526 1304 et
541 1277 627 1303 Aurei
642 1278 758 1311 numeri,
777 1279 994 1312 respondebant-

168 1323 222 1350 que
240 1316 309 1350 ipsis
327 1316 430 1343 Aureis
448 1317 570 1342 numeris
589 1320 652 1343 ante
667 1317 829 1343 Kalendarii
847 1318 994 1344 correctio-

168 1362 230 1381 nem
250 1362 283 1382 eo
303 1356 394 1389 modo,
413 1363 469 1389 quo
489 1355 515 1382 in
535 1356 587 1382 hac
606 1356 706 1382 tabella
726 1356 868 1390 dispositae
887 1360 959 1383 sunt.

161 1425 276 1452 Tabella
296 1426 463 1460 Epactarum
489 1424 716 1459 respondentium
741 1424 843 1450 Aureis
865 1424 987 1450 numeris

338 1468 402 1490 ante
421 1464 583 1490 Kalendarii
602 1463 809 1490 correctionem.

187 1510 257 1543 Aur.
276 1523 351 1542 num.
433 1510 455 1546 1.
559 1521 583 1547 2.
681 1522 705 1547 3
794 1521 818 1547 4.
923 1522 947 1547 5.

188 1551 308 1585 Epaetae.
427 1555 462 1581 xi.
535 1555 598 1581 xxii.
624 1554 628 1558 ’
670 1556 706 1582 iii.
778 1556 833 1582 xiV.
903 1565 967 1582 xxV.

202 1605 226 1644 6,
330 1604 359 1643 7...
483 1606 525 1644 ⁸:..
606 1605 636 1644 5).
717 1604 756 1630 10.
820 1605 859 1645 1⁸1.
924 1604 963 1644 12.

198 1646 234 1665 vi.
304 1646 369 1664 xvu.
440 1646 535 1665 xxvm.
605 1646 640 1665 ix.
711 1647 756 1665 xx.
831 1647 847 1665 1.
918 1647 963 1666 xii.

222 1687 272 1727 1312
333 1687 373 1727 34.
428 1687 468 1713 15.
541 1688 589 1728 16..
657 1688 697 1728 13.
770 1688 818 1728 ιε,
898 1689 937 1728 ¹³?-

207 1729 282 1749 xxm.
335 1729 372 1748 lv.
425 1730 469 1748 xV.
525 1730 598 1748 xxw.
652 1730 698 1749 vll.
753 1730 827 1749 xvm.
881 1730 955 1749 xxm.

219 1773 290 1807 Quia
309 1781 376 1800 vero
395 1774 489 1808 cyclus
508 1774 757 1801 decennovennalis
775 1774 861 1801 Aurei
886 1775 993 1801 numeri

168 1813 347 1848 imperfectus
366 1816 415 1846 est,
434 1821 496 1840 cum
516 1813 665 1841 Novilunia
684 1818 748 1848 post
767 1815 800 1840 19
818 1822 906 1840 annos
925 1814 994 1840 sola-

169 1860 214 1879 res
232 1860 288 1879 non
306 1851 422 1886 praecise
441 1852 475 1878 ad
495 1853 591 1879 eadem
610 1853 670 1879 loca
689 1853 817 1886 redeant,
840 1856 871 1879 ut
889 1853 993 1879 dictum

169 1894 219 1925 est,
237 1891 417 1925 imperfectus
431 1891 514 1918 etiam
533 1891 587 1918 erit
599 1892 644 1918 hic
659 1892 753 1926 cyclus
770 1892 802 1918 19
818 1893 994 1926 Epactarum.

169 1930 356 1963 Quamobrem
376 1930 592 1957 ita‘emcndatus
611 1934 660 1964 est,
679 1934 710 1957 ut
728 1930 755 1957 in
772 1934 914 1964 posterum
933 1931 994 1957 loco

168 1969 255 1996 Aurei
270 1969 387 2003 numeri,
401 1973 428 1996 et
442 1969 579 2005 dictarum
595 1970 628 1996 19
642 1970 820 2003 Epactarum,
834 1973 947 1996 utamur
961 1970 995 1996 30

167 2008 292 2035 numeris
310 2007 490 2042 Epactalibus
509 2009 544 2035 ab
564 2009 577 2034 1
597 2016 685 2042 usque
709 2009 744 2035 ad
763 2009 797 2034 30
816 2009 914 2035 ordine
932 2016 994 2042 pro-

168 2047 366 2081 gredientibuS,
379 2048 508 2081 quamvis
519 2047 615 2074 ultima
626 2048 738 2081 Epacta‚
752 2047 811 2074 sive
822 2055 885 2081 quae
897 2048 994 2074 ordine

169 2090 211 2113 est
225 2086 373 2120 trigesima,
387 2090 483 2113 notata
494 2094 611 2113 numero
625 2094 681 2113 non
696 2087 740 2119 sit,
754 2087 802 2113 sed
817 2087 895 2120 signo
909 2087 962 2114 hoc
968 2086 994 2119 ἥ,

167 2129 316 2160 propterea
334 2126 409 2159 quod
428 2126 502 2152 nulla
517 2126 622 2160 Epaeta
641 2134 701 2152 esse
721 2126 810 2160 possit
827 2126 868 2152 30.
902 2125 994 2152 Variis

169 2168 261 2191 autem
271 2165 443 2198 temporibus
453 2173 487 2191 ex
497 2165 540 2191 his
550 2165 583 2191 30
594 2165 706 2199 Epactis
716 2165 885 2199 respondent
899 2165 994 2191 decem

169 2207 196 2230 et
217 2211 318 2230 novem
341 2203 444 2230 Aureis
467 2204 590 2230 numeris
614 2204 699 2230 variae
720 2203 815 2230 decem
843 2207 869 2230 et
893 2197 993 2230 novem

169 2243 295 2277 Epactae,
317 2247 403 2277 prout
424 2243 523 2269 solaris
546 2242 610 2269 anni
636 2251 668 2269 ac
686 2242 792 2269 lunaris
810 2243 931 2276 aequatio
949 2250 994 2268 ex-

170 2282 271 2316 poscit:
294 2289 357 2315 quae
380 2281 491 2315 quidem
516 2282 610 2308 decem
634 2285 662 2308 et
679 2289 778 2307 novem
799 2282 911 2315 Epactae
931 2289 994 2315 pro-

167 2320 345 2354 grediuntur,
363 2324 394 2346 ut
412 2320 477 2347 olim
497 2328 548 2354 per
566 2321 693 2346 eumdem
713 2328 858 2346 numerum
880 2321 924 2351 11,
947 2321 994 2346 ad-

169 2359 328 2393 dunturque
353 2367 463 2393 semper
488 2360 520 2385 12
543 2359 581 2385 illi
606 2360 734 2393 Epactae,
758 2367 822 2393 quae
845 2359 994 2393 respondet

169 2398 264 2425 Aureo
282 2406 398 2425 numero
419 2399 464 2430 19,
488 2401 518 2424 ut
536 2398 673 2424 habeatur
693 2406 812 2432 sequens
830 2399 935 2432 Epacta
954 2406 994 2424 re-

169 2438 310 2471 spondens
323 2437 419 2464 Aureo
438 2445 555 2463 numero
575 2438 598 2470 1,
619 2438 655 2463 ob
674 2437 808 2464 rationem
828 2437 911 2471 paulo
931 2441 994 2463 ante

169 2476 280 2503 dictam.
312 2477 344 2503 Id
363 2476 439 2510 quod
458 2483 578 2510 sequens
595 2476 694 2502 tabella
710 2476 887 2510 perspicuum
905 2475 994 2508 faciet,

170 2523 232 2548 quae
251 2515 374 2542 continet
392 2515 502 2541 Aureos
522 2523 666 2547 numeros,
691 2519 717 2541 et
738 2516 856 2548 Epactas
875 2515 947 2541 inter
965 2523 994 2541 se

170 2554 369 2587 respondentes
388 2555 423 2581 ab
442 2562 514 2580 anno
534 2554 713 2581 correctionis
730 2555 804 2586 1582,
823 2558 885 2588 post
905 2554 994 2580 detra-

170 2592 288 2619 ctionem
308 2594 402 2620 decem
422 2593 543 2626 dierum,
568 2601 655 2627 usque
679 2594 713 2619 ad
737 2601 839 2619 annum
860 2594 928 2619 1700
950 2601 994 2619 ex-

170 2631 281 2658 clusive.
315 2631 449 2664 Quamvis
467 2636 559 2659 autem
579 2632 707 2666 vulgares
722 2632 834 2666 Epactae
854 2635 995 2657 mutentur

170 2670 198 2696 in
217 2671 325 2704 Martio,
343 2679 373 2697 re
390 2671 450 2705 ipsa
470 2675 562 2698 tamen
581 2672 609 2697 in
624 2671 760 2705 principio
774 2670 838 2697 anni
854 2671 994 2696 mutandae

171 2713 247 2741 sunt,
270 2717 325 2736 una
342 2718 404 2736 cum
424 2710 519 2737 Aureo
542 2718 672 2743 numero,
695 2710 722 2736 in
746 2710 823 2743 cujus
842 2710 932 2735 locum
950 2706 994 2736 hae

171 2751 275 2774 nostrae
295 2749 407 2782 Epactae
427 2750 587 2776 succedunt.

326 2871 390 2895 Pars
407 2871 540 2896 Hiemalis.

1041 303 1154 331 Tabella
1176 305 1341 338 lfipactarum
1367 305 1590 336 respondentium
1617 306 1718 331 Aureis
1743 306 1865 331 numeris

1041 344 1076 369 ab
1092 344 1187 369 ldibus
1203 343 1333 369 octobris
1353 343 1415 369 anni
1435 345 1614 370 correctionis
1644 343 1864 371 1582rdetractis

1040 382 1118 415 prius
1133 383 1227 409 decem
1243 382 1352 408 dicbus*
1368 390 1454 414 usque
1470 382 1503 408 ud
1520 391 1621 408 annum
1643 382 1863 410 IYOchelusive.

1041 430 1109 455 Aur.
1123 438 1198 456 num.
1302 429 1326 454 6.
1432 430 1454 455 7.
1510 423 1515 425 ’
1564 424 1587 455 3.
1710 425 1737 457 Os
1824 426 1864 457 1οῘ

1043 465 1161 497 Epaetae.
1276 463 1349 489 xxvi.
1421 464 1466 490 vii.
1538 465 1612 490 xviii.
1683 466 1756 492 xxix.
1830 475 1854 492 x.

1053 501 1097 549 ⁷11⁴.
1170 510 1209 550 12.
1241 502 1264 503 7⁷
1289 502 1367 550 1¹33m
1390 503 1393 504 ⁷
1409 503 1412 504 ⁷
1427 503 1489 551 1215*
1551 504 1595 538 15.
1645 504 1711 553 ψ16..
1763 505 1862 553 ΜΠ..-

1048 552 1103 570 xxl.
1178 552 1203 570 n.
1280 553 1335 571 xm.
1412 554 1484 572 xxiv.
1562 555 1587 573 v.
1663 556 1716 574 xvi.
1788 556 1871 574 xxvu.

1058 593 1097 632 1335
1117 582 1172 584 w—
1192 582 1368 633 1οῗΫῖ
1407 584 1467 634 ἶή2ζ
1581 596 1605 621 3.
1714 596 1738 621 4.
1781 586 1788 587 .
1839 586 1870 622 bs

1048 634 1103 667 vin.
1184 635 1238 654 xix.
1322 636 1339 654 1.
1424 637 1469 655 χιι.
1554 629 1629 656 xxiii.
1709 630 1743 657 iv.
1827 639 1870 657 xv.

1101 676 1198 709 ltaque
1217 676 1240 702 si
1261 677 1364 710 Epacta
1384 685 1561 711 quocumque
1580 686 1653 704 anno
1671 679 1815 712 proposito
1834 679 1871 705 in-

1049 714 1183 741 venienda
1204 715 1248 748 sit.
1267 716 1436 749 quaerendus
1456 720 1498 742 est
1516 716 1628 744 Aureus
1646 725 1780 743 numerus
1800 718 1872 744 illius

1047 754 1112 779 anni
1131 753 1157 779 in
1178 754 1315 787 superiori
1335 755 1432 781 ordine
1451 755 1524 781 illius
1541 756 1649 782 tabeliae
1668 764 1731 789 quae
1751 756 1787 782 illi
1807 760 1872 783 tem·

1047 792 1117 826 pori,
1136 793 1162 819 in
1183 801 1239 826 quo
1258 794 1418 827 propositus
1437 802 1526 820 annus
1545 795 1714 827 continetur,
1738 796 1872 829 congruit.

1047 832 1111 857 Mox
1136 832 1208 858 enim
1237 833 1290 858 sub
1315 833 1410 859 Aureo
1434 841 1550 859 numero
1574 834 1601 859 in
1628 834 1751 860 inferiori
1776 835 1873 860 ordine

1048 871 1155 897 tabellae
1175 872 1330 905 reperietur
1348 872 1452 906 Epacta
1476 873 1540 898 anni
1560 873 1709 906 propositi,
1735 874 1777 899 vel
1800 878 1872 900 certe

1047 910 1099 935 hoc
1118 910 1225 943 signum
1244 911 1269 937 ἃ.
1308 911 1362 938 Ubi
1386 919 1451 943 ergo
1475 912 1519 937 illa
1540 912 1643 945 Epacta
1667 913 1708 938 vel
1728 912 1835 945 signum
1855 913 1873 930 ἃ

1047 948 1074 974 in
1095 949 1264 975 Kalendario
1284 949 1426 976 inventum
1454 950 1549 984 fuerit,
1573 959 1606 977 eo
1630 951 1674 977 die
1693 951 1872 978 Novilunium

1048 988 1102 1013 fiet.
1134 988 1295 1014 Invenietur
1309 993 1400 1015 autem
1415 989 1527 1016 Aureus
1542 998 1673 1016 numerus
1690 991 1731 1016 vel
1751 999 1785 1016 ex
1799 995 1873 1017 antc-

1047 1027 1161 1053 cedente
1180 1035 1292 1060 canone,
1313 1028 1354 1054 vel
1374 1036 1407 1054 ex
1427 1029 1526 1055 tabella
1542 1029 1708 1062 Epactarum
1730 1030 1873 1063 proposito

1047 1066 1164 1099 tempori
1184 1070 1359 1099 congruente,
1380 1067 1526 1093 tribuendo
1546 1068 1671 1101 primum·
1681 1067 1804 1094 Aureum
1826 1077 1873 1094 nu-

1047 1112 1152 1130 merum
1172 1105 1245 1131 illius
1264 1106 1372 1132 tabellae
1392 1106 1429 1132 illi
1448 1114 1533 1134 anno,
1558 1115 1573 1132 a
1597 1115 1652 1140 quo
1677 1115 1743 1133 usus
1766 1107 1873 1133 tabellae

1047 1143 1156 1177 incipit,
1185 1148 1211 1170 et
1238 1145 1389 1170 secundum
1419 1145 1543 1171 Aureum
1573 1154 1718 1172 numerum
1747 1147 1873 1180 sequenti

1047 1190 1128 1215 anno,
1147 1187 1196 1209 etc.
1231 1183 1334 1209 Eodem
1355 1184 1438 1210 modo
1457 1184 1611 1217 reperietur
1628 1185 1729 1218 Epacta
1744 1186 1802 1211 sine
1817 1186 1873 1212 Au-

1047 1229 1094 1248 reo
1114 1230 1243 1255 numero,
1267 1222 1288 1247 si
1312 1223 1401 1256 prima
1422 1223 1524 1256 Epacta
1545 1224 1652 1250 tabellae
1672 1224 1812 1251 tribuatur
1836 1224 1872 1250 illi

1047 1269 1119 1287 anno
1139 1269 1154 1287 a
1174 1269 1229 1294 quo
1249 1261 1306 1294 ejus
1326 1270 1392 1287 usus
1410 1262 1513 1296 incipit,
1532 1266 1559 1288 ct
1573 1263 1694 1289 secunda
1709 1264 1812 1297 Epacta
1833 1272 1872 1289 se-

1046 1300 1141 1333 quenti
1161 1308 1242 1332 anno,
1261 1304 1311 1326 etc.

1105 1340 1282 1373 Exemplum:
1305 1339 1388 1366 Anno
1406 1341 1585 1366 correctionis
1607 1341 1672 1366 1582
1690 1340 1802 1366 Aureus
1826 1349 1873 1366 nu-

1045 1386 1139 1404 merus
1158 1382 1200 1404 est
1218 1380 1246 1411 6,
1272 1387 1370 1413 nempe
1396 1379 1503 1413 primus
1527 1380 1624 1413 primae
1650 1379 1771 1411 tabellae,
1795 1380 1872 1411 cuius

1046 1426 1113 1444 usus
1133 1418 1227 1451 incipit
1247 1418 1282 1444 ab
1302 1418 1398 1444 Idibus
1415 1418 1543 1444 Octobris
1562 1419 1627 1444 dicti
1647 1419 1710 1444 anni
1734 1419 1807 1451 1582,
1827 1419 1872 1444 dc-

1047 1457 1142 1483 tractis
1159 1457 1237 1490 prius
1256 1457 1349 1482 decem
1370 1457 1475 1483 diebus.
1514 1458 1573 1483 Erit
1596 1466 1661 1491 ergo
1684 1461 1749 1483 tunc
1768 1458 1871 1491 Epacta

1046 1496 1124 1529 xxvi7
1149 1504 1211 1529 quae
1229 1497 1282 1521 sub
1300 1495 1396 1522 Aureo
1415 1504 1531 1522 numero
1550 1498 1566 1522 6
1584 1497 1747 1526 collocatur.
1771 1496 1872 1529 fietque

1046 1535 1225 1562 Novilunium
1242 1535 1286 1560 die
1300 1535 1341 1561 27.
1357 1535 1415 1561 Oct.
1431 1539 1458 1561 et
1474 1536 1515 1562 26.
1530 1536 1600 1562 Nov.
1616 1540 1643 1561 et
1652 1536 1693 1561 25,
1706 1536 1770 1561 Dec.
1802 1535 1870 1561 Item

1046 1582 1119 1600 anno
1139 1574 1206 1599 1583
1225 1574 1278 1607 jam
1298 1578 1422 1601 correcto
1441 1574 1553 1600 Aureus
1571 1582 1703 1600 numerus
1721 1578 1763 1600 est
1783 1575 1809 1606 7,
1828 1574 1871 1600 cui

1047 1613 1074 1638 in
1094 1613 1188 1639 eadem
1210 1613 1309 1639 tabella
1327 1613 1470 1647 supposita
1490 1617 1531 1639 est
1549 1614 1651 1647 Epacta
1667 1613 1713 1645 vii,
1732 1621 1794 1647 quae
1814 1617 1871 1638 toto

1046 1659 1079 1678 eo
1104 1660 1177 1678 anno
1201 1652 1229 1678 in
1252 1652 1423 1679 Kalendario
1445 1652 1593 1679 Novilunia
1618 1653 1762 1678 indicabit:
1788 1656 1818 1678 ut
1844 1652 1871 1677 in

1046 1691 1110 1718 Jan.
1129 1691 1174 1717 die
1189 1691 1240 1724 ⁸24„
1258 1691 1285 1717 in
1300 1692 1380 1718 Febr.
1400 1691 1444 1718 die
1464 1692 1513 1725 22.,
1532 1692 1559 1717 in
1573 1692 1673 1718 Martio
1692 1691 1737 1717 die
1753 1692 1802 1724 24„
1821 1694 1870 1717 etc.

1041 1757 1104 1783 Alia
1124 1758 1238 1784 'Fabella
1259 1758 1424 1791 Epactarum
1449 1758 1673 1791 respondentium
1694 1757 1795 1783 Aureis
1819 1764 1863 1782 nu-

1043 1797 1126 1823 meris
1145 1798 1180 1823 ab
1199 1804 1271 1823 anno
1293 1795 1359 1822 1833
1369 1797 1509 1829 inclusive,
1530 1805 1616 1830 usque
1630 1796 1665 1822 ad
1680 1804 1782 1822 annum
1805 1795 1871 1821 1900

1308 1872 1319 1874 υ
1380 1836 1527 1862 exclusive.
1558 1871 1568 1873 ⁴
1651 1871 1676 1873 ὼ
1685 1872 1692 1873 .
1821 1872 1832 1873 ἶ
1843 1871 1865 1874 ἢ

1042 1879 1111 1905 Aur.
1126 1887 1199 1905 num.
1298 1879 1336 1904 10.
1422 1878 1461 1903 11.
1543 1877 1581 1903 12.
1663 1878 1701 1903 13.
1812 1878 1851 1903 14.

1044 1914 1171 1952 Epffss‘aess
1195 1950 1241 1951 ἡὴ
1274 1912 1342 1951 fx&
1386 1921 1465 1951 anx.
1554 1912 1570 1938 i.
1587 1950 1600 1951 -.
1642 1912 1704 1951 ἶὶιίἰ.
1778 1912 1869 1951 apim:

1048 1961 1087 1987 15.
1168 1961 1207 1986 113.
1310 1961 1349 1986 17.
1456 1961 1495 1986 18.
1600 1960 1639 1986 19.
1739 1960 1761 1985 1.
1838 1960 1862 1986 2.

1046 1995 1082 2035 iv·
1117 1994 1381 2034 <JV-.-.⁷³32
1415 1994 1674 2034 2314*ny
1738 1994 1811 2034 *Μ
1835 1994 1869 2034 ij.

1062 2044 1102 2083 ³2.
1184 2043 1212 2083 ,4.-
1304 2043 1327 2083 ῖ»
1435 2044 1459 2069 6-
1554 2043 1576 2082 ⁷.-
1669 2044 1699 2082 8.
1811 2043 1859 2082 ει...

1046 2085 1111 2104 xxn.
1183 2085 1220 2104 m.
1287 2085 1341 2103 xiv.
1413 2085 1476 2117 xxv,
1543 2084 1578 2116 vi.
1644 2085 1708 2103 xvn.
1773 2084 1868 2116 xxvjn.

1098 2125 1143 2152 Ad
1163 2125 1311 2151 tollendam
1336 2125 1537 2151 dubitationem
1561 2125 1595 2151 de
1619 2133 1671 2150 usu
1690 2125 1770 2158 hujus
1788 2132 1868 2150 novae

1046 2165 1154 2191 tabellae
1170 2165 1347 2198 Epactarum,
1361 2164 1539 2191 ostendemus
1554 2171 1611 2190 rem
1626 2163 1766 2197 exemplis.
1785 2162 1868 2189 Anno

1048 2204 1113 2230 1833
1136 2204 1275 2229 tribuatur
1294 2203 1397 2236 Epacta
1421 2203 1461 2235 ix,
1483 2211 1546 2236 quae
1569 2203 1621 2228 sub
1640 2202 1735 2229 Aureo
1754 2209 1868 2228 numero

1047 2244 1079 2269 10
1093 2242 1255 2275 collocatur,
1269 2242 1370 2276 fietque
1380 2242 1558 2269 Novilunium
1569 2242 1609 2267 22.
1621 2240 1755 2272 Januarii,
1769 2240 1809 2266 20.
1821 2240 1868 2266 Fe-

1045 2281 1159 2314 bruarii,
1177 2282 1218 2307 22.
1238 2281 1337 2307 Martii.
1375 2282 1443 2307 Item
1463 2289 1536 2307 anno
1555 2280 1619 2306 1834
1641 2279 1780 2306 tribuatur
1798 2279 1867 2313 Epa—

1045 2325 1089 2347 cta
1108 2329 1145 2347 xx
1164 2321 1216 2346 sub
1229 2320 1325 2346 Aureo
1340 2327 1456 2346 numero
1471 2321 1501 2346 11
1517 2319 1657 2350 collocata,
1675 2326 1738 2352 quae
1758 2321 1816 2344 toto
1834 2325 1867 2343 eo

1045 2355 1118 2386 anno
1137 2360 1165 2385 in
1184 2358 1353 2385 Kalendario
1368 2359 1515 2386 Novilunia
1536 2358 1713 2385 monstrabit:
1732 2360 1761 2383 ut
1780 2356 1807 2383 in
1821 2357 1867 2383 Ja-

1045 2398 1144 2425 nuario
1162 2398 1206 2424 die
1222 2398 1271 2429 11.‚
1290 2397 1316 2424 in
1332 2397 1484 2424 Februario
1502 2397 1546 2423 die
1560 2397 1593 2430 9.,
1612 2397 1639 2422 in
1654 2395 1754 2422 Martio
1768 2395 1813 2421 die
1828 2395 1866 2420 11.

1046 2439 1081 2464 Et
1099 2438 1138 2463 sic
1156 2437 1285 2470 deinceps
1304 2444 1355 2470 per
1372 2437 1498 2462 ordinem
1522 2436 1601 2462 annis
1619 2434 1868 2469 progredientibus,

1046 2476 1188 2503 redeundo
1207 2475 1242 2502 ad
1255 2475 1422 2509 principium
1439 2475 1545 2501 tabellae
1560 2474 1788 2508 quotiescumque
1806 2479 1866 2498 eam

1046 2515 1224 2549 percurreris.
1262 2515 1371 2540 Rursus
1390 2521 1462 2540 anno
1482 2514 1561 2545 1862,
1584 2513 1686 2546 Epacta
1706 2519 1761 2537 non
1779 2510 1866 2543 signa-

1046 2558 1092 2580 tur
1111 2561 1239 2586 numero,
1261 2553 1310 2579 sed
1333 2553 1385 2579 hoc
1407 2552 1486 2586 signo
1504 2552 1530 2585 θ,
1554 2552 1629 2585 quod
1649 2551 1798 2577 collocatur
1814 2550 1866 2575 sub

1045 2592 1140 2619 Aureo
1165 2599 1281 2618 numero
1308 2592 1335 2623 1,
1360 2594 1386 2617 et
1411 2591 1437 2616 in
1464 2590 1641 2617 Kalendario·
1655 2593 1714 2615 toto
1738 2597 1770 2615 eo
1794 2595 1865 2614 anno

1045 2631 1194 2659 Novilunia
1213 2630 1357 2662 indicabit,
1381 2629 1512 2655 nimirum
1535 2629 1563 2655 in
1581 2629 1716 2655 Januario
1739 2627 1783 2653 die
1807 2627 1819 2652 1
1839 2629 1865 2652 et

1046 2670 1087 2701 31,
1106 2670 1134 2696 in
1151 2669 1252 2696 Martio
1273 2672 1347 2698 (nam
1367 2668 1394 2694 in
1408 2667 1561 2694 Februario
1580 2667 1684 2693 nullum
1705 2670 1770 2692 tune
1782 2664 1865 2691 Novi-

1045 2709 1159 2741 lunium,
1179 2715 1241 2734 cum
1260 2708 1287 2734 in
1307 2715 1340 2734 eo
1354 2707 1462 2740 signum
1476 2707 1527 2733 hoc
1541 2706 1559 2724 θ
1573 2714 1628 2732 non
1642 2705 1807 2738 reperiatur)
1821 2704 1865 2729 die

1047 2749 1059 2773 1
1081 2752 1108 2773 et
1127 2748 1168 2780 31,
1187 2747 1214 2773 in
1233 2746 1323 2783 Aprili
1343 2746 1387 2772 die
1406 2746 1446 2778 29,
1465 2750 1514 2771 etc.
