2080 2990
447 230 625 264 Officium
650 232 821 265 votivum
849 232 894 265 de
921 231 976 265 Ss.
1003 232 1206 274 Apostolis
1232 232 1345 265 Petro
1372 239 1405 265 ct
1433 233 1561 266 l'aulo.

148 333 311 383 omnia,
344 338 388 374 et
419 332 559 374 secuti
589 345 739 373 sumus
770 338 833 374 te:
871 330 977 383 quid

147 401 253 439 ergo
274 388 355 430 erit
371 387 523 431 nobis?
551 389 610 430 Et
627 388 806 440 reliqua.

256 461 447 502 Homilia
475 460 616 502 sancti
642 460 869 502 Ambrosii

449 516 672 569 Episcopi.

197 580 239 613 In
262 579 324 613 Ps.
350 579 422 613 118.
455 579 571 613 Serm.
595 579 627 613 8.
653 584 743 623 post
766 580 925 614 initium.

188 641 249 691 ζῆ
264 641 341 670 cce
367 641 450 670 nos
479 629 625 670 omnia
652 628 976 679 dereliquimus,

154 699 159 735 ,ἶ
280 690 324 726 et
348 684 487 725 secuti
511 697 661 725 sumus
683 689 739 725 te.
777 684 876 724 Hoc
898 690 976 732 est,

161 741 238 763 --”’“
278 752 367 781 11011
391 740 673 792 quaesivimus
698 752 797 791 quae
826 740 976 780 saeculi

145 799 266 845 sunt,
295 808 384 836 non
413 796 694 847 quaesivimus
721 800 892 847 partem
921 795 976 836 de

144 851 520 902 possessionibus,
563 850 643 892 sed
680 855 724 892 te
767 851 976 900 elegimus

144 907 404 958 portionem.
437 902 672 959 Reliquisti
692 919 797 957 ergo
818 907 975 954 omnia,

143 962 292 1012 Petre‚
323 975 422 1014 quae
448 962 663 1011 habebas;
695 962 811 1003 unde
838 962 975 1004 habes

146 1017 267 1068 quod
284 1017 446 1059 habere
466 1023 510 1060 te
531 1017 662 1059 dicis?
695 1018 842 1068 Surgit
862 1018 974 1058 clau-

145 1072 238 1123 dus,
263 1078 307 1115 et
327 1086 437 1115 sono
456 1073 521 1115 tui
544 1074 757 1115 sermonis
780 1074 975 1123 erigitur:

144 1129 377 1170 sanitatem
405 1129 500 1170 aliis
525 1128 680 1180 donas,
711 1129 784 1180 qui
813 1128 974 1179 indige-

143 1183 222 1225 bas
244 1184 341 1237 ipse
358 1189 448 1226 tuae
473 1185 626 1225 salutis
649 1184 822 1225 auxilio.
858 1184 973 1225 Reli-

145 1240 277 1291 quisti
301 1253 406 1291 ergo
433 1253 531 1292 quae
555 1240 765 1289 habebas,
793 1245 837 1280 et
861 1242 974 1291 cepi-

143 1296 211 1345 sti,
228 1309 326 1347 quae
341 1309 429 1337 non
443 1295 650 1337 habebas.
682 1295 880 1336 Christus
895 1295 974 1336 tibi

142 1352 305 1403 portio,
329 1352 527 1393 Christus
546 1351 626 1392 tibi
645 1351 871 1403 possessio
891 1356 974 1391 est:

142 1406 257 1448 illius
280 1421 440 1449 nomen
461 1407 541 1449 tibi
564 1407 835 1456 munificum,
858 1406 973 1447 illius

142 1475 303 1504 nomen
332 1463 412 1505 tibi
440 1468 507 1504 est
534 1463 826 1510 fructuosum,
858 1462 973 1502 illius

142 1531 303 1560 nomen
340 1519 420 1560 tibi
458 1519 623 1560 tributa
659 1517 888 1570 dependit,
930 1523 973 1559 et

142 1573 260 1615 bona
293 1575 476 1624 tributa,
513 1587 601 1615 non
637 1573 856 1626 pecuniae,
894 1572 973 1614 sed

143 1630 306 1680 gratiae.

195 1689 244 1738 Κ.
260 1686 340 1727 Isti
355 1691 455 1727 sunt
471 1685 547 1737 qui
561 1685 758 1726 viventes
773 1685 817 1724 in
832 1697 972 1733 carne,

141 1740 449 1793 plantaverunt
482 1740 727 1782 Ecclesiam
763 1740 972 1790 sanguine

142 1809 237 1837 suo:
258 1799 280 1821 *
296 1797 488 1838 Calicem
502 1796 680 1836 Domini
693 1795 909 1844 biberunt,
930 1801 973 1837 et

142 1853 271 1893 amici
286 1852 370 1893 Dei
389 1852 491 1893 facti
511 1855 622 1892 sunt.
650 1848 701 1898 V.
726 1852 777 1891 In
798 1864 972 1892 omnem

140 1911 304 1948 terram
335 1907 469 1948 exivit
502 1919 635 1948 sonus
667 1908 832 1956 eorum,
862 1911 905 1948 et
927 1907 972 1947 in

140 1962 250 2004 fines
294 1962 414 2004 orbis
455 1968 587 2004 terrae
631 1961 767 2003 verba
810 1964 971 2003 eorum.

143 2018 335 2101 Calicem
357 2018 547 2060 Domini.

426 2073 577 2113 Lectio
598 2073 681 2113 viii.

224 2130 458 2182 uicumque
468 2129 693 2181 reliquerit
702 2134 885 2182 patrem,
897 2134 972 2170 aut

249 2191 450 2235 matrem,
475 2191 550 2226 aut
571 2184 766 2234 domum,
793 2189 868 2225 aut
888 2184 969 2225 fra-

139 2245 246 2291 tres,
271 2246 346 2283 aut
369 2243 561 2291 sorores,
586 2239 838 2292 centuplum
859 2242 969 2281 acci-

140 2296 233 2348 piet
251 2297 295 2336 in
313 2296 399 2338 hoc
423 2296 602 2345 saeculo,
627 2301 670 2337 et
693 2296 828 2336 vitam
848 2298 969 2337 aeter-

140 2364 242 2392 nam
259 2352 516 2404 possidebit.
547 2351 711 2393 Multos
733 2351 909 2403 quidem
927 2352 969 2391 in

139 2406 226 2448 hoc
263 2407 448 2456 saeculo,
485 2408 559 2459 qui
592 2420 670 2448 sua
702 2406 970 2459 pauperibus

141 2461 429 2511 donaverunt,
453 2463 656 2504 uberiore
679 2462 887 2504 thesauro
909 2463 968 2503 lo-

141 2518 388 2569 cupletatos
406 2519 540 2559 fuisse
561 2519 856 2569 cognovimus.
889 2518 970 2559 Est

140 2572 458 2624 pulcherrimus
489 2574 634 2623 locus,
668 2579 716 2615 ut
750 2573 880 2614 etiam
912 2573 970 2614 ad

851 2680 1135 2734 ns-ngssogQ-oo

1767 231 1859 275 [249]

1029 329 1375 371 misericordiam
1411 332 1719 382 provocentur.
1773 330 1860 371 Sed

1030 399 1119 427 non
1146 385 1307 427 debent
1334 399 1359 426 a
1384 386 1575 428 Domino
1603 386 1859 428 saecularem

1030 440 1281 494 hujusmodi
1303 444 1477 492 exigere
1496 442 1755 491 mercedem,
1779 456 1860 483 nec

1031 499 1209 550 sperare
1235 510 1333 548 quae
1355 497 1505 538 mundi
1529 503 1643 547 sunt3
1672 497 1751 539 sed
1771 511 1858 539 ma-

1030 554 1108 604 gis,
1133 554 1234 605 quia
1251 554 1315 602 iis,
1340 554 1413 604 qui
1433 554 1577 594 omnia
1595 554 1859 604 reliquerint,

1030 610 1152 650 Deus
1179 610 1325 662 portio
1354 614 1431 650 est.
1484 610 1586 661 Ipse
1614 614 1680 650 est
1708 609 1859 660 utique

1030 678 1199 706 merces
1222 665 1419 717 perfecta
1437 665 1655 715 virttitum,
1680 665 1753 716 qui
1772 678 1860 705 non

1032 721 1225 773 centupli
1253 721 1592 770 enumeratione,
1619 720 1697 761 sed
1720 721 1858 772 perfe-

1032 782 1115 818 ctae
1139 776 1421 829 plenitudinis
1449 777 1736 817 aestimatione
1763 790 1858 817 cen-

1032 835 1162 874 setur.
1198 833 1305 883 Ego,
1326 833 1476 883 inquit,
1495 833 1615 873 Deus
1634 837 1734 872 tuus
1755 845 1860 872 sum.

1030 889 1132 929 Non
1152 888 1274 929 dixit:
1296 888 1396 936 Ero,
1419 888 1511 928 sed:
1535 888 1559 927 J
1563 901 1632 928 am
1652 900 1758 937 sum,
1778 889 1860 939 iam

1030 944 1239 993 inhabito,
1259 945 1343 996 jam
1363 943 1583 996 possideo.

1083 1002 1132 1052 R.
1159 1000 1238 1040 Isti
1257 1005 1357 1040 sunt
1376 999 1456 1040 viri
1475 999 1625 1049 sancti,
1647 1012 1758 1050 quos
1779 998 1860 1039 ele-

1030 1055 1092 1105 git
1116 1056 1331 1096 Dominus
1359 1055 1402 1094 in
1429 1056 1608 1096 caritate
1634 1068 1721 1096 non
1748 1054 1860 1103 ficta,

1031 1116 1074 1152 et
1093 1110 1215 1152 dedit
1233 1111 1318 1151 illis
1336 1111 1521 1161 gloriam
1537 1111 1861 1162 sempiternam:

1030 1171 1052 1194 *
1070 1167 1266 1216 Quorum
1282 1166 1483 1208 doctrina
1502 1167 1638 1217 fulget
1653 1166 1861 1214 Ecclesia,

1029 1227 1077 1263 ut
1103 1222 1196 1263 sole
1221 1222 1333 1263 luna.
1370 1222 1419 1272 Y'.
1447 1223 1595 1263 Sancti
1619 1235 1699 1274 per
1724 1221 1858 1262 fidem

1028 1278 1225 1319 vicerunt
1247 1291 1395 1329 regna,
1422 1279 1593 1330 operati
1617 1283 1718 1319 sunt
1741 1279 1856 1328 justi-

1029 1334 1144 1374 tiam.
1173 1335 1380 1384 Quorum.
1412 1334 1571 1375 Gloria.
1600 1335 1805 1384 Quorum.

1331 1389 1481 1429 Lectio
1503 1391 1556 1429 ix.

1028 1436 1228 1540 Habes
1246 1445 1380 1486 homo
1403 1446 1516 1486 inter
1537 1445 1673 1486 multa
1696 1448 1857 1497 propo-

1149 1501 1241 1550 sita,
1268 1502 1398 1541 etiam
1421 1500 1670 1552 hujusmodi
1691 1501 1856 1552 portio-

1026 1570 1136 1598 nem.
1189 1557 1426 1608 Proposuit
1457 1556 1536 1598 tibi
1569 1557 1782 1596 Dominus
1815 1557 1858 1596 in

1026 1613 1229 1665 portione
1248 1613 1565 1665 possessiones,
1590 1613 1635 1651 in
1653 1612 1857 1663 portione

1027 1681 1199 1717 aurum,
1230 1668 1274 1708 in
1302 1669 1506 1721 portione
1536 1669 1783 1718 argentum,
1814 1668 1858 1707 in

1026 1724 1230 1776 portione
1254 1724 1459 1772 honores,
1487 1724 1530 1763 in
1555 1724 1758 1775 portione
1782 1736 1857 1763 no-

1026 1779 1254 1829 bilitatem,
1279 1780 1513 1833 proposuit
1535 1779 1667 1820 etiam
1690 1779 1733 1818 in
1757 1791 1856 1830 por·
1900 1815 1902 1818 .

1026 1835 1145 1876 tione
1165 1838 1368 1888 seipsum.
1405 1835 1556 1876 Habes
1574 1834 1704 1884 igitur
1723 1834 1854 1885 pluri·

1024 1903 1118 1931 mas
1144 1892 1386 1942 portiones3
1416 1891 1526 1940 elige
1554 1903 1684 1941 quam
1709 1894 1855 1941 putas3

1024 1958 1112 1986 non
1130 1951 1174 1987 te
1196 1950 1404 1987 numerus
1423 1945 1662 1998 perturbet,
1686 1944 1764 1986 sed
1784 1947 1853 1986 ex·
1900 1996 1901 2000 Ἰ

1025 2002 1129 2043 citet
1154 2002 1311 2052 gratim
1340 2015 1428 2043 non
1453 2007 1497 2043 te
1524 2001 1650 2042 labor
1676 2003 1854 2050 avertat,

1025 2056 1103 2098 sed
1122 2058 1289 2098 fruetus
1307 2058 1471 2099 invitet.

1080 2115 1142 2154 Te
1161 2113 1304 2154 Deum
1321 2112 1561 2154 laudamus.
1580 2113 1640 2152 14.

1290 2184 1367 2224 Ad
1388 2184 1596 2224 Laudes.

1076 2234 1126 2284 V·
1153 2242 1206 2282 In
1234 2254 1408 2283 omnem
1434 2246 1596 2283 terram
1624 2240 1757 2282 exivit
1785 2253 1852 2281 80-

1023 2310 1104 2337 nus
1138 2299 1300 2338 eorum.
1348 2297 1398 2346 Ru
1432 2298 1489 2338 Et
1520 2297 1564 2337 in
1591 2296 1702 2337 fines
1735 2295 1853 2337 orbis

1023 2357 1153 2393 terrae
1171 2353 1307 2394 verba
1327 2355 1489 2395 eorum.

1076 2404 1145 2445 Ad
1166 2405 1326 2446 Bened.
1350 2407 1446 2446 Ant.
1482 2407 1673 2449 Gloriosi
1695 2407 1851 2459 princi-

1023 2476 1102 2516 pes
1125 2468 1272 2513 terrae,
1298 2465 1321 2490 *
1346 2463 1569 2515 quomodo
1594 2463 1637 2503 in
1661 2464 1749 2505 vita
1774 2475 1852 2502 sua

1023 2517 1268 2560 dilexerunt
1293 2532 1354 2568 se,
1382 2519 1442 2560 ita
1466 2524 1509 2560 et
1532 2519 1575 2558 in
1598 2525 1740 2560 morte
1763 2530 1851 2558 non

1023 2579 1123 2615 sunt
1142 2574 1346 2627 separati.
