2040 2990
186 213 259 249 330

660 213 758 246 Infra
789 213 1079 246 Heliconiadum
1106 212 1420 255 Septuagcsimae.

491 310 524 349 L
529 311 642 350 ectio
665 310 717 349 iii.

267 366 455 407 ormavit
489 366 620 417 igitur
651 366 868 407 Dominus
895 366 1016 407 Deus

283 422 503 464 hominem
524 422 579 464 de
598 422 703 464 limo
723 427 869 472 terrae,
895 427 938 464 et
956 422 1015 462 in·

187 479 371 531 spiravit
393 479 437 520 in
458 479 614 520 faciem
635 480 726 530 ejus
750 479 1016 544 spiraculum

187 536 301 585 vitae,
322 541 364 577 et
379 535 519 578 factus
535 541 601 578 est
617 535 776 577 homo
766 549 810 576 m
828 535 1016 576 animam

187 592 417 634 viventem.
453 593 736 634 Plantaverat
761 597 908 633 autem
928 592 1016 633 Do-

186 649 328 691 minus
349 650 469 691 Deus
496 649 750 703 paradisum
775 648 1016 701 voluptatis

187 719 212 747 a
239 706 476 759 principio:
510 707 555 747 in
584 718 671 759 quo
704 706 853 758 posuit
880 705 1016 746 homi-

186 776 287 804 nem
316 777 446 816 quem
473 764 750 805 formaverat.
786 762 1015 804 Produxit-

188 833 272 872 que
287 820 502 862 Dominus
517 821 638 862 Deus
659 819 714 861 de
733 819 867 861 humo
888 832 1017 860 omne

186 876 352 928 lignum
380 877 611 930 pulchrum
639 877 755 927 visu,
790 881 834 918 et
860 875 918 917 ad
946 889 1015 917 ve-

186 934 397 975 scendum
417 936 566 976 suave:
586 933 751 984 lignum
769 934 898 975 etiam
913 932 1017 974 vitae

185 991 230 1031 in
253 991 400 1033 medio
424 991 632 1044 paradisi,
660 991 912 1044 lignumque
939 992 1017 1033 sci-

186 1049 316 1089 entiae
331 1048 437 1090 boni
453 1053 497 1090 et
510 1048 624 1089 mali.
654 1049 711 1090 Et
724 1049 882 1090 fluvius
898 1062 1016 1101 egre-

186 1104 389 1147 diebatur
405 1105 460 1147 de
477 1105 578 1147 loco
599 1106 838 1159 voluptatis
854 1106 910 1148 ad
925 1107 1017 1147 irri-

185 1162 378 1212 gandum
401 1162 670 1215 paradisum,
696 1163 769 1215 qui
789 1163 891 1205 inde
911 1163 1016 1205 divi-

187 1218 304 1260 ditur
323 1219 366 1260 in
387 1222 577 1271 quatuor
597 1220 754 1272 capita.

241 1276 289 1326 Rg.
314 1276 540 1318 Formavit
559 1276 775 1317 Dominus
796 1276 1017 1318 hominem

187 1332 243 1374 de
271 1333 375 1374 limo
402 1338 551 1383 terrae,
580 1334 601 1357 *
632 1334 688 1374 Et
716 1334 947 1387 inspiravit
974 1334 1017 1375 in

187 1389 343 1431 faciem
381 1390 470 1442 ejus
508 1390 777 1459 spiraculum
814 1391 936 1440 vitae,
975 1396 1018 1432 et

186 1446 327 1488 factus
345 1451 418 1539 est
436 1446 605 1488 homo'
595 1460 638 1487 1n
662 1447 850 1488 animam
871 1447 1016 1488 viven-

187 1507 287 1545 tem.
387 1504 478 1544 .In
514 1503 731 1556 principio
767 1504 869 1546 fecit
896 1505 1017 1546 Deus

188 1560 349 1601 coelum
374 1534 417 1602 et
441 1565 620 1610 terram,
645 1565 689 1601 et
713 1560 984 1613 plasmavit
973 1575 1018 1602 1n

188 1629 239 1658 ea
258 1616 490 1658 hominem.
520 1617 587 1659 Et.
622 1616 774 1658 (116ria
793 1618 923 1659 Patri.
951 1618 1017 1659 Et.

242 1673 309 1713 Ad
338 1674 508 1720 Magnis.
535 1675 631 1714 Ant.
664 1674 719 1714 lli
743 1675 969 1715 novissimi
994 1676 1017 1702 *

187 1743 273 1771 una
299 1730 409 1772 hora
441 1730 657 1781 fecerunt,
692 1735 735 1772 et
762 1744 890 1784 pares
918 1731 1017 1772 illos

187 1786 315 1828 nobis
338 1787 493 1837 fecisti,
520 1787 593 1840 qui
617 1788 891 1840 portavimus
911 1801 1017 1840 pon-

188 1843 270 1885 dus
290 1843 387 1894 diei,
407 1849 451 1885 et
469 1850 616 1886 aestus.

406 1958 566 1994 Feria
598 1957 800 1995 Tertia.

388 2014 450 2055 De
482 2013 596 2056 libro
626 2014 823 2057 Genesis.

296 2069 446 2109 Lectio
470 2070 490 2107 i‘.
710 2073 811 2120 (Iup.
828 2071 862 2108 2.
880 2083 913 2108 c.

214 2157 217 2159 -
246 2139 252 2169 ῖ
280 2127 360 2168 ulit
381 2140 485 2178 ergo
506 2129 721 2170 Dominus
742 2129 862 2170 Deus
882 2128 1018 2170 homi-

225 2188 226 2203 *
297 2196 412 2233 nem,
435 2189 479 2226 et
498 2185 647 2236 posuit
666 2198 765 2227 eum
784 2188 829 2226 in
848 2185 1019 2238 paradi·

190 2253 240 2281 so
278 2239 538 2293 voluptatis,
578 2246 624 2283 ut
662 2244 936 2295 operaretur,
976 2247 1020 2283 et

190 2297 433 2339 custodiret
468 2298 607 2338 illurn:
645 2301 945 2351 praecepitque
981 2299 1019 2340 ei

191 2353 359 2396 dicens:
403 2355 470 2396 Ex
511 2355 629 2396 omni
669 2355 787 2406 ligno
828 2355 1020 2408 paradisi

191 2411 393 2453 comede:
422 2411 477 2453 de
506 2411 623 2462 ligno
652 2418 798 2453 autem
827 2412 1020 2453 scientiae

190 2467 295 2509 boni
320 2473 362 2509 et
386 2468 487 2509 mali
510 2480 564 2509 ne
590 2467 808 2509 comedas,
844 2470 894 2509 In
916 2482 1019 2521 quo-

192 2528 379 2576 cumque
400 2526 514 2566 enim
530 2524 600 2566 die
621 2525 864 2566 comederis
884 2538 938 2566 ex
955 2538 1019 2575 eo,

191 2587 333 2622 morte
351 2582 560 2622 morieris.
588 2581 711 2622 Dixit
732 2594 907 2633 quoque
926 2582 1020 2622 Dns

192 2638 330 2679 Deus:
357 2638 458 2679 Non
484 2644 550 2679 est
573 2638 737 2679 bonum
764 2650 860 2679 esse
884 2638 1020 2678 homi-

192 2708 292 2736 nem
307 2694 464 2736 solum:
480 2695 690 2735 faciamus
705 2694 744 2735 ei
758 2694 1020 2745 adjutorium

193 2751 332 2793 simile
353 2751 445 2793 sibi.
487 2752 531 2801 lx‘s.
553 2751 672 2792 Tulit
690 2751 915 2792 Dominus.
936 2752 1021 2792 321.

1382 308 1563 349 Lectio
1555 308 1593 347 ιί.

1149 365 1330 407 ormatis
1355 364 1500 416 igitur,
1527 365 1741 408 Dominus
1764 367 1896 416 Deus,

1164 421 1219 463 de
1247 421 1381 463 humo
1409 422 1576 463 cunctis
1605 419 1907 465 animantibus

1068 483 1209 528 terrae,
1230 483 1273 520 et
1288 479 1501 520 universis
1519 479 1770 522 volatilibus
1786 480 1898 530 coeli,

1070 534 1254 577 adduxit
1284 548 1336 577 ea
1369 535 1426 577 ad
1453 535 1616 586 Adam,
1650 542 1699 578 ut
1729 536 1898 579 videret

1071 591 1177 644 quid
1199 594 1378 634 vocaret
1397 605 1466 634 ea:
1494 605 1623 634 omne
1645 593 1759 635 enim
1778 592 1898 658 quod

1069 649 1244 690 vocavit
1263 648 1408 690 Adam
1432 649 1587 690 animae
1609 650 1680 691 viv
1684 650 1812 700 entis,
1836 650 1898 703 ip-

1069 718 1166 746 sum
1181 711 1248 747 est
1262 718 1421 747 nomen
1437 706 1538 758 ejus.
1556 706 1899 760 Appellavitque

1069 761 1215 804 Adam
1239 762 1488 804 nominibus
1515 764 1604 804 suis
1631 769 1789 806 cuncta
1813 763 1899 805 ani·

1069 819 1248 868 mantia,
1275 824 1318 860 et
1341 819 1443 860 univ
1447 821 1544 860 ersa
1568 819 1763 862 volatilia
1787 819 1899 870 coeli,

1070 881 1114 917 et
1136 888 1288 916 omnes
1306 875 1470 917 bestias
1490 881 1635 917 terrae:
1661 876 1773 918 Adae
1794 889 1898 918 vero

1069 944 1156 973 non
1198 931 1500 974 inveniebatur
1540 932 1711 985 adjutor
1748 933 1899 974 similis

1070 990 1171 1041 ejus.
1230 986 1278 1037 R·-
1318 989 1442 1030 Dixit
1458 989 1686 1032 Dominus.
1713 991 1806 1031 322.

1371 1041 1523 1082 Lectio
1546 1041 1601 1081 iii.

1114 1103 1279 1144 mmisit
1307 1103 1654 1154 ergo'Dominus
1681 1103 1803 1144 Deus
1831 1116 1900 1145 so-

1129 1161 1285 1212 porem
1300 1160 1344 1200 in
1358 1159 1517 1202 Adam:
1537 1172 1725 1212 cumque
1741 1159 1900 1202 obdor-

1070 1218 1239 1266 misset,
1267 1217 1366 1258 tulit
1395 1230 1526 1258 unam
1553 1216 1607 1258 de
1636 1217 1771 1258 costis
1798 1218 1900 1270 ejus,

1071 1278 1115 1314 et
1133 1273 1318 1326 replevit
1338 1286 1514 1315 carnem
1530 1286 1613 1327 pro
1632 1286 1695 1315 ea.
1722 1275 1779 1316 Et
1797 1274 1900 1316 aedi-

1070 1330 1440 1372 ficavitDominus
1447 1331 1568 1372 Deus
1580 1335 1760 1381 costam,
1769 1344 1901 1384 quam

1069 1386 1231 1428 tulerat
1255 1387 1310 1429 de
1330 1387 1490 1437 Adam,
1518 1388 1562 1428 in
1585 1387 1829 1430 mulierem:
1857 1393 1901 1430 et

1070 1443 1254 1486 adduxit
1283 1457 1379 1486 eam
1407 1444 1464 1486 ad
1491 1444 1646 1485 Adam.
1691 1445 1901 1497 Dixitque

1070 1500 1234 1542 Adam:
1268 1501 1369 1542 Hoc
1396 1514 1531 1550 nunc,
1565 1512 1615 1542 os
1644 1513 1699 1542 ex
1727 1501 1900 1543 ossibus

1070 1558 1195 1608 meiS,
1225 1562 1269 1599 et
1295 1570 1397 1599 caro
1425 1557 1479 1599 de
1508 1570 1638 1599 carne
1662 1570 1778 1599 mea:
1804 1557 1902 1600 haec

1071 1614 1300 1656 vocabitur
1314 1615 1493 1665 Virago,
1513 1613 1720 1670 quoniam
1735 1614 1790 1656 de
1807 1615 1901 1656 viro

1071 1676 1246 1723 sumpta
1262 1676 1338 1713 est.
1368 1670 1666 1721 Quamobrem
1684 1670 1902 1724 relinquet

1070 1726 1202 1769 homo
1222 1733 1393 1780 patrem
1412 1740 1552 1777 suum,
1573 1732 1618 1769 et
1636 1731 1837 1778 matrem,
1857 1732 1902 1770 et

1071 1784 1318 1826 adhaerebit
1337 1785 1463 1826 uxori
1483 1797 1590 1825 suae:
1609 1789 1653 1826 et
1672 1789 1798 1826 erunt
1813 1784 1901 1827 duo

1071 1841 1115 1881 in
1134 1854 1265 1883 carne
1283 1854 1380 1883 una.
1415 1843 1464 1894 Rg.
1486 1841 1671 1883 Immisit
1686 1841 1791 1882 Dfis.
1809 1843 1902 1883 322.

1127 1903 1193 1943 Ad
1213 1904 1383 1951 Magnif.
1404 1905 1499 1943 Ant.
1522 1902 1644 1944 Dixit
1663 1908 1810 1945 autem
1828 1915 1902 1956 pa-

1072 1959 1341 2001 terfamilias:
1360 1958 1383 1984 *
1400 1958 1565 2009 Amice,
1582 1972 1671 2001 non
1689 1959 1804 2001 facio
1822 1959 1903 2002 tibi

1072 2016 1287 2068 injuriam:
1324 2027 1468 2058 nonne
1501 2029 1556 2058 ex
1589 2016 1768 2058 denario
1802 2029 1902 2058 con-

1072 2073 1229 2114 venisti
1259 2071 1459 2115 mecum?
1494 2073 1601 2114 tolle
1630 2072 1750 2125 quod
1777 2078 1902 2116 tuum

1072 2134 1150 2180 est,
1174 2134 1217 2171 et
1238 2129 1361 2171 vade.

1283 2239 1317 2274 F
1330 2249 1353 2274 e
1365 2239 1407 2275 ri
1420 2249 1446 2275 a
1479 2239 1515 2286 Q
1527 2250 1554 2275 u
1566 2250 1592 2275 a
1601 2249 1621 2274 r
1631 2242 1648 2275 t
1659 2249 1696 2276 a.

1265 2296 1276 2334 Ι
1283 2299 1327 2336 >e
1363 2294 1476 2336 libro
1516 2295 1713 2336 Genesis

1179 2355 1328 2396 Lectio
1351 2357 1373 2395 i.
1642 2356 1743 2406 Cap.
1760 2357 1795 2394 53.

1075 2416 1134 2466 Ε
1147 2411 1201 2453 ed
1217 2417 1260 2453 et
1279 2424 1461 2464 serpens
1477 2416 1570 2453 erat
1589 2411 1787 2453 callidior
1801 2423 1901 2452 cun·
1926 2435 1928 2440 ,

1078 2464 1140 2513 Q)
1162 2468 1244 2509 ctis
1264 2467 1558 2509 animantibus
1577 2472 1708 2508 terrae
1724 2480 1823 2519 quae
1845 2467 1901 2508 fe-

1074 2530 1192 2567 cerat
1211 2525 1424 2565 Dominus
1444 2524 1576 2565 Deus.
1610 2524 1694 2574 Qui
1716 2523 1825 2565 dixit
1845 2523 1901 2565 ad

1073 2581 1313 2622 mulierem:
1325 2580 1412 2621 Cur
1422 2581 1635 2633 praecepit
1646 2580 1772 2622 vobis
1780 2580 1901 2621 Deus

1073 2643 1120 2679 ut
1143 2650 1230 2679 non
1254 2636 1543 2678 comederetis
1563 2636 1619 2678 de
1643 2637 1760 2678 omni
1782 2636 1900 2688 ligno

1072 2693 1286 2748 paradisi?
1309 2693 1388 2734 Cui
1402 2693 1631 2746 respondit
1645 2692 1815 2734 mulier:
1833 2692 1901 2733 De

1073 2752 1216 2793 fructu
1235 2750 1462 2801 lignorum,
1484 2763 1583 2802 quae
1603 2755 1703 2791 sunt
1718 2750 1762 2790 in
1777 2761 1901 2802 para-
