2040 2990
175 208 249 244 220

178 308 240 349 cis
269 320 339 356 ea,
373 305 473 357 quia
505 309 553 346 tu
587 303 767 354 effugies
800 301 1005 353 judicium

176 362 282 405 Dei?
311 364 381 404 An
401 362 576 404 divitias
595 360 806 402 bonitatis
831 360 936 410 ejus,
962 363 1005 399 et

176 419 414 473 patientiae,
435 424 478 460 et
497 416 840 468 longanimitatis
860 415 1005 456 conte-

176 475 310 517 mnis?
330 476 514 526 Ignoras
534 474 741 526 quoniam
756 471 1004 523 benignitas

176 533 259 575 Dei
279 531 335 574 ad
353 531 658 585 poenitentiam
676 535 720 571 te
741 525 941 570 adducit?

228 594 277 644 R.
318 589 441 639 Euge
475 600 601 629 serve
635 586 750 628 bone
780 591 823 626 et
851 583 1004 632 fidelis,

177 646 279 698 quia
307 645 350 686 in
378 657 521 698 pauca
546 643 665 684 fuisti
688 641 842 691 fidelis,
870 653 1004 692 supra

176 702 313 744 multa
349 707 393 743 te
429 702 714 742 constituam:
744 702 767 725 *
802 699 923 739 Intra
959 697 1003 737 in

175 759 384 811 gaudium
414 756 592 798 Domini
621 756 695 797 tui.
729 751 777 802 Y.
814 753 1004 795 Domine

177 816 370 868 quinque
412 815 576 856 talenta
618 811 839 854 tradidisti
886 810 1003 859 mihi,

177 885 280 914 ecce
318 871 402 912 alia
440 870 633 922 quinque
675 868 1003 921 superlucratus

176 942 283 970 sum.
319 929 452 969 Intra.

486 982 638 1023 Lectio
659 982 695 1021 ii.

178 1036 463 1144 Secundum
483 1040 628 1076 autem
650 1034 854 1075 duritiam
873 1037 1003 1082 tuam,

257 1099 300 1135 et
318 1092 599 1146 impoenitens
621 1104 711 1140 cor,
733 1090 1003 1131 thesaurizas

175 1151 256 1193 tibi
276 1151 385 1191 iram
405 1150 448 1190 in
469 1148 539 1190 die
556 1149 644 1197 irae,
666 1152 709 1189 et
723 1146 1004 1188 revelationis

174 1208 275 1259 justi
295 1206 441 1258 judicii
454 1206 550 1255 Dei,
571 1205 645 1257 qui
664 1203 821 1245 reddet
842 1203 1003 1244 unicui-

176 1277 260 1316 que
280 1262 521 1304 secundum
545 1263 681 1314 opera
705 1261 808 1311 ejus:
834 1259 886 1300 iis
913 1259 1004 1311 qui-

176 1321 293 1369 dem,
339 1319 413 1371 qui
459 1317 701 1359 secundum
746 1316 1004 1370 patientiam

174 1377 278 1418 boni
299 1375 461 1429 operis,
486 1374 688 1425 gloriam,
715 1379 758 1415 et
778 1373 1004 1422 honorem,

177 1439 220 1475 et
239 1432 614 1484 incorruptionem
635 1435 847 1483 quaerunt,
869 1430 1005 1471 vitam

177 1491 399 1531 aeternam:
437 1488 490 1528 iis
518 1492 683 1536 autem,
719 1487 793 1538 qui
823 1491 924 1527 sunt
951 1499 1005 1527 ex

177 1545 475 1594 contentione,
519 1550 562 1585 et
599 1544 674 1595 qui
710 1555 797 1584 non
834 1543 1005 1594 acquie-

177 1607 304 1644 scunt
328 1601 517 1650 veritati,
547 1599 732 1642 credunt
759 1604 907 1641 autem
930 1599 1005 1640 ini-

179 1658 347 1711 quitati,
366 1658 431 1698 ira
450 1662 493 1698 et
512 1656 767 1707 indignatio.

231 1717 282 1767 R.
315 1715 432 1756 Ecce
461 1712 669 1754 sacerdos
698 1725 898 1763 magnus,
932 1712 1007 1764 qui

178 1771 222 1812 in
242 1771 397 1813 diebus
422 1770 512 1811 suis
535 1769 701 1822 placuit
720 1769 832 1811 Deo:
854 1772 876 1795 *
895 1767 1005 1810 Ideo

179 1827 453 1879 jurejurando
494 1826 596 1867 fecit
633 1825 754 1866 illum
792 1825 1007 1866 Dominus

179 1886 376 1926 erescere
401 1884 444 1924 in
468 1882 644 1936 plebem
670 1895 805 1923 suam.
848 1878 897 1930 Y.
927 1882 1006 1922 Be-

179 1940 473 1982 nedictionem
497 1939 691 1980 omnium
714 1939 909 1989 gentium
935 1937 1006 1979 de-

181 1997 244 2038 dit
264 1996 340 2046 illi,
368 2002 411 2039 et
431 1997 743 2038 testamentum
764 2008 891 2036 suum
909 2007 1006 2036 con-

181 2053 369 2095 firmavit
389 2066 521 2106 super
541 2057 674 2104 caput
694 2052 795 2104 ejus.
824 2051 942 2094 Ideo.

482 2114 631 2154 Lectio
652 2116 706 2154 iii.

259 2169 465 2210 ribulatio
486 2174 529 2210 et
549 2170 750 2220 angustia
769 2169 812 2210 in
834 2182 1008 2211 omnem

269 2226 458 2267 animam
476 2225 663 2266 hominis
680 2226 905 2278 operantis
920 2239 1007 2268 ma-

181 2284 281 2332 lum,
300 2281 442 2323 Judaei
460 2282 661 2334 primum,
681 2288 724 2323 et
740 2283 900 2323 Graeci:
918 2283 1008 2334 glo-

182 2340 247 2380 ria
270 2344 431 2388 autem,
459 2343 503 2380 et
525 2338 684 2387 honor,
713 2343 756 2379 et
781 2352 868 2390 pax
892 2339 1009 2380 omni

183 2395 383 2448 operanti
415 2395 596 2444 bonum,
631 2395 787 2436 Judaeo
820 2395 1010 2447 primum

183 2457 227 2494 et
255 2452 432 2493 Graeco:
463 2464 550 2492 non
576 2451 691 2492 enim
717 2456 784 2492 est
810 2453 1009 2504 acceptio

182 2510 471 2562 personarum
490 2507 607 2560 apud
624 2508 778 2549 Deum.
807 2508 1010 2558 Quicum-

185 2578 270 2618 que
303 2565 418 2605 enim
451 2564 544 2605 sine
576 2564 672 2614 lege
703 2566 1010 2616 peccaverunt,

185 2622 277 2662 sine
304 2620 400 2672 lege
423 2620 642 2673 peribunt:
677 2626 720 2662 et
747 2621 1010 2673 quicumque

184 2678 228 2719 in
247 2678 345 2729 lege
363 2678 671 2729 peccaverunt,
695 2690 773 2729 per
794 2677 934 2728 legem
953 2679 1010 2729 ju-

186 2733 457 2776 dicabuntur.
504 2733 604 2774 Non
639 2733 754 2774 enim
786 2733 1010 2775 auditores

631 208 682 240 331.
709 207 796 239 Dec.
844 207 878 239 S.
904 204 1078 239 Silvestri
1106 204 1223 246 Papae
1250 210 1285 237 et
1308 204 1415 238 Conf.

1057 300 1165 351 legis
1197 299 1298 350 justi
1329 303 1431 340 sunt
1463 298 1582 351 apud
1611 299 1773 350 Deum,
1807 298 1885 340 sed

1058 356 1247 398 factores
1266 355 1375 408 legis
1395 355 1755 407 justificabuntur.

1107 415 1158 466 R.
1186 413 1211 454 J
1213 413 1357 454 uravit
1373 412 1601 454 Dominus.
1620 411 1703 465 [52]

1280 491 1328 529 In
1356 489 1407 528 Π.
1436 490 1659 530 Nocturno.

1360 555 1512 595 Lectio
1533 555 1586 595 iv.

1064 622 1338 688 ”»’ἰ1νόεῒει·
1369 621 1611 671 Romanus,
1643 625 1770 673 patre
1799 620 1886 661 Ru-

1068 694 1157 763 Q
1178 679 1302 777 {523st
1317 678 1887 787 {yffissapssssasssstgrssfffssffl

1057 795 1121 845 jus
1159 792 1406 834 doctrinam
1449 796 1492 832 et
1532 803 1677 832 mores
1714 789 1887 842 egregie

1057 850 1252 892 imitatus
1272 854 1349 891 est.
1381 849 1483 898 Hic,
1511 847 1722 889 saeviente
1740 859 1886 900 perse-

1058 907 1244 956 cutione,
1263 906 1308 946 in
1322 905 1505 947 Soracte
1524 908 1673 946 monte
1690 903 1887 945 latitave-

1057 969 1142 1013 rat,
1175 967 1219 1005 et
1246 961 1518 1013 trigesimum
1546 974 1707 1002 annum
1735 973 1887 1011 agens,

1056 1020 1288 1074 presbyter
1314 1023 1478 1060 sanctae
1502 1018 1715 1059 Romanae
1739 1016 1887 1058 Eccle-

1058 1078 1135 1118 siae
1155 1090 1181 1118 a
1196 1075 1452 1117 Marcellino
1468 1074 1682 1116 Pontifice
1702 1075 1888 1116 creatur.

1058 1135 1155 1184 Quo
1185 1133 1229 1174 in
1262 1136 1442 1174 munere
1477 1144 1577 1173 cum
1610 1131 1729 1172 omni
1757 1129 1887 1172 laude

1058 1191 1228 1233 clericis
1260 1189 1357 1231 aliis
1383 1187 1683 1235 antecelleret,
1714 1188 1759 1228 in
1783 1187 1887 1229 Mel-

1058 1246 1226 1289 chiadis
1271 1248 1428 1299 postea
1472 1244 1620 1286 locum
1665 1243 1889 1294 successit,

1057 1305 1326 1357 imperatore
1345 1302 1644 1351 Constantino,
1665 1301 1740 1353 qui
1759 1302 1889 1342 antea

1057 1373 1213 1414 pacem
1244 1359 1458 1401 Ecclesiae
1487 1357 1651 1400 Christi
1682 1357 1778 1409 lege
1810 1360 1888 1411 pu-

1056 1418 1173 1460 blica
1207 1416 1402 1458 dederat.
1446 1415 1535 1457 Vix
1565 1414 1778 1456 Ecclesiae
1813 1427 1888 1466 gu-

1057 1473 1295 1516 bernacula
1339 1471 1571 1514 tractanda
1619 1472 1889 1524 susceperat,

1059 1532 1411 1580 Constantinum,
1447 1529 1533 1581 jam
1573 1527 1726 1570 Crucis
1763 1527 1888 1579 signo

1059 1588 1233 1630 co'elitus
1270 1586 1552 1635 illustratum,
1590 1590 1634 1627 et
1669 1583 1724 1627 de
1760 1583 1890 1626 hoste

1058 1644 1282 1686 Maxentio
1319 1643 1552 1692 victorem,
1589 1641 1647 1683 ad
1681 1640 1890 1683 tuendam

1058 1699 1480 1755 propagandamque
1497 1697 1781 1740 christianam
1793 1697 1889 1740 reli·

1058 1759 1235 1810 gionem
1245 1757 1442 1809 impense
1452 1755 1572 1797 fovit.
1592 1755 1734 1805 Quem
1747 1754 1890 1804 etiam,

1059 1815 1124 1857 uti
1143 1819 1270 1856 vetus
1288 1813 1501 1855 Ecclesiae
1520 1812 1733 1853 Romanae
1757 1810 1891 1853 refert

1060 1870 1260 1921 traditio,
1313 1868 1635 1923 Apostolorum
1678 1867 1890 1920 imagines

1060 1930 1379 1980 recognoscere
1415 1926 1536 1977 fecit,
1578 1937 1706 1967 sacro
1747 1924 1889 1977 bapti-

1061 1990 1200 2027 smate
1219 1984 1364 2034 tinxit,
1394 1988 1438 2025 et
1464 1982 1519 2024 ab
1539 1980 1812 2023 infidelitatis
1830 1981 1888 2023 le-

1059 2055 1141 2095 pra
1159 2040 1399 2082 mundavit.

1116 2105 1166 2156 R.
1191 2101 1344 2143 Inveni
1362 2100 1509 2142 David
1531 2113 1707 2142 servum
1733 2111 1890 2148 meum,

1061 2160 1162 2202 oleo
1209 2163 1362 2200 sancto
1407 2169 1507 2199 meo
1554 2156 1659 2198 unxi
1703 2168 1821 2198 eum:
1867 2156 1890 2180 *

1060 2217 1216 2258 Manus
1249 2215 1364 2257 enim
1395 2226 1494 2255 mea
1526 2212 1809 2255 auxiliabitur
1841 2211 1892 2253 ei.

1062 2267 1113 2319 V.
1138 2271 1259 2314 Nihil
1287 2270 1492 2324 proficiet
1519 2269 1721 2311 inimicus
1753 2269 1796 2310 in
1826 2280 1889 2318 eo,

1063 2334 1106 2371 et
1133 2328 1250 2370 filius
1274 2327 1518 2379 iniquitatis
1536 2338 1623 2367 non
1642 2324 1821 2367 nocebit
1840 2325 1890 2366 ei.

1062 2386 1228 2427 Manus.

1372 2437 1527 2478 Lectio
1548 2451 1583 2477 v.

1062 2500 1240 2607 Itaque
1266 2507 1446 2547 auctore
1464 2504 1676 2546 Silvestro
1698 2503 1796 2556 pius
1815 2502 1891 2543 im-

1123 2565 1303 2617 perator
1354 2574 1485 2614 quam
1534 2558 1891 2601 christifidelibus

1063 2620 1239 2674 publice
1272 2618 1437 2670 templa
1470 2615 1725 2658 exstruendi
1756 2615 1891 2657 triba-

1064 2682 1158 2719 erat
1175 2675 1444 2724 facultatem,
1470 2686 1567 2715 eam
1586 2672 1791 2725 exemplo
1810 2683 1891 2713 suo

1064 2732 1354 2782 confirmavit3
1394 2730 1554 2772 multas
1596 2730 1711 2771 enim
1752 2727 1891 2771 erexit
