<?xml version="1.0" encoding="UTF-8"?>
<!DOCTYPE html PUBLIC "-//W3C//DTD XHTML 1.0 Transitional//EN"
    "http://www.w3.org/TR/xhtml1/DTD/xhtml1-transitional.dtd">
<html xmlns="http://www.w3.org/1999/xhtml" xml:lang="en" lang="en">
 <head>
  <title>
</title>
<meta http-equiv="Content-Type" content="text/html;charset=utf-8" />
  <meta name='ocr-system' content='tesseract 3.04.00' />
  <meta name='ocr-capabilities' content='ocr_page ocr_carea ocr_par ocr_line ocrx_word'/>
</head>
<body>
  <div class='ocr_page' id='page_1' title='image "./p1breviariumroma00cathuoft_0648.png"; bbox 0 0 2080 2990; ppageno 0'>
   <div class='ocr_carea' id='block_1_1' title="bbox 230 213 302 257">
    <p class='ocr_par' dir='ltr' id='par_1_1' title="bbox 230 213 302 257">
     <span class='ocr_line' id='line_1_1' title="bbox 230 213 302 257; baseline 0 0"><span class='ocrx_word' id='word_1_1' title='bbox 230 213 302 257; x_wconf 84' lang='grc'>[86]</span> 
     </span>
    </p>
   </div>
   <div class='ocr_carea' id='block_1_2' title="bbox 225 263 1932 380">
    <p class='ocr_par' dir='ltr' id='par_1_2' title="bbox 225 263 1932 380">
     <span class='ocr_line' id='line_1_2' title="bbox 225 263 1932 380; baseline 0 0"><span class='ocrx_word' id='word_1_2' title='bbox 225 263 1932 380; x_wconf 95' lang='lat' dir='ltr'><strong>   </strong></span> 
     </span>
    </p>
   </div>
   <div class='ocr_carea' id='block_1_3' title="bbox 237 307 1055 630">
    <p class='ocr_par' dir='ltr' id='par_1_3' title="bbox 237 307 1055 630">
     <span class='ocr_line' id='line_1_3' title="bbox 237 307 1053 356; baseline -0.005 -7"><span class='ocrx_word' id='word_1_3' title='bbox 237 307 355 349; x_wconf 75' lang='lat' dir='ltr'><strong>I&#39;nde</strong></span> <span class='ocrx_word' id='word_1_4' title='bbox 374 319 454 348; x_wconf 89' lang='lat' dir='ltr'><strong>nec</strong></span> <span class='ocrx_word' id='word_1_5' title='bbox 472 311 669 356; x_wconf 89' lang='lat' dir='ltr'><strong>mortem,</strong></span> <span class='ocrx_word' id='word_1_6' title='bbox 688 319 770 347; x_wconf 92' lang='lat' dir='ltr'><strong>nec</strong></span> <span class='ocrx_word' id='word_1_7' title='bbox 789 308 926 347; x_wconf 90' lang='lat' dir='ltr'><strong>amica</strong></span> <span class='ocrx_word' id='word_1_8' title='bbox 941 317 1053 346; x_wconf 90' lang='lat' dir='ltr'><strong>mor-</strong></span> 
     </span>
     <span class='ocr_line' id='line_1_4' title="bbox 434 363 491 404; baseline 0 0"><span class='ocrx_word' id='word_1_9' title='bbox 434 363 491 404; x_wconf 90' lang='lat' dir='ltr'><strong>tis</strong></span> 
     </span>
     <span class='ocr_line' id='line_1_5' title="bbox 280 418 1053 472; baseline -0.003 -12"><span class='ocrx_word' id='word_1_10' title='bbox 280 419 399 461; x_wconf 86' lang='lat' dir='ltr'><strong>Mille</strong></span> <span class='ocrx_word' id='word_1_11' title='bbox 425 421 656 472; x_wconf 81' lang='lat' dir='ltr'><strong>poenarum</strong></span> <span class='ocrx_word' id='word_1_12' title='bbox 684 420 843 470; x_wconf 88' lang='lat' dir='ltr'><strong>genera</strong></span> <span class='ocrx_word' id='word_1_13' title='bbox 870 418 1053 470; x_wconf 84' lang='lat' dir='ltr'><strong>expave-</strong></span> 
     </span>
     <span class='ocr_line' id='line_1_6' title="bbox 436 489 1005 524; baseline -0.002 -8"><span class='ocrx_word' id='word_1_14' title='bbox 436 489 574 524; x_wconf 88' lang='lat' dir='ltr'><strong>scens,</strong></span> <span class='ocrx_word' id='word_1_15' title='bbox 1003 507 1005 509; x_wconf 92' lang='lat'>.</span> 
     </span>
     <span class='ocr_line' id='line_1_7' title="bbox 281 531 1055 583; baseline -0.004 -10"><span class='ocrx_word' id='word_1_16' title='bbox 281 532 499 583; x_wconf 79' lang='lat' dir='ltr'><strong>Sanguine</strong></span> <span class='ocrx_word' id='word_1_17' title='bbox 519 532 658 574; x_wconf 80' lang='lat' dir='ltr'><strong>effuso</strong></span> <span class='ocrx_word' id='word_1_18' title='bbox 677 531 835 573; x_wconf 89' lang='lat' dir='ltr'><strong>meruit</strong></span> <span class='ocrx_word' id='word_1_19' title='bbox 853 532 1055 572; x_wconf 91' lang='lat' dir='ltr'><strong>serenum</strong></span> 
     </span>
     <span class='ocr_line' id='line_1_8' title="bbox 383 588 792 630; baseline -0.002 -1"><span class='ocrx_word' id='word_1_20' title='bbox 383 588 603 630; x_wconf 83' lang='lat' dir='ltr'><strong>Scandere</strong></span> <span class='ocrx_word' id='word_1_21' title='bbox 622 588 792 629; x_wconf 89' lang='lat' dir='ltr'><strong>coelum.</strong></span> 
     </span>
    </p>
   </div>
   <div class='ocr_carea' id='block_1_4' title="bbox 236 660 1054 872">
    <p class='ocr_par' dir='ltr' id='par_1_4' title="bbox 236 660 1054 826">
     <span class='ocr_line' id='line_1_9' title="bbox 236 660 934 713; baseline -0.004 -10"><span class='ocrx_word' id='word_1_22' title='bbox 236 662 368 713; x_wconf 85' lang='lat' dir='ltr'><strong>Hujus</strong></span> <span class='ocrx_word' id='word_1_23' title='bbox 389 663 515 703; x_wconf 79' lang='lat' dir='ltr'><strong>oratu</strong></span> <span class='ocrx_word' id='word_1_24' title='bbox 534 662 655 703; x_wconf 92' lang='lat' dir='ltr'><strong>Deus</strong></span> <span class='ocrx_word' id='word_1_25' title='bbox 675 661 787 702; x_wconf 92' lang='lat' dir='ltr'><strong>alme</strong></span> <span class='ocrx_word' id='word_1_26' title='bbox 807 660 934 702; x_wconf 91' lang='lat' dir='ltr'><strong>nobis</strong></span> 
     </span>
     <span class='ocr_line' id='line_1_10' title="bbox 281 717 1054 770; baseline -0.004 -11"><span class='ocrx_word' id='word_1_27' title='bbox 281 717 464 759; x_wconf 89' lang='lat' dir='ltr'><strong>Debitas</strong></span> <span class='ocrx_word' id='word_1_28' title='bbox 479 731 633 770; x_wconf 88' lang='lat' dir='ltr'><strong>poenas</strong></span> <span class='ocrx_word' id='word_1_29' title='bbox 645 717 858 759; x_wconf 90' lang='lat' dir='ltr'><strong>scelerum</strong></span> <span class='ocrx_word' id='word_1_30' title='bbox 868 718 1054 765; x_wconf 89' lang='lat' dir='ltr'><strong>remitte;</strong></span> 
     </span>
     <span class='ocr_line' id='line_1_11' title="bbox 281 772 1020 826; baseline -0.004 -11"><span class='ocrx_word' id='word_1_31' title='bbox 281 774 340 816; x_wconf 84' lang='lat' dir='ltr'><strong>Ut</strong></span> <span class='ocrx_word' id='word_1_32' title='bbox 358 773 438 815; x_wconf 91' lang='lat' dir='ltr'><strong>tibi</strong></span> <span class='ocrx_word' id='word_1_33' title='bbox 454 786 566 826; x_wconf 92' lang='lat' dir='ltr'><strong>puro</strong></span> <span class='ocrx_word' id='word_1_34' title='bbox 586 775 840 815; x_wconf 91' lang='lat' dir='ltr'><strong>resonemus</strong></span> <span class='ocrx_word' id='word_1_35' title='bbox 859 772 1020 813; x_wconf 88' lang='lat' dir='ltr'><strong>almum</strong></span> 
     </span>
    </p>

    <p class='ocr_par' dir='ltr' id='par_1_5' title="bbox 383 831 773 872">
     <span class='ocr_line' id='line_1_12' title="bbox 383 831 773 872; baseline 0.003 -2"><span class='ocrx_word' id='word_1_36' title='bbox 383 831 568 872; x_wconf 87' lang='lat' dir='ltr'><strong>Pectore</strong></span> <span class='ocrx_word' id='word_1_37' title='bbox 587 843 773 871; x_wconf 89' lang='lat' dir='ltr'><strong>carmen.</strong></span> 
     </span>
    </p>
   </div>
   <div class='ocr_carea' id='block_1_5' title="bbox 234 901 1056 1632">
    <p class='ocr_par' dir='ltr' id='par_1_6' title="bbox 234 901 1054 1069">
     <span class='ocr_line' id='line_1_13' title="bbox 234 901 1007 955; baseline -0.004 -10"><span class='ocrx_word' id='word_1_38' title='bbox 234 904 296 945; x_wconf 75' lang='lat' dir='ltr'><strong>Sit</strong></span> <span class='ocrx_word' id='word_1_39' title='bbox 315 903 449 945; x_wconf 90' lang='lat' dir='ltr'><strong>decus</strong></span> <span class='ocrx_word' id='word_1_40' title='bbox 468 904 597 953; x_wconf 88' lang='lat' dir='ltr'><strong>Patri,</strong></span> <span class='ocrx_word' id='word_1_41' title='bbox 616 903 860 955; x_wconf 81' lang='lat' dir='ltr'><strong>genitaeque</strong></span> <span class='ocrx_word' id='word_1_42' title='bbox 879 901 1007 951; x_wconf 91' lang='lat' dir='ltr'><strong>Proli,</strong></span> 
     </span>
     <span class='ocr_line' id='line_1_14' title="bbox 280 959 1054 1012; baseline -0.003 -11"><span class='ocrx_word' id='word_1_43' title='bbox 280 960 337 1001; x_wconf 89' lang='lat' dir='ltr'><strong>Et</strong></span> <span class='ocrx_word' id='word_1_44' title='bbox 362 959 441 1001; x_wconf 92' lang='lat' dir='ltr'><strong>tibi</strong></span> <span class='ocrx_word' id='word_1_45' title='bbox 464 972 645 1012; x_wconf 88' lang='lat' dir='ltr'><strong>compar</strong></span> <span class='ocrx_word' id='word_1_46' title='bbox 667 959 894 1011; x_wconf 84' lang='lat' dir='ltr'><strong>utriusque</strong></span> <span class='ocrx_word' id='word_1_47' title='bbox 918 959 1054 1000; x_wconf 83' lang='lat' dir='ltr'><strong>virtus</strong></span> 
     </span>
     <span class='ocr_line' id='line_1_15' title="bbox 280 1016 1054 1069; baseline -0.001 -12"><span class='ocrx_word' id='word_1_48' title='bbox 280 1016 467 1068; x_wconf 85' lang='lat' dir='ltr'>Spiritus</span> <span class='ocrx_word' id='word_1_49' title='bbox 496 1029 686 1069; x_wconf 85' lang='lat' dir='ltr'><strong>semper,</strong></span> <span class='ocrx_word' id='word_1_50' title='bbox 722 1016 843 1057; x_wconf 92' lang='lat' dir='ltr'><strong>Deus</strong></span> <span class='ocrx_word' id='word_1_51' title='bbox 871 1029 983 1056; x_wconf 90' lang='lat' dir='ltr'><strong>unus</strong></span> <span class='ocrx_word' id='word_1_52' title='bbox 1011 1028 1054 1056; x_wconf 93' lang='lat' dir='ltr'><strong>o-</strong></span> 
     </span>
    </p>

    <p class='ocr_par' dir='ltr' id='par_1_7' title="bbox 383 1086 938 1181">
     <span class='ocr_line' id='line_1_16' title="bbox 437 1086 527 1113; baseline 0 0"><span class='ocrx_word' id='word_1_53' title='bbox 437 1086 527 1113; x_wconf 86' lang='lat' dir='ltr'><strong>mni</strong></span> 
     </span>
     <span class='ocr_line' id='line_1_17' title="bbox 383 1128 938 1181; baseline -0.002 -12"><span class='ocrx_word' id='word_1_54' title='bbox 383 1128 614 1181; x_wconf 88' lang='lat' dir='ltr'><strong>Temporis</strong></span> <span class='ocrx_word' id='word_1_55' title='bbox 638 1141 745 1169; x_wconf 84' lang='lat' dir='ltr'><strong>aevo.</strong></span> <span class='ocrx_word' id='word_1_56' title='bbox 786 1128 938 1169; x_wconf 93' lang='lat' dir='ltr'><strong>Amen.</strong></span> 
     </span>
    </p>

    <p class='ocr_par' dir='ltr' id='par_1_8' title="bbox 236 1196 1055 1402">
     <span class='ocr_line' id='line_1_18' title="bbox 287 1196 1053 1235; baseline -0.007 -6"><span class='ocrx_word' id='word_1_57' title='bbox 287 1196 322 1228; x_wconf 51' lang='lat' dir='ltr'><strong>Si</strong></span> <span class='ocrx_word' id='word_1_58' title='bbox 342 1198 478 1229; x_wconf 61' lang='lat' dir='ltr'><strong>Sam-ta</strong></span> <span class='ocrx_word' id='word_1_59' title='bbox 501 1196 609 1229; x_wconf 55' lang='lat' dir='ltr'><strong>fut-rit</strong></span> <span class='ocrx_word' id='word_1_60' title='bbox 625 1196 741 1235; x_wconf 51' lang='lat' dir='ltr'><strong>Virgo</strong></span> <span class='ocrx_word' id='word_1_61' title='bbox 758 1200 912 1229; x_wconf 65' lang='lat' dir='ltr'><strong>tantum,</strong></span> <span class='ocrx_word' id='word_1_62' title='bbox 931 1201 964 1226; x_wconf 73' lang='lat' dir='ltr'><strong>ct</strong></span> <span class='ocrx_word' id='word_1_63' title='bbox 982 1204 1053 1225; x_wconf 74' lang='lat' dir='ltr'><strong>non</strong></span> 
     </span>
     <span class='ocr_line' id='line_1_19' title="bbox 238 1244 938 1286; baseline -0.004 -9"><span class='ocrx_word' id='word_1_64' title='bbox 238 1244 545 1286; x_wconf 66' lang='lat' dir='ltr'><strong>Mai·1y1·.dicitur</strong></span> <span class='ocrx_word' id='word_1_65' title='bbox 566 1244 737 1286; x_wconf 60' lang='lat' dir='ltr'><strong>Hymnus</strong></span> <span class='ocrx_word' id='word_1_66' title='bbox 757 1253 938 1285; x_wconf 61' lang='lat' dir='ltr'><strong>sequeus:</strong></span> 
     </span>
     <span class='ocr_line' id='line_1_20' title="bbox 236 1296 1055 1402; baseline 0 -64"><span class='ocrx_word' id='word_1_67' title='bbox 236 1296 471 1402; x_wconf 90' lang='lat' dir='ltr'><strong>Virginis</strong></span> <span class='ocrx_word' id='word_1_68' title='bbox 498 1297 665 1348; x_wconf 91' lang='lat' dir='ltr'><strong>Proles,</strong></span> <span class='ocrx_word' id='word_1_69' title='bbox 694 1297 941 1350; x_wconf 83' lang='lat' dir='ltr'><strong>Opifexque</strong></span> <span class='ocrx_word' id='word_1_70' title='bbox 968 1297 1055 1338; x_wconf 93' lang='lat' dir='ltr'><strong>Ma-</strong></span> 
     </span>
    </p>

    <p class='ocr_par' dir='ltr' id='par_1_9' title="bbox 435 1355 525 1404">
     <span class='ocr_line' id='line_1_21' title="bbox 435 1355 525 1404; baseline 0 -9"><span class='ocrx_word' id='word_1_71' title='bbox 435 1355 525 1404; x_wconf 86' lang='lat' dir='ltr'><strong>tris,</strong></span> 
     </span>
    </p>

    <p class='ocr_par' dir='ltr' id='par_1_10' title="bbox 282 1411 1056 1463">
     <span class='ocr_line' id='line_1_22' title="bbox 282 1411 1056 1463; baseline -0.001 -11"><span class='ocrx_word' id='word_1_72' title='bbox 282 1411 418 1463; x_wconf 86' lang='lat' dir='ltr'><strong>Virgo</strong></span> <span class='ocrx_word' id='word_1_73' title='bbox 456 1423 586 1463; x_wconf 92' lang='lat' dir='ltr'><strong>quem</strong></span> <span class='ocrx_word' id='word_1_74' title='bbox 614 1411 765 1462; x_wconf 83' lang='lat' dir='ltr'>gessit,</span> <span class='ocrx_word' id='word_1_75' title='bbox 797 1412 1056 1463; x_wconf 83' lang='lat' dir='ltr'><strong>peperitque</strong></span> 
     </span>
    </p>

    <p class='ocr_par' dir='ltr' id='par_1_11' title="bbox 283 1468 1056 1632">
     <span class='ocr_line' id='line_1_23' title="bbox 438 1468 591 1519; baseline -0.007 -10"><span class='ocrx_word' id='word_1_76' title='bbox 438 1468 591 1519; x_wconf 88' lang='lat' dir='ltr'><strong>Virgo;</strong></span> 
     </span>
     <span class='ocr_line' id='line_1_24' title="bbox 283 1522 1056 1575; baseline -0.001 -10"><span class='ocrx_word' id='word_1_77' title='bbox 283 1524 477 1575; x_wconf 86' lang='lat' dir='ltr'>Virginis</span> <span class='ocrx_word' id='word_1_78' title='bbox 500 1524 660 1565; x_wconf 89' lang='lat' dir='ltr'><strong>festum</strong></span> <span class='ocrx_word' id='word_1_79' title='bbox 683 1524 878 1565; x_wconf 77' lang='lat' dir='ltr'><strong>canimus</strong></span> <span class='ocrx_word' id='word_1_80' title='bbox 903 1522 1056 1572; x_wconf 78' lang='lat' dir='ltr'><strong>beatae,</strong></span> 
     </span>
     <span class='ocr_line' id='line_1_25' title="bbox 389 1580 736 1632; baseline -0.003 -11"><span class='ocrx_word' id='word_1_81' title='bbox 389 1580 555 1632; x_wconf 88' lang='lat' dir='ltr'><strong>Accipe</strong></span> <span class='ocrx_word' id='word_1_82' title='bbox 574 1585 736 1621; x_wconf 90' lang='lat' dir='ltr'><strong>votum.</strong></span> 
     </span>
    </p>
   </div>
   <div class='ocr_carea' id='block_1_6' title="bbox 237 1653 1057 1864">
    <p class='ocr_par' dir='ltr' id='par_1_12' title="bbox 237 1653 1057 1819">
     <span class='ocr_line' id='line_1_26' title="bbox 237 1653 934 1705; baseline -0.001 -9"><span class='ocrx_word' id='word_1_83' title='bbox 237 1653 370 1705; x_wconf 86' lang='lat' dir='ltr'><strong>Hujus</strong></span> <span class='ocrx_word' id='word_1_84' title='bbox 389 1655 516 1694; x_wconf 81' lang='lat' dir='ltr'><strong>oratu</strong></span> <span class='ocrx_word' id='word_1_85' title='bbox 534 1654 654 1694; x_wconf 94' lang='lat' dir='ltr'><strong>Deus</strong></span> <span class='ocrx_word' id='word_1_86' title='bbox 674 1653 787 1695; x_wconf 91' lang='lat' dir='ltr'><strong>alme</strong></span> <span class='ocrx_word' id='word_1_87' title='bbox 806 1653 934 1695; x_wconf 93' lang='lat' dir='ltr'><strong>nobis</strong></span> 
     </span>
     <span class='ocr_line' id='line_1_27' title="bbox 283 1709 1057 1762; baseline 0.001 -12"><span class='ocrx_word' id='word_1_88' title='bbox 283 1709 466 1751; x_wconf 89' lang='lat' dir='ltr'><strong>Debitas</strong></span> <span class='ocrx_word' id='word_1_89' title='bbox 480 1723 635 1762; x_wconf 91' lang='lat' dir='ltr'><strong>poenas</strong></span> <span class='ocrx_word' id='word_1_90' title='bbox 647 1710 861 1751; x_wconf 92' lang='lat' dir='ltr'><strong>scelerum</strong></span> <span class='ocrx_word' id='word_1_91' title='bbox 871 1712 1057 1760; x_wconf 83' lang='lat' dir='ltr'><strong>remitte3</strong></span> 
     </span>
     <span class='ocr_line' id='line_1_28' title="bbox 284 1765 1024 1819; baseline 0.001 -13"><span class='ocrx_word' id='word_1_92' title='bbox 284 1766 342 1807; x_wconf 91' lang='lat' dir='ltr'><strong>Ut</strong></span> <span class='ocrx_word' id='word_1_93' title='bbox 360 1765 439 1807; x_wconf 91' lang='lat' dir='ltr'><strong>tibi</strong></span> <span class='ocrx_word' id='word_1_94' title='bbox 458 1779 569 1819; x_wconf 93' lang='lat' dir='ltr'><strong>puro</strong></span> <span class='ocrx_word' id='word_1_95' title='bbox 590 1768 844 1807; x_wconf 78' lang='lat' dir='ltr'><strong>resonemus</strong></span> <span class='ocrx_word' id='word_1_96' title='bbox 864 1766 1024 1807; x_wconf 91' lang='lat' dir='ltr'><strong>almum</strong></span> 
     </span>
    </p>

    <p class='ocr_par' dir='ltr' id='par_1_13' title="bbox 387 1822 778 1864">
     <span class='ocr_line' id='line_1_29' title="bbox 387 1822 778 1864; baseline 0.003 -2"><span class='ocrx_word' id='word_1_97' title='bbox 387 1822 572 1864; x_wconf 76' lang='lat' dir='ltr'><strong>Pectore</strong></span> <span class='ocrx_word' id='word_1_98' title='bbox 592 1836 778 1864; x_wconf 90' lang='lat' dir='ltr'><strong>carmen.</strong></span> 
     </span>
    </p>
   </div>
   <div class='ocr_carea' id='block_1_7' title="bbox 236 1895 1059 2173">
    <p class='ocr_par' dir='ltr' id='par_1_14' title="bbox 236 1895 1059 2173">
     <span class='ocr_line' id='line_1_30' title="bbox 236 1895 1016 1948; baseline 0.004 -13"><span class='ocrx_word' id='word_1_99' title='bbox 236 1895 300 1936; x_wconf 68' lang='lat' dir='ltr'><strong>sit</strong></span> <span class='ocrx_word' id='word_1_100' title='bbox 318 1895 453 1937; x_wconf 92' lang='lat' dir='ltr'><strong>decus</strong></span> <span class='ocrx_word' id='word_1_101' title='bbox 472 1896 601 1944; x_wconf 90' lang='lat' dir='ltr'><strong>Patri,</strong></span> <span class='ocrx_word' id='word_1_102' title='bbox 620 1896 866 1948; x_wconf 74' lang='lat' dir='ltr'><strong>genitaeque</strong></span> <span class='ocrx_word' id='word_1_103' title='bbox 886 1896 1016 1946; x_wconf 79' lang='lat' dir='ltr'><strong>proli,</strong></span> 
     </span>
     <span class='ocr_line' id='line_1_31' title="bbox 285 1950 1059 2005; baseline 0.003 -13"><span class='ocrx_word' id='word_1_104' title='bbox 285 1952 342 1992; x_wconf 86' lang='lat' dir='ltr'><strong>Et</strong></span> <span class='ocrx_word' id='word_1_105' title='bbox 363 1950 441 1992; x_wconf 92' lang='lat' dir='ltr'><strong>tibi</strong></span> <span class='ocrx_word' id='word_1_106' title='bbox 465 1964 645 2005; x_wconf 92' lang='lat' dir='ltr'><strong>compar</strong></span> <span class='ocrx_word' id='word_1_107' title='bbox 672 1953 899 2005; x_wconf 67' lang='lat' dir='ltr'><strong>utriUsque</strong></span> <span class='ocrx_word' id='word_1_108' title='bbox 922 1953 1059 1994; x_wconf 90' lang='lat' dir='ltr'><strong>virtus</strong></span> 
     </span>
     <span class='ocr_line' id='line_1_32' title="bbox 285 2008 1059 2073; baseline 0.001 -24"><span class='ocrx_word' id='word_1_109' title='bbox 285 2008 471 2059; x_wconf 83' lang='lat' dir='ltr'><strong>Spiritus</strong></span> <span class='ocrx_word' id='word_1_110' title='bbox 500 2021 690 2073; x_wconf 80' lang='lat' dir='ltr'><strong>semper,</strong></span> <span class='ocrx_word' id='word_1_111' title='bbox 723 2009 844 2050; x_wconf 92' lang='lat' dir='ltr'><strong>Deus</strong></span> <span class='ocrx_word' id='word_1_112' title='bbox 877 2022 988 2050; x_wconf 88' lang='lat' dir='ltr'><strong>unus</strong></span> <span class='ocrx_word' id='word_1_113' title='bbox 1017 2022 1059 2050; x_wconf 95' lang='lat' dir='ltr'><strong>o-</strong></span> 
     </span>
     <span class='ocr_line' id='line_1_33' title="bbox 440 2078 528 2105; baseline 0.011 -1"><span class='ocrx_word' id='word_1_114' title='bbox 440 2078 528 2105; x_wconf 81' lang='lat' dir='ltr'><strong>mni</strong></span> 
     </span>
     <span class='ocr_line' id='line_1_34' title="bbox 390 2121 937 2173; baseline 0.002 -12"><span class='ocrx_word' id='word_1_115' title='bbox 390 2121 621 2173; x_wconf 85' lang='lat' dir='ltr'><strong>Temporis</strong></span> <span class='ocrx_word' id='word_1_116' title='bbox 641 2135 748 2163; x_wconf 88' lang='lat' dir='ltr'><strong>aevo.</strong></span> <span class='ocrx_word' id='word_1_117' title='bbox 784 2122 937 2164; x_wconf 88' lang='lat' dir='ltr'><strong>Amen.</strong></span> 
     </span>
    </p>
   </div>
   <div class='ocr_carea' id='block_1_8' title="bbox 476 2202 821 2240">
    <p class='ocr_par' dir='ltr' id='par_1_15' title="bbox 476 2202 821 2240">
     <span class='ocr_line' id='line_1_35' title="bbox 476 2202 821 2240; baseline 0 -1"><span class='ocrx_word' id='word_1_118' title='bbox 476 2202 523 2239; x_wconf 87' lang='lat' dir='ltr'><strong>In</strong></span> <span class='ocrx_word' id='word_1_119' title='bbox 548 2202 576 2239; x_wconf 89' lang='grc' dir='ltr'><strong>Ι.</strong></span> <span class='ocrx_word' id='word_1_120' title='bbox 601 2202 821 2240; x_wconf 79' lang='lat' dir='ltr'><strong>Nocturno.</strong></span> 
     </span>
    </p>
   </div>
   <div class='ocr_carea' id='block_1_9' title="bbox 238 2269 1065 2772">
    <p class='ocr_par' dir='ltr' id='par_1_16' title="bbox 238 2269 1065 2772">
     <span class='ocr_line' id='line_1_36' title="bbox 291 2269 1060 2322; baseline 0.004 -13"><span class='ocrx_word' id='word_1_121' title='bbox 291 2271 388 2310; x_wconf 82' lang='lat' dir='ltr'><strong>Ant.</strong></span> <span class='ocrx_word' id='word_1_122' title='bbox 422 2270 458 2309; x_wconf 87' lang='lat' dir='ltr'>O</span> <span class='ocrx_word' id='word_1_123' title='bbox 486 2282 616 2321; x_wconf 92' lang='lat' dir='ltr'><strong>quam</strong></span> <span class='ocrx_word' id='word_1_124' title='bbox 643 2269 826 2322; x_wconf 90' lang='lat' dir='ltr'><strong>pulchra</strong></span> <span class='ocrx_word' id='word_1_125' title='bbox 849 2272 872 2296; x_wconf 85' lang='lat'>*</span> <span class='ocrx_word' id='word_1_126' title='bbox 898 2276 964 2313; x_wconf 90' lang='lat' dir='ltr'><strong>est</strong></span> <span class='ocrx_word' id='word_1_127' title='bbox 993 2284 1060 2314; x_wconf 85' lang='lat' dir='ltr'><strong>ca-</strong></span> 
     </span>
     <span class='ocr_line' id='line_1_37' title="bbox 238 2325 898 2377; baseline 0.003 -10"><span class='ocrx_word' id='word_1_128' title='bbox 238 2330 305 2367; x_wconf 90' lang='lat' dir='ltr'><strong>sta</strong></span> <span class='ocrx_word' id='word_1_129' title='bbox 323 2325 546 2377; x_wconf 77' lang='lat' dir='ltr'><strong>generatio</strong></span> <span class='ocrx_word' id='word_1_130' title='bbox 566 2337 665 2366; x_wconf 90' lang='lat' dir='ltr'><strong>cum</strong></span> <span class='ocrx_word' id='word_1_131' title='bbox 684 2325 898 2369; x_wconf 80' lang='lat' dir='ltr'><strong>claritate!</strong></span> 
     </span>
     <span class='ocr_line' id='line_1_38' title="bbox 522 2387 777 2426; baseline 0 0"><span class='ocrx_word' id='word_1_132' title='bbox 522 2387 719 2426; x_wconf 81' lang='lat' dir='ltr'><strong>Psalmus</strong></span> <span class='ocrx_word' id='word_1_133' title='bbox 743 2392 777 2426; x_wconf 58' lang='grc' dir='ltr'><strong>Η.</strong></span> 
     </span>
     <span class='ocr_line' id='line_1_39' title="bbox 346 2446 1061 2499; baseline 0.006 -12"><span class='ocrx_word' id='word_1_134' title='bbox 346 2446 514 2487; x_wconf 92' lang='lat' dir='ltr'><strong>omine</strong></span> <span class='ocrx_word' id='word_1_135' title='bbox 563 2446 777 2488; x_wconf 83' lang='lat' dir='ltr'><strong>Dominus</strong></span> <span class='ocrx_word' id='word_1_136' title='bbox 828 2454 993 2499; x_wconf 89' lang='lat' dir='ltr'><strong>noster,</strong></span> <span class='ocrx_word' id='word_1_137' title='bbox 1038 2451 1061 2477; x_wconf 88' lang='lat'>*</span> 
     </span>
     <span class='ocr_line' id='line_1_40' title="bbox 281 2502 1062 2555; baseline 0.004 -10"><span class='ocrx_word' id='word_1_138' title='bbox 281 2504 306 2545; x_wconf 52' lang='grc' dir='ltr'><strong>-Σ</strong></span> <span class='ocrx_word' id='word_1_139' title='bbox 354 2530 362 2554; x_wconf 51' lang='lat'><em>2</em></span> <span class='ocrx_word' id='word_1_140' title='bbox 388 2516 517 2555; x_wconf 92' lang='lat' dir='ltr'><strong>quam</strong></span> <span class='ocrx_word' id='word_1_141' title='bbox 540 2502 795 2544; x_wconf 77' lang='lat' dir='ltr'><strong>admirabile</strong></span> <span class='ocrx_word' id='word_1_142' title='bbox 815 2510 881 2546; x_wconf 91' lang='lat' dir='ltr'><strong>est</strong></span> <span class='ocrx_word' id='word_1_143' title='bbox 904 2519 1062 2548; x_wconf 93' lang='lat' dir='ltr'><strong>nomen</strong></span> 
     </span>
     <span class='ocr_line' id='line_1_41' title="bbox 386 2559 940 2602; baseline 0.006 -3.568"><span class='ocrx_word' id='word_1_144' title='bbox 386 2563 508 2599; x_wconf 92' lang='lat' dir='ltr'><strong>tuum</strong></span> <span class='ocrx_word' id='word_1_145' title='bbox 527 2559 568 2599; x_wconf 91' lang='lat' dir='ltr'><strong>in</strong></span> <span class='ocrx_word' id='word_1_146' title='bbox 589 2560 790 2600; x_wconf 91' lang='lat' dir='ltr'><strong>universa</strong></span> <span class='ocrx_word' id='word_1_147' title='bbox 809 2562 940 2602; x_wconf 90' lang='lat' dir='ltr'><strong>terra!</strong></span> 
     </span>
     <span class='ocr_line' id='line_1_42' title="bbox 291 2615 1062 2668; baseline 0.008 -13"><span class='ocrx_word' id='word_1_148' title='bbox 291 2615 506 2666; x_wconf 84' lang='lat' dir='ltr'><strong>Quoniam</strong></span> <span class='ocrx_word' id='word_1_149' title='bbox 522 2615 691 2657; x_wconf 80' lang='lat' dir='ltr'><strong>elevata</strong></span> <span class='ocrx_word' id='word_1_150' title='bbox 709 2621 775 2657; x_wconf 93' lang='lat' dir='ltr'><strong>est</strong></span> <span class='ocrx_word' id='word_1_151' title='bbox 788 2618 1062 2668; x_wconf 89' lang='lat' dir='ltr'><strong>magnificen-</strong></span> 
     </span>
     <span class='ocr_line' id='line_1_43' title="bbox 239 2671 762 2724; baseline -0.002 -11"><span class='ocrx_word' id='word_1_152' title='bbox 239 2672 299 2713; x_wconf 86' lang='lat' dir='ltr'><strong>tia</strong></span> <span class='ocrx_word' id='word_1_153' title='bbox 316 2677 402 2720; x_wconf 86' lang='lat' dir='ltr'><strong>tua,</strong></span> <span class='ocrx_word' id='word_1_154' title='bbox 421 2672 444 2696; x_wconf 82' lang='grc'>*</span> <span class='ocrx_word' id='word_1_155' title='bbox 465 2684 596 2724; x_wconf 89' lang='lat' dir='ltr'><strong>super</strong></span> <span class='ocrx_word' id='word_1_156' title='bbox 614 2671 762 2713; x_wconf 88' lang='lat' dir='ltr'><strong>coelos.</strong></span> 
     </span>
     <span class='ocr_line' id='line_1_44' title="bbox 293 2728 1065 2772; baseline 0.005 -4"><span class='ocrx_word' id='word_1_157' title='bbox 293 2728 359 2769; x_wconf 83' lang='lat' dir='ltr'><strong>Ex</strong></span> <span class='ocrx_word' id='word_1_158' title='bbox 387 2740 463 2769; x_wconf 91' lang='lat' dir='ltr'><strong>ore</strong></span> <span class='ocrx_word' id='word_1_159' title='bbox 491 2728 717 2769; x_wconf 81' lang='lat' dir='ltr'><strong>infantium</strong></span> <span class='ocrx_word' id='word_1_160' title='bbox 747 2733 789 2770; x_wconf 89' lang='lat' dir='ltr'><strong>et</strong></span> <span class='ocrx_word' id='word_1_161' title='bbox 813 2729 1065 2772; x_wconf 84' lang='lat' dir='ltr'><strong>lactentium</strong></span> 
     </span>
    </p>
   </div>
   <div class='ocr_carea' id='block_1_10' title="bbox 237 2446 367 2588">
    <p class='ocr_par' dir='ltr' id='par_1_17' title="bbox 237 2446 367 2588">
     <span class='ocr_line' id='line_1_45' title="bbox 237 2446 367 2588; baseline 0 402"><span class='ocrx_word' id='word_1_162' title='bbox 237 2446 367 2588; x_wconf 95' lang='lat' dir='ltr'><strong> </strong></span> 
     </span>
    </p>
   </div>
   <div class='ocr_carea' id='block_1_11' title="bbox 860 210 1343 255">
    <p class='ocr_par' dir='ltr' id='par_1_18' title="bbox 860 210 1343 255">
     <span class='ocr_line' id='line_1_46' title="bbox 860 210 1343 255; baseline -0.004 -12"><span class='ocrx_word' id='word_1_163' title='bbox 860 213 1067 244; x_wconf 68' lang='lat' dir='ltr'><strong>Commune</strong></span> <span class='ocrx_word' id='word_1_164' title='bbox 1096 210 1303 245; x_wconf 59' lang='lat' dir='ltr'><strong>Viminum.</strong></span> <span class='ocrx_word' id='word_1_165' title='bbox 1335 243 1343 255; x_wconf 45' lang='lat'><em>¹</em></span> 
     </span>
    </p>
   </div>
   <div class='ocr_carea' id='block_1_12' title="bbox 225 272 1932 380">
    <p class='ocr_par' dir='ltr' id='par_1_19' title="bbox 225 272 1932 380">
     <span class='ocr_line' id='line_1_47' title="bbox 225 272 1932 380; baseline 0 -97"><span class='ocrx_word' id='word_1_166' title='bbox 225 283 237 380; x_wconf 95' lang='lat' dir='ltr'><strong> </strong></span> <span class='ocrx_word' id='word_1_167' title='bbox 1931 272 1932 283; x_wconf 95' lang='lat' dir='ltr'><strong> </strong></span> 
     </span>
    </p>
   </div>
   <div class='ocr_carea' id='block_1_13' title="bbox 1105 300 1941 2783">
    <p class='ocr_par' dir='ltr' id='par_1_20' title="bbox 1105 300 1931 457">
     <span class='ocr_line' id='line_1_48' title="bbox 1105 300 1931 356; baseline -0.005 -12"><span class='ocrx_word' id='word_1_168' title='bbox 1105 303 1327 356; x_wconf 84' lang='lat' dir='ltr'><strong>perfecisti</strong></span> <span class='ocrx_word' id='word_1_169' title='bbox 1367 301 1543 344; x_wconf 89' lang='lat' dir='ltr'><strong>laudem</strong></span> <span class='ocrx_word' id='word_1_170' title='bbox 1577 305 1759 354; x_wconf 91' lang='lat' dir='ltr'><strong>propter</strong></span> <span class='ocrx_word' id='word_1_171' title='bbox 1796 300 1931 341; x_wconf 90' lang='lat' dir='ltr'><strong>inimi-</strong></span> 
     </span>
     <span class='ocr_line' id='line_1_49' title="bbox 1106 357 1931 408; baseline -0.004 -8"><span class='ocrx_word' id='word_1_172' title='bbox 1106 372 1183 400; x_wconf 95' lang='lat' dir='ltr'><strong>cos</strong></span> <span class='ocrx_word' id='word_1_173' title='bbox 1210 364 1330 408; x_wconf 85' lang='lat' dir='ltr'><strong>tuos,</strong></span> <span class='ocrx_word' id='word_1_174' title='bbox 1354 358 1378 384; x_wconf 85' lang='grc'><strong><em>*</em></strong></span> <span class='ocrx_word' id='word_1_175' title='bbox 1405 363 1453 400; x_wconf 92' lang='lat' dir='ltr'><strong>ut</strong></span> <span class='ocrx_word' id='word_1_176' title='bbox 1479 357 1679 399; x_wconf 86' lang='lat' dir='ltr'><strong>destruas</strong></span> <span class='ocrx_word' id='word_1_177' title='bbox 1710 357 1931 398; x_wconf 89' lang='lat' dir='ltr'><strong>inimicum</strong></span> 
     </span>
     <span class='ocr_line' id='line_1_50' title="bbox 1107 415 1367 457; baseline -0.008 0"><span class='ocrx_word' id='word_1_178' title='bbox 1107 421 1149 457; x_wconf 93' lang='lat' dir='ltr'><strong>et</strong></span> <span class='ocrx_word' id='word_1_179' title='bbox 1169 415 1367 457; x_wconf 85' lang='lat' dir='ltr'><strong>ultorem.</strong></span> 
     </span>
    </p>

    <p class='ocr_par' dir='ltr' id='par_1_21' title="bbox 1106 470 1931 637">
     <span class='ocr_line' id='line_1_51' title="bbox 1157 470 1931 523; baseline -0.004 -10"><span class='ocrx_word' id='word_1_180' title='bbox 1157 472 1373 523; x_wconf 91' lang='lat' dir='ltr'><strong>Quoniam</strong></span> <span class='ocrx_word' id='word_1_181' title='bbox 1417 470 1577 513; x_wconf 87' lang='lat' dir='ltr'><strong>videbo</strong></span> <span class='ocrx_word' id='word_1_182' title='bbox 1627 470 1765 512; x_wconf 87' lang='lat' dir='ltr'><strong>coelos</strong></span> <span class='ocrx_word' id='word_1_183' title='bbox 1810 474 1931 518; x_wconf 87' lang='lat' dir='ltr'><strong>tuos,</strong></span> 
     </span>
     <span class='ocr_line' id='line_1_52' title="bbox 1106 526 1931 582; baseline -0.005 -12"><span class='ocrx_word' id='word_1_184' title='bbox 1106 531 1242 582; x_wconf 88' lang='lat' dir='ltr'><strong>opera</strong></span> <span class='ocrx_word' id='word_1_185' title='bbox 1266 528 1504 580; x_wconf 90' lang='lat' dir='ltr'><strong>digitorum</strong></span> <span class='ocrx_word' id='word_1_186' title='bbox 1526 529 1717 568; x_wconf 89' lang='lat' dir='ltr'><strong>tuorum:</strong></span> <span class='ocrx_word' id='word_1_187' title='bbox 1734 526 1759 553; x_wconf 85' lang='lat'>*</span> <span class='ocrx_word' id='word_1_188' title='bbox 1784 526 1931 567; x_wconf 90' lang='lat' dir='ltr'><strong>lunam</strong></span> 
     </span>
     <span class='ocr_line' id='line_1_53' title="bbox 1107 583 1737 637; baseline -0.003 -11"><span class='ocrx_word' id='word_1_189' title='bbox 1107 590 1150 627; x_wconf 92' lang='lat' dir='ltr'><strong>et</strong></span> <span class='ocrx_word' id='word_1_190' title='bbox 1170 585 1330 634; x_wconf 82' lang='lat' dir='ltr'><strong>stellas,</strong></span> <span class='ocrx_word' id='word_1_191' title='bbox 1351 597 1449 637; x_wconf 90' lang='lat' dir='ltr'><strong>quae</strong></span> <span class='ocrx_word' id='word_1_192' title='bbox 1467 589 1516 626; x_wconf 92' lang='lat' dir='ltr'><strong>tu</strong></span> <span class='ocrx_word' id='word_1_193' title='bbox 1535 583 1737 625; x_wconf 80' lang='lat' dir='ltr'><strong>fundasti.</strong></span> 
     </span>
    </p>

    <p class='ocr_par' dir='ltr' id='par_1_22' title="bbox 1107 639 1932 796">
     <span class='ocr_line' id='line_1_54' title="bbox 1159 639 1932 692; baseline -0.004 -9"><span class='ocrx_word' id='word_1_194' title='bbox 1159 641 1275 692; x_wconf 93' lang='lat' dir='ltr'><strong>Quid</strong></span> <span class='ocrx_word' id='word_1_195' title='bbox 1300 646 1367 683; x_wconf 91' lang='lat' dir='ltr'><strong>est</strong></span> <span class='ocrx_word' id='word_1_196' title='bbox 1385 641 1534 690; x_wconf 91' lang='lat' dir='ltr'><strong>homo,</strong></span> <span class='ocrx_word' id='word_1_197' title='bbox 1559 639 1679 692; x_wconf 92' lang='lat' dir='ltr'><strong>quod</strong></span> <span class='ocrx_word' id='word_1_198' title='bbox 1697 651 1866 681; x_wconf 89' lang='lat' dir='ltr'><strong>memor</strong></span> <span class='ocrx_word' id='word_1_199' title='bbox 1884 651 1932 680; x_wconf 91' lang='lat' dir='ltr'><strong>es</strong></span> 
     </span>
     <span class='ocr_line' id='line_1_55' title="bbox 1107 695 1932 750; baseline -0.004 -11"><span class='ocrx_word' id='word_1_200' title='bbox 1107 697 1219 750; x_wconf 87' lang='lat' dir='ltr'><strong>ejus?</strong></span> <span class='ocrx_word' id='word_1_201' title='bbox 1237 698 1260 723; x_wconf 89' lang='lat'>*</span> <span class='ocrx_word' id='word_1_202' title='bbox 1279 702 1354 739; x_wconf 91' lang='lat' dir='ltr'><strong>aut</strong></span> <span class='ocrx_word' id='word_1_203' title='bbox 1372 697 1487 738; x_wconf 86' lang='lat' dir='ltr'><strong>filius</strong></span> <span class='ocrx_word' id='word_1_204' title='bbox 1508 696 1708 746; x_wconf 75' lang='lat' dir='ltr'><strong>heminis,</strong></span> <span class='ocrx_word' id='word_1_205' title='bbox 1725 695 1932 748; x_wconf 90' lang='lat' dir='ltr'><strong>quoniam</strong></span> 
     </span>
     <span class='ocr_line' id='line_1_56' title="bbox 1107 752 1402 796; baseline -0.007 0"><span class='ocrx_word' id='word_1_206' title='bbox 1107 755 1258 796; x_wconf 83' lang='lat' dir='ltr'><strong>visitas</strong></span> <span class='ocrx_word' id='word_1_207' title='bbox 1281 752 1402 796; x_wconf 88' lang='lat' dir='ltr'><strong>eum?</strong></span> 
     </span>
    </p>

    <p class='ocr_par' dir='ltr' id='par_1_23' title="bbox 1107 807 1934 1034">
     <span class='ocr_line' id='line_1_57' title="bbox 1157 807 1932 863; baseline -0.004 -11"><span class='ocrx_word' id='word_1_208' title='bbox 1157 811 1352 852; x_wconf 87' lang='lat' dir='ltr'><strong>Minuisti</strong></span> <span class='ocrx_word' id='word_1_209' title='bbox 1390 824 1489 853; x_wconf 92' lang='lat' dir='ltr'><strong>eum</strong></span> <span class='ocrx_word' id='word_1_210' title='bbox 1529 809 1662 863; x_wconf 90' lang='lat' dir='ltr'><strong>paulo</strong></span> <span class='ocrx_word' id='word_1_211' title='bbox 1698 809 1841 850; x_wconf 84' lang='lat' dir='ltr'><strong>minus</strong></span> <span class='ocrx_word' id='word_1_212' title='bbox 1877 807 1932 849; x_wconf 92' lang='lat' dir='ltr'><strong>ab</strong></span> 
     </span>
     <span class='ocr_line' id='line_1_58' title="bbox 1107 865 1934 920; baseline -0.004 -12"><span class='ocrx_word' id='word_1_213' title='bbox 1107 868 1303 920; x_wconf 83' lang='lat' dir='ltr'><strong>Angelis,</strong></span> <span class='ocrx_word' id='word_1_214' title='bbox 1330 867 1468 919; x_wconf 88' lang='lat' dir='ltr'><strong>gloria</strong></span> <span class='ocrx_word' id='word_1_215' title='bbox 1493 871 1537 908; x_wconf 89' lang='lat' dir='ltr'><strong>et</strong></span> <span class='ocrx_word' id='word_1_216' title='bbox 1560 866 1729 908; x_wconf 91' lang='lat' dir='ltr'><strong>honore</strong></span> <span class='ocrx_word' id='word_1_217' title='bbox 1754 865 1934 907; x_wconf 82' lang='lat' dir='ltr'><strong>corona-</strong></span> 
     </span>
     <span class='ocr_line' id='line_1_59' title="bbox 1108 922 1934 966; baseline -0.005 0"><span class='ocrx_word' id='word_1_218' title='bbox 1108 925 1164 966; x_wconf 89' lang='lat' dir='ltr'><strong>sti</strong></span> <span class='ocrx_word' id='word_1_219' title='bbox 1189 937 1305 966; x_wconf 93' lang='lat' dir='ltr'><strong>eum:</strong></span> <span class='ocrx_word' id='word_1_220' title='bbox 1329 925 1352 950; x_wconf 89' lang='lat'>*</span> <span class='ocrx_word' id='word_1_221' title='bbox 1382 929 1426 966; x_wconf 89' lang='lat' dir='ltr'><strong>et</strong></span> <span class='ocrx_word' id='word_1_222' title='bbox 1451 922 1717 965; x_wconf 84' lang='lat' dir='ltr'><strong>constituisti</strong></span> <span class='ocrx_word' id='word_1_223' title='bbox 1742 935 1842 964; x_wconf 92' lang='lat' dir='ltr'><strong>eum</strong></span> <span class='ocrx_word' id='word_1_224' title='bbox 1867 934 1934 962; x_wconf 90' lang='lat' dir='ltr'><strong>su-</strong></span> 
     </span>
     <span class='ocr_line' id='line_1_60' title="bbox 1107 981 1769 1034; baseline -0.006 -11"><span class='ocrx_word' id='word_1_225' title='bbox 1107 994 1186 1034; x_wconf 91' lang='lat' dir='ltr'><strong>per</strong></span> <span class='ocrx_word' id='word_1_226' title='bbox 1204 984 1339 1034; x_wconf 91' lang='lat' dir='ltr'><strong>opera</strong></span> <span class='ocrx_word' id='word_1_227' title='bbox 1358 982 1565 1022; x_wconf 84' lang='lat' dir='ltr'><strong>manuum</strong></span> <span class='ocrx_word' id='word_1_228' title='bbox 1583 981 1769 1020; x_wconf 82' lang='lat' dir='ltr'><strong>tuarum.</strong></span> 
     </span>
    </p>

    <p class='ocr_par' dir='ltr' id='par_1_24' title="bbox 1108 1033 1935 1204">
     <span class='ocr_line' id='line_1_61' title="bbox 1160 1033 1934 1090; baseline -0.006 -11"><span class='ocrx_word' id='word_1_229' title='bbox 1160 1037 1317 1079; x_wconf 85' lang='lat' dir='ltr'><strong>Omnia</strong></span> <span class='ocrx_word' id='word_1_230' title='bbox 1358 1036 1579 1090; x_wconf 90' lang='lat' dir='ltr'><strong>subjecisti</strong></span> <span class='ocrx_word' id='word_1_231' title='bbox 1620 1035 1701 1077; x_wconf 92' lang='lat' dir='ltr'><strong>sub</strong></span> <span class='ocrx_word' id='word_1_232' title='bbox 1746 1033 1934 1088; x_wconf 90' lang='lat' dir='ltr'><strong>pedibus</strong></span> 
     </span>
     <span class='ocr_line' id='line_1_62' title="bbox 1108 1092 1935 1146; baseline -0.006 -10"><span class='ocrx_word' id='word_1_233' title='bbox 1108 1095 1215 1146; x_wconf 83' lang='lat' dir='ltr'><strong>ejuS‚</strong></span> <span class='ocrx_word' id='word_1_234' title='bbox 1243 1095 1266 1120; x_wconf 90' lang='lat'>*</span> <span class='ocrx_word' id='word_1_235' title='bbox 1300 1107 1406 1136; x_wconf 91' lang='lat' dir='ltr'><strong>oves</strong></span> <span class='ocrx_word' id='word_1_236' title='bbox 1442 1098 1486 1135; x_wconf 92' lang='lat' dir='ltr'><strong>et</strong></span> <span class='ocrx_word' id='word_1_237' title='bbox 1519 1093 1658 1135; x_wconf 90' lang='lat' dir='ltr'><strong>boves</strong></span> <span class='ocrx_word' id='word_1_238' title='bbox 1691 1092 1935 1133; x_wconf 83' lang='lat' dir='ltr'><strong>universas:</strong></span> 
     </span>
     <span class='ocr_line' id='line_1_63' title="bbox 1108 1149 1704 1204; baseline -0.003 -13"><span class='ocrx_word' id='word_1_239' title='bbox 1108 1154 1285 1204; x_wconf 91' lang='lat' dir='ltr'><strong>insuper</strong></span> <span class='ocrx_word' id='word_1_240' title='bbox 1305 1155 1348 1192; x_wconf 90' lang='lat' dir='ltr'><strong>et</strong></span> <span class='ocrx_word' id='word_1_241' title='bbox 1367 1152 1531 1203; x_wconf 90' lang='lat' dir='ltr'><strong>pecora</strong></span> <span class='ocrx_word' id='word_1_242' title='bbox 1550 1149 1704 1202; x_wconf 88' lang='lat' dir='ltr'><strong>campi.</strong></span> 
     </span>
    </p>

    <p class='ocr_par' dir='ltr' id='par_1_25' title="bbox 1108 1203 1936 1317">
     <span class='ocr_line' id='line_1_64' title="bbox 1159 1203 1935 1258; baseline -0.006 -9"><span class='ocrx_word' id='word_1_243' title='bbox 1159 1207 1375 1249; x_wconf 87' lang='lat' dir='ltr'><strong>Volucres</strong></span> <span class='ocrx_word' id='word_1_244' title='bbox 1402 1206 1519 1256; x_wconf 88' lang='lat' dir='ltr'><strong>coeli,</strong></span> <span class='ocrx_word' id='word_1_245' title='bbox 1553 1210 1596 1247; x_wconf 92' lang='lat' dir='ltr'><strong>et</strong></span> <span class='ocrx_word' id='word_1_246' title='bbox 1622 1205 1768 1258; x_wconf 91' lang='lat' dir='ltr'><strong>pisces</strong></span> <span class='ocrx_word' id='word_1_247' title='bbox 1792 1203 1935 1253; x_wconf 90' lang='lat' dir='ltr'><strong>maris,</strong></span> 
     </span>
     <span class='ocr_line' id='line_1_65' title="bbox 1108 1259 1936 1317; baseline -0.006 -12"><span class='ocrx_word' id='word_1_248' title='bbox 1108 1264 1131 1290; x_wconf 84' lang='lat'>*</span> <span class='ocrx_word' id='word_1_249' title='bbox 1157 1264 1231 1316; x_wconf 91' lang='lat' dir='ltr'><strong>qui</strong></span> <span class='ocrx_word' id='word_1_250' title='bbox 1258 1263 1566 1317; x_wconf 77' lang='lat' dir='ltr'><strong>perambulant</strong></span> <span class='ocrx_word' id='word_1_251' title='bbox 1592 1261 1770 1303; x_wconf 86' lang='lat' dir='ltr'><strong>semitas</strong></span> <span class='ocrx_word' id='word_1_252' title='bbox 1792 1259 1936 1301; x_wconf 90' lang='lat' dir='ltr'><strong>maris.</strong></span> 
     </span>
    </p>

    <p class='ocr_par' dir='ltr' id='par_1_26' title="bbox 1108 1317 1938 1476">
     <span class='ocr_line' id='line_1_66' title="bbox 1160 1317 1938 1370; baseline -0.005 -8"><span class='ocrx_word' id='word_1_253' title='bbox 1160 1322 1350 1362; x_wconf 92' lang='lat' dir='ltr'><strong>Domine</strong></span> <span class='ocrx_word' id='word_1_254' title='bbox 1364 1320 1580 1361; x_wconf 82' lang='lat' dir='ltr'><strong>Dominus</strong></span> <span class='ocrx_word' id='word_1_255' title='bbox 1595 1323 1756 1367; x_wconf 88' lang='lat' dir='ltr'><strong>noster,</strong></span> <span class='ocrx_word' id='word_1_256' title='bbox 1766 1317 1791 1343; x_wconf 86' lang='lat'>*</span> <span class='ocrx_word' id='word_1_257' title='bbox 1807 1329 1938 1370; x_wconf 89' lang='lat' dir='ltr'><strong>quam</strong></span> 
     </span>
     <span class='ocr_line' id='line_1_67' title="bbox 1109 1373 1936 1420; baseline -0.007 -1"><span class='ocrx_word' id='word_1_258' title='bbox 1109 1377 1364 1420; x_wconf 82' lang='lat' dir='ltr'><strong>admirabile</strong></span> <span class='ocrx_word' id='word_1_259' title='bbox 1385 1381 1451 1418; x_wconf 92' lang='lat' dir='ltr'><strong>est</strong></span> <span class='ocrx_word' id='word_1_260' title='bbox 1469 1388 1629 1418; x_wconf 92' lang='lat' dir='ltr'><strong>nomen</strong></span> <span class='ocrx_word' id='word_1_261' title='bbox 1647 1379 1770 1416; x_wconf 92' lang='lat' dir='ltr'><strong>tuum</strong></span> <span class='ocrx_word' id='word_1_262' title='bbox 1785 1374 1829 1414; x_wconf 90' lang='lat' dir='ltr'><strong>in</strong></span> <span class='ocrx_word' id='word_1_263' title='bbox 1843 1373 1936 1415; x_wconf 90' lang='lat' dir='ltr'><strong>uni-</strong></span> 
     </span>
     <span class='ocr_line' id='line_1_68' title="bbox 1108 1433 1386 1476; baseline -0.007 0"><span class='ocrx_word' id='word_1_264' title='bbox 1108 1436 1236 1476; x_wconf 86' lang='lat' dir='ltr'><strong>versa</strong></span> <span class='ocrx_word' id='word_1_265' title='bbox 1254 1433 1386 1475; x_wconf 90' lang='lat' dir='ltr'><strong>terra!</strong></span> 
     </span>
    </p>

    <p class='ocr_par' dir='ltr' id='par_1_27' title="bbox 1109 1488 1938 1598">
     <span class='ocr_line' id='line_1_69' title="bbox 1166 1488 1938 1543; baseline -0.005 -11"><span class='ocrx_word' id='word_1_266' title='bbox 1166 1494 1263 1533; x_wconf 70' lang='lat' dir='ltr'><strong>Ant.</strong></span> <span class='ocrx_word' id='word_1_267' title='bbox 1295 1494 1330 1531; x_wconf 83' lang='lat'>0</span> <span class='ocrx_word' id='word_1_268' title='bbox 1356 1503 1487 1543; x_wconf 91' lang='lat' dir='ltr'><strong>quam</strong></span> <span class='ocrx_word' id='word_1_269' title='bbox 1510 1488 1695 1542; x_wconf 89' lang='lat' dir='ltr'><strong>pulchra</strong></span> <span class='ocrx_word' id='word_1_270' title='bbox 1721 1491 1789 1529; x_wconf 91' lang='lat' dir='ltr'><strong>est</strong></span> <span class='ocrx_word' id='word_1_271' title='bbox 1817 1490 1938 1528; x_wconf 87' lang='lat' dir='ltr'><strong>casta</strong></span> 
     </span>
     <span class='ocr_line' id='line_1_70' title="bbox 1109 1544 1685 1598; baseline -0.005 -9"><span class='ocrx_word' id='word_1_272' title='bbox 1109 1547 1333 1598; x_wconf 82' lang='lat' dir='ltr'><strong>generatio</strong></span> <span class='ocrx_word' id='word_1_273' title='bbox 1353 1560 1452 1588; x_wconf 92' lang='lat' dir='ltr'><strong>cum</strong></span> <span class='ocrx_word' id='word_1_274' title='bbox 1472 1544 1685 1588; x_wconf 82' lang='lat' dir='ltr'><strong>claritate!</strong></span> 
     </span>
    </p>

    <p class='ocr_par' dir='ltr' id='par_1_28' title="bbox 1110 1599 1936 1758">
     <span class='ocr_line' id='line_1_71' title="bbox 1165 1599 1934 1653; baseline -0.004 -10"><span class='ocrx_word' id='word_1_275' title='bbox 1165 1605 1261 1644; x_wconf 72' lang='lat' dir='ltr'><strong>Ant.</strong></span> <span class='ocrx_word' id='word_1_276' title='bbox 1292 1605 1406 1645; x_wconf 82' lang='lat' dir='ltr'><strong>Ante</strong></span> <span class='ocrx_word' id='word_1_277' title='bbox 1429 1608 1574 1644; x_wconf 90' lang='lat' dir='ltr'><strong>torum</strong></span> <span class='ocrx_word' id='word_1_278' title='bbox 1595 1602 1619 1627; x_wconf 84' lang='lat'>*</span> <span class='ocrx_word' id='word_1_279' title='bbox 1643 1601 1768 1653; x_wconf 86' lang='lat' dir='ltr'><strong>hujus</strong></span> <span class='ocrx_word' id='word_1_280' title='bbox 1792 1599 1934 1651; x_wconf 88' lang='lat' dir='ltr'><strong>Virgi-</strong></span> 
     </span>
     <span class='ocr_line' id='line_1_72' title="bbox 1110 1657 1936 1712; baseline -0.006 -11"><span class='ocrx_word' id='word_1_281' title='bbox 1110 1661 1176 1702; x_wconf 93' lang='lat' dir='ltr'><strong>nis</strong></span> <span class='ocrx_word' id='word_1_282' title='bbox 1204 1660 1477 1712; x_wconf 81' lang='lat' dir='ltr'><strong>frequentate</strong></span> <span class='ocrx_word' id='word_1_283' title='bbox 1504 1658 1634 1700; x_wconf 91' lang='lat' dir='ltr'><strong>nobis</strong></span> <span class='ocrx_word' id='word_1_284' title='bbox 1664 1657 1810 1699; x_wconf 79' lang='lat' dir='ltr'><strong>dulcia</strong></span> <span class='ocrx_word' id='word_1_285' title='bbox 1838 1658 1936 1698; x_wconf 82' lang='lat' dir='ltr'><strong>can-</strong></span> 
     </span>
     <span class='ocr_line' id='line_1_73' title="bbox 1110 1716 1437 1758; baseline -0.006 0"><span class='ocrx_word' id='word_1_286' title='bbox 1110 1717 1197 1758; x_wconf 92' lang='lat' dir='ltr'><strong>tica</strong></span> <span class='ocrx_word' id='word_1_287' title='bbox 1217 1716 1437 1758; x_wconf 79' lang='lat' dir='ltr'><strong>dramatis.</strong></span> 
     </span>
    </p>

    <p class='ocr_par' dir='ltr' id='par_1_29' title="bbox 1112 1772 1938 1984">
     <span class='ocr_line' id='line_1_74' title="bbox 1384 1772 1667 1811; baseline -0.007 0"><span class='ocrx_word' id='word_1_288' title='bbox 1384 1772 1581 1811; x_wconf 70' lang='lat' dir='ltr'><strong>psalmus</strong></span> <span class='ocrx_word' id='word_1_289' title='bbox 1611 1772 1667 1810; x_wconf 76' lang='lat'><strong>18.</strong></span> 
     </span>
     <span class='ocr_line' id='line_1_75' title="bbox 1188 1826 1938 1879; baseline -0.004 -9"><span class='ocrx_word' id='word_1_290' title='bbox 1188 1829 1261 1871; x_wconf 92' lang='lat' dir='ltr'><strong>oeli</strong></span> <span class='ocrx_word' id='word_1_291' title='bbox 1290 1830 1492 1870; x_wconf 78' lang='lat' dir='ltr'><strong>enarrant</strong></span> <span class='ocrx_word' id='word_1_292' title='bbox 1515 1827 1699 1879; x_wconf 85' lang='lat' dir='ltr'><strong>gloriam</strong></span> <span class='ocrx_word' id='word_1_293' title='bbox 1722 1826 1817 1876; x_wconf 90' lang='lat' dir='ltr'><strong>Dei,</strong></span> <span class='ocrx_word' id='word_1_294' title='bbox 1843 1826 1867 1852; x_wconf 89' lang='lat'>*</span> <span class='ocrx_word' id='word_1_295' title='bbox 1895 1829 1938 1867; x_wconf 91' lang='lat' dir='ltr'><strong>et</strong></span> 
     </span>
     <span class='ocr_line' id='line_1_76' title="bbox 1200 1881 1938 1939; baseline -0.004 -13"><span class='ocrx_word' id='word_1_296' title='bbox 1200 1888 1334 1939; x_wconf 90' lang='lat' dir='ltr'><strong>opera</strong></span> <span class='ocrx_word' id='word_1_297' title='bbox 1361 1887 1567 1926; x_wconf 79' lang='lat' dir='ltr'><strong>manuum</strong></span> <span class='ocrx_word' id='word_1_298' title='bbox 1595 1884 1685 1935; x_wconf 90' lang='lat' dir='ltr'><strong>ejus</strong></span> <span class='ocrx_word' id='word_1_299' title='bbox 1713 1881 1938 1924; x_wconf 80' lang='lat' dir='ltr'><strong>annuntiat</strong></span> 
     </span>
     <span class='ocr_line' id='line_1_77' title="bbox 1112 1943 1442 1984; baseline -0.003 -1"><span class='ocrx_word' id='word_1_300' title='bbox 1112 1943 1442 1984; x_wconf 85' lang='lat' dir='ltr'><strong>firmamentum.</strong></span> 
     </span>
    </p>

    <p class='ocr_par' dir='ltr' id='par_1_30' title="bbox 1113 1995 1939 2097">
     <span class='ocr_line' id='line_1_78' title="bbox 1163 1995 1939 2045; baseline -0.005 -5"><span class='ocrx_word' id='word_1_301' title='bbox 1163 1999 1270 2040; x_wconf 91' lang='lat' dir='ltr'><strong>Dies</strong></span> <span class='ocrx_word' id='word_1_302' title='bbox 1302 1998 1388 2040; x_wconf 91' lang='lat' dir='ltr'><strong>diei</strong></span> <span class='ocrx_word' id='word_1_303' title='bbox 1423 2001 1593 2040; x_wconf 81' lang='lat' dir='ltr'><strong>eructat</strong></span> <span class='ocrx_word' id='word_1_304' title='bbox 1619 1995 1816 2045; x_wconf 91' lang='lat' dir='ltr'><strong>verbum,</strong></span> <span class='ocrx_word' id='word_1_305' title='bbox 1843 1995 1867 2021; x_wconf 85' lang='grc'>*</span> <span class='ocrx_word' id='word_1_306' title='bbox 1895 1999 1939 2036; x_wconf 94' lang='lat' dir='ltr'><strong>et</strong></span> 
     </span>
     <span class='ocr_line' id='line_1_79' title="bbox 1113 2052 1800 2097; baseline -0.007 0"><span class='ocrx_word' id='word_1_307' title='bbox 1113 2069 1201 2097; x_wconf 84' lang='lat' dir='ltr'><strong>nox</strong></span> <span class='ocrx_word' id='word_1_308' title='bbox 1226 2055 1346 2097; x_wconf 91' lang='lat' dir='ltr'><strong>nocti</strong></span> <span class='ocrx_word' id='word_1_309' title='bbox 1374 2054 1536 2096; x_wconf 85' lang='lat' dir='ltr'><strong>indicat</strong></span> <span class='ocrx_word' id='word_1_310' title='bbox 1563 2052 1800 2095; x_wconf 90' lang='lat' dir='ltr'><strong>scientiam.</strong></span> 
     </span>
    </p>

    <p class='ocr_par' dir='ltr' id='par_1_31' title="bbox 1113 2109 1941 2267">
     <span class='ocr_line' id='line_1_80' title="bbox 1162 2109 1937 2164; baseline -0.005 -11"><span class='ocrx_word' id='word_1_311' title='bbox 1162 2112 1263 2154; x_wconf 90' lang='lat' dir='ltr'><strong>Non</strong></span> <span class='ocrx_word' id='word_1_312' title='bbox 1299 2116 1399 2153; x_wconf 90' lang='lat' dir='ltr'><strong>sunt</strong></span> <span class='ocrx_word' id='word_1_313' title='bbox 1430 2109 1639 2164; x_wconf 83' lang='lat' dir='ltr'><strong>loquelae,</strong></span> <span class='ocrx_word' id='word_1_314' title='bbox 1674 2121 1817 2161; x_wconf 92' lang='lat' dir='ltr'><strong>neque</strong></span> <span class='ocrx_word' id='word_1_315' title='bbox 1851 2121 1937 2150; x_wconf 91' lang='lat' dir='ltr'><strong>ser-</strong></span> 
     </span>
     <span class='ocr_line' id='line_1_81' title="bbox 1113 2164 1941 2220; baseline -0.006 -10"><span class='ocrx_word' id='word_1_316' title='bbox 1113 2170 1281 2218; x_wconf 89' lang='lat' dir='ltr'><strong>mones,</strong></span> <span class='ocrx_word' id='word_1_317' title='bbox 1313 2169 1336 2194; x_wconf 91' lang='lat'>*</span> <span class='ocrx_word' id='word_1_318' title='bbox 1371 2180 1557 2220; x_wconf 90' lang='lat' dir='ltr'><strong>quorum</strong></span> <span class='ocrx_word' id='word_1_319' title='bbox 1587 2179 1675 2208; x_wconf 91' lang='lat' dir='ltr'><strong>non</strong></span> <span class='ocrx_word' id='word_1_320' title='bbox 1708 2164 1941 2207; x_wconf 76' lang='lat' dir='ltr'><strong>audiantur</strong></span> 
     </span>
     <span class='ocr_line' id='line_1_82' title="bbox 1114 2226 1437 2267; baseline -0.009 0"><span class='ocrx_word' id='word_1_321' title='bbox 1114 2238 1247 2267; x_wconf 90' lang='lat' dir='ltr'><strong>voces</strong></span> <span class='ocrx_word' id='word_1_322' title='bbox 1276 2226 1437 2266; x_wconf 89' lang='lat' dir='ltr'><strong>eorum.</strong></span> 
     </span>
    </p>

    <p class='ocr_par' dir='ltr' id='par_1_32' title="bbox 1115 2278 1940 2436">
     <span class='ocr_line' id='line_1_83' title="bbox 1165 2278 1940 2322; baseline -0.005 1"><span class='ocrx_word' id='word_1_323' title='bbox 1165 2282 1215 2322; x_wconf 89' lang='lat' dir='ltr'><strong>In</strong></span> <span class='ocrx_word' id='word_1_324' title='bbox 1250 2293 1423 2322; x_wconf 92' lang='lat' dir='ltr'><strong>omnem</strong></span> <span class='ocrx_word' id='word_1_325' title='bbox 1454 2284 1618 2322; x_wconf 89' lang='lat' dir='ltr'><strong>terram</strong></span> <span class='ocrx_word' id='word_1_326' title='bbox 1646 2278 1779 2320; x_wconf 84' lang='lat' dir='ltr'><strong>exivit</strong></span> <span class='ocrx_word' id='word_1_327' title='bbox 1807 2291 1940 2320; x_wconf 87' lang='lat' dir='ltr'><strong>sonus</strong></span> 
     </span>
     <span class='ocr_line' id='line_1_84' title="bbox 1115 2334 1939 2380; baseline -0.004 -1"><span class='ocrx_word' id='word_1_328' title='bbox 1115 2340 1279 2380; x_wconf 91' lang='lat' dir='ltr'><strong>eorum:</strong></span> <span class='ocrx_word' id='word_1_329' title='bbox 1306 2338 1329 2363; x_wconf 84' lang='grc'><strong><em>*</em></strong></span> <span class='ocrx_word' id='word_1_330' title='bbox 1360 2341 1404 2378; x_wconf 91' lang='lat' dir='ltr'><strong>et</strong></span> <span class='ocrx_word' id='word_1_331' title='bbox 1434 2336 1478 2377; x_wconf 89' lang='lat' dir='ltr'><strong>in</strong></span> <span class='ocrx_word' id='word_1_332' title='bbox 1512 2336 1620 2377; x_wconf 89' lang='lat' dir='ltr'><strong>fines</strong></span> <span class='ocrx_word' id='word_1_333' title='bbox 1656 2334 1775 2376; x_wconf 92' lang='lat' dir='ltr'><strong>orbis</strong></span> <span class='ocrx_word' id='word_1_334' title='bbox 1810 2339 1939 2376; x_wconf 88' lang='lat' dir='ltr'><strong>terrae</strong></span> 
     </span>
     <span class='ocr_line' id='line_1_85' title="bbox 1115 2393 1438 2436; baseline -0.006 0"><span class='ocrx_word' id='word_1_335' title='bbox 1115 2393 1248 2436; x_wconf 88' lang='lat' dir='ltr'><strong>verba</strong></span> <span class='ocrx_word' id='word_1_336' title='bbox 1276 2395 1438 2435; x_wconf 88' lang='lat' dir='ltr'><strong>eorum.</strong></span> 
     </span>
    </p>

    <p class='ocr_par' dir='ltr' id='par_1_33' title="bbox 1115 2446 1941 2616">
     <span class='ocr_line' id='line_1_86' title="bbox 1166 2446 1940 2502; baseline -0.005 -11"><span class='ocrx_word' id='word_1_337' title='bbox 1166 2451 1217 2491; x_wconf 91' lang='lat' dir='ltr'><strong>In</strong></span> <span class='ocrx_word' id='word_1_338' title='bbox 1244 2449 1337 2492; x_wconf 89' lang='lat' dir='ltr'><strong>sole</strong></span> <span class='ocrx_word' id='word_1_339' title='bbox 1358 2449 1506 2502; x_wconf 90' lang='lat' dir='ltr'><strong>posuit</strong></span> <span class='ocrx_word' id='word_1_340' title='bbox 1524 2446 1854 2490; x_wconf 77' lang='lat' dir='ltr'><strong>tabernaculum</strong></span> <span class='ocrx_word' id='word_1_341' title='bbox 1873 2459 1940 2488; x_wconf 88' lang='lat' dir='ltr'><strong>su-</strong></span> 
     </span>
     <span class='ocr_line' id='line_1_87' title="bbox 1115 2506 1941 2558; baseline -0.007 -9"><span class='ocrx_word' id='word_1_342' title='bbox 1115 2521 1202 2549; x_wconf 87' lang='lat' dir='ltr'><strong>um:</strong></span> <span class='ocrx_word' id='word_1_343' title='bbox 1236 2507 1259 2532; x_wconf 89' lang='lat'>*</span> <span class='ocrx_word' id='word_1_344' title='bbox 1292 2510 1336 2548; x_wconf 92' lang='lat' dir='ltr'><strong>et</strong></span> <span class='ocrx_word' id='word_1_345' title='bbox 1368 2506 1462 2558; x_wconf 90' lang='lat' dir='ltr'><strong>ipse</strong></span> <span class='ocrx_word' id='word_1_346' title='bbox 1496 2510 1719 2557; x_wconf 87' lang='lat' dir='ltr'><strong>tamquam</strong></span> <span class='ocrx_word' id='word_1_347' title='bbox 1752 2515 1941 2556; x_wconf 89' lang='lat' dir='ltr'><strong>sponsus</strong></span> 
     </span>
     <span class='ocr_line' id='line_1_88' title="bbox 1115 2561 1765 2616; baseline -0.008 -11"><span class='ocrx_word' id='word_1_348' title='bbox 1115 2562 1361 2616; x_wconf 90' lang='lat' dir='ltr'><strong>procedens</strong></span> <span class='ocrx_word' id='word_1_349' title='bbox 1382 2561 1438 2603; x_wconf 94' lang='lat' dir='ltr'><strong>de</strong></span> <span class='ocrx_word' id='word_1_350' title='bbox 1457 2561 1650 2603; x_wconf 82' lang='lat' dir='ltr'><strong>thalamo</strong></span> <span class='ocrx_word' id='word_1_351' title='bbox 1670 2573 1765 2601; x_wconf 89' lang='lat' dir='ltr'><strong>suo:</strong></span> 
     </span>
    </p>

    <p class='ocr_par' dir='ltr' id='par_1_34' title="bbox 1117 2616 1941 2783">
     <span class='ocr_line' id='line_1_89' title="bbox 1168 2616 1941 2668; baseline -0.005 -8"><span class='ocrx_word' id='word_1_352' title='bbox 1168 2618 1415 2660; x_wconf 84' lang='lat' dir='ltr'><strong>Exsultavit</strong></span> <span class='ocrx_word' id='word_1_353' title='bbox 1450 2623 1498 2659; x_wconf 89' lang='lat' dir='ltr'><strong>ut</strong></span> <span class='ocrx_word' id='word_1_354' title='bbox 1531 2618 1654 2668; x_wconf 88' lang='lat' dir='ltr'><strong>gigas</strong></span> <span class='ocrx_word' id='word_1_355' title='bbox 1686 2616 1743 2658; x_wconf 90' lang='lat' dir='ltr'><strong>ad</strong></span> <span class='ocrx_word' id='word_1_356' title='bbox 1771 2617 1941 2658; x_wconf 89' lang='lat' dir='ltr'><strong>curren-</strong></span> 
     </span>
     <span class='ocr_line' id='line_1_90' title="bbox 1117 2673 1941 2724; baseline -0.005 -7"><span class='ocrx_word' id='word_1_357' title='bbox 1117 2675 1218 2717; x_wconf 90' lang='lat' dir='ltr'><strong>dam</strong></span> <span class='ocrx_word' id='word_1_358' title='bbox 1237 2675 1368 2724; x_wconf 85' lang='lat' dir='ltr'><strong>viam,</strong></span> <span class='ocrx_word' id='word_1_359' title='bbox 1387 2675 1410 2700; x_wconf 90' lang='lat'>*</span> <span class='ocrx_word' id='word_1_360' title='bbox 1429 2687 1455 2715; x_wconf 90' lang='lat' dir='ltr'><strong>a</strong></span> <span class='ocrx_word' id='word_1_361' title='bbox 1474 2687 1643 2715; x_wconf 88' lang='lat' dir='ltr'><strong>summo</strong></span> <span class='ocrx_word' id='word_1_362' title='bbox 1664 2673 1778 2715; x_wconf 89' lang='lat' dir='ltr'><strong>coelo</strong></span> <span class='ocrx_word' id='word_1_363' title='bbox 1799 2673 1941 2723; x_wconf 86' lang='lat' dir='ltr'><strong>egres-</strong></span> 
     </span>
     <span class='ocr_line' id='line_1_91' title="bbox 1119 2745 1306 2783; baseline -0.011 -10"><span class='ocrx_word' id='word_1_364' title='bbox 1119 2745 1183 2774; x_wconf 84' lang='lat' dir='ltr'><strong>sio</strong></span> <span class='ocrx_word' id='word_1_365' title='bbox 1203 2745 1306 2783; x_wconf 73' lang='lat' dir='ltr'><strong>ejus:</strong></span> 
     </span>
    </p>
   </div>
  </div>
 </body>
</html>
