2040 2990
703 185 878 220 Rubricae
902 189 1100 229 generales
1126 190 1320 224 Bru-viarii.

162 293 214 325 Qui
234 293 375 318 surrevfsti
395 301 408 317 a
432 294 551 319 mortuis.
587 291 620 318 In
639 290 809 317 Ascensione
832 298 921 324 usque
943 289 979 316 ad

161 333 340 360 Pentecosten
369 332 509 359 exclusive
536 331 648 359 dicitur:
681 334 732 363 Oui
762 334 870 360 scandis
899 343 981 367 super

161 371 257 396 sidera.
290 372 322 397 In
336 372 500 398 Pentecoste
518 375 545 398 et
564 370 670 404 reliquo
689 369 754 396 anni
771 372 904 403 tempore,
923 372 979 395 tam

157 411 185 438 in
209 410 308 438 Officio
333 410 368 437 de
393 410 530 444 Tempore
554 417 639 444 quam
663 409 698 436 de
721 407 842 442 Sanctis,
866 408 979 435 dicitur:

162 448 212 479 Qui
232 448 311 474 sedes·
331 449 363 473 ad
386 449 526 475 dexteram
549 450 643 476 vatris,
660 451 691 475 ut
709 448 736 474 in
750 447 894 475 Psalterio,
921 447 978 474 Ali-

157 496 212 523 qua
229 491 364 523 praeterea
381 491 446 514 sunt
463 488 578 522 propria
597 487 708 521 Officia,
731 487 816 514 veluti
834 486 979 513 Pretiosis-

156 527 218 554 simi
236 527 390 561 Sanguinis,
408 531 435 554 et
453 527 636 554 Sacratissimi
650 527 750 554 Cordis
763 527 798 553 D.
814 527 847 553 N.
861 527 887 554 J.
901 527 932 553 C.
946 533 978 552 ac

156 569 261 600 septem
275 566 411 593 Dolorum
425 566 457 593 Β.
471 566 507 593 Μ.
521 567 563 600 V.,
581 566 610 592 in
624 566 725 600 quibus
738 565 868 600 proprius
881 573 978 592 versus

156 605 319 639 assignatur,
333 608 364 631 ut
378 605 436 632 suis
449 605 516 632 locis
530 605 649 640 ponitur.

208 645 232 671 4.
257 644 445 678 Responsoria
469 644 565 671 brevia
591 645 708 671 aliarum
734 645 888 677 Horarum,
914 651 977 678 quae

155 686 297 718 ponuntur
314 682 343 710 in
359 683 450 717 prima
468 683 614 710 Dominica
632 684 666 710 de
684 683 828 716 Adventu,
847 683 977 709 dicuntur

154 730 205 757 per
222 725 310 749 totum
329 722 499 756 Adventum,
517 723 630 756 quando
649 723 680 749 fit
699 722 828 749 Officium
848 723 882 748 de
896 722 977 748 Tem-

154 769 229 796 pore.
265 760 395 788 Similiter
417 769 480 795 quae
504 765 646 796 ponuntur
669 762 697 788 in
719 762 808 796 prima
830 761 977 788 Dominica

155 800 387 834 Quadragesimoe‚
406 800 536 828 dicuntur
553 808 643 835 usque
661 801 698 827 ad
716 801 890 827 Dominicam
910 801 975 826 Pas-

153 839 239 866 sionis
266 839 413 867 exclusive.
455 840 491 866 Et
516 848 580 874 quae
606 843 749 874 ponuntur
775 839 803 866 in
830 839 976 865 Dominica

153 877 308 912 Passionis,
337 878 466 906 dicuntur
491 887 580 913 usque
606 879 642 905 ad
667 879 774 905 Feriam
799 879 923 912 quintam
948 878 975 904 in

153 917 240 944 Coena
266 918 379 944 Domini
406 918 552 945 exclusive.
594 918 664 945 Item
692 926 755 952 quae
781 921 923 952 ponuntur
948 917 975 943 in

153 957 299 984 Dominica
316 957 345 983 in
363 957 452 990 Albis,
471 957 601 984 dicuntur
619 965 708 991 usque
726 957 762 983 ad
776 956 975 983 Aseensionem

153 995 299 1023 exclusive.
336 996 406 1030 Quae
423 1004 490 1023 vero
509 1000 651 1031 ponuntur
669 996 697 1022 in
715 997 809 1030 aliquo
828 997 910 1022 Festo
929 996 975 1022 ha-

152 1035 234 1062 bente
248 1035 389 1068 Octavam,
408 1035 539 1063 dicuntur
550 1043 601 1070 per
614 1039 699 1062 totam
714 1036 848 1063 Octavam
862 1035 974 1069 quando

152 1073 183 1100 fit
201 1074 236 1100 de
255 1074 368 1101 Octava.
403 1075 435 1101 In
455 1075 555 1102 Officio
574 1079 665 1102 autem
684 1075 773 1102 beatae
791 1074 899 1107 Mariae,
918 1078 974 1101 tam

151 1120 251 1140 novem
271 1121 355 1147 quam
372 1113 456 1140 trium
475 1114 646 1144 Lectionum.
664 1114 785 1148 exceptis
804 1113 892 1140 Festis
911 1121 974 1147 quae

150 1151 253 1179 habent
271 1153 392 1187 propria,
411 1153 541 1180 dicuntur
554 1161 663 1188 semper
676 1153 866 1187 Responsoria
879 1152 972 1179 brevia

151 1191 186 1218 de
204 1191 350 1219 Communi
368 1192 520 1226 Virginum.

201 1231 224 1258 5.
243 1231 382 1266 Tempore
400 1231 537 1264 Paschali,
560 1239 576 1258 a
594 1231 741 1258 Dominica
759 1231 787 1257 in
802 1232 907 1258 Octava
923 1231 973 1257 Pa-

149 1270 223 1297 schae
237 1278 326 1304 usque
339 1270 375 1297 ad
389 1270 542 1298 Sabbatum
554 1274 619 1305 post
635 1271 817 1297 Pentecosten
831 1270 972 1303 inclusive,

149 1309 177 1335 in
197 1308 251 1336 fine
269 1309 450 1343 Responsorii
466 1309 561 1336 brevis
578 1313 641 1336 ante
658 1309 778 1344 primum
796 1310 915 1336 Versum
934 1309 972 1335 di-

148 1351 250 1375 cuntur
263 1347 319 1375 duo
339 1350 463 1381 Alleluia,
480 1356 544 1382 quae
562 1349 643 1375 etiam
657 1352 720 1383 post
734 1348 838 1375 dictum
851 1348 971 1382 primum

149 1387 267 1414 Versum
285 1390 449 1422 repetuntur
463 1395 515 1422 pro
528 1391 608 1422 parte
622 1387 816 1422 Responsorii;
835 1390 861 1413 et
875 1387 903 1413 in
918 1387 972 1413 fine

149 1426 263 1452 secundi
276 1426 381 1453 Versus
394 1434 481 1453 unum
494 1430 602 1454 tantum
620 1430 745 1460 Alleluia„
757 1429 814 1452 tam
827 1426 856 1452 in
870 1426 971 1452 Officio

148 1463 183 1491 de
201 1464 340 1499 Tempore
357 1473 441 1499 quam
460 1465 495 1492 de
512 1465 628 1498 Sanctis,
647 1469 678 1492 ut
692 1465 794 1492 dicitur
806 1465 834 1491 in
847 1465 971 1491 Rubrica

148 1511 212 1538 quae
224 1507 267 1530 est
279 1504 308 1530 in
318 1503 440 1531 Sabbato
454 1505 482 1531 in
493 1505 581 1532 Albis.
610 1505 697 1534 Extra
710 1508 818 1539 tempus
829 1504 971 1537 Paschale,

148 1542 275 1576 quamvis
293 1542 323 1569 in
341 1542 480 1577 aliquibus
498 1544 587 1571 Festis
606 1543 642 1570 ad
660 1543 792 1577 Tertiam,
811 1543 925 1570 Sextam
942 1547 970 1570 et

147 1581 270 1615 Nonam,
298 1582 496 1616 Responsoriis
523 1583 655 1610 brevibus
679 1582 819 1609 addantur
847 1586 971 1615 Alleluia.

146 1627 203 1658 non
219 1620 282 1661 ideo
300 1620 443 1648 adduntur
460 1621 496 1648 ad
514 1622 637 1648 Primam
654 1625 681 1648 et
698 1621 925 1656 Completorium.

358 1691 486 1724 XXIX.
514 1695 560 1724 lle
587 1693 756 1733 Capitulis.

151 1750 294 1817 capitula
320 1757 430 1784 semper
459 1750 589 1777 dicuntur
618 1753 814 1785 (praeterquam
845 1759 861 1778 a
888 1753 968 1779 Feria

201 1789 298 1823 quinta
311 1789 340 1816 in
353 1789 440 1816 coena
454 1789 576 1823 Domini,
595 1797 684 1824 usque
698 1790 735 1817 ad
750 1790 888 1825 Vesperas
901 1790 968 1818 Sab-

144 1828 202 1856 bati
225 1828 254 1855 in
272 1827 354 1855 Albis
378 1827 531 1860 exclusive,
556 1832 583 1855 et
607 1832 795 1863 praeterquam
818 1830 847 1856 in
865 1830 967 1857 Officio

145 1867 360 1900 Defunctorum)
378 1867 416 1894 ad
433 1867 584 1902 Vespems,
605 1868 717 1895 Laudes
734 1872 762 1895 et
779 1869 847 1895 alias
865 1869 967 1903 Horas,

145 1906 225 1934 dictis
241 1906 360 1933 Psalmis
377 1910 405 1933 et
421 1906 602 1941 Antiphonis3
620 1907 656 1934 ad
669 1907 886 1942 Completorium
899 1916 966 1936 vero

144 1946 218 1973 dicto
236 1945 318 1972 etiam
336 1945 458 1979 Hymno.

195 1985 219 2012 2.
243 1984 371 2019 Capitula
394 1984 577 2011 Dominicalia
604 1985 695 2019 posita
721 1986 749 2012 in
775 1985 910 2013 Psalterio
937 1987 966 2014 in

142 2024 239 2059 primis
257 2027 285 2051 et
303 2023 432 2051 secundis
451 2023 594 2058 Vesperis,
618 2025 646 2051 iu
665 2025 809 2051 Laudibus
827 2028 855 2052 et
871 2024 965 2060 Horis,

144 2063 275 2090 dicuntur
296 2070 313 2089 a
331 2062 412 2089 tertia
431 2063 577 2090 Dominica
595 2067 659 2098 post
676 2063 858 2091 Pentecosten
876 2073 966 2099 usque

144 2102 180 2128 ad
197 2102 366 2135 Adventum,
384 2104 411 2128 et
429 2109 445 2128 a
463 2102 585 2129 secunda
602 2106 667 2137 post
680 2103 862 2137 Epiphaniam
876 2111 965 2137 usque

143 2141 179 2167 ad
192 2140 435 2175 Septuagesimam.
461 2140 588 2175 Capitula
607 2145 699 2168 autem
714 2142 821 2169 ferialia
835 2142 965 2170 dicuntur

142 2183 206 2214 post
224 2180 357 2207 Octavam
375 2180 553 2207 Pentecostes
575 2188 665 2214 usque
686 2181 723 2207 ad
740 2181 914 2215 Adventum,
935 2185 964 2209 et

143 2219 178 2245 ab
196 2219 302 2246 Octava
315 2218 477 2253 Epiphaniae
494 2227 584 2253 usque
601 2219 637 2246 ad
651 2220 826 2247 Dominicam
844 2220 962 2254 primam

143 2258 374 2292 Quadragesimae.
415 2257 487 2285 Aliis
516 2259 688 2293 temporibus
717 2259 847 2286 dicuntur
875 2262 906 2286 ut
934 2260 963 2286 in

142 2297 260 2330 Proprio
273 2297 308 2324 de
322 2297 472 2331 Tempore:
491 2298 514 2324 si
532 2297 564 2324 fit
577 2298 612 2325 de
625 2297 741 2332 Sanctis,
759 2301 790 2324 ut
803 2298 831 2325 in
845 2299 963 2333 Proprio

142 2335 177 2362 de
194 2335 314 2369 Sanctis,
336 2343 400 2362 eum
418 2337 531 2371 propria
549 2337 664 2371 adsunt;
686 2337 808 2371 alioquin
832 2337 866 2364 de
885 2337 964 2364 Com-

141 2374 218 2401 muni
236 2374 409 2402 Sanctorum.
445 2375 604 2410 Capitulum
622 2376 725 2402 Primae
742 2379 770 2403 et
783 2376 963 2410 completorii

142 2413 266 2447 (quando
284 2413 413 2447 Capitula
432 2414 572 2447 dicuutur)
595 2422 748 2449 numquam
773 2418 909 2448 mutatur,
933 2418 963 2441 ut

140 2451 169 2478 in
186 2451 331 2479 Psalterio,
586 2458 589 2460 ·

191 2491 215 2517 3.
234 2491 267 2518 In
285 2491 437 2518 Dominicis
459 2492 495 2518 ab
512 2492 645 2519 Adventu
664 2500 751 2526 usque
775 2492 810 2519 ad
829 2493 963 2519 Octavam

140 2529 311 2564 Epiphaniae,
329 2533 356 2556 et
373 2538 389 2556 a
403 2529 610 2565 Septuagesima
623 2539 712 2565 usque
726 2531 762 2558 ad
776 2531 885 2558 tertiam
899 2534 963 2564 post

140 2568 334 2602 Pentecosten,
356 2572 384 2596 et
401 2569 429 2596 in
448 2570 535 2596 Feriis
554 2570 685 2604 temporis
703 2570 859 2603 Paschalis,
882 2573 910 2596 et
933 2569 963 2596 in

141 2607 269 2634 omnibus
293 2608 381 2635 Festis
404 2609 580 2642 regulariter,
605 2609 763 2643 Capitulum
786 2609 907 2643 positum
933 2608 961 2635 in

141 2645 237 2679 primis
249 2646 380 2680 Vesperis
397 2647 499 2674 dicitur
515 2648 545 2674 in
563 2648 716 2681 Laudibus,
734 2648 770 2675 ad
784 2647 915 2681 Tertiam,
933 2651 961 2674 et

140 2684 168 2710 in
185 2684 314 2712 secundis
331 2686 469 2720 Vesperis,
488 2686 655 2720 quibusdam
673 2687 802 2721 exceptis,
820 2694 884 2721 quae
903 2686 970 2714 suis.

139 2722 207 2751 locis
225 2723 407 2758 assignantur.

1081 289 1106 316 4.
1124 289 1157 315 In
1171 288 1257 315 Feriis
1275 291 1399 322 tempore
1413 288 1540 315 Paschali
1559 289 1594 315 ad
1610 289 1732 316 Primam
1752 290 1852 316 dicitur

1031 328 1189 363 Capitulum
1222 328 1284 355 Item
1311 329 1472 354 secutarum
1496 328 1567 354 sicut
1596 328 1623 354 in
1647 328 1800 355 Dominicis
1824 333 1851 355 et

1030 368 1057 394 in
1076 367 1172 394 Festis.
1209 367 1277 393 Post
1290 366 1448 401 Capitulum
1467 374 1576 401 semper
1593 367 1777 401 respondetur
1797 370 1853 394 lm·

1034 404 1143 433 mutius.

1255 481 1365 513 XXX.
1397 484 1442 513 l)c
1465 485 1631 514 (untione.

1004 532 1009 579 ἰ
1036 551 1046 601 (
1063 542 1147 601 ’,Γαΐω
1166 541 1194 567 in
1212 541 1341 575 Vesperis
1365 544 1392 567 et
1411 541 1555 567 Laudibus
1574 541 1673 568 dicitur
1691 545 1753 576 post
1771 542 1848 569 Anti-

1004 583 1008 605 Ι
1093 581 1201 615 phonas
1219 580 1255 607 ad
1283 582 1432 610 'dawinum
1453 583 1479 606 et
1508 582 1668 607 licut-dmmx
1685 581 1849 614 immediate,

1028 621 1080 646 nisi
1099 620 1211 654 quando
1226 619 1349 646 dicendae
1363 622 1427 645 sunt
1441 619 1549 650 Preces,
1568 627 1630 653 quae
1645 619 1773 646 dicuntur
1786 625 1848 654 post

1028 659 1227 693 Antiphonam,
1245 663 1272 685 et
1289 659 1317 685 in
1337 659 1391 685 fine
1409 658 1519 684 illarum
1535 659 1638 686 Oratio.
1666 658 1711 685 Ad
1726 659 1847 686 Primam

1028 702 1055 725 et
1080 698 1149 724 alias
1173 698 1265 725 Horas
1290 698 1385 724 Oratio
1414 697 1514 724 dieitur
1541 701 1604 732 post
1630 698 1847 732 Responsorium

1027 738 1126 770 breve,
1147 737 1200 763 nisi
1219 737 1343 764 dicendae
1362 737 1416 763 sint
1436 737 1548 763 Preces:
1573 740 1638 764 tunc
1662 737 1734 763 enim
1754 738 1847 763 Oratio

1028 776 1128 803 dicitur
1141 780 1204 810 post
1214 777 1323 803 Preces
1350 775 1396 802 Ad
1410 776 1628 810 completorium
1639 777 1733 803 Oratio
1748 777 1849 803 dicitur

1027 818 1090 849 post
1109 815 1174 842 Ant.
1200 816 1280 840 Salva
1307 815 1440 842 1111s.nisi
1465 815 1588 842 dieendae
1613 815 1667 842 sint
1685 816 1797 842 Preces:
1821 819 1848 842 et

1027 858 1093 882 tunc
1112 854 1213 881 dicitur
1230 858 1293 889 post
1311 854 1381 881 illas.

1078 907 1101 933 2.
1120 906 1167 933 Ad
1185 906 1307 933 Primam
1331 909 1357 932 et
1376 906 1593 940 Completorium
1616 915 1767 941 numquam
1790 915 1847 934 mu—

1027 949 1121 972 tantur
1135 945 1288 977 Orationes,
1303 953 1366 979 quae
1379 945 1517 972 habentur
1529 946 1557 972 in
1572 946 1717 979 Psalterio,
1736 950 1847 980 praeter-

1027 993 1111 1018 quam
1125 984 1152 1010 in
1166 984 1258 1011 triduo
1273 988 1336 1011 ante
1352 985 1466 1017 Pascha,
1485 985 1511 1011 in
1526 993 1582 1018 quo
1597 985 1688 1011 triduo
1703 986 1739 1012 ad
1752 993 1847 1012 omnes

1027 1024 1119 1050 Horas
1132 1031 1220 1057 usque
1233 1023 1269 1049 ad
1284 1024 1391 1050 Nonam
1406 1023 1521 1050 Sabbati
1535 1024 1623 1050 sancti
1637 1025 1770 1051 inclusive
1786 1029 1847 1058 post

1026 1063 1169 1089 Psalmum
1192 1064 1327 1091 Miserere,
1343 1062 1443 1089 dicitur
1461 1063 1556 1089 Oratio
1575 1063 1643 1096 diei,
1667 1067 1697 1090 ut
1715 1071 1766 1090 suo
1785 1064 1846 1091 loco

1001 1134 1005 1141 ι
1025 1101 1144 1135 ponitur.
1187 1102 1218 1128 In
1247 1102 1308 1127 aliis
1331 1101 1415 1127 Horis
1439 1102 1601 1135 regulariter
1627 1102 1728 1129 dicitur
1752 1103 1846 1129 Oratio

1001 1148 1004 1163 ι
1025 1148 1088 1175 quae
1107 1141 1180 1167 dicta
1198 1144 1240 1167 est
1258 1141 1285 1167 in
1304 1140 1399 1174 primis
1414 1141 1551 1174 VesperiS.
1584 1142 1615 1167 In
1631 1141 1845 1175 Quadragesima

1025 1183 1125 1213 autem,
1135 1180 1261 1213 Quatuor
1271 1179 1463 1213 Temporibus,
1474 1180 1588 1213 Vigiliis,
1600 1184 1626 1206 et
1636 1181 1715 1206 Feria
1725 1181 1845 1207 secunda

1024 1219 1219 1252 Rogationum,
1238 1218 1333 1244 Oratio
1347 1226 1410 1252 quae
1425 1218 1498 1245 dicta
1512 1222 1554 1245 est
1567 1219 1594 1245 in
1610 1219 1761 1252 Laudibus,
1781 1219 1845 1246 dici-

1023 1261 1070 1284 tur
1087 1261 1194 1284 tantum
1213 1258 1249 1283 ad
1268 1257 1399 1290 Tertiam,
1418 1256 1530 1284 Sextam
1549 1261 1576 1284 et
1595 1255 1711 1285 Non‘am.
1746 1258 1777 1284 In
1794 1258 1844 1284 Ve-

1023 1297 1112 1331 speris
1130 1300 1222 1323 autem
1236 1296 1423 1330 sequentibus,
1441 1296 1464 1322 si
1483 1296 1514 1323 fit
1533 1297 1567 1323 de
1582 1297 1669 1330 Feria,
1687 1297 1788 1323 dicitur
1800 1297 1844 1323 vel

1023 1336 1077 1362 alia
1091 1335 1212 1370 propria,
1226 1338 1256 1361 ut
1270 1335 1297 1361 in
1311 1335 1534 1368 Quadragesima,
1550 1335 1594 1362 vel
1608 1336 1761 1362 Dominicae
1774 1343 1844 1370 prae-

1022 1375 1152 1408 cedentis,
1171 1378 1202 1401 ut
1220 1374 1247 1400 in
1267 1374 1326 1400 aliis
1341 1374 1435 1401 Feriis.
1468 1375 1537 1408 Quae
1552 1375 1647 1401 Oratio
1661 1375 1843 1409 praecedentis

1022 1414 1177 1441 Dominicae
1196 1421 1304 1447 semper
1322 1413 1423 1440 dicitur
1442 1413 1469 1439 in
1489 1413 1577 1440 feriali
1592 1414 1691 1440 Officio
1705 1421 1755 1448 per
1769 1414 1843 1440 Heb-

1022 1453 1185 1485 domadam,
1209 1452 1321 1486 quando
1346 1452 1458 1486 propria
1481 1460 1537 1478 non
1560 1453 1722 1487 assignatur.
1765 1453 1842 1479 Infra

1022 1492 1141 1518 octavas
1161 1491 1261 1518 dicitur
1279 1491 1374 1517 Oratio
1399 1494 1430 1518 ut
1447 1491 1476 1517 in
1494 1492 1539 1518 die
1557 1492 1642 1518 Festi:
1667 1492 1792 1518 similiter
1815 1495 1843 1518 et

1021 1531 1048 1557 in
1067 1530 1111 1557 die
1130 1531 1243 1563 Octava,
1261 1530 1313 1556 nisi
1332 1530 1386 1556 alia
1403 1530 1516 1564 propria
1534 1531 1695 1564 assignetur.

996 1342 1003 1642 I
1072 1584 1095 1610 3.
1115 1582 1189 1610 Ante
1207 1582 1379 1616 Orationem,
1402 1583 1484 1609 etiam
1507 1583 1619 1616 quando
1642 1583 1742 1617 aliquis
1765 1583 1841 1610 solus

996 1646 999 1652 .
1020 1622 1117 1650 recitat
1145 1621 1288 1655 Officium,
1315 1629 1424 1655 semper
1451 1622 1550 1648 dicitur
1574 1622 1678 1649 Versus
1711 1625 1843 1649 imminu>

1027 1662 1223 1689 wmiscnxmet
1240 1661 1424 1695 respondetur
1455 1664 1483 1688 lit
1505 1672 1564 1688 <um
1586 1664 1681 1696 >fusim
1704 1668 1756 1688 tuo.
1787 1661 1841 1695 Qui

1020 1701 1124 1728 Versus
1142 1708 1198 1727 non
1216 1700 1317 1727 dicitur
1334 1700 1369 1726 ab
1388 1707 1420 1726 eo
1439 1700 1486 1733 qui
1505 1707 1561 1726 non
1578 1703 1619 1726 est
1636 1701 1734 1727 saltem
1752 1701 1779 1726 in
1798 1707 1840 1726 or-

1020 1740 1083 1766 dine
1097 1740 1275 1773 Diaconatus‚
1293 1747 1344 1765 nec
1357 1746 1374 1765 a
1388 1739 1520 1772 Diacono,
1533 1743 1669 1773 praesente
1683 1739 1839 1772 Sacerdote,

1019 1777 1072 1805 nisi
1089 1778 1124 1805 de
1142 1778 1215 1804 illius
1232 1778 1349 1804 licentia.
1381 1777 1410 1805 Si
1428 1778 1491 1811 quis
1509 1781 1600 1804 autem
1619 1778 1655 1804 ad
1669 1778 1839 1805 Diaconatus

1020 1818 1145 1845 ordinem
1168 1825 1224 1844 non
1247 1817 1416 1851 pervenerit,
1443 1817 1501 1850 ejus
1527 1817 1588 1843 loco
1613 1817 1685 1844 dieat
1717 1819 1840 1844 immine.

1023 1856 1121 1881 cxmidi
1142 1856 1292 1881 orationem
1315 1864 1414 1882 meam.
1434 1859 1462 1882 et
1479 1856 1662 1890 respondetur
1689 1858 1717 1882 lit
1738 1858 1841 1882 elamm-

1024 1903 1099 1919 meus
1119 1894 1152 1919 ud
1174 1900 1197 1919 te
1220 1895 1317 1919 veniat.
1349 1894 1457 1921 Deinde
1476 1894 1576 1921 dicitur
1598 1897 1726 1923 ‘tremum
1741 1898 1838 1929 postea

1020 1934 1128 1962 Oratio:
1147 1942 1210 1968 quae
1228 1934 1251 1960 si
1269 1933 1351 1961 unica
1369 1937 1475 1961 tantum
1495 1934 1610 1968 dicatur,
1630 1934 1734 1961 Versus
1753 1936 1829 1960 lmmi

1023 1980 1072 1997 uu>
1095 1972 1249 1997 vobiscum.
1275 1972 1317 1999 vel
1343 1973 1456 1997 ln'uninc
1477 1973 1589 1998 exandi.
1609 1973 1743 2007 repetitur
1760 1973 1837 2000 finita

1019 2011 1163 2045 Oratione,
1186 2015 1335 2046 postquam
1359 2011 1442 2038 fuerit
1465 2020 1629 2046 responsum
1658 2017 1752 2041 Amen
1789 2012 1836 2040 Sin

1018 2055 1110 2078 autem
1123 2051 1217 2085 plures
1233 2050 1378 2077 Orationes
1391 2051 1515 2078 dicendae
1529 2051 1591 2084 sint,
1609 2054 1673 2078 ante
1686 2051 1837 2085 quamlibet

1019 2090 1178 2117 Orationem
1197 2089 1298 2116 dicitur
1311 2089 1472 2124 Antiphona
1490 2093 1517 2117 et
1530 2090 1643 2125 Versus,
1663 2090 1761 2117 deinde
1774 2098 1779 2116 ‹
1790 2095 1826 2120 'rt'-

1021 2138 1091 2155 mus:
1112 2131 1139 2155 et
1156 2131 1220 2163 post
1238 2128 1362 2154 ultimam
1378 2128 1536 2156 Orationem
1554 2129 1689 2164 repetitur
1706 2134 1837 2158 [muninus

1021 2170 1174 2194 vmtwscnm:
1194 2170 1290 2201 postea
1307 2167 1409 2194 diestur
1433 2171 1629 2196 {lent-dicdum<
1651 2172 1836 2197 1›‹'›min‹›.re-

1017 2206 1171 2241 spondetur
1190 2209 1244 2233 ilco
1265 2209 1373 2238 gratias
1405 2206 1514 2233 Deinde
1527 2207 1628 2234 dicitur
1641 2207 1745 2234 Versus
1763 2211 1825 2236 Fide

1019 2246 1082 2271 lium
1103 2247 1212 2271 Anium:
1229 2245 1277 2279 qui
1291 2245 1395 2272 Versus
1414 2253 1469 2272 non
1487 2245 1588 2273 dicitur
1604 2250 1668 2280 post
1692 2250 1834 2275 Benedicat

1020 2293 1078 2310 mus
1102 2286 1226 2312 Domino.
1243 2284 1279 2311 ad
1296 2284 1419 2311 Primam
1438 2288 1501 2311 ante
1522 2286 1650 2315 vix-tissa,
1669 2293 1727 2314 cte..
1745 2292 1834 2319 neque

1015 2323 1050 2349 ad
1068 2323 1283 2357 Completorium
1308 2326 1371 2350 ante
1389 2323 1507 2350 Versum
1537 2326 1681 2352 {lenedicat
1705 2332 1762 2357 cuz,
1784 2331 1834 2350 nec

1015 2362 1127 2396 quando
1154 2366 1218 2396 post
1244 2362 1366 2396 aliquam
1393 2363 1499 2389 Horam
1525 2362 1683 2389 immediate
1709 2362 1834 2396 sequitur

1015 2401 1144 2428 Officium
1163 2408 1281 2435 parvum
1301 2402 1389 2428 beatae
1403 2401 1506 2434 Mariae,
1524 2401 1568 2428 vel
1587 2401 1717 2428 Officium
1731 2401 1833 2428 Defun-

1014 2443 1131 2473 ctorum,
1149 2443 1197 2466 aut
1215 2439 1327 2474 Septem
1345 2440 1447 2467 Psalmi
1465 2439 1683 2472 Poenitentiales,
1703 2440 1747 2467 vel
1766 2439 1832 2466 solae

1014 2478 1138 2505 Litaniae.

1064 2531 1088 2557 4.
1112 2530 1140 2558 Si
1168 2531 1263 2558 Oratio
1290 2531 1423 2564 dirigatur
1449 2531 1484 2557 ad
1509 2530 1635 2564 Patrem,
1661 2529 1832 2557 concluditur

1019 2571 1068 2595 l'cr
1091 2572 1250 2597 l)‹'·m1num;
1274 2570 1297 2596 si
1316 2569 1352 2596 ad
1370 2569 1483 2603 Filium,
1510 2572 1561 2601 Qui
1589 2572 1656 2596 vitis
1682 2577 1705 2596 cl
1729 2579 1829 2601 sea-num.

986 2613 990 2635 s
1012 2608 1042 2636 Si
1066 2609 1094 2636 in
1112 2609 1247 2643 principio
1266 2608 1404 2636 Orationis
1428 2608 1476 2635 fiat
1499 2608 1602 2635 mentio
1626 2608 1703 2641 Filii,
1725 2607 1831 2633 dicatur

1018 2648 1068 2672 l'cr
1087 2648 1225 2673 cumdrm:
1241 2648 1264 2674 si
1278 2648 1306 2673 in
1321 2647 1374 2674 fine
1389 2647 1535 2680 Orationis,
1551 2647 1659 2674 dicatur
1673 2649 1723 2678 ‹ym
1742 2655 1826 2673 tecum

1017 2686 1081 2710 vivit
1097 2691 1121 2711 et
1139 2693 1238 2716 regnat.
1267 2685 1296 2714 Si
1309 2686 1357 2714 fiat
1370 2685 1473 2715 mentio
1482 2685 1601 2723 Spiritus
1614 2685 1708 2719 saneti,
1723 2685 1830 2713 dicatur

984 2729 988 2758 ς
1017 2724 1044 2749 Ιιι
1062 2724 1162 2749 unium»
1178 2725 1297 2755 ejusdcm
1315 2726 1430 2757 Spiritus
1446 2726 1541 2751 sanem.
1556 2731 1604 2750 otc,
