2040 2990
774 205 816 238 In
842 205 986 248 Vigilia
1012 206 1253 249 Epiphaniae.

163 304 212 342 ut
230 299 324 341 sitis
344 299 538 350 alterius,
560 300 634 353 qui
653 313 706 341 ex
724 299 908 340 mortuis
927 311 990 340 re-

164 356 363 406 surrexit,
373 361 421 398 ut
431 356 742 399 fructificemus
752 357 860 398 Deo.
882 356 990 397 Cum

165 413 279 454 enim
302 415 496 455 essemus
519 414 564 455 in
589 427 733 464 carne,
762 413 990 466 passiones

163 471 462 523 peccatorum,
483 483 581 522 quae
600 483 679 523 per
695 470 838 520 legem
857 474 989 519 erant,

165 526 462 579 operabantur
493 527 538 568 in
574 527 781 569 membris
812 526 989 576 nostris,

164 587 212 625 ut
238 583 555 625 fructificarent
579 583 722 625 morti.
761 583 890 624 Nunc
917 596 988 624 au-

164 645 254 682 tem
273 639 406 682 solati
425 653 573 682 sumus
592 654 618 682 a
635 640 731 692 lege
749 640 919 690 mortis,
944 640 989 680 in

165 709 251 748 qua
270 696 583 747 detinebamur,
601 697 663 740 ita
682 701 730 738 ut
748 696 989 738 serviamus

162 754 207 794 in
226 754 421 794 novitate
449 754 647 806 spiritus,
676 758 719 795 et
745 766 833 794 non
857 753 900 794 in
919 766 988 795 ve-

163 812 327 852 tustate
346 810 518 851 litterae.⁴
652 812 654 819 ¹

210 869 262 922 R.
291 866 397 907 Dies
426 867 723 908 sanctificatus
747 866 891 908 illaxit
915 880 988 908 no-

162 923 244 965 bis:
271 925 416 965 venite
437 923 601 964 Gentes
628 927 672 965 et
694 923 876 965 adorate
900 924 988 964 Do-

160 980 369 1020 minumz*
391 979 503 1029 Quia
522 979 653 1021 hodie
670 979 897 1021 descendit
914 979 989 1021 lux

161 1049 318 1088 magna
332 1037 377 1077 in
391 1037 532 1078 terris.
551 1033 602 1086 V.
621 1037 732 1078 Haec
747 1036 841 1078 dies
858 1050 989 1089 quam

160 1093 263 1135 fecit
277 1093 503 1144 Dominus,
524 1094 789 1136 exsultemus
809 1098 852 1135 et
871 1093 987 1135 laete-

160 1163 257 1192 mur
275 1150 320 1191 in
337 1163 398 1192 ea.
427 1151 549 1201 Quia.

457 1209 609 1251 Lectio
630 1210 683 1250 iii.

245 1263 322 1306 uid
350 1276 456 1315 ergo
484 1262 701 1305 dicemus?
737 1263 808 1304 lex
834 1265 986 1316 pecca-

255 1324 348 1361 tum
368 1319 457 1362 est?
484 1320 624 1362 Absit.
650 1319 738 1362 Sed
755 1322 988 1372 peccatum

159 1389 249 1418 non
267 1376 471 1428 cognovi,
496 1376 579 1418 nisi
602 1389 683 1429 per
704 1376 860 1427 legem:
887 1390 987 1417 nam

161 1433 564 1486 concupiscentiam
596 1432 862 1483 nesciebam,
904 1433 987 1474 nisi

159 1490 231 1532 lex
250 1489 432 1532 diceret:
454 1490 555 1532 Non
574 1492 871 1542 concupisces
906 1490 986 1531 Oc—

161 1547 338 1588 casione
361 1551 507 1588 autem
532 1548 727 1599 accepta,
755 1549 987 1599 peccatum

159 1616 240 1656 per
275 1603 530 1645 mandatum
571 1605 804 1656 operatum
840 1608 907 1645 est
942 1604 987 1644 in

158 1673 229 1702 me
248 1672 421 1702 omnem
440 1660 853 1713 concupiscentiam.
885 1661 986 1702 Sine

158 1716 256 1768 lege
271 1717 387 1758 enim
401 1720 634 1770 peccatum
648 1719 870 1758 mortuum
882 1721 986 1759 erat.

159 1773 255 1824 Ego
281 1778 427 1815 autem
451 1773 655 1815 vivebam
682 1774 774 1815 sine
796 1773 894 1824 lege
914 1773 985 1814 ali-

162 1829 348 1882 quando.
376 1830 464 1871 Sed
482 1843 582 1872 cum
600 1833 792 1872 venisset
809 1829 985 1871 manda-

158 1891 261 1937 tum,
280 1888 513 1939 peccatum
530 1887 697 1929 revixit.

211 1945 262 1996 Rz.
295 1943 561 1986 Benedictus
591 1945 665 1996 qui
692 1945 812 1986 venit
840 1945 881 1985 in
911 1947 985 1986 no-

159 1999 276 2042 mine
304 2001 498 2051 Domini,
529 2001 650 2043 Deus
677 2002 909 2051 Dominus,
943 2006 986 2043 et

160 2055 302 2099 illuxit
334 2057 479 2099 nobis:
509 2058 532 2083 *
566 2057 770 2110 Alleliija,
804 2057 985 2110 allelaja.

159 2106 211 2159 V.
232 2114 344 2155 Haec
368 2113 461 2155 dies
484 2126 614 2166 quam
636 2114 740 2156 fecit
758 2114 984 2164 Dominus,

161 2169 427 2211 exsultemus
447 2174 491 2211 et
505 2169 704 2212 laetemur
719 2171 762 2211 in
779 2183 840 2212 ea.
868 2169 984 2211 Alle-

160 2225 256 2277 laja.
285 2226 438 2267 Gloria
455 2226 587 2268 Patri.
614 2227 810 2279 Alleluia.

393 2310 443 2349 In
461 2309 511 2349 11.
531 2309 753 2349 Nocturno.

161 2379 312 2421 Sermo
340 2379 480 2421 sancti
505 2379 739 2430 Augustini
765 2378 984 2431 Episcopi.

327 2439 443 2475 Serm.
469 2439 518 2475 13.
544 2439 591 2473 de
615 2440 816 2483 Tempore.

461 2497 613 2538 Lectio
634 2496 686 2536 iv.

173 2578 176 2579 ⁷
195 2570 283 2613 ,1,
294 2561 462 2602 ominus
477 2565 628 2602 noster
639 2561 663 2601 J
666 2573 765 2602 esus
777 2560 984 2608 Christus,

175 2622 176 2659 ἶ
199 2615 287 2670 {2471}
309 2616 466 2658 fratres
495 2617 724 2666 carissimi,
758 2617 832 2669 qui
859 2617 902 2656 in
931 2628 984 2656 ae-

235 2663 287 2691 ‘s
311 2674 482 2714 ternum
501 2678 568 2714 est
587 2675 844 2715 cunctorum
859 2672 984 2713 Crea-

162 2733 252 2777 tor,
279 2727 411 2770 hodie
437 2728 492 2770 de
515 2734 656 2771 matre
678 2728 899 2770 nascendo
928 2727 984 2768 fa-

1803 204 1871 239 245

1044 302 1141 339 ctus
1161 303 1228 340 est
1246 298 1375 340 nobis
1393 299 1603 342 Salvator.
1635 300 1776 342 Natus
1797 301 1868 343 'est

1042 354 1170 396 nobis
1189 354 1321 397 hodie
1340 356 1384 396 in
1403 357 1602 409 tempore
1620 370 1700 410 per
1718 358 1866 399 volun-

1043 413 1195 461 tatem,
1221 416 1270 453 ut
1296 425 1377 453 nos
1405 412 1618 464 perducat
1644 413 1701 455 ad
1723 415 1866 455 Patris

1043 468 1344 510 aeternitatem.
1377 469 1536 511 Factus
1561 475 1627 512 est
1646 471 1768 512 Deus
1792 471 1866 512 ho-

1042 537 1126 574 mo,
1144 530 1193 566 ut
1207 524 1339 566 homo
1354 525 1480 567 fieret
1494 526 1628 567 Deus:
1646 531 1694 567 ut
1707 540 1866 579 panem

1042 581 1314 632 Angelorum
1327 581 1614 624 manducaret
1629 582 1773 633 homo,
1786 584 1867 624 Do-

1042 638 1185 678 minus
1202 638 1471 689 Angelorum
1490 638 1620 680 hodie
1640 639 1781 681 factus
1801 645 1867 681 est
1910 672 1913 676 .

1042 694 1187 736 homo.

1091 763 1141 814 Rz.
1178 760 1548 811 Congratulamini
1575 761 1680 801 mihi
1706 774 1866 810 omnes,

1044 816 1117 868 qui
1136 815 1314 867 diligitis
1333 817 1587 858 Dominum:
1600 822 1622 845 *
1641 818 1751 868 Quia
1769 830 1866 858 cum

1042 885 1185 913 essem
1216 873 1416 925 parvula,
1450 873 1596 925 placui
1628 874 1866 921 Altissimo‚

1043 933 1086 970 et
1110 929 1165 970 de
1189 930 1298 971 meis
1316 929 1556 971 visceribus
1576 931 1705 981 genui
1724 931 1866 972 Deum

1043 990 1086 1026 et
1106 985 1337 1027 hominem.
1357 981 1408 1033 V.
1430 986 1614 1028 Beatam
1632 1000 1702 1028 me
1722 986 1867 1029 dicent

1042 1055 1193 1084 omnes
1212 1043 1528 1093 generationes,
1550 1043 1650 1095 quia
1667 1043 1867 1085 ancillam

1041 1098 1249 1140 humilem
1268 1100 1463 1152 respexit
1479 1100 1611 1141 Deus.
1642 1100 1763 1150 Quia.

1349 1175 1502 1216 Lectio
1523 1190 1559 1217 v.

1040 1240 1237 1346 Hodie
1255 1247 1436 1300 impleta
1455 1252 1521 1289 est
1534 1247 1767 1300 prophetia
1776 1248 1865 1298 illa,

1147 1317 1245 1358 quae
1271 1303 1390 1345 dicit:
1418 1304 1584 1345 Rorate
1612 1304 1713 1345 coeli
1741 1303 1863 1345 desu-

1040 1376 1135 1415 per,
1165 1366 1208 1403 et
1231 1360 1370 1402 nubes
1394 1360 1546 1413 pluant
1564 1361 1738 1412 justum:
1767 1373 1864 1413 ape—

1040 1420 1175 1461 riatur
1202 1423 1335 1467 terra,
1364 1422 1407 1459 et
1434 1418 1648 1469 germinet
1671 1418 1864 1460 Salvato-

1039 1489 1142 1518 rem.
1175 1475 1335 1516 Factus
1355 1478 1421 1516 est
1446 1474 1578 1525 igitur
1599 1474 1672 1527 qui
1691 1474 1864 1524 fecerat,

1039 1537 1087 1574 ut
1124 1531 1390 1573 inveniretur
1424 1531 1498 1582 qui
1534 1533 1736 1583 perierat.
1795 1531 1865 1572 Sic

1040 1589 1156 1630 enim
1179 1589 1222 1630 in
1245 1586 1431 1628 Psalmis
1458 1587 1591 1628 homo
1620 1587 1865 1629 confitetur:

1038 1646 1300 1698 Priasquam
1333 1643 1604 1694 humiliarer,
1651 1657 1732 1694 ego
1766 1657 1863 1696 pec-

1041 1702 1146 1743 cavi.
1178 1700 1386 1742 Peccavit
1403 1699 1551 1750 homo,
1578 1705 1621 1742 et
1639 1700 1778 1741 factus
1799 1705 1865 1741 est

1039 1771 1153 1800 reus:
1172 1762 1299 1799 natus
1318 1760 1385 1797 est
1399 1756 1532 1798 homo
1547 1757 1678 1806 Deus,
1697 1761 1746 1797 ut
1760 1756 1863 1798 libe-

1038 1816 1207 1856 raretur
1225 1826 1335 1855 reus.
1371 1814 1517 1854 Homo
1541 1813 1672 1864 igitur
1696 1812 1863 1862 cecidit,

1038 1870 1118 1912 sed
1135 1871 1255 1912 Deus
1277 1869 1514 1912 descendit.
1544 1868 1712 1910 Cecidit
1729 1867 1862 1910 homo

1037 1926 1359 1977 miserabiliter,
1389 1925 1615 1967 descendit
1639 1925 1760 1966 Deus
1787 1925 1862 1966 mi-

1039 1983 1328 2025 sericorditer.
1391 1981 1560 2023 Cecidit
1606 1981 1738 2023 homo
1783 1994 1862 2034 per

1038 2039 1301 2092 superbiam,
1345 2037 1571 2081 descendit
1606 2038 1727 2080 Deus
1765 2051 1862 2079 cum

1037 2097 1186 2147 gratia.

1090 2164 1140 2216 R.
1173 2164 1486 2206 Confirmatum
1520 2169 1585 2206 est
1618 2177 1694 2205 cor
1721 2164 1860 2215 Virgi-

1037 2221 1115 2271 nis,
1133 2221 1177 2261 in
1198 2233 1284 2273 quo
1306 2220 1451 2262 divina
1468 2220 1677 2273 mysteria
1690 2220 1860 2270 Angelo

1037 2277 1262 2319 nuntiante
1299 2278 1520 2330 concepit:
1555 2281 1659 2319 tunc
1694 2276 1860 2329 specio-

1038 2347 1134 2375 sum
1152 2334 1292 2375 forma
1310 2347 1404 2386 prae
1428 2333 1528 2374 filiis
1551 2333 1776 2374 hominum
1794 2345 1860 2374 ca-

1038 2390 1115 2431 stis
1136 2391 1329 2443 suscepit
1343 2389 1598 2432 visceribus:
1618 2389 1640 2414 *
1658 2389 1716 2431 Et
1733 2388 1860 2431 bene-

1038 2446 1155 2488 dicta
1168 2447 1213 2487 in
1228 2449 1450 2496 aeternum,
1464 2447 1608 2488 Deum
1620 2445 1748 2487 nobis
1762 2447 1860 2498 pro-

1036 2503 1135 2545 tulit
1167 2508 1211 2545 et
1243 2503 1472 2544 hominem.
1511 2495 1559 2547 V.
1587 2502 1756 2543 Domus
1783 2515 1858 2554 pu-

1038 2559 1123 2600 dici
1142 2560 1350 2612 pectoris,
1375 2559 1587 2611 templum
1613 2560 1792 2610 repente
1811 2557 1860 2598 fit

1037 2616 1131 2666 Dei,
1150 2617 1315 2658 intacta
1334 2616 1532 2657 nesciens
1551 2615 1705 2663 virum,
1724 2613 1858 2655 verbo

1038 2672 1239 2724 concepit
1265 2672 1432 2713 Filium.
1476 2672 1533 2713 Et
1559 2669 1788 2712 benedicta
1815 2669 1857 2708 in

1037 2729 1259 2769 aeternum.
