2080 2990
179 441 215 483 μ’.
247 458 269 479 x«
330 434 340 439 '-

587 1120 940 1179 OFFICIA
974 1121 1367 1179 PROPRIA

149 1207 247 1260 SS.
289 1207 340 1259 S.
383 1208 450 1258 R.
492 1207 555 1258 E.
603 1205 1150 1259 SUMMORUM
1196 1205 1793 1259 PONTIFICUM

820 1293 881 1325 ET
907 1293 1133 1326 ALJomJM

288 1355 502 1395 ROMANO
530 1355 694 1394 CLERO
720 1356 996 1395 SAECULARI
1016 1358 1079 1395 ΕΤ
1100 1357 1368 1396 REGULARI
1389 1357 1660 1396 CONCESSA.

663 1480 667 1486 .
696 1510 720 1512 ,ἠ
745 1453 890 1490 PARS
915 1434 1202 1511 manageins.
1249 1433 1251 1435 ’

198 1560 421 1620 FESTA
454 1559 889 1655 NQVEMBRIS.

317 1680 399 1722 Die
416 1682 481 1721 28.
499 1680 771 1723 Novembris.

161 1749 203 1789 S.
227 1749 451 1799 Gregorii
473 1749 558 1790 111.
582 1749 713 1800 Papae
741 1754 783 1789 et
808 1749 925 1789 Conf.

460 1811 621 1853 Duplex.

186 1869 320 1903 Omnia
346 1868 391 1903 dc
417 1868 560 1902 Comm.
586 1866 829 1900 Confessoris
854 1866 950 1901 Pon-

134 1918 257 1957 tificis‚
282 1923 422 1960 praeter
446 1926 549 1959 sequ.

187 1965 327 1999 Oratio.
350 1964 409 1998 Da
433 1964 663 2007 quaesumus.

186 2013 233 2047 Et
257 2013 296 2046 fit
317 2022 509 2046 commem.
536 2012 656 2047 Ferize
682 2012 718 2045 in
744 2012 906 2046 Advent.

186 2065 228 2098 In
258 2064 284 2098 Ι.
316 2063 511 2098 Nocturno
544 2065 744 2098 Lectiones
777 2064 822 2097 de
855 2063 950 2097 Seri-

135 2118 247 2157 ptura
272 2116 502 2146 occurrente.

365 2170 414 2209 In
434 2171 483 2209 II.
502 2171 536 2210 N
539 2172 721 2210 octurno.

447 2232 595 2272 Lectio
616 2233 667 2271 iv.

140 2333 153 2395 {¹
259 2343 281 2391 ἐς
295 2345 370 2400 ⁸}
395 2342 565 2391 testim,
601 2342 776 2383 natidne
807 2341 950 2392 Syrus,

142 2402 178 2454 ξ,
219 2399 294 2450 (2¹5
331 2397 370 2454 ἕξ
395 2403 518 2451 patre
537 2399 561 2439 J
564 2401 716 2447 oanne‚
737 2396 950 2447 Gregorio

143 2453 199 2473 ‘⁰
258 2456 262 2457 ⁷
397 2454 588 2497 seeundo
604 2455 692 2496 vita
705 2454 863 2502 functo,
878 2465 950 2493 un-

137 2513 264 2554 animi
283 2513 388 2554 cleri
406 2517 450 2554 et
463 2511 616 2564 populi
630 2511 853 2559 consensu,
871 2521 951 2549 nee

136 2582 223 2610 non
241 2569 388 2611 divino
411 2567 600 2620 quodam
618 2567 832 2614 instinctu,
854 2577 952 2605 cum

137 2625 413 2676 dignissimus
432 2624 622 2666 omnium
647 2626 777 2671 esset,
803 2620 950 2662 subro-

136 2684 262 2733 gatus
277 2687 353 2731 est,
369 2694 480 2722 anno
495 2680 652 2722 Christi
667 2678 948 2730 septingente-

138 2738 246 2780 simo
261 2738 481 2789 trigesimo
492 2737 643 2789 primo.
658 2735 736 2777 Vir
747 2733 952 2784 singulari

1001 1552 1198 1594 doctrina
1217 1556 1259 1593 et
1275 1551 1444 1599 virtute,
1463 1550 1594 1591 latina
1613 1555 1654 1591 et
1672 1563 1813 1600 graeca

1000 1609 1145 1660 lingua
1180 1607 1389 1656 eruditus,
1425 1605 1609 1647 mirabili
1644 1605 1814 1647 dicendi

1001 1663 1215 1713 facundia,
1240 1668 1371 1715 atque
1394 1661 1505 1704 adeo
1526 1662 1637 1703 felici
1655 1664 1813 1703 memo-

1001 1722 1080 1770 ria,
1108 1726 1155 1762 ut
1181 1724 1321 1761 totum
1345 1719 1595 1771 psalterium
1617 1718 1813 1759 memori-

1001 1782 1068 1819 ter
1082 1777 1299 1825 recitarem
1314 1775 1350 1815 is
1366 1774 1548 1823 demum,
1565 1787 1692 1826 quem
1706 1786 1813 1825 prae-

1003 1832 1223 1875 decessori
1257 1843 1336 1872 suo
1371 1831 1581 1881 Gregorio
1619 1829 1813 1871 doctrina

1003 1895 1046 1931 et
1077 1888 1305 1942 prudentia
1341 1886 1645 1939 sapientissimi
1679 1885 1811 1926 homi-

1002 1958 1078 1987 nes
1098 1943 1453 1997 aequiparandum
1476 1954 1570 1983 esse
1590 1941 1812 1983 duxerunt.

1054 2004 1103 2053 R.
1129 2000 1280 2042 1nveni
1297 1999 1450 2049 David,
1473 2011 1645 2040 servum
1659 2010 1812 2046 meum,

1004 2058 1101 2099 oleo
1125 2061 1275 2098 sancto
1299 2068 1398 2097 meo
1420 2054 1524 2096 unxi
1549 2067 1660 2095 eum:
1687 2056 1708 2078 *
1726 2053 1812 2094 Ma-

1003 2127 1083 2155 nus
1097 2114 1211 2155 enim
1224 2125 1321 2154 mea
1334 2110 1610 2153 auxiliabitur
1627 2110 1675 2151 ei.
1688 2104 1737 2155 V.
1747 2109 1814 2150 Ni-

1002 2170 1063 2211 hil
1079 2169 1279 2222 proficiet
1292 2168 1488 2209 inimicus
1502 2167 1545 2207 in
1561 2179 1624 2215 eo,
1644 2170 1687 2207 et
1700 2165 1812 2206 filius

1003 2226 1240 2278 iniquitatis
1259 2237 1346 2266 non
1363 2223 1538 2265 nocebit
1556 2223 1606 2264 ei.
1632 2221 1794 2263 Manus.

1305 2281 1453 2321 Lectio
1474 2294 1509 2319 v.

1006 2331 1278 2439 Cathc'ssicae
1289 2335 1392 2377 fidei
1401 2335 1696 2388 propugnator
1706 2333 1815 2373 acer·

1088 2394 1237 2443 rimus,
1259 2392 1451 2433 Leonem
1468 2392 1665 2432 Isaurum
1680 2388 1811 2441 impe-

1003 2452 1191 2492 ratorem
1204 2448 1513 2491 iconoclastam
1525 2445 1714 2499 paternis
1724 2446 1811 2485 mo-

1002 2507 1102 2548 nitis
1130 2511 1172 2547 et
1198 2506 1350 2547 litteris
1377 2503 1432 2545 ad
1459 2503 1673 2544 saniorem
1698 2513 1811 2541 men-

1002 2568 1092 2605 tem
1104 2562 1312 2604 reducere
1327 2562 1506 2602 conatus
1521 2563 1597 2600 est.
1615 2556 1701 2599 Sed
1715 2569 1812 2597 cum

1003 2619 1107 2660 nihil
1129 2618 1375 2671 proficeret,
1399 2617 1640 2657 convocato
1658 2614 1810 2654 Romae

1003 2677 1235 2726 nonaginta
1279 2673 1467 2725 quinque
1508 2670 1812 2723 episcoporum

1005 2731 1202 2780 concilio,
1229 2731 1449 2771 sacrarum
1472 2726 1703 2778 imaginum
1727 2723 1811 2765 cul-
