2080 2990
759 200 862 233 Ordo
888 199 1242 233 Commendationis
1268 198 1426 231 Animae.

246 298 290 336 te
311 294 590 346 persolveris,
618 294 674 335 ad
694 296 918 336 auctorem
935 299 1068 343 tuum,

248 351 321 403 qui
348 357 392 392 te
421 350 475 392 de
503 350 607 392 limo
635 356 764 392 terrae
793 350 1069 399 formaverat,

245 407 487 448 revertaris.
528 406 779 459 Egredienti
805 409 954 459 itaque
982 406 1067 447 ani-

244 475 328 504 mae
369 468 457 504 tuae
495 463 550 505 de
587 466 775 516 corpore
813 462 1069 516 splendidus

244 518 514 570 Angelorum
539 524 679 562 coetus
699 522 916 561 occurrat:
940 518 1070 571 Judex

245 575 563 628 Apostolorum
604 575 684 618 tibi
726 578 904 617 senatus
941 574 1068 617 adve-

245 632 351 673 niat:
377 631 711 674 candidatorum
729 632 809 673 tibi
826 631 1069 683 Martyrum

243 688 536 741 triumphator
573 689 789 730 exercitus
822 688 985 730 obviet:
1021 688 1067 729 li-

244 744 349 786 liata
379 745 649 787 rutilantium
678 750 723 786 te
759 745 1068 786 Confessorum

245 805 387 842 turma
423 801 675 843 circamdet:
716 800 987 852 jubilantium
1022 806 1066 843 te

244 858 473 909 Virginum
492 858 651 900 chorus
676 858 877 910 excipiat:
903 862 946 900 et
967 858 1066 900 bea-

244 918 302 955 tae
335 914 490 966 quietis
521 914 564 954 in
597 914 691 955 sinu
719 914 1067 956 patriarcharum

243 975 288 1012 te
316 970 569 1023 complexus
603 972 827 1021 astringat:
858 971 974 1013 mitis
1006 976 1066 1013 at-

245 1039 330 1079 que
348 1027 527 1068 festivus
548 1026 707 1068 Christi
725 1027 749 1067 J
753 1040 829 1068 esu
847 1027 927 1069 tibi
946 1029 1068 1080 aspe-

245 1089 341 1125 ctus
373 1086 601 1136 appareat,
643 1084 718 1135 qui
749 1088 793 1125 te
823 1083 935 1125 inter
967 1085 1069 1125 assi-

246 1141 408 1181 stentes
446 1139 526 1181 sibi
561 1139 715 1191 jagiter
750 1140 961 1182 interesse
997 1140 1069 1183 de-

245 1197 403 1237 cernat.
430 1196 612 1247 Ignores
634 1209 762 1237 omne
782 1196 902 1248 quod
921 1196 1070 1239 horret

243 1252 287 1292 in
314 1251 520 1302 tenebris,
554 1251 674 1305 quod
702 1252 856 1295 stridet
882 1253 925 1293 in
951 1254 1068 1295 flam-

243 1308 335 1357 mis,
357 1308 477 1360 quod
494 1309 658 1350 craciat
671 1308 715 1348 in
729 1310 966 1351 tormentis.
992 1310 1069 1351 Ce-

244 1363 320 1406 dat
337 1364 416 1406 tibi
434 1365 681 1406 teterrimus
702 1367 875 1407 satanas
892 1378 990 1407 cum
1005 1379 1069 1408 sa-

243 1420 452 1462 tellitibus
485 1421 589 1462 suis:
620 1421 663 1461 in
696 1421 885 1463 adventu
916 1427 993 1464 tuo
1026 1428 1069 1465 te

245 1477 552 1519 comitantibus
562 1477 741 1528 Angelis
754 1481 1069 1530 contremiscat,

244 1538 375 1585 atque
399 1532 443 1573 in
467 1535 642 1575 aeternae
667 1534 809 1575 noctis
836 1534 969 1576 chaos
994 1535 1068 1576 im-

243 1591 369 1630 mane
389 1589 596 1641 diffugiat.
628 1590 847 1642 Exsurgat
864 1591 1000 1641 Deus,
1027 1597 1070 1634 et

245 1645 510 1698 dissipentur
527 1646 687 1688 inimici
707 1648 811 1699 ejus:
831 1653 874 1689 et
894 1648 1070 1699 fagiant‚

245 1702 318 1754 qui
339 1701 525 1744 oderunt
544 1716 658 1753 eum,
677 1716 702 1744 a
720 1703 829 1745 facie
849 1705 951 1757 ejus.
983 1706 1069 1746 Sic-

243 1763 291 1799 ut
315 1758 471 1800 .deficit
501 1759 659 1809 fumus,
701 1760 918 1802 deficiant:
959 1761 1070 1803 sicut

245 1815 339 1856 fluit
359 1828 459 1856 cera
479 1828 503 1856 a
522 1816 632 1857 facie
651 1816 776 1867 ignis,
803 1817 865 1859 sic
888 1819 1070 1870 pereant

244 1874 501 1923 peccatores
521 1885 546 1913 a
562 1872 673 1914 facie
687 1873 785 1914 Dei:
804 1878 847 1916 et
861 1874 960 1925 justi
976 1887 1071 1927 epu-

244 1927 401 1978 lentur,
434 1934 478 1970 et
510 1929 725 1971 exsaltent
756 1930 800 1970 in
832 1932 1070 1983 conspectu

245 1984 338 2025 Dei.
380 1984 709 2027 Confundantur
739 1986 870 2037 igitur
902 1991 945 2028 et
977 2000 1068 2028 eru-

245 2040 425 2082 bescant
453 2054 604 2083 omnes
630 2045 833 2084 tartareae
865 2043 1069 2094 legiones,

247 2102 290 2138 et
307 2097 491 2139 ministri
511 2100 674 2140 satanae
697 2099 779 2140 iter
797 2105 919 2141 tuum
937 2100 1069 2153 impe-

247 2152 339 2195 dire
359 2166 445 2194 non
462 2154 662 2196 aadeant.
685 2155 862 2198 Liberet
875 2161 920 2198 te
937 2169 963 2197 a
977 2170 1069 2198 cru-

247 2209 363 2251 ciatu
392 2209 604 2259 Christus,
634 2211 706 2263 qui
730 2225 812 2264 pro
836 2217 880 2254 te
904 2212 1069 2254 crucifi-

247 2279 327 2306 xus
343 2270 420 2307 est.
448 2266 624 2308 Liberet
643 2272 687 2308 te
706 2268 760 2309 ab
782 2268 944 2310 aeterna
959 2282 1071 2310 mor-

246 2327 289 2363 te
309 2322 518 2372 Christus,
539 2323 612 2375 qui
630 2336 712 2375 pro
732 2329 776 2365 te
795 2325 905 2366 mori
924 2325 1070 2376 digna-

246 2383 316 2419 tus
359 2383 436 2420 est.
502 2378 748 2443 Constituat
788 2385 832 2422 te
874 2380 1071 2423 Christus

246 2433 380 2475 Filius
412 2434 495 2476 Dei
530 2434 615 2476 vivi
644 2435 755 2477 intra
782 2436 973 2488 paradisi
1006 2438 1072 2479 sui

247 2502 420 2543 semper
452 2494 624 2534 amo'ena
656 2492 852 2542 virentia,
885 2498 927 2535 et
961 2494 1072 2536 inter

247 2558 353 2588 oves
385 2546 486 2588 suas
517 2553 560 2589 te
580 2560 708 2590 verus
732 2548 804 2589 ille
823 2547 979 2591 Pastor
1003 2563 1072 2601 ag-

246 2604 410 2645 noscat.
460 2603 539 2644 Ille
571 2603 625 2645 ab
657 2604 856 2646 omnibus
879 2607 1072 2657 peccatis

246 2659 332 2700 tuis
359 2664 403 2701 te
431 2658 646 2710 absolvat,
681 2666 812 2713 atque
841 2660 898 2702 ad
926 2661 1071 2703 dexte-

247 2728 339 2756 ram
380 2728 503 2757 suam
542 2716 585 2756 in
621 2716 859 2758 electorum
894 2720 1072 2759 suorum

1120 298 1164 335 te
1183 298 1302 334 sorte
1322 295 1566 335 constituat.
1599 293 1943 347 Redemptorem

1119 355 1242 390 tuum
1274 349 1384 390 facie
1416 349 1471 391 ad
1508 349 1661 391 faciem
1692 349 1859 399 videas,
1900 354 1943 391 et

1120 418 1315 458 praesens
1336 418 1508 458 semper
1527 408 1750 455 assistens,
1768 406 1941 447 manife-¹

1121 462 1354 503 stissimam
1398 462 1537 503 beatis
1581 462 1717 504 oculis
1756 462 1942 515 aspicias

1120 518 1358 560 veritatem.
1391 518 1662 560 Constitsitus
1685 518 1814 570 igitur
1831 518 1942 561 inter

1121 575 1292 626 agmina
1323 576 1576 625 Beatorum‚
1615 574 1941 628 contemplatio-

1121 631 1186 672 nis
1226 630 1384 674 divinae
1421 630 1650 674 dulcedine
1686 630 1869 684 potiaris
1899 630 1943 671 in

1123 687 1284 729 saecula
1302 687 1572 729 saeculorum.

1173 746 1221 796 R.
1250 744 1400 786 Amen.

1453 800 1615 841 Oratio.

1191 858 1343 912 uscipe
1362 858 1546 900 Domine
1569 870 1743 899 servum
1759 861 1882 898 tuum
1899 856 1943 897 in

1207 914 1352 956 locum
1379 914 1608 968 sperandae
1636 913 1718 956 sibi
1743 912 1942 954 salvatio-

1122 969 1187 1010 nis
1207 983 1232 1011 a
1249 970 1547 1013 misericordia
1564 975 1650 1012 tua.
1679 973 1727 1024 R.
1749 969 1900 1011 Amen.
1921 974 1924 979 ’

1172 1027 1332 1069 Libera
1346 1028 1531 1069 Domine
1551 1027 1737 1068 animam
1754 1026 1868 1068 servi
1881 1024 1944 1067 tui

1123 1096 1177 1124 ex
1196 1084 1395 1126 omnibus
1414 1084 1618 1137 periculis
1637 1083 1805 1133 inferni,
1823 1087 1869 1124 et
1888 1080 1943 1123 de

1121 1139 1289 1192 laqueis
1317 1143 1562 1194 poenarum,
1591 1145 1634 1182 et
1661 1152 1716 1182 ex
1744 1138 1943 1204 omnibus

1120 1195 1481 1239 tribulationibus
1508 1198 1558 1249 R.
1580 1196 1733 1237 Amen.

1172 1252 1332 1295 Libera
1371 1253 1557 1295 Domine
1601 1252 1787 1294 animam
1829 1250 1944 1292 servi

1120 1309 1194 1359 tui,
1214 1309 1325 1351 sicut
1338 1309 1532 1351 liberasti
1546 1308 1732 1351 Henoch
1746 1313 1790 1350 et
1802 1306 1942 1349 Eliam

1123 1364 1177 1406 de
1197 1366 1414 1407 commoni
1431 1370 1572 1407 morte
1590 1364 1749 1406 mundi.

1174 1425 1224 1476 R.
1247 1422 1399 1464 Amen.

1174 1478 1332 1521 Libera
1372 1478 1557 1521 Domine
1602 1477 1787 1519 animam
1831 1475 1943 1517 servi

1121 1534 1199 1585 tui,
1226 1535 1338 1577 sicut
1359 1534 1554 1578 liberasti
1571 1534 1670 1576 Noe
1695 1533 1750 1576 de
1769 1532 1943 1575 diluvio.

1175 1567 1226 1643 R.
1251 1592 1403 1634 Amen.

1176 1648 1333 1690 Libera
1371 1649 1558 1690 Domine
1603 1647 1790 1688 animam
1831 1644 1944 1687 servi

1121 1704 1198 1753 tui,
1225 1704 1335 1746 sicut
1354 1704 1548 1746 liberasti
1568 1702 1790 1746 Abraham
1809 1701 1864 1743 de
1883 1700 1944 1743 Ur

1124 1759 1442 1802 Chaldaeorum.
1470 1761 1521 1811 R.
1539 1760 1690 1801 Amen.

1176 1817 1333 1859 Libera
1372 1817 1558 1859 Domine
1602 1816 1788 1857 animam
1831 1813 1945 1855 servi

1121 1873 1201 1924 tui,
1230 1874 1341 1915 sicut
1367 1873 1562 1915 liberasti
1586 1872 1669 1915 Job
1699 1871 1754 1914 de
1780 1869 1946 1924 passio-

1123 1929 1248 1972 nibus
1268 1930 1368 1971 suis.
1400 1930 1450 1982 R‘.
1470 1930 1622 1971 Amen.

1178 1986 1335 2028 Libera
1373 1987 1558 2028 Domine
1603 1985 1789 2027 animam
1833 1982 1946 2025 servi

1123 2043 1204 2093 tui,
1229 2043 1341 2085 sicut
1363 2043 1558 2086 liberasti
1575 2042 1700 2084 Isaac
1724 2040 1779 2083 de
1801 2038 1946 2081 hostia

1124 2104 1167 2141 et
1187 2099 1242 2141 de
1260 2112 1390 2141 manu
1408 2099 1544 2152 patris
1564 2098 1630 2139 sui
1648 2095 1850 2139 Abrahae.

1180 2158 1229 2208 R.
1245 2156 1396 2197 Amen.

1178 2211 1334 2254 Libera
1372 2211 1557 2253 Domine
1602 2209 1787 2251 animam
1833 2208 1946 2250 servi

1122 2268 1200 2318 tui,
1224 2268 1335 2310 sicut
1351 2267 1546 2310 liberasti
1563 2266 1648 2307 Lot
1663 2265 1718 2307 de
1732 2263 1945 2314 sodomis,

1125 2330 1168 2366 et
1190 2324 1244 2366 de
1264 2325 1437 2366 flamma
1457 2323 1577 2375 ignis.
1606 2323 1654 2374 R.
1674 2322 1824 2362 Amen.

1178 2380 1336 2422 Libera
1373 2379 1559 2421 Domine
1604 2378 1789 2420 animam
1833 2375 1946 2419 servi

1123 2437 1201 2487 tui,
1229 2437 1340 2479 sicut
1362 2435 1555 2478 liberasti
1577 2435 1759 2487 Moysen
1783 2432 1839 2475 de
1859 2445 1944 2475 ma-

1124 2507 1182 2534 nu
1200 2492 1437 2535 Pharaonis
1456 2492 1569 2542 regis
1588 2490 1905 2543 AEgyptiorum.

1180 2551 1229 2602 R.
1247 2549 1398 2590 Amen.

1180 2606 1337 2647 Libera
1377 2604 1563 2646 Domine
1608 2603 1794 2645 animam
1834 2602 1947 2643 servi

1125 2662 1204 2712 tui,
1251 2662 1361 2703 sicut
1397 2660 1592 2703 liberasti
1628 2659 1854 2701 Danielem
1891 2658 1947 2700 de

1125 2718 1224 2760 lacu
1242 2718 1427 2760 leonum.
1455 2718 1505 2768 R.
1523 2716 1675 2758 Amen.
