2080 2990
790 198 830 231 ln
857 198 1110 232 Dedit-atione
1138 196 1332 230 Ecclesiae.

268 292 317 343 V.
353 296 464 337 Haec
493 299 560 336 est
587 294 745 336 domus
771 294 948 336 Demini
977 294 1045 335 fir-

216 353 343 394 miter
372 351 600 393 aedifieata.
636 352 686 403 K.
716 351 836 393 Bene
866 350 1046 392 fundata

217 414 284 451 est
303 421 435 461 supra
455 408 624 450 firmam
643 413 826 461 petram.

265 464 335 505 Ad
359 464 519 506 Bened.
548 467 646 504 Ant.
681 465 867 506 Zachaee
886 465 909 489 *
931 464 1046 505 festi-

216 535 324 564 nans
353 521 588 571 descende,
618 522 720 574 quia
745 521 877 563 hodie
901 522 943 563 in
971 521 1046 563 do·

215 592 289 621 mo
309 585 383 620 tua
404 580 583 631 oportet
606 591 676 620 me
695 580 886 619 manere:
911 583 956 620 at
974 578 1046 619 ille

217 636 427 678 festinans
448 634 692 685 descendit,
719 640 763 676 et
788 635 982 687 suscepit
1000 634 1045 675 il-

216 693 306 734 lurn
325 690 521 743 gaudens
540 692 584 732 in
600 691 779 733 domum
795 704 930 732 suam.
958 691 1047 732 Ηό-

218 749 287 791 die
313 748 414 790 huic
441 747 591 790 domui
616 747 734 789 salus
761 760 786 788 a
811 748 907 789 Deo
934 748 1047 789 facta

219 810 297 854 est,
321 804 502 856 alleluja.

266 869 306 901 ln
344 869 428 910 ipso
459 867 520 901 dic
549 867 816 900 iudicationis
847 867 1043 901 Ecclesiae.

217 925 249 950 ct
278 927 345 959 per
371 920 571 950 (lctax'ilm.
607 920 642 948 ct
674 915 829 958 quando
857 916 1042 948 varianda

215 972 271 998 cst
295 965 426 998 Oratio
453 965 501 997 ob
528 974 756 997 concursum
776 963 1042 997 Dedicationis

216 1014 372 1047 alterius
397 1012 592 1046 Ecclesiae.

550 1065 712 1105 Oratio.

215 1117 299 1222 D
309 1140 397 1175 eus,
414 1125 487 1178 qui
502 1123 775 1166 invisibiliter
792 1123 939 1165 emnia
950 1125 1049 1164 cen-

322 1184 445 1232 tines,
471 1187 515 1224 et
534 1187 681 1223 tamen
706 1193 788 1233 pro
813 1179 955 1221 salute
979 1181 1048 1230 ge-

218 1241 334 1282 neris
361 1239 539 1280 humani
569 1238 693 1288 signa
720 1242 809 1278 tuae
837 1236 1048 1290 potentiae

218 1296 445 1339 visibiliter
476 1294 686 1337 ostendis:
718 1293 931 1347 templum
965 1293 1050 1334 hoc

219 1353 416 1407 potentia
458 1357 546 1394 tuae
589 1350 919 1392 inhabitationis
957 1349 1049 1390 illu-

219 1416 321 1460 stra,
342 1414 385 1451 et
402 1408 612 1459 concede3
631 1413 679 1450 ut
694 1420 857 1457 omnes,
876 1407 951 1459 qui
965 1406 1050 1448 huc

219 1466 499 1520 deprecaturi
536 1465 814 1514 conveniunt,
857 1477 911 1505 ex
949 1476 1050 1516 qua-

220 1528 407 1576 cumque
431 1522 714 1565 tribulatione
744 1520 801 1563 ad
824 1526 868 1562 te
894 1520 1050 1561 clama-

219 1580 375 1630 verint,
395 1578 710 1621 consolati6nis
730 1582 817 1619 tuae
837 1577 1051 1619 beneficia

221 1638 560 1689 consequantur.
586 1635 672 1676 Per
690 1634 939 1675 Dominum.

272 1695 312 1728 In
336 1693 617 1727 Anniversario
636 1692 903 1727 Ilcdicationis
920 1692 1048 1726 Eccle-

220 1744 299 1780 siae.
325 1750 361 1777 ct
385 1753 453 1786 per
478 1744 673 1777 Octavam.

553 1795 715 1835 Oratio.

220 1849 402 1957 Deus,
428 1854 501 1906 qui
519 1852 646 1894 nobis
665 1865 746 1905 per
765 1853 960 1904 singulos
981 1866 1051 1895 an-

342 1924 423 1953 nos
458 1910 585 1962 hujus
622 1910 762 1951 sancti
800 1910 953 1964 templi
989 1910 1052 1952 tui

221 1967 564 2010 consecratiOnis
583 1968 763 2019 reparas
780 1966 908 2017 diem,
928 1972 972 2009 et
988 1980 1052 2008 sa—

222 2025 306 2066 cris
330 2037 503 2077 semper
522 2023 741 2076 mysteriis
761 2026 1052 2076 repraesentas

223 2081 479 2123 incolumes:
516 2079 675 2122 exaudi
711 2093 868 2133 preces
900 2081 1053 2134 pupuli

224 2138 297 2187 tui,
314 2143 357 2179 et
372 2142 549 2190 praesta3
569 2141 617 2178 ut
634 2136 830 2189 quisquis
846 2136 931 2179 hoc
946 2142 1052 2179 tem-

223 2194 344 2248 plum
375 2193 589 2236 beneficia
620 2193 837 2245 petiturus
868 2193 1053 2246 ingredi-

222 2256 309 2300 tur,
335 2255 492 2292 cuncta
518 2262 564 2291 se
589 2250 850 2302 impetrasse
869 2251 1053 2293 laetetur.

223 2309 307 2350 Per
325 2307 575 2349 Deminum.

490 2384 559 2421 Ad
582 2384 781 2422 Tertiam.

277 2443 376 2481 Ant.
411 2442 580 2484 Domus
599 2454 708 2483 mea.

276 2503 411 2554 Capit.
448 2502 548 2544 Vidi
567 2502 800 2545 civitatem.
819 2503 915 2556 [121]

276 2564 324 2615 R».
353 2564 412 2605 br.
447 2564 641 2605 Domum
667 2569 789 2605 tuam
817 2564 1004 2607 Demine
1030 2569 1051 2590 *

225 2622 365 2663 Decet
388 2620 650 2662 sanctitudo.
685 2621 890 2662 Domum.
923 2617 971 2667 V
1002 2623 1051 2662 In

224 2676 541 2729 longitudinem
565 2676 744 2718 dierum.
772 2677 923 2719 Decet.
952 2678 1052 2719 Glo-

226 2735 290 2776 ria
307 2734 438 2776 Patri.
466 2733 669 2775 Domum.

1151 290 1199 341 V.
1218 292 1366 334 Locus
1383 292 1467 334 iste
1487 297 1662 334 sanctus
1682 297 1759 342 est,
1779 293 1822 333 in
1838 305 1925 344 quo

1098 355 1195 392 orat
1222 348 1441 391 sacerdos
1492 351 1544 402 Ην.
1569 349 1655 390 Pro
1686 348 1854 391 delictis
1884 353 1927 390 et

1097 406 1292 460 peccatis
1311 405 1475 458 populi.

1378 482 1443 519 Ad
1470 482 1655 520 Sextam.

1152 549 1251 588 Ant.
1280 547 1388 586 Haec
1408 549 1475 586 est
1494 544 1652 586 domus
1670 544 1859 586 Demini.

1203 616 1461 668 Capitulum.
1610 617 1748 668 Apoc.
1763 618 1822 660 21.

1181 685 1197 722 t
1207 679 1355 722 audivi
1366 693 1523 722 vocem
1534 692 1738 731 magnam
1748 678 1803 721 de
1812 678 1929 721 thro·

1197 749 1253 778 no
1278 736 1510 778 dicentem:
1538 737 1653 779 Ecce
1676 736 1929 778 tabernacu-

1099 793 1189 835 lum
1203 793 1289 835 Dei
1308 806 1407 835 eum
1426 793 1686 843 hominibuS,
1706 798 1750 835 et
1764 792 1929 835 habita-

1099 850 1163 892 bit
1189 863 1289 892 cum
1313 850 1387 892 eis.
1427 851 1483 891 Et
1510 850 1595 904 ipsi
1623 850 1813 903 populus
1840 850 1930 902 ejus

1101 913 1244 957 erunt,
1279 912 1323 949 et
1353 907 1448 960 ipse
1475 907 1598 948 Deus
1631 920 1730 948 cum
1759 907 1821 948 eis
1850 906 1931 948 erit

1101 965 1253 1006 eurum
1271 964 1405 1005 Deus.

1155 1036 1202 1087 R.
1228 1034 1289 1075 br.
1332 1033 1478 1076 Locus
1515 1035 1599 1076 iste
1637 1038 1815 1075 sanctus
1854 1037 1931 1082 est,

1101 1094 1122 1116 *
1162 1090 1211 1130 In
1245 1102 1333 1142 quo
1371 1096 1467 1133 orat
1504 1090 1721 1132 sacerdos.
1775 1090 1932 1131 Locus.

1103 1144 1151 1195 V.
1179 1147 1265 1188 Pro
1293 1146 1464 1189 delictis
1490 1153 1534 1189 et
1553 1147 1749 1200 peccatis
1767 1145 1932 1200 populi.

1102 1205 1162 1245 In.
1198 1202 1349 1245 Gloria
1367 1204 1498 1246 Patri.
1526 1204 1684 1245 Locus.

1154 1260 1204 1312 V.
1237 1266 1348 1308 Haec
1377 1270 1444 1307 est
1472 1265 1630 1307 domus
1658 1264 1837 1305 Domini
1863 1263 1932 1304 fir-

1101 1323 1229 1365 miter
1255 1322 1484 1365 aedificata.
1524 1321 1574 1372 Rv.
1602 1322 1723 1363 Bene
1750 1319 1932 1362 fundata

1103 1384 1170 1422 est
1190 1393 1322 1433 supra
1341 1379 1511 1420 firmam
1529 1383 1712 1431 petram.

1384 1458 1451 1495 Ad
1474 1459 1659 1495 Nonam.

1156 1520 1254 1560 Ant.
1283 1518 1478 1572 Lapides
1497 1518 1693 1572 pretiosi.

1181 1589 1439 1641 Capitulum.
1589 1588 1727 1639 Apoc.
1742 1588 1800 1628 21.
1817 1587 1855 1628 b.

1186 1661 1204 1698 t
1228 1654 1451 1706 absterget
1469 1654 1591 1695 Deus
1617 1665 1794 1695 omnem
1811 1652 1934 1694 lacri-

1193 1725 1311 1753 mam
1329 1710 1385 1752 ab
1406 1710 1544 1752 oculis
1563 1712 1730 1752 eorum:
1753 1713 1798 1750 et
1814 1720 1935 1750 mors

1103 1769 1218 1811 ultra
1236 1781 1325 1809 non
1345 1768 1436 1817 erit,
1455 1779 1599 1819 neque
1617 1766 1773 1815 luctus,
1790 1777 1935 1817 neque

1105 1826 1281 1874 clamor,
1295 1837 1439 1876 neque
1455 1823 1583 1866 dolor
1598 1823 1680 1865 erit
1693 1822 1817 1871 ultra,
1834 1821 1935 1874 quia

1103 1883 1246 1936 prima
1265 1881 1475 1923 abierunt.
1509 1881 1566 1922 Et
1590 1879 1700 1922 dixit
1719 1879 1794 1931 qui
1813 1877 1935 1920 sede-

1104 1939 1180 1982 bat
1218 1940 1262 1980 in
1298 1938 1475 1980 throno:
1518 1937 1635 1979 Ecce
1670 1948 1786 1977 nova
1822 1935 1935 1977 facio

1106 1997 1262 2038 omnia.

1159 2060 1209 2111 Rv.
1230 2059 1290 2100 br.
1320 2060 1430 2103 Haec
1453 2065 1521 2102 cst
1540 2059 1697 2102 domus
1717 2057 1896 2099 Demini
1911 2057 1934 2080 ¹⁸¹

1106 2119 1309 2161 Firmiter
1328 2117 1557 2160 aedificata.
1586 2115 1707 2156 Haec.
1744 2110 1793 2162 V.
1815 2114 1935 2156 Bene

1106 2175 1286 2218 fundata
1313 2179 1381 2217 est
1405 2186 1538 2227 supra
1563 2172 1734 2214 firmam
1752 2176 1936 2224 petram.

1105 2233 1321 2274 Firmiter.
1350 2231 1501 2272 Gloria
1518 2229 1648 2271 Patri.
1675 2229 1797 2270 Haec.

1159 2288 1209 2340 V.
1236 2293 1357 2334 Bene
1381 2290 1563 2333 fundata
1582 2294 1650 2332 est
1670 2289 1828 2331 domus
1847 2288 1934 2329 Do-

1106 2351 1220 2392 mini.
1248 2349 1296 2400 R!-
1316 2348 1458 2402 Supra
1475 2347 1646 2388 firmam
1664 2351 1847 2400 petram.

1304 2443 1366 2484 In
1391 2442 1453 2483 11.
1482 2440 1735 2492 Vesperis.

1159 2512 1262 2547 Ant..
1294 2508 1456 2549 Psalmi,
1482 2508 1604 2550 Capit.
1631 2513 1666 2541 et
1692 2508 1868 2552 Hymnus
1896 2513 1934 2540 ut

1108 2563 1143 2595 in
1171 2560 1195 2593 l.
1224 2557 1415 2601 Vesperis.
1445 2556 1535 2600 [112]

1160 2614 1209 2666 V.
1234 2619 1427 2660 Domum
1450 2623 1571 2659 tuam
1594 2616 1782 2658 Domine
1808 2614 1936 2656 decet

1107 2675 1369 2718 sanctitudo.
1429 2674 1478 2725 R

1107 2733 1286 2776 dierum.

1522 2675 1573 2714 In
1617 2671 1935 2725 longitudinem
