2040 2990
807 194 1001 226 Ummium·
1031 192 1077 224 ad
1107 191 1279 223 Primam.

252 289 295 337 V.
326 289 510 330 Domine
538 290 687 329 averte
716 287 870 328 facicm
895 293 1013 328 tuam

194 359 218 386 a
243 344 432 397 peccetis
456 344 574 384 meis.
622 346 665 394 R:-
686 343 741 383 Et
765 355 916 384 omnes
940 343 1013 383 ini-

195 401 380 452 quitates
401 412 521 440 meas
541 398 648 440 dele.

253 452 294 501 Υ.
314 455 399 495 Cor
415 454 623 495 mundum
639 467 737 495 crea
750 454 792 494 in
803 467 872 495 me
885 455 1013 495 Deus.

200 512 243 561 R'·
273 511 329 551 Et
362 511 559 562 spiritum
593 515 758 551 rectum
786 512 943 550 innova
971 509 1013 549 in

193 566 431 607 visceribus
451 566 569 607 meis.

251 618 296 666 Υ.
321 621 388 662 Ne
416 622 617 674 projicias
645 634 714 662 me
743 634 767 661 a
796 621 905 661 facie
929 626 1014 661 tua.

199 681 243 730 Ra
269 677 326 717 Et
353 677 559 729 Spiritum
589 682 786 717 sanctum
813 683 935 717 tuum
961 689 1014 717 ne

193 732 363 773 auferas
383 745 407 773 a
425 746 505 773 me.

252 785 294 834 Υ.
314 788 467 829 Redde
484 788 585 828 mihi
603 788 797 829 laetitiam
813 788 1015 828 salutaris

193 844 265 885 tui.
313 845 359 894 Ry.
391 844 447 884 Et
479 844 632 895 spiritu
660 843 887 896 principali
916 856 1015 884 con-

194 899 318 939 firma
337 913 416 940 me.

252 952 294 999 ,Υ’.
328 954 603 1006 Adjutorium
637 961 834 995 nostrum
867 956 909 995 in
941 957 1015 995 no-

194 1010 307 1051 mine
332 1011 517 1051 Domini.
554 1012 599 1062 Ιςι
624 1010 705 1061 Qui
731 1011 831 1051 fecit
856 1011 1015 1052 coelum

195 1071 238 1107 et
257 1071 427 1107 terram.

264 1130 423 1169 Deinde
446 1130 824 1169 Hebdomadarius
852 1130 949 1169 facit

438 1186 773 1225 Confessionem.

267 1240 453 1281 onfiteor
460 1240 556 1282 Deo
567 1241 864 1293 omnipotenti,
873 1242 1015 1283 beatae

297 1296 446 1336 Mariae
473 1310 646 1348 semper
670 1297 855 1347 Virgini,
884 1297 1014 1339 beato

191 1351 390 1392 Michaeli
404 1352 691 1402 ArchangelQ
713 1352 844 1394 beato
860 1354 883 1393 J
887 1355 1014 1394 oanni

192 1407 414 1459 Baptistae,
429 1408 589 1449 sanctis
597 1408 824 1460 Apostolis
832 1410 962 1450 Petro
972 1415 1015 1451 et

190 1462 345 1509 Paulo,
374 1463 573 1504 omnibus
601 1463 789 1513 Sanctis,
818 1469 861 1505 et
890 1465 1014 1506 vobis

192 1517 361 1557 fratres:
387 1519 486 1569 quia
509 1520 690 1571 peccavi
708 1520 834 1560 nimis
855 1521 1014 1571 cogita-

191 1572 323 1619 tione,
352 1573 486 1614 verbo
513 1579 556 1615 et
581 1576 728 1626 opere:
755 1589 852 1616 mea
877 1576 1014 1629 culpa,

192 1640 288 1668 mea
325 1628 471 1680 culpa,
516 1643 613 1670 mea
652 1631 840 1672 maxima
877 1632 1014 1684 culpa.

193 1682 299 1723 Ideo
322 1696 479 1735 precor
503 1684 677 1726 beatam
700 1686 881 1727 Mariam
907 1700 1015 1728 sem-

193 1751 271 1790 per
296 1739 534 1789 Virginem,
559 1740 735 1782 beatum
760 1742 1015 1784 Michaelem

195 1793 528 1844 Archangelum,
583 1795 758 1837 beatum
803 1798 1015 1840 Joannem

198 1849 453 1900 Baptistam,
479 1857 654 1893 sanctos
674 1853 915 1905 Apostolos
938 1855 1015 1896 Pe-

195 1909 308 1944 trum
339 1910 381 1945 et
408 1906 604 1955 Paulum,
641 1920 792 1949 omnes
819 1909 1015 1959 Sanctos,

196 1963 239 2000 et
258 1971 336 1999 vos
352 1960 516 2009 fratres.
536 1964 662 2003 orare
676 1976 757 2015 pro
772 1978 841 2006 mc
857 1965 912 2007 ad
927 1966 1015 2007 Do-

196 2014 356 2055 minum
376 2015 516 2057 Deum
535 2023 741 2059 nostrum.

387 2080 553 2119 ‹jhm-us
576 2084 822 2133 respondet:

195 2130 512 2234 Misereatur
526 2136 586 2176 tui
599 2139 872 2190 omnipotens
884 2140 1015 2190 Deus,

325 2194 368 2229 et
387 2189 575 2231 dimissis
594 2194 786 2244 peccatis
805 2196 900 2244 tuis,
921 2210 1014 2248 pcr-

197 2242 328 2285 ducat
346 2249 389 2285 te
409 2244 463 2286 ad
484 2246 615 2287 vitam
635 2251 852 2291 aeternam.

253 2302 295 2350 lev.
324 2300 474 2341 Amen.

250 2365 926 2408 Deinderepetitconsessionem:01
948 2377 1007 2408 ubi

196 2412 334 2445 dicitur
351 2411 464 2444 vobis
482 2411 627 2453 fratres.
645 2423 678 2450 et
699 2426 770 2450 vos
790 2417 935 2459 fratres,
958 2423 1010 2455 di-

197 2464 310 2491 catur.
329 2456 398 2491 tibi
416 2463 534 2501 pater,
549 2469 583 2495 ct
604 2466 640 2496 te
657 2468 774 2505 pater.

199 2518 309 2551 Facta
329 2520 580 2554 (hwa-ssione
600 2534 617 2554 ει
639 2525 777 2559 (thoro.
798 2527 1011 2561 Hebdoma-

479 2568 607 2601 durius
626 2571 731 2604 dicit:

197 2611 513 2714 Misereatur
562 2620 693 2660 vestri
740 2626 1014 2675 omnipotens

335 2670 469 2719 Deus.
510 2678 553 2713 et
595 2673 782 2717 dimissis
823 2682 1014 2730 peccatis

1065 286 1240 334 vestris,
1284 283 1498 337 perducat
1540 295 1621 324 vos
1661 283 1717 325 ad
1759 283 1893 324 vitam

1066 343 1286 383 aeternam.
1340 344 1385 394 Rg.
1414 340 1565 380 Amen.

1069 395 1425 499 Indulgentiam,
1470 394 1807 444 absolutionem,
1851 400 1894 436 et

1150 452 1451 493 remissionem
1495 453 1779 503 peccatorum
1818 463 1893 491 no-

1067 511 1257 549 strorum
1282 506 1445 548 tribuat
1468 506 1594 547 nobis
1614 509 1894 559 omnipotens

1067 570 1110 605 et
1134 563 1383 604 misericors
1407 563 1633 603 Dominus.
1672 565 1717 616 R„
1741 562 1894 604 Amen.

1125 623 1176 661 Et
1206 622 1485 672 prosequitur
1518 616 1563 666 Υ.
1586 619 1780 669 Dignare
1806 618 1894 659 Do-

1067 676 1181 716 mine
1201 674 1270 715 die
1290 675 1385 715 isto.
1421 677 1469 727 Rg.
1489 674 1590 715 Sine
1609 676 1795 727 peccato
1815 686 1896 714 nos

1068 730 1299 772 custodire.

1125 784 1387 833 V.Miserere
1397 787 1537 828 nostri
1547 786 1748 827 Domine.
1764 788 1812 827 Κ.
1825 786 1896 826 Mi·

1068 844 1213 883 serere
1233 843 1382 883 nostri.

1125 895 1170 944 Υ’.
1188 899 1285 939 Fiat
1301 898 1604 939 misericordia
1618 903 1694 939 tua
1707 898 1897 939 Domine

1069 967 1200 1007 super
1215 966 1307 995 nos.
1333 956 1382 1006 R.
1402 954 1785 1004 Quemadmodum
1801 966 1896 1006 spe-

1068 1011 1260 1051 ravimus
1279 1011 1322 1051 in
1341 1015 1395 1052 te.

1127 1062 1171 1111 Υ
1214 1067 1402 1108 Domine
1449 1066 1607 1108 exaudi
1653 1066 1897 1107 orationem

1068 1135 1221 1163 meam.
1262 1123 1310 1173 kg.
1338 1123 1394 1164 Et
1424 1122 1589 1163 clamor
1616 1135 1740 1164 meus
1769 1121 1826 1163 ad
1853 1126 1898 1163 te

1069 1178 1224 1219 veniat.

1126 1230 1170 1279 V.
1207 1234 1422 1275 Dominus
1459 1234 1700 1275 vobiscum.
1755 1236 1804 1287 R!-
1841 1233 1899 1275 Et

1069 1302 1167 1330 cum
1187 1290 1343 1342 spiritu
1361 1295 1448 1331 tuo.

1173 1348 1369 1386 oremus.
1629 1347 1793 1387 Oratio.

1069 1398 1300 1501 Domine
1333 1401 1454 1442 Deus
1491 1404 1787 1454 omnipotens,
1825 1401 1898 1454 qui

1176 1456 1232 1498 ad
1260 1457 1522 1509 principium
1550 1457 1677 1509 hujus
1705 1456 1792 1499 diei
1817 1470 1898 1499 nos

1067 1514 1297 1564 pervenire
1335 1513 1494 1553 fecisti:
1536 1518 1612 1554 tua
1648 1526 1730 1555 nos
1765 1513 1898 1556 hodie

1068 1568 1189 1609 salva
1208 1569 1384 1618 virtute3
1412 1574 1461 1609 ut
1477 1569 1521 1609 in
1540 1568 1623 1610 hac
1643 1568 1713 1611 die
1733 1568 1789 1610 ad
1808 1569 1899 1611 nul-

1068 1624 1156 1665 lum
1167 1624 1435 1665 declinemus
1443 1626 1687 1676 peccatum,
1699 1624 1779 1667 sed
1789 1638 1898 1667 sem-

1069 1693 1147 1732 per
1181 1679 1236 1721 ad
1268 1685 1389 1721 tuam
1419 1680 1626 1731 justitiam
1653 1680 1898 1723 faciendam

1068 1741 1217 1777 nostra
1237 1735 1480 1787 procedant
1498 1736 1687 1789 eloquia,
1713 1736 1898 1788 dirigan-

1068 1796 1137 1832 tur
1157 1792 1446 1841 eogitationes
1466 1797 1510 1833 et
1529 1794 1676 1844 opera.
1707 1793 1792 1834 Per
1810 1794 1898 1835 Do-

1068 1847 1231 1888 minum
1251 1852 1461 1889 nostrum.
1489 1852 1538 1903 Ιζι.
1559 1848 1712 1890 Amen.

1123 1901 1168 1950 Υ.
1216 1903 1432 1944 Dominus
1469 1903 1708 1946 vobiscum.
1756 1908 1804 1959 R!-
1841 1906 1898 1947 Et

1069 1972 1166 1999 cum
1188 1959 1343 2011 spiritu
1361 1964 1450 2000 tuo.

1126 2013 1168 2062 V
1185 2014 1504 2056 Benedicamus
1516 2016 1720 2057 Domino.
1736 2020 1784 2071 Κ.
1799 2017 1896 2058 Deo

1067 2071 1242 2120 gratias.

1121 2129 1267 2162 Deinde
1294 2129 1328 2162 in
1352 2131 1482 2164 Choro
1506 2131 1646 2173 legitur
1666 2132 1894 2175 Martyrolo—

1067 2174 1179 2216 gium.
1230 2174 1273 2207 Et
1304 2176 1459 2217 quando
1491 2176 1656 2210 dicenda
1686 2183 1743 2211 est
1766 2176 1893 2210 Prima

1067 2220 1112 2253 de
1138 2219 1178 2297 1}
1197 2219 1327 2270 Maria.
1356 2222 1593 2264 praeponitur
1618 2222 1773 2256 lectioni
1797 2221 1894 2255 Mar-

1068 2271 1151 2298 tvro
1171 2275 1259 2302 02:11.

1083 2302 1089 2307 “
1117 2300 1255 2346 Postea
1287 2313 1621 2349 {fflcbdomadarius
1648 2314 1741 2349 dicit

1122 2355 1166 2405 Υ.
1183 2359 1381 2401 Pretiosa
1397 2360 1438 2402 in
1455 2363 1695 2415 conspectu
1708 2361 1894 2403 Domini.

1073 2417 1116 2466 lxffv.
1136 2414 1256 2455 Mors
1275 2420 1527 2459 sanctorum
1547 2418 1648 2469 ejus.

1120 2474 1161 2505 lsst
1189 2474 1363 2507 absolute
1391 2475 1472 2508 sinc
1500 2474 1671 2509 Oremus.

1402 2523 1564 2562 Oratio.

1068 2570 1262 2675 Sancta
1294 2575 1450 2625 Maria,
1488 2582 1532 2618 et
1563 2590 1715 2618 omnes
1747 2577 1893 2618 Sancti

1166 2631 1437 2673 intercedant
1462 2645 1544 2685 pro
1570 2632 1697 2674 nobis
1723 2632 1780 2674 ad
1804 2633 1892 2674 Do-

1066 2685 1248 2734 minum,
1281 2692 1328 2727 ut
1360 2700 1441 2728 nos
1473 2690 1718 2730 mereamur
1751 2688 1806 2730 ab
1839 2701 1892 2730 eo
