2080 2990
854 187 1061 220 Commune
1091 186 1297 228 Vix-ginum.

245 276 247 278 ’
284 281 381 320 Ant.
412 279 522 319 Haec
541 281 608 318 est
628 289 726 329 quae
745 278 930 320 nescivit
948 278 972 305 *
990 283 1054 319 to-

232 347 327 376 rum
346 333 389 374 in
408 332 583 374 delicto:
611 332 790 376 habebit
806 334 994 377 fructum
1012 335 1055 375 in

232 389 508 443 respectione
533 389 773 431 animarum
797 393 1054 433 sanctarum.

497 470 692 511 Psalmus
712 471 787 510 121.

296 532 454 571 aetatus
487 542 583 571 sum
612 530 655 570 in
683 530 767 580 his,
811 542 909 581 quae
938 528 1055 571 dicta

319 591 419 627 sunt
443 586 563 627 mihi:
582 586 664 627 *in
684 586 861 628 domum
877 586 1054 628 Domini

224 642 401 694 ibimus.

283 699 458 741 Stantes
487 703 610 741 erant
635 698 772 751 pedes
800 698 950 748 nostri,
970 699 1055 739 *in

232 755 354 798 atriis
373 756 460 797 tuis
479 755 730 797 Jerusalem.

286 812 539 861 Jerusalem,
558 824 655 863 quae
674 811 916 853 aedificatur
932 815 981 853 ut
1000 813 1054 852 ci-

233 868 360 909 vitas:
386 869 409 894 *
438 868 557 920 cujus
585 868 864 920 participatio
894 868 984 920 eius
1011 867 1055 908 in

232 924 434 977 idipsum.

285 980 396 1022 Illuc
430 981 544 1022 enim
578 980 869 1022 ascenderunt
902 980 1055 1030 tribus,

233 1036 373 1078 tribus
429 1037 627 1077 Domini:
680 1036 704 1062 *
757 1037 1057 1078 testimonium

232 1094 370 1134 Israel
391 1093 447 1135 ad
474 1093 768 1135 confitendum
786 1094 951 1134 nomini
969 1094 1056 1134 Do-

232 1150 347 1191 mini.

288 1206 399 1256 Quia
427 1206 516 1248 illic
546 1206 753 1248 sederunt
781 1206 909 1248 sedes
933 1206 978 1247 in
999 1208 1056 1258 ju-

235 1262 362 1312 dicio,
377 1263 401 1289 *
416 1263 543 1305 sedes
561 1275 692 1315 super
708 1262 887 1304 domum
901 1262 1057 1304 David.

285 1320 458 1371 Rogate
487 1333 585 1371 quae
614 1319 671 1361 ad
694 1332 849 1372 pacem
871 1324 971 1361 sunt
991 1320 1015 1360 J
1018 1332 1056 1361 e-

235 1376 438 1417 rusalem:
453 1376 476 1402 *
495 1381 538 1418 et
557 1375 823 1418 abundantia
843 1375 1056 1428 diligenti-

237 1432 317 1475 bus
336 1437 397 1474 te:

286 1489 385 1531 Fiat
411 1502 500 1542 pax
520 1489 564 1530 in
582 1490 744 1531 virtute
762 1493 852 1530 tua:
871 1489 895 1515 *
916 1493 959 1531 et
985 1489 1056 1531 ab·

235 1545 445 1587 undantia
463 1546 507 1587 in
528 1546 722 1587 turribus
741 1546 839 1586 tuis.

286 1603 476 1655 Propter
494 1603 651 1644 fratres
675 1615 815 1652 meos,
844 1607 888 1644 et
912 1603 1057 1655 proxi-

234 1671 331 1700 mos
347 1671 481 1710 meos,
494 1659 518 1685 *
532 1658 746 1711 loquebar
760 1671 914 1711 pacem
930 1658 984 1700 de
999 1663 1058 1700 te:

286 1716 474 1768 Propter
496 1715 675 1757 domum
688 1715 867 1756 Domini
881 1715 965 1757 Dei
984 1728 1058 1757 no-

236 1772 326 1822 stri,
346 1773 369 1798 *
388 1772 571 1824 quaesivi
588 1771 706 1814 bona
724 1771 816 1813 tibi.

293 1836 387 1875 Ant.
423 1836 528 1875 Haec
560 1837 626 1875 est
655 1845 753 1885 quae
785 1833 968 1875 nescivit
995 1837 1058 1874 to-

236 1902 331 1930 rum
350 1889 393 1930 in
413 1889 588 1931 delicto:
612 1888 791 1931 habebit
809 1889 997 1930 fructum
1015 1890 1059 1930 in

235 1946 510 1999 respectione
534 1946 774 1987 animarum
801 1948 1059 1987 sanctarum.

293 2015 385 2054 Ant.
423 2012 527 2053 Veni
554 2011 693 2053 electa
719 2025 831 2062 mea,
859 2012 883 2038 *
912 2016 955 2053 et
982 2025 1059 2065 po-

236 2081 335 2109 nam
354 2068 397 2108 in
415 2073 458 2110 te
477 2068 682 2110 thronum
700 2081 860 2118 meum,
879 2068 1059 2121 alleluja.

502 2138 696 2178 l'salmus
719 2139 801 2178 126.

238 2192 384 2298 Nisi
414 2203 630 2244 Dominus
667 2201 951 2245 aedificaverit
985 2203 1059 2245 do-

352 2271 486 2308 mum,
521 2259 544 2284 *
580 2259 622 2299 in
650 2272 808 2301 vanum
838 2259 1059 2302 laborave-

236 2319 337 2356 runt
357 2315 431 2367 qui
451 2314 669 2356 aedificant
691 2328 795 2356 eam.

288 2371 385 2413 Nisi
399 2372 614 2413 Dominus
635 2371 892 2414 custodierit
913 2372 1059 2415 eivita-

236 2432 336 2478 tem,
355 2428 378 2454 *
397 2428 557 2469 frustra
583 2428 736 2479 vigilat
764 2428 838 2480 qui
866 2428 1060 2470 custodit

238 2497 344 2526 eam.

288 2541 462 2582 Vanum
506 2546 572 2582 est
609 2540 735 2582 vobis
778 2545 879 2582 ante
917 2541 1059 2582 lucem

239 2601 432 2649 surgere:
451 2598 474 2623 *
493 2598 658 2649 surgite
681 2602 916 2650 postquam
939 2598 1059 2639 sede-

238 2655 353 2707 ritis,
396 2654 470 2706 qui
498 2654 772 2696 manducatis
799 2667 957 2707 panem
986 2654 1059 2695 do-

236 2711 353 2752 loris.

1160 276 1268 318 Cum
1305 277 1476 320 dederit
1517 278 1687 321 dilectis
1728 280 1831 321 suis*
1861 292 1927 322 so·

1107 346 1271 375 mnum:
1298 334 1322 360 *
1350 346 1452 377 ecce
1484 335 1718 377 haereditas
1750 336 1928 378 Domini

1108 390 1202 431 filii:
1220 403 1399 442 merces,
1419 392 1586 433 fructus
1606 393 1783 435 ventris.

1159 446 1280 489 Sicut
1305 450 1476 500 sagittae
1502 449 1546 489 in
1566 461 1695 491 manu
1717 449 1927 502 potentis:

1108 502 1131 529 *
1150 503 1211 544 ita
1229 503 1307 544 fssii
1328 506 1621 546 excussorum.

1160 560 1323 601 Beatus
1350 561 1416 603 vir
1441 562 1514 613 qui
1538 562 1735 615 implevit
1760 562 1927 604 deside-

1108 616 1219 657 rium
1241 630 1365 658 suum
1386 630 1439 659 ex
1457 618 1581 671 ipsis:
1601 619 1624 645 *
1642 631 1730 660 non
1753 618 1927 660 confun-

1109 672 1235 714 detur
1271 686 1369 715 cum
1395 674 1598 727 loquetur
1625 675 1810 717 inimicis
1838 675 1928 716 suis

1107 729 1151 769 in
1169 734 1308 782 porta.

1155 806 1253 845 Ant.
1287 804 1395 845 Veni
1415 803 1554 845 electa
1571 816 1684 853 mea,
1706 808 1749 845 et
1768 817 1930 857 ponam

1107 858 1151 900 in
1169 863 1213 901 te
1230 859 1436 902 thronum
1453 872 1608 911 meum,
1629 859 1808 912 alleluja.

1162 938 1259 976 Ant.
1290 936 1380 975 Ista
1403 938 1470 975 est
1493 934 1693 986 speciosa
1711 934 1864 976 *inter
1883 934 1929 975 fi-

1108 988 1186 1030 lias
1206 989 1456 1032 Jerusalem.
1700 993 1703 994 ’

1371 1073 1567 1114 Psalmus
1586 1073 1670 1113 147.

1109 1133 1295 1240 Lauda
1337 1137 1578 1179 Jerusalem
1621 1139 1871 1181 Dominum:
1907 1139 1931 1166 *

1194 1194 1218 1221 *
1236 1194 1367 1236 lauda
1384 1194 1527 1236 Deum
1545 1199 1668 1236 tuum
1685 1196 1799 1237 Sion.

1163 1251 1379 1302 Quoniam
1403 1251 1665 1294 confortavit
1688 1264 1808 1293 seras
1832 1264 1931 1305 por-

1108 1310 1252 1349 tarum
1287 1310 1474 1349 tuarum:
1509 1308 1533 1334 *
1568 1307 1790 1351 benedixit
1833 1308 1931 1350 filiis

1109 1365 1194 1406 tuis
1213 1365 1257 1405 in
1275 1369 1330 1406 te.

1161 1421 1245 1472 Qui
1272 1421 1419 1474 posuit
1445 1421 1554 1463 fines
1581 1425 1681 1463 tuos
1709 1434 1881 1475 pacem:
1908 1422 1932 1449 *

1110 1482 1153 1520 et
1181 1477 1310 1531 adipe
1338 1478 1542 1519 frumenti
1568 1478 1698 1520 satiat
1723 1482 1778 1520 te.

1162 1534 1245 1585 Qui
1272 1534 1429 1576 emittit
1456 1534 1677 1587 eloquium
1703 1548 1829 1577 suum
1850 1539 1932 1577 ter-

1109 1603 1185 1631 rae:
1213 1591 1236 1617 *
1264 1591 1472 1633 velociter
1500 1592 1634 1633 currit
1661 1604 1804 1633 sermo
1833 1592 1933 1645 ejus.

1162 1648 1245 1698 Qui
1282 1646 1357 1689 dat
1391 1648 1535 1689 nivem
1571 1648 1683 1689 sicut
1718 1648 1876 1689 lanam:
1909 1649 1932 1675 *

1109 1703 1312 1745 nebulam
1341 1704 1452 1745 sicut
1479 1706 1668 1746 cinerem
1695 1705 1873 1758 spargit.

1161 1760 1294 1802 Mittit
1309 1760 1561 1812 crystallum
1577 1774 1699 1802 suam
1711 1762 1822 1802 sicut
1830 1761 1932 1803 buc-

1112 1816 1256 1858 cellas:
1280 1817 1303 1843 *
1332 1821 1432 1858 ante
1459 1817 1615 1859 faciem
1642 1818 1815 1869 frigoris
1843 1818 1933 1870 ejus

1112 1874 1208 1925 quis
1228 1872 1479 1915 sustinebit?

1162 1930 1344 1972 Emittet
1362 1930 1545 1972 verbum
1567 1944 1708 1981 suum,
1737 1935 1780 1972 et
1800 1930 1933 1983 lique-

1111 1986 1241 2028 faciet
1269 1999 1334 2028 ea:
1353 1986 1376 2013 *
1401 1986 1523 2030 flabit
1553 1988 1731 2041 spiritus
1759 1988 1862 2040 ejus,
1891 1991 1935 2030 et

1112 2043 1248 2085 fluent
1267 2056 1404 2096 aquae.

1164 2100 1247 2150 Qui
1270 2101 1496 2142 annuntiat
1517 2099 1699 2142 verbum
1723 2113 1848 2142 suum
1865 2100 1890 2142 J
1893 2113 1933 2142 a·

1112 2156 1211 2198 cob:
1221 2157 1244 2183 *
1254 2157 1448 2208 justitias,
1464 2161 1507 2198 et
1520 2156 1678 2209 judicia
1693 2170 1772 2198 sua
1787 2157 1935 2199 Israel.

1162 2213 1263 2254 Non
1286 2213 1388 2255 fecit
1410 2212 1554 2255 taliter
1578 2213 1695 2254 omni
1713 2214 1892 2255 nationi:
1910 2214 1934 2240 *

1113 2274 1156 2311 et
1173 2269 1332 2321 judicia
1350 2282 1428 2311 sua
1446 2282 1534 2311 non
1551 2270 1843 2312 manifestavit
1863 2270 1935 2312 eis.

1171 2341 1265 2381 Ant.
1304 2341 1391 2380 lsta
1425 2344 1492 2380 est
1525 2340 1724 2392 speciosa
1751 2340 1935 2393 inter‘fi-

1112 2396 1191 2437 lias
1218 2395 1470 2437 Jerusalem.

1207 2468 1483 2519 Capitulum.‘
1567 2470 1602 2508 2.
1620 2470 1713 2509 Cor.
1732 2471 1792 2509 10.
1809 2468 1846 2510 d.

1111 2536 1342 2643 Fratres:
1372 2540 1454 2589 Qui
1478 2538 1703 2591 gloriatur,
1728 2540 1771 2580 in
1788 2540 1935 2581 Domi-

1220 2609 1275 2638 no
1312 2596 1529 2647 glorietur.
1574 2596 1675 2637 Non
1713 2596 1826 2637 enim
1863 2596 1935 2648 qui

1113 2656 1303 2706 seipsum
1324 2652 1614 2702 commendat,
1633 2652 1705 2694 ille
1723 2652 1935 2705 probatus

1113 2715 1193 2752 est:
1222 2709 1299 2751 sed
1319 2722 1449 2762 quem
1467 2710 1588 2751 Deus
1607 2708 1893 2751 commendat.
