2040 2990
774 204 816 238 In
840 204 1060 247 Epiphania
1085 205 1250 240 Domini.

208 299 264 340 Et
295 298 491 341 locutum
521 303 587 340 est
615 312 665 340 os
693 311 857 348 meum,
889 299 912 324 *
940 298 984 339 in

156 354 436 397 tribulatione
463 368 571 396 mea.

207 411 480 453 Holocausta
494 412 732 454 medullata
748 411 928 453 offeram
942 413 984 454 ti·

156 467 202 509 bi
220 481 319 509 cum
338 469 515 510 incenso
536 471 734 510 arietum:
757 469 780 495 *
803 468 984 510 offeram

156 523 234 566 tibi
261 524 399 566 boves
429 538 527 566 cum
554 525 697 567 hircis.

207 581 377 631 Venite,
393 581 551 632 audite,
567 587 611 624 et
620 582 819 631 narrabo,
832 595 982 624 omnes

158 638 231 690 qui
258 638 420 679 timetis
446 638 606 689 Deum,
638 639 662 664 *
692 643 854 691 quanta
881 639 983 680 fecit

156 707 311 735 ammae
338 708 460 736 meae.

208 751 279 792 Ad
297 751 442 804 ipsum
461 765 538 794 ore
558 765 657 794 meo
678 752 872 802 clamavi,
896 754 918 778 *
939 756 983 793 et

85 799 87 802 ¹
157 807 345 849 exaltavi
374 807 454 849 sub
482 807 628 859 lingua
656 822 763 850 mea.

206 864 486 916 Iniquitatem
520 865 556 906 si
588 866 739 918 aspexi
771 866 815 906 in
849 865 982 907 corde

154 933 265 971 meo,
293 922 317 946 *
344 934 430 962 non
459 921 663 963 exaudiet
690 922 915 963 Dominus.

205 977 446 1030 Propterea
476 978 698 1020 exaudivit
720 978 859 1028 Deus,
887 979 911 1004 *
939 983 983 1020 et

154 1033 341 1075 attendit
366 1034 464 1076 voci
491 1034 811 1087 deprecationis
834 1048 957 1076 meae.

205 1090 471 1132 Benedictus
485 1091 617 1141 Deus,
634 1092 658 1117 '⁸¹
674 1091 747 1144 qui
763 1105 851 1133 non
865 1093 981 1132 amo-

154 1146 216 1188 vit
237 1147 480 1189 orationem
499 1161 652 1198 meam,
677 1153 720 1190 et
739 1149 980 1190 misericor-

155 1202 271 1244 diam
298 1216 421 1245 suam
450 1218 474 1246 a
502 1218 582 1247 me.

204 1263 305 1303 Ant.
339 1261 491 1303 Omnis
518 1266 637 1303 terra
666 1261 821 1303 adoret
847 1266 908 1311 te,
938 1266 981 1303 et

153 1315 312 1368 psallat
330 1316 424 1358 tibi:
446 1317 661 1370 psalmum
682 1318 799 1360 dicat
817 1318 981 1359 nomini

152 1377 229 1414 tuo
254 1373 454 1415 Domine.

210 1432 309 1474 Ant.
339 1433 480 1482 Reges
504 1431 684 1472 Tharsis
710 1434 733 1459 *
759 1436 803 1473 et
826 1430 979 1472 insulae

153 1487 335 1527 munera
362 1487 548 1529 offerent
574 1488 686 1540 Regi
714 1488 917 1529 Domino.

423 1545 622 1586 Psalmus
651 1546 707 1585 71,

152 1596 318 1703 Deus
346 1600 551 1653 judicium
583 1606 706 1643 tuum
736 1601 828 1653 regi
857 1600 929 1643 da:
955 1601 979 1626 *

260 1661 303 1698 et
327 1658 534 1709 justitiam
558 1663 679 1700 tuam
706 1658 796 1700 filio
822 1658 954 1709 regis:

202 1712 227 1753 J
228 1712 406 1755 udicare
424 1714 637 1768 populum
658 1719 782 1756 tuum
800 1715 844 1755 in
862 1715 979 1766 justi-

152 1769 222 1819 tia,
241 1770 266 1796 *
285 1774 329 1811 et
346 1774 564 1824 pauperes
583 1775 683 1812 tuos
701 1771 745 1812 in
764 1770 935 1823 judicio.

202 1826 452 1879 Suscipiant
470 1832 644 1869 montes
666 1840 821 1880 pacem
840 1829 978 1880 popu-

151 1881 212 1923 lo:
239 1883 264 1910 *
291 1888 335 1924 et
363 1882 499 1925 colles
526 1883 743 1936 justitiam.

202 1938 422 1981 Judicabit
462 1942 680 1993 pauperes
720 1939 893 1992 populi,
936 1943 980 1981 et

153 1994 298 2037 salvos
317 1995 448 2037 faciet
469 1995 584 2037 filios
606 1999 863 2049 pauperum:
887 1996 911 2022 *
935 1999 978 2037 et

151 2050 396 2094 humiliabit
423 2051 792 2094 calumniatorem.

203 2107 261 2149 Et
280 2108 554 2161 permanebit
573 2121 671 2150 cum
690 2108 793 2158 sole,
815 2113 859 2150 et
878 2113 979 2150 ante

152 2164 318 2214 lunam,
349 2165 373 2190 *
402 2165 445 2205 in
473 2165 754 2216 generatione
782 2169 825 2206 et
851 2177 978 2215 gene-

151 2221 374 2263 rationem.

203 2277 454 2319 Descendet
490 2278 600 2320 sicut
633 2277 782 2330 pluvia
817 2277 861 2318 in
893 2278 977 2319 vel-

152 2333 236 2375 lus:
263 2334 287 2359 *
316 2338 359 2375 et
386 2334 499 2375 sicut
526 2333 745 2375 stillicidia
771 2334 978 2376 stillantia

153 2402 285 2442 super
311 2394 484 2431 terram.

205 2446 379 2487 Orietur
396 2446 440 2486 in
460 2445 615 2487 diebus
636 2447 726 2497 ejus
744 2447 915 2498 justitia,
935 2451 978 2487 et

154 2500 421 2543 abundantia
444 2502 582 2554 pacis:
605 2503 629 2528 *
649 2503 790 2544 donec
813 2503 976 2544 aufera-

154 2563 225 2599 tur
251 2558 362 2599 luna.

205 2614 262 2655 Et
280 2613 574 2656 dominabitur
593 2628 619 2656 a
636 2615 746 2656 mari
764 2627 902 2667 usque
921 2614 978 2655 ad

1088 298 1247 339 Coram
1268 298 1342 340 illo
1364 299 1595 351 procident
1613 300 1861 354 AEthiopes:

1035 354 1059 379 *
1088 358 1131 396 et
1158 355 1320 396 inimici
1349 357 1439 407 ejus
1467 361 1628 397 terram
1654 357 1828 409 lingent.

1088 412 1233 462 Reges
1249 411 1440 462 Tharsis‚
1458 418 1501 454 et
1515 413 1665 454 insulae
1680 417 1860 455 munera

1036 468 1238 509 offerent:
1264 469 1288 494 *
1312 481 1437 519 reges
1461 469 1656 511 Arabum
1680 475 1723 512 et
1746 470 1860 512 Saba

1036 524 1151 566 dona
1179 525 1413 567 adducent:

1086 581 1142 622 Et
1167 581 1415 623 adorabunt
1439 595 1538 624 eum
1562 595 1712 624 omnes
1735 596 1859 634 reges

1034 642 1180 679 terrae:
1199 639 1222 664 *
1244 651 1396 680 omnes
1413 639 1577 681 Gentes
1598 640 1787 681 servient
1806 640 1859 681 ei:

1088 695 1197 745 Quia
1230 695 1435 737 liberabit
1466 699 1704 749 pauperem
1734 709 1758 737 a
1785 709 1858 749 po-

1033 753 1168 793 tente:
1192 752 1215 777 *
1236 757 1279 793 et
1296 756 1551 805 pauperem,
1574 753 1643 794 cui
1661 765 1748 793 non
1768 758 1860 794 erat

1035 807 1217 860 adjutor.

1085 865 1242 906 Parcet
1260 866 1443 918 pauperi
1459 870 1502 907 et
1520 866 1653 918 inopi:
1672 866 1695 891 *
1716 870 1759 907 et
1774 866 1858 906 ani-

1034 934 1128 962 mas
1147 925 1390 974 pauperum
1410 922 1553 963 salvas
1572 922 1712 963 faciet.

1084 978 1152 1018 Ex
1180 979 1323 1019 usuris
1350 983 1394 1020 et
1420 979 1648 1031 iniquitate
1675 978 1860 1020 redimet

1034 1035 1201 1075 animas
1221 1037 1386 1076 eorum:
1406 1037 1429 1062 *
1449 1041 1493 1077 et
1511 1035 1766 1077 honorabile
1785 1048 1858 1076 no-

1033 1104 1132 1133 men
1161 1094 1314 1133 eorum
1341 1104 1489 1133 coram
1517 1092 1603 1134 illo.

1085 1149 1141 1189 Et
1168 1149 1303 1199 vivet,
1332 1153 1375 1190 et
1404 1148 1578 1190 dabitur
1606 1149 1645 1190 ei
1672 1149 1726 1190 de
1752 1161 1857 1190 auro

1033 1204 1222 1254 Arabiae,
1242 1210 1285 1247 et
1304 1204 1550 1247 adorabunt
1564 1205 1619 1246 de
1638 1206 1734 1258 ipso
1751 1218 1858 1246 sem-

1031 1273 1127 1313 per:
1154 1263 1178 1288 *
1205 1266 1299 1302 tota
1327 1261 1396 1303 die
1424 1261 1685 1304 benedicent
1712 1262 1762 1303 ei.

1084 1318 1141 1359 Et
1165 1318 1246 1359 erit
1267 1318 1586 1360 firmamentum
1609 1319 1652 1359 in
1675 1323 1792 1359 terra
1815 1318 1857 1358 in

1033 1375 1212 1415 summis
1235 1375 1465 1425 montium,
1491 1375 1858 1428 superextolletur

1033 1444 1164 1483 super
1191 1431 1406 1473 Libanum
1434 1432 1600 1474 fructus
1628 1433 1733 1483 ejus:
1764 1433 1787 1458 *
1815 1436 1858 1473 et

1032 1487 1252 1530 florebunt
1274 1488 1329 1530 de
1357 1488 1533 1530 civitate
1558 1489 1670 1530 sicut
1693 1489 1858 1529 foenum

1031 1548 1173 1585 terrae.

1084 1601 1148 1642 Sit
1182 1613 1342 1642 nomen
1380 1602 1471 1653 ejus
1503 1601 1783 1643 benedictum
1815 1601 1857 1641 in

1032 1658 1211 1699 saecula:
1252 1658 1275 1682 *
1316 1662 1417 1699 ante
1457 1657 1597 1699 solem
1631 1659 1857 1709 permanet

1031 1727 1190 1755 nomen
1219 1715 1320 1766 ejus.

1083 1771 1139 1812 Et
1165 1770 1478 1812 benedicentur
1508 1771 1551 1810 in
1578 1770 1675 1822 ipso
1705 1782 1855 1810 omnes

1031 1827 1171 1868 tribus
1195 1832 1341 1868 terrae:
1366 1827 1389 1852 *
1413 1838 1563 1867 omnes
1584 1826 1748 1867 Gentes
1769 1838 1855 1866 ma-

1030 1882 1299 1934 gnificabunt
1327 1895 1435 1924 eum.

1083 1938 1346 1980 Benedictus
1386 1938 1600 1980 Dominus
1637 1939 1759 1980 Deus
1795 1939 1854 1979 Is-

1032 1995 1133 2045 rael,
1161 1996 1184 2022 *
1214 1995 1287 2047 qui
1314 1995 1416 2036 facit
1442 1994 1656 2036 mirabilia
1685 1995 1818 2036 solus:

1081 2051 1138 2092 Et
1150 2050 1430 2092 benedictum
1444 2063 1603 2092 nomen
1616 2051 1854 2103 maiestatis

1032 2109 1121 2159 ejus
1152 2107 1196 2148 in
1229 2109 1457 2148 aeternum:
1488 2107 1512 2133 *
1541 2111 1584 2148 et
1615 2106 1854 2160 replebitur

1030 2164 1255 2215 majestate
1272 2164 1362 2216 ejus
1377 2163 1517 2204 omnis
1527 2168 1656 2205 terra:
1671 2163 1757 2213 fiat,
1767 2163 1853 2204 fiat.

1084 2223 1183 2262 Ant.
1227 2223 1366 2270 Reges
1404 2219 1584 2260 Tharsis
1621 2224 1664 2261 et
1700 2218 1853 2260 insulae

1030 2279 1210 2318 munera
1239 2275 1424 2317 offerent
1453 2275 1563 2326 Regi
1589 2275 1790 2316 Domino.

1083 2336 1182 2375 Ant.
1207 2335 1370 2375 Omnes
1390 2332 1555 2374 Gentes
1578 2331 1602 2356 *
1626 2334 1852 2384 quascum-

1031 2401 1116 2441 que
1140 2389 1295 2437 fecisti,
1323 2388 1514 2437 venient‚
1540 2392 1583 2429 et
1607 2386 1851 2429 adorabunt

1030 2457 1179 2485 coram
1197 2450 1240 2487 te
1259 2445 1458 2486 Domine.

1296 2504 1493 2544 psalmus
1521 2504 1586 2542 85.

1076 2557 1219 2599 nelina
1246 2557 1434 2598 Domine
1462 2568 1611 2597 aurem
1638 2560 1775 2602 tuam,
1807 2557 1850 2594 et

1094 2613 1253 2655 exaudi
1271 2626 1356 2654 me:
1375 2613 1399 2638 *
1419 2612 1624 2664 quoniam
1641 2611 1783 2662 inops,
1806 2612 1849 2649 et

153 2682 287 2710 mare:
307 2671 332 2696 *
355 2674 399 2711 et
421 2682 446 2710 a
467 2671 643 2714 flumine
662 2683 800 2723 usque
820 2670 876 2712 ad
894 2671 976 2711 ter·
1028 2682 1197 2722 pauper
1225 2682 1321 2710 sum
1350 2681 1442 2719 ego.

154 2726 296 2767 minos
325 2726 444 2768 orbis
470 2730 696 2770 terrarum.

312 2869 375 2894 Pars
392 2869 525 2894 Hiemnlis.

998 2705 1004 2774 Ι
1080 2725 1262 2767 Custodi
1277 2725 1464 2766 animam
1478 2735 1630 2772 meam,
1646 2720 1847 2773 quoniam

1580 2850 1643 2883 17*
