2040 2990
177 186 243 222 138

677 183 776 215 Intra
805 181 1096 215 Isthmum-..clam
1126 181 1148 213 I.
1176 180 1388 213 Adventus

175 279 424 320 Dominum:
460 291 562 319 ecce
591 278 829 330 concipies,
858 281 902 318 et
929 279 1003 329 pa-

176 335 262 376 ries
282 334 429 383 filium,
449 334 631 385 alleluja.

227 394 377 435 Hymni.
407 387 485 433 N'N.
512 397 546 426 et
573 393 649 435 ΚΝ.
677 394 728 425 br.
755 393 867 430 huius
892 391 998 423 I)‹›m.

174 440 350 473 dicuntur
368 441 403 473 in
425 441 510 473 aliis=
525 440 630 473 Doni.
648 448 681 473 et
701 440 821 473 Feriis
836 439 998 472 Adx‘cnt.

230 488 320 521 l’mst
362 489 552 530 vesperas
598 488 672 521 dici
715 488 893 521 dicuntur
931 486 997 519 Ye-

172 545 296 577 spcroe
323 536 607 569 Defunctorum.

355 629 519 666 Feria
553 627 814 665 Secunda.

227 687 293 726 Ad
317 688 586 727 Matutinum.
628 687 794 726 Invitat.
837 686 1003 733 Regem

173 744 407 783 venturum
431 741 686 790 Dominum,
703 744 724 766 *
746 740 906 781 Venite
931 738 1004 780 ad-

174 799 360 839 oremus.

225 854 291 894 Ps.
327 855 488 903 Venite,
507 852 786 895 exsultemus
803 853 840 892 2.

229 911 381 960 Ilymn.
427 909 614 951 Verbum
642 910 889 961 supernum.
919 910 1005 956 133.

228 971 314 1004 Ant.
340 976 374 1004 ct
400 970 459 1003 l‘s.
486 970 608 1003 Feriam:
636 970 678 1003 II.
707 969 759 1004 41.

358 1037 422 1076 l)e
449 1035 565 1075 Isaia
591 1033 825 1085 Propheta.

256 1105 407 1144 Lectio
430 1106 452 1144 i.
719 1106 820 1155 (lap.
838 1105 865 1143 l.
885 1103 923 1143 d.

266 1169 465 1219 avamini,
483 1168 635 1210 mundi
654 1169 813 1218 estote,
838 1168 1005 1210 auferte

188 1240 189 1259 ι
208 1225 251 1252 2⁴
282 1225 444 1266 malum
485 1224 802 1275 cogitationum
841 1227 1005 1266 vestra-

172 1293 268 1321 rum
283 1281 339 1322 ab
356 1281 493 1322 oculis
507 1280 634 1322 meis:
652 1279 863 1332 quiescite
875 1282 1006 1332 agere

171 1339 395 1389 perverse,
417 1337 572 1378 discite
590 1336 866 1378 benefacere:
890 1339 1005 1389 quee-

172 1393 255 1434 rite
274 1393 497 1444 judicium,
526 1393 756 1434 subvenite
777 1395 1005 1445 oppresso,

173 1448 363 1499 judicate
378 1449 559 1502 pupillo,
580 1448 803 1490 defendite
817 1448 1005 1490 viduam.

173 1505 231 1545 Et
250 1507 410 1555 venite,
433 1510 478 1546 et
497 1505 667 1556 arguite
683 1517 769 1555 me,
790 1504 896 1546 dicit
916 1505 1004 1546 Do-

173 1560 329 1602 minus:
351 1561 388 1602 si
408 1561 568 1602 fuerint
586 1563 771 1613 peccata
790 1565 939 1602 vestra
958 1566 1006 1603 ut

174 1617 411 1666 coccinum,
433 1617 557 1669 quasi
576 1617 649 1657 nix
670 1616 1006 1659 dealbabuntur:

175 1677 218 1713 et
244 1673 280 1713 si
306 1673 465 1715 fuerint
492 1673 626 1714 rubra
652 1672 777 1725 quasi
795 1675 1005 1715 vermicu-

172 1727 252 1777 lus,
271 1728 391 1770 velut
410 1729 509 1770 lana
528 1728 627 1770 alba
647 1733 785 1770 erunt.

224 1786 273 1837 R.
295 1785 478 1838 Si'iscipe
497 1785 682 1826 verbum
699 1785 837 1836 Virgo
858 1785 1006 1836 Maria,

177 1840 296 1892 quod
319 1840 399 1882 tibi
422 1854 447 1882 a
470 1841 662 1882 Domino
688 1853 768 1893 per
788 1841 1007 1892 Angelum

175 1898 477 1938 transmissum
505 1902 585 1939 est:
613 1897 836 1950 concipies
865 1902 908 1939 et
931 1900 1007 1951 pa-

174 1952 262 1993 ries
286 1952 431 1994 Deum
453 1953 621 2005 pariter
650 1958 694 1995 et
719 1953 958 2004 hominem,
978 1955 1000 1980 *

175 2008 234 2049 Ut
262 2007 494 2068 benedicta
521 2009 681 2051 dicaris
708 2010 822 2051 inter
854 2022 1007 2052 omnes

175 2063 391 2106 mulieres
414 2063 463 2108 Υ.
487 2065 638 2107 Paries
659 2065 839 2117 quidem
857 2065 1007 2116 filium,

177 2124 221 2161 et
251 2120 510 2172 virginitatis
542 2135 630 2163 non
662 2122 843 2174 patieris
876 2122 1007 2163 detri-

174 2177 382 2217 mentum:
407 2177 609 2219 efficieris
629 2177 825 2228 gravida,
854 2182 898 2219 et
921 2179 1007 2220 eris

175 2236 314 2273 mater
334 2245 508 2285 semper
526 2234 699 2275 intacta.
728 2234 799 2275 Ut.

479 2286 630 2328 Lectio
660 2289 698 2328 ii.

173 2336 258 2442 Si
277 2344 513 2394 volueritis,
534 2350 578 2386 et
592 2345 818 2386 audieritis
833 2358 914 2394 me,
931 2345 1006 2387 bo-

266 2413 321 2440 na
353 2404 484 2441 terrae
517 2400 770 2442 comedetis.
807 2401 939 2451 Quod
971 2402 1006 2442 si

175 2454 416 2506 nolueritis,
456 2461 501 2497 et
535 2469 606 2498 me
643 2455 700 2497 ad
736 2456 1007 2498 iracundiam

175 2512 539 2562 provocaveritis,
570 2511 742 2562 gladius
774 2511 1007 2554 devorabit

174 2579 269 2616 vos,
299 2567 401 2619 quia
428 2579 478 2608 os
503 2567 682 2608 Domini
708 2568 904 2609 locutum
930 2574 1006 2610 est.

175 2622 410 2672 Quomodo
439 2623 554 2664 faeta
582 2628 649 2664 est
672 2624 880 2664 meretrix
907 2625 1006 2665 civi·

173 2682 242 2719 tas
270 2677 430 2727 fidelis,
461 2678 592 2730 plena
622 2677 791 2730 judicii?
832 2679 1005 2721 Justitia

1056 276 1271 318 habitavit
1288 277 1333 318 in
1353 290 1421 326 ea,
1445 289 1561 317 nunc
1584 281 1731 318 autem
1752 275 1889 317 homi-

1057 332 1179 373 cidae.
1214 332 1459 383 Argentum
1481 338 1605 374 tuum
1622 345 1799 374 versum
1823 336 1890 373 est

1056 388 1098 428 in
1133 389 1335 430 scoriam:
1376 389 1526 429 vinum
1556 393 1681 430 tuum
1710 388 1888 429 mistum

1057 449 1124 485 est
1156 457 1281 497 aqua.
1323 445 1550 497 Principes
1581 445 1645 486 tui
1676 443 1888 494 infideles,

1056 500 1163 542 socii
1183 501 1340 542 furum:
1364 513 1517 542 omnes
1537 500 1724 552 diligunt
1741 503 1889 541 mune-

1055 569 1120 606 ra,
1158 561 1401 610 sequuntur
1438 556 1761 599 retributiones.
1807 557 1889 597 Pu-

1056 612 1163 664 pillo
1183 625 1270 654 non
1289 613 1498 665 judicant:
1524 618 1568 655 et
1591 625 1725 654 causa
1742 611 1890 654 viduae

1055 681 1144 710 non
1163 669 1404 720 ingreditur
1423 669 1479 710 ad
1498 669 1608 710 illos.

1108 723 1159 773 R·-
1199 725 1425 767 Laetentur
1461 725 1577 775 coeli,
1615 729 1659 766 et
1701 724 1892 766 exsultet

1056 785 1185 830 terra,
1200 781 1380 832 jubilate
1394 786 1569 823 montes
1583 781 1773 823 laudem:
1789 780 1891 833 quia

1056 837 1273 878 Dominus
1300 842 1452 879 noster
1478 837 1641 887 veniet,
1657 834 1680 857 *
1702 838 1760 898 Et
1785 840 1890 890 pau-

1057 905 1212 945 perum
1223 895 1404 935 suorum
1413 893 1703 936 miserebitur.
1715 890 1765 936 V·
1778 893 1892 935 Orie-

1057 955 1127 991 tur
1147 951 1191 990 in
1212 949 1367 992 diebus
1387 950 1477 1002 ejus
1496 950 1675 1002 justitia,
1694 954 1739 992 et
1757 949 1890 991 abun-

1058 1005 1209 1048 dantia
1227 1007 1361 1059 pacis.
1390 1007 1457 1047 Et.

1353 1068 1505 1108 Lectio
1534 1068 1588 1107 iii.

1058 1129 1293 1234 Propter
1324 1131 1410 1172 hoc
1442 1131 1502 1173 ait
1528 1131 1745 1173 Dominus
1768 1132 1892 1174 Deus

1155 1189 1427 1229 exercituum
1450 1187 1577 1229 fortis
1600 1188 1752 1229 Israel:
1780 1188 1892 1238 Heu,

1059 1243 1325 1284 consolabor
1342 1256 1474 1296 super
1489 1243 1692 1285 hostibus
1706 1244 1828 1295 meis,
1848 1249 1892 1286 et

1058 1298 1317 1341 vindicabor
1355 1299 1410 1341 de
1446 1300 1631 1341 inimicis
1666 1300 1788 1342 meis.
1835 1300 1892 1343 Et

1059 1356 1313 1397 convertam
1332 1369 1510 1397 manum
1529 1369 1673 1406 meam
1692 1356 1749 1398 ad
1766 1361 1827 1406 te,
1848 1361 1893 1399 et

1059 1413 1304 1464 excoquam
1318 1411 1376 1454 ad
1389 1425 1548 1464 purum
1563 1413 1752 1454 scoriam
1761 1417 1892 1463 tuam,

1059 1472 1103 1509 et
1135 1467 1331 1509 auferam
1364 1481 1494 1510 omne
1526 1473 1731 1510 stannum
1757 1473 1892 1511 tuum.

1058 1524 1115 1565 Et
1151 1525 1380 1566 restituam
1415 1524 1582 1576 judices
1617 1530 1720 1567 tuos
1750 1529 1799 1567 ut
1829 1525 1891 1567 fu-

1059 1581 1186 1622 erunt
1219 1580 1357 1633 prius,
1397 1585 1441 1622 et
1477 1581 1754 1623 consiliarios
1789 1586 1892 1624 tuos

1059 1637 1171 1678 sicut
1190 1637 1444 1688 antiquitus:
1467 1642 1571 1690 post
1589 1637 1686 1679 haec
1704 1637 1892 1680 vocabe-

1058 1693 1119 1734 ris
1143 1693 1297 1734 civitas
1322 1693 1439 1745 justi,
1463 1693 1570 1735 urbs
1592 1693 1747 1736 fidelis.
1787 1694 1892 1736 Sion

1058 1749 1103 1790 in
1129 1749 1289 1801 judicio
1318 1749 1576 1801 redimetur,
1609 1755 1654 1792 et
1679 1750 1893 1793 reducent

1059 1818 1155 1846 eam
1183 1805 1227 1846 in
1253 1805 1432 1858 justitia:
1461 1810 1504 1848 et
1531 1808 1732 1848 conteret
1758 1806 1892 1849 scele-

1059 1866 1173 1912 stOS,
1207 1866 1251 1903 et
1277 1864 1537 1915 peccatores
1570 1863 1712 1905 simul:
1746 1868 1791 1906 et
1818 1864 1892 1916 qui

1060 1917 1389 1970 dereliquerunt
1432 1919 1688 1970 Dominum,
1739 1932 1892 1962 consu—

1058 1976 1242 2015 mentur.

1110 2027 1160 2077 R·-
1180 2030 1326 2072 Alieni
1350 2044 1439 2073 non
1458 2031 1707 2074 transibunt
1724 2045 1805 2085 per
1823 2032 1848 2073 J
1851 2045 1892 2074 e-

1053 2086 1251 2129 rusalem
1270 2087 1472 2140 emplius:
1487 2082 1510 2106 ¹⁸¹
1532 2088 1648 2129 Nam
1666 2089 1710 2129 in
1727 2089 1802 2130 illa
1821 2088 1892 2131 die

1060 2142 1287 2184 stillabunt
1314 2149 1488 2185 montes
1517 2143 1812 2195 dulcedinem,
1849 2148 1893 2186 et

1060 2198 1196 2240 colles
1221 2198 1358 2260 fluent
1381 2199 1450 2241 lac
1474 2204 1519 2241 et
1543 2200 1647 2250 mel,
1675 2199 1782 2242 dicit
1803 2201 1891 2242 Do-

1059 2254 1213 2295 minus.
1231 2250 1280 2296 Y·
1301 2255 1423 2296 Deus
1443 2254 1651 2297 aLibano
1672 2257 1828 2307 veniet,
1848 2261 1892 2298 et

1059 2310 1244 2352 Sanctus
1264 2310 1320 2352 de
1339 2316 1490 2353 monte
1505 2311 1716 2353 umbroso
1733 2317 1777 2354 et
1791 2325 1891 2354 con-

1061 2365 1209 2408 denso.
1240 2366 1366 2408 Nam.
1396 2365 1551 2409 Gloria
1570 2368 1702 2409 Patri.
1734 2368 1860 2410 Nam.

1317 2448 1396 2489 Ad
1421 2448 1630 2490 Laudes.

1108 2504 1195 2538 Ant.
1220 2507 1257 2538 ct
1280 2504 1342 2538 Ps.
1368 2504 1451 2539 Fer.
1476 2504 1522 2538 II.
1548 2510 1610 2545 50,

1178 2559 1437 2611 Capitulum.
1653 2559 1708 2599 Is.
1728 2559 1763 2598 2.

1150 2627 1280 2674 enite,
1306 2630 1350 2666 et
1373 2625 1663 2667 ascendamus
1689 2627 1747 2669 ad
1769 2640 1889 2670 mon-

1161 2685 1251 2722 tem
1266 2681 1454 2730 Domini,
1474 2686 1518 2723 et
1536 2681 1593 2724 ad
1612 2682 1793 2726 domum
1806 2685 1891 2726 Dei
