2080 2990
394 245 465 278 Die
486 244 541 278 10.
559 244 648 277 Dec.
679 243 720 276 In
739 242 1010 276 Translutione
1029 241 1152 274 Alma*
1173 241 1317 274 Domus
1340 241 1572 273 Laumtnnzc.

129 341 194 379 ria
215 338 342 380 fortis
365 338 409 378 in
431 336 681 390 proposito,
708 338 960 388 temperans

129 395 174 435 in
200 394 391 443 silentio,
421 391 615 446 prudens
646 392 690 432 in
722 392 959 442 interroga-

129 451 265 501 tione,
306 450 419 502 justa
458 449 503 489 in
539 447 825 489 confessione.
878 448 960 488 His

129 508 278 559 itaque
315 508 504 558 quatuor
535 516 708 545 morum
736 503 961 552 columnis,

130 567 175 603 et
199 562 339 604 tribus
365 559 470 603 fidei
496 559 722 613 praedictis
746 559 962 600 exstruxit

130 618 174 658 in
206 630 259 660 ea
291 617 375 659 sibi
407 616 588 658 domum
619 615 842 668 Sapientia
874 628 959 656 coe-

130 674 268 724 lestis,
297 686 397 726 quae
425 672 538 715 adeo
565 676 757 712 mentem
783 672 873 723 ejus
897 684 960 712 re-

130 730 284 783 plevit,
319 734 368 771 ut
405 729 460 771 de
497 728 768 781 plenitudine
804 728 962 768 mentis

131 785 457 828 foecundaretur
486 789 530 826 et
558 796 672 825 caro.
717 784 862 836 Ipsius
890 796 961 824 au-

129 847 220 884 tem
238 842 431 893 Virginis
450 840 607 882 natalis
627 839 784 882 domus
805 839 961 880 divinis

131 898 349 950 mysteriis
383 898 655 946 consecrata,
691 895 963 946 Angelorum

131 954 372 996 ministerio
396 953 452 995 ab
476 952 717 994 infidelium
739 954 962 1004 potestate

131 1010 176 1050 in
219 1010 485 1052 Dalmatiam
527 1009 665 1062 prius,
716 1007 874 1049 deinde
920 1008 964 1047 in

133 1079 285 1117 agrum
322 1066 619 1107 Lauretanum
653 1064 827 1104 Picenae
863 1076 962 1115 pro-

133 1122 288 1163 vinciae
306 1121 519 1163 translata
537 1120 633 1169 fuit,
662 1119 843 1161 sedente
869 1132 962 1160 san-

134 1182 207 1219 cto
228 1178 467 1220 Coelestino
489 1177 656 1228 quinto:
677 1175 964 1227 eamdemque

132 1234 275 1286 ipsam
302 1246 415 1283 esse,
446 1233 491 1273 in
521 1245 607 1284 qua
634 1231 833 1273 Verbum
862 1244 964 1272 caro

134 1290 299 1332 factum
326 1294 408 1340 est,
439 1293 483 1330 et
514 1287 728 1329 habitavit
756 1288 800 1327 in
826 1287 965 1337 nobis,

134 1350 228 1387 tum
266 1344 503 1398 pontificiis
545 1342 876 1396 diplomatibus,
922 1348 966 1384 et

135 1401 419 1444 celeberrima
454 1403 591 1442 totius
633 1399 752 1441 orbis
788 1412 964 1440 venera-

134 1458 270 1507 ti6ne,
301 1461 395 1498 tum
423 1458 630 1497 continua
656 1454 966 1496 miraculOrum

135 1513 296 1555 virtute
321 1518 365 1554 et
389 1512 634 1554 coelestium
651 1511 967 1552 beneficiorum

135 1569 277 1620 gratia
311 1567 635 1620 comprobatur.
676 1566 843 1616 Quibus
871 1579 966 1619 per-

123 1627 283 1667 'motus
331 1623 612 1665 Innocentius
665 1621 966 1671 duodecimus,

138 1693 226 1732 quo
250 1680 487 1722 ferventius
517 1691 622 1729 erga
644 1678 797 1719 Matris
824 1691 966 1719 aman-

136 1736 318 1777 tissimae
345 1735 511 1777 cultum
533 1733 730 1776 fidelium
757 1734 969 1774 memoria

138 1792 418 1840 excitaretur,
455 1788 651 1842 ejusdem
682 1795 847 1831 sanctae
879 1790 967 1830 Do-

136 1861 234 1889 mus
277 1846 630 1888 Translatienem
675 1845 971 1886 anniversaria

139 1903 417 1945 solemnitate
444 1902 489 1942 in
510 1906 607 1943 tota
624 1901 773 1942 Piceni
795 1903 969 1953 provin-

140 1959 208 2000 cia
227 1960 496 2006 veneratam,
520 1957 655 1998 Missa
678 1957 811 1997 etiam
833 1961 877 1997 et
897 1956 969 1997 Of-

140 2015 241 2056 ficio
260 2014 445 2067 proprio
465 2012 678 2055 celebrari
697 2012 922 2064 praecepit.

196 2070 246 2121 R.
269 2071 439 2111 Domus
466 2081 565 2110 mea
583 2068 741 2110 domus
761 2068 971 2108 orationis

141 2127 387 2176 vocabitur,
430 2125 536 2168 dicit
571 2124 803 2165 Dominus:
838 2124 883 2164 in
921 2136 973 2164 ea

142 2183 283 2224 omnis
321 2182 397 2234 qui
431 2181 557 2234 petit,
601 2179 779 2232 accipit,
822 2184 865 2220 et
899 2179 973 2231 qui

143 2238 315 2291 quaerit,
339 2237 517 2278 invenit:
537 2234 559 2258 *
579 2237 636 2277 Et
655 2235 848 2288 pulsanti
872 2247 971 2287 ape-

142 2295 288 2336 rietur.
310 2287 360 2337 V.
372 2293 525 2342 Petite,
542 2297 585 2333 et
600 2291 839 2343 accipietis:
856 2293 971 2343 quae-

143 2350 240 2400 rite,
267 2354 311 2391 et
333 2349 573 2390 invenietis.
614 2348 682 2388 Et.
722 2346 877 2388 Gloria
894 2347 972 2387 Pa-

143 2406 210 2446 tri.
238 2405 306 2447 Et.

369 2457 417 2495 In
440 2455 511 2495 III.
533 2455 755 2494 Nocturno.

203 2516 301 2556 Ant.
334 2516 492 2557 Tellite
516 2515 704 2563 hostias,
728 2517 773 2554 et
797 2513 974 2554 introite

146 2573 190 2613 in
209 2572 320 2613 atria
338 2573 445 2625 ejus:
469 2571 651 2612 adorate
671 2569 909 2610 Deminum
931 2568 975 2607 in

147 2627 247 2668 aula
265 2632 416 2668 sancta
436 2628 538 2679 ejus.

202 2682 300 2721 Ant.
314 2681 532 2724 Viderunt
548 2694 699 2724 omnes
714 2680 870 2733 pepuli
885 2679 975 2730 glo-

148 2752 257 2780 riam
276 2751 378 2790 ejus.

1066 339 1164 377 Ant.
1195 337 1378 376 cantate
1406 335 1597 375 Domino
1626 334 1843 375 canticum

1011 403 1190 439 novum,
1216 391 1317 443 quia
1339 390 1555 433 mirabilia
1573 390 1675 431 fecit
1694 390 1842 430 Domi-

1012 459 1104 496 nus,
1125 446 1307 499 alleluja.

1072 500 1115 551 Y
1142 503 1334 544 Domum
1357 507 1477 543 tuam
1501 502 1690 543 Domine
1715 500 1843 542 decet

1014 558 1275 600 sanctitudo.
1343 563 1385 598 Ν.
1429 558 1482 598 In
1525 557 1843 609 longitudinem

1015 613 1194 655 dierum.

1019 683 1169 725 Lectio
1190 683 1332 724 sancti
1349 683 1577 734 Evangelii
1601 683 1844 725 secundum

1340 739 1516 780 Lucam.

1121 801 1272 841 Lectio
1299 802 1365 839 vii.
1535 801 1635 849 (lap.
1662 802 1685 838 1.
1707 814 1739 839 c.

1062 870 1090 896 n
1109 856 1184 897 illo
1202 858 1418 908 tempore:
1436 854 1597 895 Missus
1617 859 1683 895 est
1702 854 1843 905 Ange·
1891 834 1894 838 ”

1084 913 1151 953 lus
1177 911 1357 953 Gabriel
1385 924 1411 952 a
1434 911 1531 952 Deo
1556 911 1600 951 in
1624 910 1846 951 civitatem

1017 968 1229 1018 Galilaeae,
1254 968 1323 1009 cui
1346 979 1505 1008 nomen
1524 966 1763 1015 Nazareth,
1791 966 1847 1007 ad

1015 1025 1242 1075 Virginem
1280 1023 1594 1076 desponsatam
1629 1022 1740 1071 viro,
1778 1022 1847 1063 cui

1016 1093 1175 1122 nomen
1200 1084 1294 1121 erat
1313 1080 1337 1120 J
1341 1078 1496 1131 oseph‚
1525 1077 1580 1119 de
1605 1077 1737 1119 domo
1761 1078 1846 1118 Da-

1016 1135 1106 1186 vid,
1136 1141 1180 1178 et
1202 1148 1362 1177 nomen
1384 1134 1578 1185 Virginis
1602 1134 1751 1175 Maria.
1790 1134 1847 1175 Et

1017 1193 1194 1244 reliqua.

1021 1267 1208 1308 Homilia
1238 1265 1376 1307 sancti
1405 1263 1619 1305 Bernardi
1648 1262 1846 1305 Abbatis.

1094 1332 1151 1365 Ex
1175 1331 1316 1365 Homil.
1345 1331 1371 1363 1.
1399 1340 1514 1372 super
1538 1329 1682 1363 Missus
1706 1332 1774 1363 est.

1026 1391 1312 1485 ἳῗιωῧῖἑ
1336 1385 1847 1483 Ἓξζίἶὲἓιὲῗῖἔῗὲἶ

1026 1490 1103 1525 ³*ss
1120 1485 1141 1524 ³²}
1163 1497 1286 1550 gelo?
1306 1475 1397 1539 tam
1407 1497 1593 1546 humilis,
1608 1501 1656 1537 ut
1672 1496 1850 1548 despon-

1020 1559 1117 1597 sata
1140 1556 1196 1596 sit
1219 1554 1367 1596 fabro?
1401 1553 1591 1594 Pulchra
1614 1552 1849 1604 permixtio

1019 1611 1279 1662 virginitatis
1299 1615 1343 1651 et
1365 1609 1636 1650 humilitatis:
1660 1620 1741 1648 nec
1762 1620 1849 1648 me-

1022 1667 1230 1709 diocriter
1246 1666 1393 1719 placet
1411 1665 1508 1706 Deo
1532 1664 1607 1705 illa
1626 1664 1784 1712 anima,
1808 1663 1851 1702 in

1023 1737 1109 1776 qua
1127 1728 1171 1765 et
1190 1722 1410 1763 humilitas
1430 1719 1707 1762 commendat
1723 1719 1850 1769 virgi—

1021 1781 1219 1826 nitatem,
1247 1783 1290 1819 et
1318 1778 1542 1828 virginitas
1567 1777 1751 1817 exornat
1774 1774 1849 1814 hu-

1022 1835 1265 1876 militatem:
1291 1833 1371 1874 sed
1396 1837 1557 1884 quanta
1575 1835 1704 1883 putas
1723 1842 1850 1871 vene-

1023 1891 1192 1932 ratione
1212 1889 1343 1940 digna
1361 1893 1443 1938 est,
1467 1888 1511 1928 in
1532 1899 1618 1939 qua
1636 1885 1851 1927 humilita-

1022 1952 1113 1988 tem
1137 1946 1301 1987 exaltat
1324 1943 1603 1992 foecunditas,
1633 1947 1677 1983 et
1700 1946 1853 1994 partus

1024 2005 1253 2043 consecrat
1271 1998 1589 2051 virginitatem?
1614 1996 1754 2038 Audis
1772 1999 1853 2037 vir-

1024 2059 1184 2109 ginem,
1204 2056 1329 2098 audis
1348 2052 1578 2097 humilem?
1599 2052 1855 2094 Laudabilis

1024 2114 1162 2155 virtus
1181 2112 1421 2163 virginitas,
1447 2110 1527 2151 sed
1549 2109 1688 2159 magis
1707 2120 1854 2149 neces-

1025 2170 1141 2210 saria
1158 2168 1394 2209 humilitas:
1412 2166 1487 2207 illa
1502 2164 1753 2214 consulitur,
1772 2164 1856 2204 ista

1025 2225 1293 2278 praecipitur.

1080 2286 1132 2336 R.
1167 2285 1340 2326 Diffusa
1376 2288 1444 2325 est
1479 2282 1620 2334 gretia
1654 2281 1698 2321 in
1728 2278 1856 2321 labiis

1027 2341 1129 2382 tuis:
1146 2342 1168 2366 *
1182 2341 1425 2393 Propterea
1438 2337 1662 2380 benedixit
1675 2341 1719 2377 te
1734 2335 1855 2375 Deus

1027 2398 1071 2437 in
1097 2397 1319 2438 aeternum.
1359 2388 1409 2438 Ys-
1432 2393 1625 2446 Myrrha,
1654 2396 1698 2432 et
1723 2395 1856 2441 gutta,

1028 2458 1071 2494 et
1092 2453 1211 2494 casia
1229 2465 1254 2493 a
1272 2450 1543 2493 vestimentis
1562 2449 1704 2497 tuisra
1720 2445 1856 2487 demi-

1027 2508 1110 2550 bus
1130 2508 1344 2557 eburneis,
1360 2520 1419 2548 ex
1438 2505 1595 2558 quibus
1609 2509 1654 2545 te
1669 2501 1855 2544 delecta-

1027 2566 1183 2605 verunt
1207 2563 1309 2604 fssiae
1333 2574 1486 2613 regum
1509 2561 1552 2600 in
1575 2559 1744 2600 honore
1767 2562 1857 2597 tuo.

1028 2620 1280 2672 Propterea.

1084 2676 1245 2721 Bened.
1293 2678 1423 2729 Cujus
1467 2676 1626 2717 festum
1664 2672 1858 2719 celimus,

1028 2735 1127 2787 ipsa
1143 2735 1282 2785 Virgo
1303 2733 1528 2783 virginum.
