2040 2990
575 205 643 239 Die
667 205 696 238 2.
724 205 809 239 Dec.

858 207 892 239 S.
918 206 1090 239 Bibianzu
1116 205 1218 246 Yirg.
1245 211 1279 238 ct
1305 206 1407 238 Mart.

1765 200 1830 236 367

144 300 277 342 mino:
301 299 485 340 Bibiana
507 298 679 340 Rufinae
701 298 870 340 mulieri
893 311 962 339 va-

145 356 330 397 ferrimae
358 354 606 396 seducenda
633 354 836 404 traditur,
865 367 962 406 quae

145 412 199 455 ab
218 411 489 453 incunabulis
510 410 680 461 edocta,
709 410 962 452 christianas

144 469 280 520 leges,
306 474 350 510 et
367 468 581 510 illibatum
599 469 773 509 servare
792 467 962 517 virgini-

144 525 246 567 tatis
266 525 430 574 florem,
450 537 497 566 se
515 525 611 577 ipsa
627 524 780 565 fortior
794 523 962 564 feminae

145 581 366 679 {uperavit
375 580 564 631 insidias,
579 585 622 622 et
631 580 832 633 praetoris
843 584 963 621 astus

177 638 315 679 elusit.

202 694 251 745 Rg.
282 692 484 734 Dilexisti
510 692 730 744 justitiam,
764 696 806 734 et
833 691 963 733 odisti

145 750 434 803 iniquitatem:
463 754 483 775 *
507 749 747 801 Propterea
771 749 893 790 unxit
920 754 963 790 te

146 807 282 856 Deus,
334 806 455 847 Deus
499 810 599 846 tuus
646 805 744 846 oleo
789 805 964 846 laetitiae.

150 859 199 911 Y'.
220 864 408 915 Propter
431 862 673 911 veritatem,
700 866 743 902 et
768 874 963 902 mansue-

146 918 351 968 tudinem,
372 923 415 960 et
432 918 648 970 justitiam.
674 917 926 970 Propterea.

448 994 597 1034 Lectio
618 994 668 1032 vi.

238 1057 314 1100 ihil
340 1061 485 1099 autem
514 1056 770 1109 proficiente
795 1057 965 1106 Rufina,

255 1127 369 1167 quae,
392 1118 553 1167 praeter
573 1112 726 1154 dolosa
746 1113 893 1163 verba,
918 1113 964 1153 il-

145 1172 232 1212 lam
253 1170 447 1224 quotidie
462 1169 715 1211 verberibus
735 1169 965 1220 affligebat,

145 1232 193 1270 ut
217 1227 271 1270 de
293 1231 445 1268 sancto
465 1226 693 1279 proposito
714 1225 965 1275 dimoveret,

146 1297 226 1337 spe
251 1296 330 1325 sua
353 1283 585 1324 frustratus
610 1287 790 1335 praetor,
819 1284 965 1323 accen-

146 1354 221 1382 sus
239 1341 318 1390 ira,
346 1339 464 1392 quod
487 1339 530 1379 in
549 1338 731 1380 Bibiana
756 1338 965 1391 perdidis—

147 1401 214 1439 set
241 1398 437 1449 operam,
470 1408 494 1436 a
519 1394 746 1436 lictoribus
774 1407 870 1436 eam
895 1395 965 1436 de-

146 1452 316 1503 nudari,
348 1452 589 1503 vinctisque
620 1451 820 1493 manibus
852 1451 965 1492 colu-

146 1522 259 1550 mnae
292 1508 476 1559 alligari,
517 1509 700 1560 eamque
730 1507 966 1560 plumbatis

147 1565 259 1607 caedi
276 1564 404 1617 jubet,
425 1563 564 1606 donec
584 1563 751 1605 efflaret
770 1563 966 1604 animam.

148 1622 277 1674 Cujus
296 1634 467 1662 sacrum
486 1632 646 1672 corpus
665 1619 882 1671 objectum
901 1622 966 1660 ca-

147 1677 274 1719 nibus
305 1676 440 1719 biduo
472 1676 602 1728 jacuit
628 1676 672 1716 in
698 1676 795 1718 foro
823 1676 967 1726 Tauri,

147 1733 331 1776 illaesum
349 1738 510 1782 tamen,
537 1736 580 1773 et
603 1731 806 1773 divinitus
826 1734 966 1773 serva-

148 1794 254 1841 tum3
275 1789 394 1842 quod
412 1788 569 1830 deinde
583 1788 607 1829 J
609 1790 772 1830 oannes
790 1788 967 1841 presby-

148 1850 214 1888 ter
258 1845 458 1899 sepelivit
500 1849 632 1886 noctu
674 1845 793 1895 juxta
827 1844 968 1896 sepul-

150 1902 301 1944 chrum
321 1901 501 1950 sororis,
528 1905 572 1941 et
594 1899 744 1941 matris
772 1899 827 1941 ad
851 1899 967 1952 pala-

148 1959 256 2001 tium
295 1957 581 2007 Licinianum,
622 1955 697 1997 ubi
741 1969 880 2008 usque
924 1955 968 1995 in

149 2027 344 2067 praesens
369 2018 511 2056 exstat
534 2012 716 2054 ecclesia
736 2012 850 2062 Deo,
875 2025 968 2052 san-

150 2075 232 2113 ctae
247 2070 442 2112 Bibianae
462 2069 644 2119 nomine,
665 2068 819 2118 dicata,
840 2081 969 2120 quam

149 2127 351 2169 Urbanus
371 2128 553 2168 octavus
576 2125 846 2174 instauravit,
872 2137 965 2165 san-

152 2186 317 2225 ctarum
331 2183 538 2233 Bibianae,
558 2182 805 2231 Demetriae,
826 2186 869 2222 et
883 2181 966 2221 Da-

151 2240 281 2281 frosae
300 2238 558 2292 corporibus
578 2239 621 2279 in
640 2251 690 2280 ea
709 2237 907 2290 repertis,
927 2241 969 2278 et

153 2296 232 2338 sub
251 2309 325 2338 ara
342 2296 530 2337 maxima
550 2294 786 2336 collocatis

203 2349 252 2399 Rt-
280 2352 538 2394 Afferentur.
557 2351 632 2404 [91]

373 2426 421 2464 In
442 2426 511 2463 III.
534 2425 753 2463 Nocturno.

152 2489 302 2532 Lectio
328 2491 465 2532 sancti
483 2489 705 2541 Evangelii
731 2488 967 2530 secundum

422 2547 687 2589 Matthaeum.

257 2601 405 2642 Lectio
427 2603 493 2642 vii.
654 2602 755 2651 Cap.
775 2601 827 2638 1:⁷3.
844 2600 865 2636 1'.

152 2658 228 2764 In
245 2662 321 2703 illo
338 2664 551 2715 tempore:
569 2663 690 2704 Dixit
703 2662 727 2702 J
731 2674 828 2703 esus
845 2659 967 2700 disci-

1013 297 1113 338 mile
1129 301 1195 339 est
1209 309 1389 348 regnum
1404 296 1613 338 coelorum
1623 297 1829 339 thesauro

1015 353 1272 395 abscondito
1292 353 1335 393 in
1354 365 1470 403 agro.
1499 354 1554 394 Et
1571 354 1748 406 reliqua.

1064 417 1249 459 Homilia
1268 418 1406 459 sancti
1426 418 1626 468 Gregorii
1644 419 1786 470 Papae.

1220 479 1354 512 Homil.
1378 479 1421 511 ll.
1442 478 1475 509 in
1499 478 1635 515 Evam.

1123 522 1319 563 oelorum
1334 534 1524 573 regnum,
1541 522 1695 564 fratres
1711 526 1831 564 caris-

1021 603 1022 606 =
1151 579 1264 627 simi,
1298 578 1462 619 idcirco
1490 579 1672 620 terrenis
1701 580 1830 621 rebus

1034 648 1038 651 ·
1059 634 1070 640 ²
1105 635 1126 657 Α
1150 634 1289 676 simile
1309 634 1483 683 dicitur,
1507 639 1554 675 ut
1573 647 1626 676 ex
1645 635 1712 690 his
1733 649 1829 688 quae

1016 693 1183 733 animus
1201 691 1339 740 novit,
1368 695 1516 741 surgat
1538 691 1594 732 ad
1613 691 1830 742 incognita

1017 761 1114 801 quae
1132 761 1219 789 non
1238 747 1373 788 novit:
1398 749 1611 799 quatenus
1631 749 1830 800 exemplo

1014 804 1249 846 visibilium
1276 817 1323 844 se
1353 803 1409 844 ad
1434 803 1663 844 invisibilia
1682 805 1831 856 rapiat,

1016 867 1059 903 et
1085 874 1163 914 per
1192 873 1256 910 ea,
1286 873 1382 912 quae
1410 873 1492 900 usu
1516 859 1680 910 didicit,
1710 861 1832 912 quasi

1015 918 1277 959 confricatus
1297 915 1543 957 incalescat:
1568 921 1615 957 ut
1637 929 1715 968 per
1732 916 1832 966 hoc,

1017 973 1136 1026 quod
1154 973 1236 1014 scit
1254 977 1406 1014 notum
1425 972 1613 1023 diligere,
1634 972 1773 1014 discat
1790 978 1833 1014 et

1015 1030 1233 1081 incognita
1261 1031 1417 1070 amare.
1465 1029 1580 1070 Ecce
1609 1029 1721 1070 enim
1749 1042 1832 1070 coe-

1015 1087 1156 1127 lorum
1195 1098 1375 1136 regnum
1410 1084 1616 1126 thesauro
1654 1085 1832 1126 abscon-

1018 1143 1110 1184 dito
1129 1143 1172 1182 in
1187 1154 1291 1193 agro
1308 1143 1596 1194 comparatur:
1618 1154 1745 1193 quem
1761 1141 1834 1192 qui

1015 1199 1177 1240 invenit
1205 1198 1354 1247 homo,
1389 1197 1634 1247 abscondit,
1670 1202 1712 1238 et
1740 1210 1832 1249 prae

1016 1254 1175 1307 gaudio
1203 1254 1316 1295 illius
1345 1253 1480 1303 vadit,
1510 1258 1552 1295 et
1574 1253 1723 1295 vendit
1745 1254 1832 1294 uni-

1016 1314 1141 1352 versa
1170 1323 1267 1363 quae
1294 1309 1440 1360 habet,
1477 1315 1520 1351 et
1553 1310 1655 1351 emit
1684 1322 1834 1360 agrum

1016 1368 1147 1409 illum.

1073 1430 1121 1479 Rg.
1136 1424 1246 1465 Haec
1262 1427 1328 1464 est
1342 1422 1479 1473 Virgo
1495 1422 1684 1474 sapiens,
1705 1434 1834 1474 quam

1016 1480 1231 1522 Dominus
1251 1478 1502 1530 vigilantem
1529 1478 1708 1527 invenit,
1737 1491 1834 1530 quae

1019 1537 1210 1589 acceptis
1236 1534 1528 1588 lampadibus,
1561 1535 1744 1586 sumpsit
1773 1547 1834 1575 se-

1020 1606 1118 1634 cum
1138 1593 1297 1634 oleum:
1312 1596 1333 1618 *
1349 1591 1405 1632 Et
1423 1590 1621 1632 veniente
1635 1590 1835 1639 Domino,

1018 1649 1213 1690 introivit
1228 1661 1326 1690 cum
1342 1660 1393 1688 eo
1409 1646 1465 1688 ad
1479 1647 1662 1698 naptias.
1687 1642 1732 1691 Y.
1748 1646 1835 1687 Me-

1020 1705 1090 1747 dia
1116 1710 1246 1746 nocte
1274 1704 1438 1746 clamor
1459 1703 1598 1744 factus
1618 1707 1695 1744 est:
1722 1703 1836 1743 Ecce

1019 1774 1207 1814 sponsus
1222 1761 1355 1809 venit,
1375 1762 1488 1801 exite
1508 1759 1682 1800 obviam
1701 1759 1750 1800 ei.
1770 1758 1836 1798 Et.

1301 1818 1452 1858 Lectio
1475 1817 1555 1855 viii.

1023 1855 1160 1976 Qua
1178 1873 1222 1913 in
1240 1885 1286 1913 re
1305 1871 1388 1912 hoc
1408 1882 1582 1922 quoque
1598 1868 1836 1911 notandum

1122 1934 1204 1978 est,
1234 1927 1353 1980 quod
1379 1927 1579 1967 inventus
1607 1925 1836 1967 thesaurus

1020 1984 1312 2032 absconditur,
1330 1987 1379 2023 ut
1397 1983 1606 2023 servetur:
1631 1982 1731 2034 quia
1750 1985 1836 2022 stu-

1020 2041 1138 2083 dium
1157 2039 1349 2081 coelestis
1369 2037 1574 2080 desiderii
1597 2050 1622 2078 a
1639 2037 1836 2088 malignis

1019 2096 1243 2150 spiritibus
1280 2093 1500 2136 custodire
1536 2106 1624 2135 non
1662 2094 1837 2143 sufficit,

1021 2154 1094 2206 qui
1117 2153 1200 2193 hoc
1225 2151 1279 2193 ab
1304 2150 1502 2192 humanis
1524 2149 1727 2191 laudibus
1749 2163 1836 2191 non

1020 2207 1258 2250 abscondit.
1276 2208 1327 2248 In
1341 2207 1549 2260 praesenti
1564 2206 1722 2248 etenim
1738 2206 1836 2254 vita,

1022 2265 1145 2318 quasi
1159 2265 1202 2305 in
1217 2264 1287 2305 via
1305 2276 1463 2312 sumus,
1484 2275 1568 2315 qua
1583 2261 1639 2303 ad
1653 2262 1837 2314 patriam

1019 2321 1250 2374 pergimus.
1285 2319 1462 2369 Maligni
1490 2323 1634 2359 autem
1662 2317 1836 2369 spiritus

1021 2378 1104 2419 iter
1121 2382 1319 2418 nostrum
1338 2375 1461 2428 quasi
1486 2374 1661 2426 quidam
1678 2373 1837 2414 latrun-

1020 2433 1105 2474 culi
1124 2431 1335 2474 obsident.
1365 2430 1623 2483 Depraedari
1643 2442 1746 2479 ergo
1766 2428 1836 2470 de-

1021 2489 1191 2540 siderat,
1207 2489 1279 2541 qui
1294 2488 1544 2529 thesaurum
1558 2485 1733 2538 publice
1747 2497 1836 2537 por-

1019 2551 1083 2588 tat
1101 2546 1145 2586 in
1163 2545 1243 2587 via.
1270 2545 1369 2585 Hoc
1389 2548 1533 2585 autem
1554 2541 1664 2592 dico,
1683 2554 1770 2582 non
1789 2545 1835 2581 ut

1019 2601 1208 2654 proximi
1228 2603 1362 2652 opera
1381 2603 1529 2640 nostra
1548 2598 1662 2639 bona
1677 2609 1763 2638 non
1778 2598 1835 2635 vi-

1021 2658 1166 2707 deant,
1201 2670 1298 2698 cum
1318 2656 1529 2708 scriptum
1551 2655 1619 2695 sit:
1647 2652 1835 2694 Videant

226 2718 340 2772 pulis
365 2719 455 2760 suis
479 2718 734 2771 parabolam
758 2717 882 2758 hanc:
909 2714 968 2755 Si·
993 2706 1155 2766 [opera
1183 2717 1327 2754 vestra
1353 2711 1483 2760 bona,
1520 2715 1563 2751 et
1594 2708 1834 2760 glorificent
