2040 2990
181 185 252 220 102

773 190 942 223 Sabbata)
969 188 1017 222 ud
1041 188 1277 223 Matutinum.

180 289 224 326 et
243 283 449 336 poenituit
474 296 573 325 eum
597 282 838 325 secundum
860 282 1003 324 multi-
1054 283 1078 309 *
1106 285 1150 323 et
1180 281 1411 322 consilium
1436 279 1653 323 Altissimi
1684 280 1882 323 irritave-

179 340 375 382 tudinem
394 339 711 381 misericerdiae
729 352 832 381 suae.

232 397 288 438 Et
316 395 439 438 dedit
467 408 544 438 eos
571 396 615 437 in
634 394 959 438 misericordias
980 397 1002 421 *

179 454 221 494 in
260 454 501 505 conspectu
538 453 732 494 o'mnium
770 452 844 504 qui
878 452 1002 503 cepe—

180 514 277 550 rant
297 522 384 550 eos.

229 565 382 606 Salvos
402 578 482 606 nos
502 565 570 606 fac
584 565 773 607 Demine
787 566 908 607 Deus
928 577 1002 605 no-

178 627 282 663 ster:
305 624 329 649 *
354 626 397 663 et
425 623 644 673 cengrega
670 634 752 663 nos
780 621 835 663 de
865 621 1001 663 natio-

178 678 320 720 nibus:

229 734 288 776 Ut
325 735 611 776 confiteamur
646 734 812 775 nemini
848 739 1001 776 sancto

178 796 270 832 tuo:
290 792 313 818 *
333 795 377 832 et
395 791 631 842 gloriemur
651 791 695 831 in
714 790 843 832 laude
864 795 950 832 tua.

229 847 496 889 Benedictus
507 847 722 889 Dominus
732 847 853 888 Deus
863 847 1002 888 Israel

178 916 203 944 a
221 903 383 945 saeculo
404 909 448 945 et
467 916 605 956 usque
624 904 668 944 in
688 903 1002 945 saeculum:*et

180 959 297 1002 dicet
316 961 457 1002 omnis
477 960 682 1013 pepulus:
701 960 809 1010 Fiat,
827 959 915 1001 fiat.

438 1058 574 1098 l'salm
584 1073 631 1099 us
655 1062 681 1099 1(
695 1063 743 1100 Νἰ.

254 1137 496 1178 onfitemini
549 1137 740 1178 Demino
794 1137 1001 1189 queniam

270 1193 429 1235 bonus:
447 1195 470 1221 *
491 1194 698 1245 queniam
721 1194 766 1235 in
791 1194 1000 1236 saeculum

177 1249 478 1291 misericordia
498 1251 598 1302 ejus.

228 1306 388 1347 Dicant
413 1306 488 1358 qui
513 1306 731 1360 redempti
750 1312 852 1349 sunt
871 1321 895 1349 a
914 1309 1000 1350 Do-

178 1362 311 1412 mino,
340 1375 452 1414 quos
480 1362 666 1405 redemit
695 1363 749 1405 de
774 1378 905 1406 manu
924 1365 1000 1406 ini-

178 1419 294 1460 mici:
313 1420 336 1446 *
356 1423 400 1461 et
421 1418 475 1461 de
495 1420 747 1471 regienibus
766 1424 1000 1474 congrega-

178 1475 240 1516 vit
259 1487 350 1516 eos:

229 1531 270 1571 A
307 1531 411 1572 solis
448 1536 564 1581 ortu,
601 1537 645 1574 et
681 1536 856 1576 occasu:
889 1536 913 1562 *
945 1534 1000 1576 ab

178 1587 393 1639 aquilem,
413 1593 457 1629 et
475 1589 595 1629 mari.

229 1644 497 1686 Erraverunt
525 1645 567 1686 in
597 1646 831 1689 solitudine
850 1648 894 1688 in
913 1649 1001 1689 ina·

181 1702 336 1752 queso:
359 1702 383 1727 *
408 1701 523 1742 viam
548 1702 739 1745 civitatis
763 1703 999 1746 habitaculi

179 1768 265 1797 non
284 1757 552 1799 invenerunt.

229 1813 494 1863 Esurientes‚
521 1820 565 1856 et
584 1815 797 1859 sitientes:
815 1818 839 1845 *
859 1817 1001 1858 anima

179 1871 330 1910 eerum
348 1870 392 1910 in
409 1870 517 1923 ipsis
537 1870 707 1914 defecit.

230 1926 286 1966 Et
327 1926 624 1970 clamaverunt
666 1928 723 1970 ad
762 1930 1001 1971 Dominum

179 1993 278 2022 cum
295 1982 622 2025 tribularentur:
637 1986 661 2012 *
676 1990 720 2027 et
740 1985 795 2027 de
813 1987 1000 2028 necessi-

178 2037 341 2079 tatibus
362 2041 513 2080 eerum
534 2041 695 2093 eripuit
715 2054 800 2083 eos.

230 2093 287 2135 Et
310 2094 492 2136 deduxit
517 2108 591 2137 eos
615 2097 659 2137 in
679 2097 793 2139 viam
818 2103 1000 2141 rectam:

178 2151 203 2176 *
216 2154 265 2191 ut
279 2149 392 2192 irent
411 2151 454 2191 in
470 2152 692 2194 civitatem
706 2153 1000 2197 habitatiunis.

230 2205 531 2249 Confiteantur
548 2208 737 2251 Demino
756 2211 1000 2254 misericor-

180 2261 264 2303 diae
293 2263 402 2313 ejus:
423 2265 447 2290 *
468 2269 512 2305 et
539 2265 754 2307 mirabilia
782 2268 872 2318 ejus
900 2268 1000 2310 filiis

179 2317 414 2359 huminum.

232 2374 342 2424 Quia
361 2375 537 2417 satiavit
561 2378 749 2419 animam
770 2379 958 2421 inanem:
977 2383 1001 2409 *

179 2435 225 2528 {t
273 2430 461 2472 animam
512 2434 775 2476 esurientem
827 2436 1001 2479 satiavit

211 2498 317 2528 oms.

231 2538 444 2581 Sedentes
471 2540 514 2580 in
541 2541 751 2592 tenebris,
779 2548 823 2584 et
849 2544 1002 2587 umbra

181 2597 354 2637 mortis:
369 2597 393 2624 *
408 2596 578 2638 vinctos
597 2597 639 2638 in
659 2599 940 2643 mendicitate
958 2608 1002 2643 et

182 2652 307 2693 ferro.

223 2708 334 2758 Quia
345 2709 716 2752 exacerbaverunt
725 2711 899 2765 eloquia
906 2714 1002 2756 Dei:

1054 343 1165 379 runt

1106 395 1162 436 Et
1189 393 1465 435 humiliatum
1493 398 1560 436 est
1586 394 1632 435 in
1654 393 1880 436 laberibus

1054 463 1131 492 cor
1164 453 1330 492 eerum:
1357 451 1382 477 *
1410 450 1617 493 infirmati
1646 456 1764 502 sunt,
1799 464 1880 494 nec

1055 507 1135 549 fuit
1160 508 1234 560 qui
1255 506 1492 559 adjuvaret.

1106 564 1163 605 Et
1204 563 1504 605 clamaverunt
1545 563 1602 606 ad
1642 564 1881 606 Deminum

1054 633 1154 661 cum
1180 619 1509 662 tribularentur:
1531 622 1555 648 *
1580 625 1624 663 et
1652 620 1707 662 de
1732 633 1880 663 neees-

1054 676 1258 718 sitatibus
1278 679 1431 718 eorum
1448 676 1653 719 liberavit
1671 689 1760 719 eos.

1105 733 1161 774 Et
1198 733 1349 775 eduxit
1386 746 1463 775 eos
1500 733 1556 776 de
1583 733 1796 783 tenebris,
1837 738 1881 775 et

1052 789 1207 831 umbra
1230 790 1401 832 mortis:
1418 791 1442 817 *
1463 795 1507 832 et
1530 790 1705 832 vincula
1729 792 1882 832 ebrum

1054 846 1250 899 disrupit.

1105 902 1404 944 Confiteantur
1423 903 1614 945 Demino
1637 903 1879 945 misericor-

1053 958 1138 1000 diae
1168 960 1272 1011 ejus:
1296 961 1320 987 *
1345 964 1388 1001 et
1416 958 1634 1001 mirabilia
1661 960 1751 1012 ejus
1779 959 1880 1002 filiis

1051 1015 1286 1057 huminum.

1105 1073 1215 1123 Quia
1237 1073 1444 1115 contrivit
1461 1078 1614 1126 portas
1629 1075 1783 1115 aereas:
1797 1073 1822 1101 *
1836 1076 1881 1115 et

1052 1134 1202 1171 vectes
1221 1130 1389 1172 ferreos
1409 1130 1635 1182 confregit.

1087 1186 1310 1239 Suscepit
1344 1200 1420 1229 eos
1453 1187 1509 1229 de
1536 1187 1608 1228 via
1635 1185 1881 1238 iniquitatis

1054 1245 1222 1284 cerum.
1241 1245 1265 1271 *
1290 1248 1475 1297 propter
1501 1243 1736 1295 injustitias
1764 1242 1881 1285 enim

1053 1312 1155 1341 suas
1173 1299 1390 1342 humiliati
1410 1305 1522 1342 sunt.

1105 1356 1291 1399 Omnem
1334 1369 1480 1399 escam
1520 1356 1774 1399 abominata
1813 1359 1881 1398 est

1054 1413 1199 1454 anima
1227 1415 1395 1455 eerum:
1422 1415 1446 1441 *
1474 1419 1519 1456 et
1554 1413 1881 1467 appropinqua-

1053 1472 1211 1512 verunt
1230 1483 1371 1523 usque
1390 1470 1447 1512 ad
1465 1476 1619 1524 portas
1637 1470 1803 1512 mortis.

1105 1527 1162 1568 Et
1206 1526 1506 1569 clamaverunt
1545 1527 1604 1570 ad
1642 1527 1881 1568 Duminum

1054 1596 1154 1625 cum
1179 1583 1506 1626 tribularentur:
1530 1586 1555 1612 *
1578 1588 1622 1626 et
1651 1583 1706 1626 de
1733 1596 1879 1625 neces-

1054 1639 1258 1682 sitatibus
1278 1642 1431 1682 eerum
1447 1640 1652 1682 liberavit
1670 1652 1759 1682 eos.

1106 1696 1226 1738 Misit
1251 1696 1436 1738 verbum
1463 1710 1610 1748 suum,
1638 1701 1682 1740 et
1708 1697 1880 1739 sanavit

1054 1765 1145 1795 eos:
1165 1754 1189 1780 *
1208 1758 1253 1795 et
1272 1754 1433 1806 eripuit
1452 1766 1530 1796 eos
1547 1754 1604 1796 de
1621 1754 1879 1796 interitioni-

1053 1809 1135 1851 bus
1156 1811 1320 1852 eurum.

1104 1866 1406 1909 Confiteantur
1423 1867 1615 1910 Demino
1634 1868 1879 1910 misericer-

1053 1922 1139 1964 diae
1167 1925 1273 1976 ejus:
1297 1926 1321 1951 *
1341 1929 1385 1966 et
1412 1924 1630 1967 mirabilia
1659 1926 1748 1978 ejus
1775 1925 1879 1967 filiis

1052 1979 1289 2021 heminum.

1103 2037 1161 2078 Et
1179 2037 1428 2079 sacrificent
1443 2038 1708 2081 sacrificium
1721 2039 1879 2082 laudis:

1052 2094 1076 2120 *
1095 2098 1138 2135 et
1165 2094 1424 2136 annuntient
1452 2097 1589 2148 opera
1618 2096 1707 2148 ejus
1734 2095 1779 2137 in
1808 2109 1878 2138 ex-

1052 2149 1300 2192 sultati6ne.

1104 2207 1189 2257 Qui
1204 2206 1478 2250 descendunt
1495 2221 1615 2251 mare
1627 2209 1672 2250 in
1682 2209 1878 2260 navibus,

1052 2265 1076 2291 *
1103 2263 1313 2305 facientes
1341 2265 1646 2317 operationem
1679 2266 1724 2306 in
1751 2267 1878 2319 aquis

1052 2319 1213 2361 multis.

1102 2376 1194 2429 Ipsi
1211 2376 1415 2419 viderunt
1434 2380 1570 2431 epera
1583 2379 1773 2430 Demini‚
1791 2380 1816 2407 *
1835 2383 1879 2421 et

1053 2432 1271 2474 mirabilia
1291 2434 1381 2485 eius
1400 2434 1446 2474 in
1464 2435 1698 2487 profundo.

1104 2489 1240 2539 Dixit,
1258 2494 1302 2533 et
1318 2491 1442 2532 Stetit
1459 2491 1640 2543 spiritus
1654 2491 1878 2544 procellae3

1054 2547 1077 2572 *
1096 2551 1139 2587 et
1158 2545 1339 2587 exaltati
1359 2552 1460 2588 sunt
1479 2548 1638 2589 fluctus
1657 2549 1760 2600 ejus.

1104 2601 1364 2643 Ascendunt
1390 2615 1530 2654 usque
1557 2604 1615 2646 ad
1642 2604 1797 2655 coelos,
1834 2609 1879 2646 et

1055 2657 1327 2700 descendunt
1359 2671 1499 2711 usque
1533 2660 1591 2702 ad
1623 2660 1823 2714 abyssos:
1854 2662 1879 2689 *

1054 2715 1196 2756 anima
1221 2717 1373 2756 eorum
1396 2715 1441 2756 in
1464 2716 1591 2757 malis
1610 2717 1879 2760 tabescebat.
