<?xml version="1.0" encoding="UTF-8"?>
<!DOCTYPE html PUBLIC "-//W3C//DTD XHTML 1.0 Transitional//EN"
    "http://www.w3.org/TR/xhtml1/DTD/xhtml1-transitional.dtd">
<html xmlns="http://www.w3.org/1999/xhtml" xml:lang="en" lang="en">
 <head>
  <title>
</title>
<meta http-equiv="Content-Type" content="text/html;charset=utf-8" />
  <meta name='ocr-system' content='tesseract 3.04.00' />
  <meta name='ocr-capabilities' content='ocr_page ocr_carea ocr_par ocr_line ocrx_word'/>
</head>
<body>
  <div class='ocr_page' id='page_1' title='image "./p1breviariumroma00cathuoft_0104.png"; bbox 0 0 2040 2990; ppageno 0'>
   <div class='ocr_carea' id='block_1_1' title="bbox 171 177 222 213">
    <p class='ocr_par' dir='ltr' id='par_1_1' title="bbox 171 177 222 213">
     <span class='ocr_line' id='line_1_1' title="bbox 171 177 222 213; baseline 0 -2"><span class='ocrx_word' id='word_1_1' title='bbox 171 177 222 213; x_wconf 90' lang='lat'>50</span> 
     </span>
    </p>
   </div>
   <div class='ocr_carea' id='block_1_2' title="bbox 169 273 993 944">
    <p class='ocr_par' dir='ltr' id='par_1_2' title="bbox 172 273 993 439">
     <span class='ocr_line' id='line_1_2' title="bbox 226 273 993 326; baseline -0.001 -11"><span class='ocrx_word' id='word_1_2' title='bbox 226 275 319 325; x_wconf 80' lang='lat' dir='ltr'>Ego</span> <span class='ocrx_word' id='word_1_3' title='bbox 334 278 477 315; x_wconf 82' lang='lat' dir='ltr'>autem</span> <span class='ocrx_word' id='word_1_4' title='bbox 493 278 715 326; x_wconf 84' lang='lat' dir='ltr'>tamquam</span> <span class='ocrx_word' id='word_1_5' title='bbox 735 273 892 315; x_wconf 91' lang='lat' dir='ltr'>surdus</span> <span class='ocrx_word' id='word_1_6' title='bbox 907 287 993 315; x_wconf 91' lang='lat' dir='ltr'>non</span> 
     </span>
     <span class='ocr_line' id='line_1_3' title="bbox 173 330 992 373; baseline 0 -2"><span class='ocrx_word' id='word_1_7' title='bbox 173 330 418 371; x_wconf 81' lang='lat' dir='ltr'>audiebam:</span> <span class='ocrx_word' id='word_1_8' title='bbox 454 331 476 355; x_wconf 85' lang='lat'>*</span> <span class='ocrx_word' id='word_1_9' title='bbox 511 336 554 372; x_wconf 92' lang='lat' dir='ltr'>et</span> <span class='ocrx_word' id='word_1_10' title='bbox 585 330 697 372; x_wconf 87' lang='lat' dir='ltr'>sieut</span> <span class='ocrx_word' id='word_1_11' title='bbox 729 336 875 373; x_wconf 91' lang='lat' dir='ltr'>mutus</span> <span class='ocrx_word' id='word_1_12' title='bbox 907 344 992 372; x_wconf 89' lang='lat' dir='ltr'>non</span> 
     </span>
     <span class='ocr_line' id='line_1_4' title="bbox 172 387 595 439; baseline 0 -12"><span class='ocrx_word' id='word_1_13' title='bbox 172 387 369 439; x_wconf 84' lang='lat' dir='ltr'>aperiens</span> <span class='ocrx_word' id='word_1_14' title='bbox 389 399 439 427; x_wconf 92' lang='lat' dir='ltr'>os</span> <span class='ocrx_word' id='word_1_15' title='bbox 459 399 595 427; x_wconf 91' lang='lat' dir='ltr'>suum.</span> 
     </span>
    </p>

    <p class='ocr_par' dir='ltr' id='par_1_3' title="bbox 171 442 992 605">
     <span class='ocr_line' id='line_1_5' title="bbox 224 442 992 485; baseline 0.001 -2"><span class='ocrx_word' id='word_1_16' title='bbox 224 443 278 484; x_wconf 84' lang='lat' dir='ltr'>Et</span> <span class='ocrx_word' id='word_1_17' title='bbox 312 442 450 485; x_wconf 87' lang='lat' dir='ltr'>factus</span> <span class='ocrx_word' id='word_1_18' title='bbox 483 456 579 484; x_wconf 91' lang='lat' dir='ltr'>sum</span> <span class='ocrx_word' id='word_1_19' title='bbox 606 444 718 485; x_wconf 87' lang='lat' dir='ltr'>sicut</span> <span class='ocrx_word' id='word_1_20' title='bbox 745 443 877 484; x_wconf 89' lang='lat' dir='ltr'>homo</span> <span class='ocrx_word' id='word_1_21' title='bbox 907 456 992 484; x_wconf 90' lang='lat' dir='ltr'>non</span> 
     </span>
     <span class='ocr_line' id='line_1_6' title="bbox 171 498 992 541; baseline 0.001 -2"><span class='ocrx_word' id='word_1_22' title='bbox 171 498 369 540; x_wconf 68' lang='lat' dir='ltr'>andiens:</span> <span class='ocrx_word' id='word_1_23' title='bbox 401 500 424 525; x_wconf 85' lang='lat'>*</span> <span class='ocrx_word' id='word_1_24' title='bbox 458 505 502 541; x_wconf 92' lang='lat' dir='ltr'>et</span> <span class='ocrx_word' id='word_1_25' title='bbox 533 513 619 541; x_wconf 90' lang='lat' dir='ltr'>non</span> <span class='ocrx_word' id='word_1_26' title='bbox 653 499 816 541; x_wconf 90' lang='lat' dir='ltr'>habens</span> <span class='ocrx_word' id='word_1_27' title='bbox 845 500 886 540; x_wconf 89' lang='lat' dir='ltr'>in</span> <span class='ocrx_word' id='word_1_28' title='bbox 917 513 992 541; x_wconf 88' lang='lat' dir='ltr'>ore</span> 
     </span>
     <span class='ocr_line' id='line_1_7' title="bbox 171 554 610 605; baseline 0.005 -10"><span class='ocrx_word' id='word_1_29' title='bbox 171 568 250 595; x_wconf 90' lang='lat' dir='ltr'>suo</span> <span class='ocrx_word' id='word_1_30' title='bbox 269 554 610 605; x_wconf 74' lang='lat' dir='ltr'>redargutic&#39;mes.</span> 
     </span>
    </p>

    <p class='ocr_par' dir='ltr' id='par_1_4' title="bbox 169 612 992 710">
     <span class='ocr_line' id='line_1_8' title="bbox 222 612 992 664; baseline 0 -12"><span class='ocrx_word' id='word_1_31' title='bbox 222 612 435 661; x_wconf 70' lang='lat' dir='ltr'>Queniam</span> <span class='ocrx_word' id='word_1_32' title='bbox 451 612 493 652; x_wconf 92' lang='lat' dir='ltr'>in</span> <span class='ocrx_word' id='word_1_33' title='bbox 508 618 551 653; x_wconf 91' lang='lat' dir='ltr'>te</span> <span class='ocrx_word' id='word_1_34' title='bbox 566 612 752 653; x_wconf 65' lang='lat' dir='ltr'>Demine</span> <span class='ocrx_word' id='word_1_35' title='bbox 767 612 954 664; x_wconf 82' lang='lat' dir='ltr'>speravi:</span> <span class='ocrx_word' id='word_1_36' title='bbox 969 613 992 638; x_wconf 90' lang='lat'>*</span> 
     </span>
     <span class='ocr_line' id='line_1_9' title="bbox 169 667 992 710; baseline 0.001 -2"><span class='ocrx_word' id='word_1_37' title='bbox 169 673 218 709; x_wconf 93' lang='lat' dir='ltr'>tu</span> <span class='ocrx_word' id='word_1_38' title='bbox 233 667 439 710; x_wconf 80' lang='lat' dir='ltr'>exaudies</span> <span class='ocrx_word' id='word_1_39' title='bbox 453 669 716 710; x_wconf 67' lang='lat' dir='ltr'>meDcimine</span> <span class='ocrx_word' id='word_1_40' title='bbox 725 669 843 710; x_wconf 90' lang='lat' dir='ltr'>Deus</span> <span class='ocrx_word' id='word_1_41' title='bbox 859 681 992 710; x_wconf 91' lang='lat' dir='ltr'>meus.</span> 
     </span>
    </p>

    <p class='ocr_par' dir='ltr' id='par_1_5' title="bbox 169 724 991 944">
     <span class='ocr_line' id='line_1_10' title="bbox 222 724 991 777; baseline 0.001 -12"><span class='ocrx_word' id='word_1_42' title='bbox 222 724 334 773; x_wconf 87' lang='lat' dir='ltr'><strong>Quia</strong></span> <span class='ocrx_word' id='word_1_43' title='bbox 353 724 460 766; x_wconf 75' lang='lat' dir='ltr'>dixi:</span> <span class='ocrx_word' id='word_1_44' title='bbox 487 725 733 777; x_wconf 85' lang='lat' dir='ltr'>Nequando</span> <span class='ocrx_word' id='word_1_45' title='bbox 758 728 991 777; x_wconf 76' lang='lat' dir='ltr'>supergau-</span> 
     </span>
     <span class='ocr_line' id='line_1_11' title="bbox 170 779 990 823; baseline 0.002 -2"><span class='ocrx_word' id='word_1_46' title='bbox 170 779 301 822; x_wconf 90' lang='lat' dir='ltr'>deant</span> <span class='ocrx_word' id='word_1_47' title='bbox 320 780 423 822; x_wconf 90' lang='lat' dir='ltr'>mihi</span> <span class='ocrx_word' id='word_1_48' title='bbox 447 782 607 823; x_wconf 87' lang='lat' dir='ltr'>inimici</span> <span class='ocrx_word' id='word_1_49' title='bbox 636 782 738 823; x_wconf 91' lang='lat' dir='ltr'>mei:</span> <span class='ocrx_word' id='word_1_50' title='bbox 765 783 788 807; x_wconf 86' lang='lat'>*</span> <span class='ocrx_word' id='word_1_51' title='bbox 818 787 860 823; x_wconf 95' lang='lat' dir='ltr'>et</span> <span class='ocrx_word' id='word_1_52' title='bbox 888 781 990 823; x_wconf 88' lang='lat' dir='ltr'>dum</span> 
     </span>
     <span class='ocr_line' id='line_1_12' title="bbox 171 837 991 891; baseline 0.004 -14"><span class='ocrx_word' id='word_1_53' title='bbox 171 840 501 879; x_wconf 84' lang='lat' dir='ltr'>commoventur</span> <span class='ocrx_word' id='word_1_54' title='bbox 515 837 651 891; x_wconf 87' lang='lat' dir='ltr'>pedes</span> <span class='ocrx_word' id='word_1_55' title='bbox 664 839 758 889; x_wconf 82' lang='lat' dir='ltr'>mei,</span> <span class='ocrx_word' id='word_1_56' title='bbox 774 852 907 891; x_wconf 89' lang='lat' dir='ltr'>super</span> <span class='ocrx_word' id='word_1_57' title='bbox 920 851 991 880; x_wconf 92' lang='lat' dir='ltr'>me</span> 
     </span>
     <span class='ocr_line' id='line_1_13' title="bbox 169 893 608 944; baseline 0.002 -10"><span class='ocrx_word' id='word_1_58' title='bbox 169 906 325 944; x_wconf 85' lang='lat' dir='ltr'>magna</span> <span class='ocrx_word' id='word_1_59' title='bbox 343 893 480 936; x_wconf 83' lang='lat' dir='ltr'>locuti</span> <span class='ocrx_word' id='word_1_60' title='bbox 499 900 608 936; x_wconf 91' lang='lat' dir='ltr'>sunt.</span> 
     </span>
    </p>
   </div>
   <div class='ocr_carea' id='block_1_3' title="bbox 169 950 1054 1066">
    <p class='ocr_par' dir='ltr' id='par_1_6' title="bbox 169 950 1105 1070">
     <span class='ocr_line' id='line_1_14' title="bbox 221 950 1053 1005; baseline 0.002 -14"><span class='ocrx_word' id='word_1_61' title='bbox 221 950 435 999; x_wconf 71' lang='lat' dir='ltr'>Queniam</span> <span class='ocrx_word' id='word_1_62' title='bbox 455 964 536 1002; x_wconf 85' lang='lat' dir='ltr'>ego</span> <span class='ocrx_word' id='word_1_63' title='bbox 558 951 601 992; x_wconf 94' lang='lat' dir='ltr'>in</span> <span class='ocrx_word' id='word_1_64' title='bbox 621 950 790 1002; x_wconf 84' lang='lat' dir='ltr'>flagella</span> <span class='ocrx_word' id='word_1_65' title='bbox 811 955 989 1004; x_wconf 75' lang='lat' dir='ltr'>paratus</span> <span class='ocrx_word' id='word_1_66' title='bbox 1046 976 1053 1005; x_wconf 33' lang='grc' dir='ltr'>ἦ</span> 
     </span>
     <span class='ocr_line' id='line_1_15' title="bbox 169 1006 1054 1066; baseline 0.007 -20"><span class='ocrx_word' id='word_1_67' title='bbox 169 1019 280 1047; x_wconf 89' lang='lat' dir='ltr'>sum:</span> <span class='ocrx_word' id='word_1_68' title='bbox 300 1008 322 1031; x_wconf 80' lang='lat'>¹⁸¹</span> <span class='ocrx_word' id='word_1_69' title='bbox 343 1012 386 1048; x_wconf 95' lang='lat' dir='ltr'>et</span> <span class='ocrx_word' id='word_1_70' title='bbox 405 1006 531 1049; x_wconf 91' lang='lat' dir='ltr'>dolor</span> <span class='ocrx_word' id='word_1_71' title='bbox 550 1021 672 1049; x_wconf 88' lang='lat' dir='ltr'>meus</span> <span class='ocrx_word' id='word_1_72' title='bbox 692 1008 735 1048; x_wconf 94' lang='lat' dir='ltr'>in</span> <span class='ocrx_word' id='word_1_73' title='bbox 751 1011 989 1061; x_wconf 72' lang='lat' dir='ltr'>conspectu</span> <span class='ocrx_word' id='word_1_74' title='bbox 1044 1018 1083 1065; x_wconf 52' lang='lat' dir='ltr'>lys</span> 
     </span>
    </p>
   </div>
   <div class='ocr_carea' id='block_1_4' title="bbox 166 1075 989 2741">
    <p class='ocr_par' dir='ltr' id='par_1_7' title="bbox 168 1075 469 1115">
     <span class='ocr_line' id='line_1_16' title="bbox 168 1075 469 1115; baseline 0.003 -12"><span class='ocrx_word' id='word_1_75' title='bbox 168 1075 266 1103; x_wconf 90' lang='lat' dir='ltr'>meo</span> <span class='ocrx_word' id='word_1_76' title='bbox 286 1076 469 1115; x_wconf 89' lang='lat' dir='ltr'>semper.</span> 
     </span>
    </p>

    <p class='ocr_par' dir='ltr' id='par_1_8' title="bbox 167 1119 988 1273">
     <span class='ocr_line' id='line_1_17' title="bbox 220 1119 988 1172; baseline 0.005 -13"><span class='ocrx_word' id='word_1_77' title='bbox 220 1119 433 1169; x_wconf 71' lang='lat' dir='ltr'>Queniam</span> <span class='ocrx_word' id='word_1_78' title='bbox 460 1120 731 1172; x_wconf 79' lang='lat' dir='ltr'>iniquitatem</span> <span class='ocrx_word' id='word_1_79' title='bbox 756 1134 897 1163; x_wconf 92' lang='lat' dir='ltr'>meam</span> <span class='ocrx_word' id='word_1_80' title='bbox 918 1135 988 1163; x_wconf 92' lang='lat' dir='ltr'>an-</span> 
     </span>
     <span class='ocr_line' id='line_1_18' title="bbox 167 1175 988 1231; baseline 0.005 -15"><span class='ocrx_word' id='word_1_81' title='bbox 167 1175 375 1217; x_wconf 78' lang='lat' dir='ltr'>nuntiabo</span> <span class='ocrx_word' id='word_1_82' title='bbox 387 1193 394 1216; x_wconf 92' lang='lat'>:</span> <span class='ocrx_word' id='word_1_83' title='bbox 408 1177 432 1202; x_wconf 86' lang='lat'>*</span> <span class='ocrx_word' id='word_1_84' title='bbox 443 1181 486 1218; x_wconf 92' lang='lat' dir='ltr'>et</span> <span class='ocrx_word' id='word_1_85' title='bbox 497 1177 701 1227; x_wconf 75' lang='lat' dir='ltr'>cogitabo</span> <span class='ocrx_word' id='word_1_86' title='bbox 713 1191 793 1230; x_wconf 90' lang='lat' dir='ltr'>pro</span> <span class='ocrx_word' id='word_1_87' title='bbox 805 1181 988 1231; x_wconf 81' lang='lat' dir='ltr'>peccato</span> 
     </span>
     <span class='ocr_line' id='line_1_19' title="bbox 167 1245 277 1273; baseline 0.009 -1"><span class='ocrx_word' id='word_1_88' title='bbox 167 1245 277 1273; x_wconf 88' lang='lat' dir='ltr'>meo.</span> 
     </span>
    </p>

    <p class='ocr_par' dir='ltr' id='par_1_9' title="bbox 166 1288 988 1458">
     <span class='ocr_line' id='line_1_20' title="bbox 218 1288 987 1341; baseline 0.007 -13"><span class='ocrx_word' id='word_1_89' title='bbox 218 1288 384 1330; x_wconf 82' lang='lat' dir='ltr'>Inimici</span> <span class='ocrx_word' id='word_1_90' title='bbox 401 1294 546 1331; x_wconf 89' lang='lat' dir='ltr'>autem</span> <span class='ocrx_word' id='word_1_91' title='bbox 560 1290 646 1331; x_wconf 89' lang='lat' dir='ltr'>mei</span> <span class='ocrx_word' id='word_1_92' title='bbox 656 1290 816 1341; x_wconf 87' lang='lat' dir='ltr'>vivunt,</span> <span class='ocrx_word' id='word_1_93' title='bbox 832 1297 875 1333; x_wconf 91' lang='lat' dir='ltr'>et</span> <span class='ocrx_word' id='word_1_94' title='bbox 890 1305 987 1333; x_wconf 88' lang='lat' dir='ltr'>con-</span> 
     </span>
     <span class='ocr_line' id='line_1_21' title="bbox 167 1344 987 1399; baseline 0.007 -15"><span class='ocrx_word' id='word_1_95' title='bbox 167 1344 325 1387; x_wconf 74' lang='lat' dir='ltr'>firmati</span> <span class='ocrx_word' id='word_1_96' title='bbox 345 1351 444 1387; x_wconf 92' lang='lat' dir='ltr'>sunt</span> <span class='ocrx_word' id='word_1_97' title='bbox 464 1359 595 1399; x_wconf 89' lang='lat' dir='ltr'>super</span> <span class='ocrx_word' id='word_1_98' title='bbox 622 1359 711 1388; x_wconf 88' lang='lat' dir='ltr'>me:</span> <span class='ocrx_word' id='word_1_99' title='bbox 739 1348 762 1372; x_wconf 85' lang='grc'><em>*</em></span> <span class='ocrx_word' id='word_1_100' title='bbox 788 1353 830 1389; x_wconf 93' lang='lat' dir='ltr'>et</span> <span class='ocrx_word' id='word_1_101' title='bbox 849 1349 987 1390; x_wconf 87' lang='lat' dir='ltr'>multi-</span> 
     </span>
     <span class='ocr_line' id='line_1_22' title="bbox 166 1401 988 1458; baseline 0.006 -17"><span class='ocrx_word' id='word_1_102' title='bbox 166 1401 314 1453; x_wconf 77' lang='lat' dir='ltr'>plicati</span> <span class='ocrx_word' id='word_1_103' title='bbox 335 1408 433 1444; x_wconf 88' lang='lat' dir='ltr'>sunt</span> <span class='ocrx_word' id='word_1_104' title='bbox 455 1403 526 1455; x_wconf 91' lang='lat' dir='ltr'>qui</span> <span class='ocrx_word' id='word_1_105' title='bbox 547 1402 733 1445; x_wconf 82' lang='lat' dir='ltr'>oderunt</span> <span class='ocrx_word' id='word_1_106' title='bbox 748 1417 817 1446; x_wconf 92' lang='lat' dir='ltr'>me</span> <span class='ocrx_word' id='word_1_107' title='bbox 832 1405 988 1458; x_wconf 85' lang='lat' dir='ltr'>inique.</span> 
     </span>
    </p>

    <p class='ocr_par' dir='ltr' id='par_1_10' title="bbox 169 1457 988 1621">
     <span class='ocr_line' id='line_1_23' title="bbox 219 1457 988 1513; baseline 0.007 -15"><span class='ocrx_word' id='word_1_108' title='bbox 219 1457 301 1507; x_wconf 87' lang='lat' dir='ltr'>Qui</span> <span class='ocrx_word' id='word_1_109' title='bbox 330 1459 573 1501; x_wconf 87' lang='lat' dir='ltr'>retribuunt</span> <span class='ocrx_word' id='word_1_110' title='bbox 599 1460 713 1501; x_wconf 88' lang='lat' dir='ltr'>mala</span> <span class='ocrx_word' id='word_1_111' title='bbox 739 1474 820 1513; x_wconf 92' lang='lat' dir='ltr'>pro</span> <span class='ocrx_word' id='word_1_112' title='bbox 852 1461 988 1512; x_wconf 86' lang='lat' dir='ltr'>bonis,</span> 
     </span>
     <span class='ocr_line' id='line_1_24' title="bbox 169 1512 988 1569; baseline 0.007 -15"><span class='ocrx_word' id='word_1_113' title='bbox 169 1512 455 1557; x_wconf 80' lang='lat' dir='ltr'>detrahebant</span> <span class='ocrx_word' id='word_1_114' title='bbox 482 1516 604 1557; x_wconf 85' lang='lat' dir='ltr'>mihi:</span> <span class='ocrx_word' id='word_1_115' title='bbox 635 1517 658 1542; x_wconf 86' lang='grc'><em>*</em></span> <span class='ocrx_word' id='word_1_116' title='bbox 693 1518 896 1569; x_wconf 72' lang='lat' dir='ltr'>queniam</span> <span class='ocrx_word' id='word_1_117' title='bbox 925 1532 988 1560; x_wconf 91' lang='lat' dir='ltr'>se-</span> 
     </span>
     <span class='ocr_line' id='line_1_25' title="bbox 170 1569 602 1621; baseline 0.007 -11"><span class='ocrx_word' id='word_1_118' title='bbox 170 1569 334 1621; x_wconf 81' lang='lat' dir='ltr'>quebar</span> <span class='ocrx_word' id='word_1_119' title='bbox 352 1570 602 1613; x_wconf 78' lang='lat' dir='ltr'>bonitatem.</span> 
     </span>
    </p>

    <p class='ocr_par' dir='ltr' id='par_1_11' title="bbox 168 1626 988 1728">
     <span class='ocr_line' id='line_1_26' title="bbox 219 1626 988 1680; baseline 0.008 -14"><span class='ocrx_word' id='word_1_120' title='bbox 219 1626 286 1667; x_wconf 90' lang='lat' dir='ltr'>Ne</span> <span class='ocrx_word' id='word_1_121' title='bbox 302 1626 576 1680; x_wconf 88' lang='lat' dir='ltr'>derelinquas</span> <span class='ocrx_word' id='word_1_122' title='bbox 591 1642 660 1670; x_wconf 91' lang='lat' dir='ltr'>me</span> <span class='ocrx_word' id='word_1_123' title='bbox 671 1630 857 1671; x_wconf 70' lang='lat' dir='ltr'>Demine</span> <span class='ocrx_word' id='word_1_124' title='bbox 868 1631 988 1673; x_wconf 91' lang='lat' dir='ltr'>Deus</span> 
     </span>
     <span class='ocr_line' id='line_1_27' title="bbox 168 1683 842 1728; baseline 0.007 -6"><span class='ocrx_word' id='word_1_125' title='bbox 168 1694 309 1723; x_wconf 91' lang='lat' dir='ltr'>meus:</span> <span class='ocrx_word' id='word_1_126' title='bbox 329 1684 351 1708; x_wconf 84' lang='lat'>*</span> <span class='ocrx_word' id='word_1_127' title='bbox 372 1696 425 1725; x_wconf 91' lang='lat' dir='ltr'>ne</span> <span class='ocrx_word' id='word_1_128' title='bbox 446 1683 698 1726; x_wconf 84' lang='lat' dir='ltr'>discesseris</span> <span class='ocrx_word' id='word_1_129' title='bbox 718 1699 743 1727; x_wconf 92' lang='lat' dir='ltr'>a</span> <span class='ocrx_word' id='word_1_130' title='bbox 762 1700 842 1728; x_wconf 89' lang='lat' dir='ltr'>me.</span> 
     </span>
    </p>

    <p class='ocr_par' dir='ltr' id='par_1_12' title="bbox 169 1738 988 1840">
     <span class='ocr_line' id='line_1_28' title="bbox 220 1738 988 1794; baseline 0.009 -16"><span class='ocrx_word' id='word_1_131' title='bbox 220 1738 401 1781; x_wconf 76' lang='lat' dir='ltr'>Intende</span> <span class='ocrx_word' id='word_1_132' title='bbox 427 1740 469 1780; x_wconf 92' lang='lat' dir='ltr'>in</span> <span class='ocrx_word' id='word_1_133' title='bbox 494 1740 755 1793; x_wconf 67' lang='lat' dir='ltr'>adjuterium</span> <span class='ocrx_word' id='word_1_134' title='bbox 778 1756 939 1794; x_wconf 80' lang='lat' dir='ltr'>meum,</span> <span class='ocrx_word' id='word_1_135' title='bbox 966 1746 988 1771; x_wconf 87' lang='lat'>*</span> 
     </span>
     <span class='ocr_line' id='line_1_29' title="bbox 169 1793 802 1840; baseline 0.011 -7"><span class='ocrx_word' id='word_1_136' title='bbox 169 1793 354 1837; x_wconf 67' lang='lat' dir='ltr'>Demine</span> <span class='ocrx_word' id='word_1_137' title='bbox 373 1796 492 1837; x_wconf 89' lang='lat' dir='ltr'>Deus</span> <span class='ocrx_word' id='word_1_138' title='bbox 511 1797 662 1839; x_wconf 72' lang='lat' dir='ltr'>sallitis</span> <span class='ocrx_word' id='word_1_139' title='bbox 682 1812 802 1840; x_wconf 88' lang='lat' dir='ltr'>meae.</span> 
     </span>
    </p>

    <p class='ocr_par' dir='ltr' id='par_1_13' title="bbox 227 1848 988 1894">
     <span class='ocr_line' id='line_1_30' title="bbox 227 1848 988 1894; baseline 0.013 -9"><span class='ocrx_word' id='word_1_140' title='bbox 227 1848 320 1887; x_wconf 64' lang='lat' dir='ltr'>Ant.</span> <span class='ocrx_word' id='word_1_141' title='bbox 343 1848 502 1890; x_wconf 80' lang='lat' dir='ltr'>Revela</span> <span class='ocrx_word' id='word_1_142' title='bbox 518 1849 707 1892; x_wconf 79' lang='lat' dir='ltr'>Do&#39;mino</span> <span class='ocrx_word' id='word_1_143' title='bbox 727 1851 839 1893; x_wconf 86' lang='lat' dir='ltr'>viam</span> <span class='ocrx_word' id='word_1_144' title='bbox 858 1858 988 1894; x_wconf 87' lang='lat' dir='ltr'>tuam.</span> 
     </span>
    </p>

    <p class='ocr_par' dir='ltr' id='par_1_14' title="bbox 168 1902 988 2066">
     <span class='ocr_line' id='line_1_31' title="bbox 228 1902 988 1952; baseline 0.012 -10"><span class='ocrx_word' id='word_1_145' title='bbox 228 1903 305 1943; x_wconf 79' lang='lat' dir='ltr'>Per</span> <span class='ocrx_word' id='word_1_146' title='bbox 329 1904 508 1944; x_wconf 66' lang='lat' dir='ltr'>Annum.</span> <span class='ocrx_word' id='word_1_147' title='bbox 539 1902 586 1952; x_wconf 64' lang='lat' dir='ltr'>Y.</span> <span class='ocrx_word' id='word_1_148' title='bbox 606 1906 791 1949; x_wconf 82' lang='lat' dir='ltr'>D6mine</span> <span class='ocrx_word' id='word_1_149' title='bbox 811 1908 854 1949; x_wconf 88' lang='lat' dir='ltr'>in</span> <span class='ocrx_word' id='word_1_150' title='bbox 873 1910 988 1951; x_wconf 86' lang='lat' dir='ltr'>coelo</span> 
     </span>
     <span class='ocr_line' id='line_1_32' title="bbox 168 1957 987 2014; baseline 0.013 -17"><span class='ocrx_word' id='word_1_151' title='bbox 168 1957 465 2001; x_wconf 68' lang='lat' dir='ltr'>misericerdia</span> <span class='ocrx_word' id='word_1_152' title='bbox 483 1966 568 2002; x_wconf 88' lang='lat' dir='ltr'>tua.</span> <span class='ocrx_word' id='word_1_153' title='bbox 602 1963 647 2014; x_wconf 58' lang='lat' dir='ltr'>Ru</span> <span class='ocrx_word' id='word_1_154' title='bbox 666 1963 722 2005; x_wconf 90' lang='lat' dir='ltr'>Et</span> <span class='ocrx_word' id='word_1_155' title='bbox 735 1965 894 2007; x_wconf 84' lang='lat' dir='ltr'>veritas</span> <span class='ocrx_word' id='word_1_156' title='bbox 914 1971 987 2008; x_wconf 85' lang='lat' dir='ltr'>tua</span> 
     </span>
     <span class='ocr_line' id='line_1_33' title="bbox 168 2014 546 2066; baseline 0.013 -13"><span class='ocrx_word' id='word_1_157' title='bbox 168 2026 306 2066; x_wconf 90' lang='lat' dir='ltr'>usque</span> <span class='ocrx_word' id='word_1_158' title='bbox 324 2014 380 2056; x_wconf 87' lang='lat' dir='ltr'>ad</span> <span class='ocrx_word' id='word_1_159' title='bbox 399 2016 546 2058; x_wconf 87' lang='lat' dir='ltr'>nubes.</span> 
     </span>
    </p>

    <p class='ocr_par' dir='ltr' id='par_1_15' title="bbox 169 2070 987 2226">
     <span class='ocr_line' id='line_1_34' title="bbox 227 2070 987 2130; baseline 0.013 -19"><span class='ocrx_word' id='word_1_160' title='bbox 227 2073 269 2111; x_wconf 83' lang='lat' dir='ltr'>ln</span> <span class='ocrx_word' id='word_1_161' title='bbox 294 2071 505 2113; x_wconf 72' lang='lat' dir='ltr'>Adventu.</span> <span class='ocrx_word' id='word_1_162' title='bbox 543 2070 590 2120; x_wconf 58' lang='grc' dir='ltr'>Υ.</span> <span class='ocrx_word' id='word_1_163' title='bbox 608 2075 673 2115; x_wconf 87' lang='lat' dir='ltr'>Ex</span> <span class='ocrx_word' id='word_1_164' title='bbox 692 2076 794 2117; x_wconf 91' lang='lat' dir='ltr'>Sion</span> <span class='ocrx_word' id='word_1_165' title='bbox 819 2079 987 2130; x_wconf 81' lang='lat' dir='ltr'>species</span> 
     </span>
     <span class='ocr_line' id='line_1_35' title="bbox 169 2125 987 2180; baseline 0.013 -14"><span class='ocrx_word' id='word_1_166' title='bbox 169 2125 340 2168; x_wconf 73' lang='lat' dir='ltr'>decoris</span> <span class='ocrx_word' id='word_1_167' title='bbox 360 2129 460 2179; x_wconf 86' lang='lat' dir='ltr'>ejus.</span> <span class='ocrx_word' id='word_1_168' title='bbox 495 2130 540 2180; x_wconf 58' lang='lat' dir='ltr'>lxffn</span> <span class='ocrx_word' id='word_1_169' title='bbox 552 2130 671 2172; x_wconf 92' lang='lat' dir='ltr'>Deus</span> <span class='ocrx_word' id='word_1_170' title='bbox 690 2138 838 2175; x_wconf 87' lang='lat' dir='ltr'>noster</span> <span class='ocrx_word' id='word_1_171' title='bbox 857 2137 987 2177; x_wconf 87' lang='lat' dir='ltr'>mani-</span> 
     </span>
     <span class='ocr_line' id='line_1_36' title="bbox 169 2182 448 2226; baseline 0.011 -3"><span class='ocrx_word' id='word_1_172' title='bbox 169 2182 276 2224; x_wconf 72' lang='lat' dir='ltr'>feste</span> <span class='ocrx_word' id='word_1_173' title='bbox 296 2184 448 2226; x_wconf 77' lang='lat' dir='ltr'>veniet.</span> 
     </span>
    </p>

    <p class='ocr_par' dir='ltr' id='par_1_16' title="bbox 168 2236 988 2449">
     <span class='ocr_line' id='line_1_37' title="bbox 229 2236 987 2289; baseline 0.017 -12"><span class='ocrx_word' id='word_1_174' title='bbox 229 2239 310 2278; x_wconf 72' lang='grc' dir='ltr'>ΡΠ)</span> <span class='ocrx_word' id='word_1_175' title='bbox 337 2252 420 2279; x_wconf 80' lang='lat' dir='ltr'>uno</span> <span class='ocrx_word' id='word_1_176' title='bbox 444 2240 562 2280; x_wconf 76' lang='lat' dir='ltr'>Mart.</span> <span class='ocrx_word' id='word_1_177' title='bbox 601 2236 647 2286; x_wconf 59' lang='grc' dir='ltr'>δ”.</span> <span class='ocrx_word' id='word_1_178' title='bbox 670 2244 821 2286; x_wconf 68' lang='lat' dir='ltr'>Gloria</span> <span class='ocrx_word' id='word_1_179' title='bbox 845 2252 888 2288; x_wconf 87' lang='lat' dir='ltr'>et</span> <span class='ocrx_word' id='word_1_180' title='bbox 913 2247 987 2289; x_wconf 86' lang='lat' dir='ltr'>ho-</span> 
     </span>
     <span class='ocr_line' id='line_1_38' title="bbox 169 2296 988 2353; baseline 0.015 -18"><span class='ocrx_word' id='word_1_181' title='bbox 169 2296 274 2336; x_wconf 70' lang='lat' dir='ltr'>nore</span> <span class='ocrx_word' id='word_1_182' title='bbox 294 2298 513 2338; x_wconf 70' lang='lat' dir='ltr'>coronasti</span> <span class='ocrx_word' id='word_1_183' title='bbox 530 2310 627 2339; x_wconf 92' lang='lat' dir='ltr'>eum</span> <span class='ocrx_word' id='word_1_184' title='bbox 642 2299 839 2342; x_wconf 70' lang='lat' dir='ltr'>Demine.</span> <span class='ocrx_word' id='word_1_185' title='bbox 874 2303 919 2353; x_wconf 57' lang='lat' dir='ltr'>Ru</span> <span class='ocrx_word' id='word_1_186' title='bbox 934 2305 988 2346; x_wconf 88' lang='lat' dir='ltr'>Et</span> 
     </span>
     <span class='ocr_line' id='line_1_39' title="bbox 169 2351 987 2409; baseline 0.013 -19"><span class='ocrx_word' id='word_1_187' title='bbox 169 2351 428 2393; x_wconf 84' lang='lat' dir='ltr'>eonstituisti</span> <span class='ocrx_word' id='word_1_188' title='bbox 458 2366 554 2394; x_wconf 89' lang='lat' dir='ltr'>eum</span> <span class='ocrx_word' id='word_1_189' title='bbox 584 2368 714 2408; x_wconf 89' lang='lat' dir='ltr'>super</span> <span class='ocrx_word' id='word_1_190' title='bbox 742 2359 876 2409; x_wconf 73' lang='lat' dir='ltr'>Opera</span> <span class='ocrx_word' id='word_1_191' title='bbox 901 2362 987 2401; x_wconf 78' lang='lat' dir='ltr'>ma-</span> 
     </span>
     <span class='ocr_line' id='line_1_40' title="bbox 168 2410 501 2449; baseline 0.006 -2"><span class='ocrx_word' id='word_1_192' title='bbox 168 2420 299 2448; x_wconf 89' lang='lat' dir='ltr'>nuum</span> <span class='ocrx_word' id='word_1_193' title='bbox 319 2410 501 2449; x_wconf 70' lang='lat' dir='ltr'>tuarum.</span> 
     </span>
    </p>

    <p class='ocr_par' dir='ltr' id='par_1_17' title="bbox 168 2461 988 2624">
     <span class='ocr_line' id='line_1_41' title="bbox 228 2461 987 2515; baseline 0.017 -14"><span class='ocrx_word' id='word_1_194' title='bbox 228 2465 309 2502; x_wconf 74' lang='lat' dir='ltr'>Pro</span> <span class='ocrx_word' id='word_1_195' title='bbox 338 2464 490 2515; x_wconf 77' lang='lat' dir='ltr'>plurib.</span> <span class='ocrx_word' id='word_1_196' title='bbox 518 2465 637 2505; x_wconf 80' lang='lat' dir='ltr'>Mart.</span> <span class='ocrx_word' id='word_1_197' title='bbox 687 2461 732 2511; x_wconf 65' lang='lat' dir='ltr'>X</span> <span class='ocrx_word' id='word_1_198' title='bbox 761 2469 987 2513; x_wconf 74' lang='lat' dir='ltr'>Laetamini</span> 
     </span>
     <span class='ocr_line' id='line_1_42' title="bbox 168 2519 988 2576; baseline 0.015 -18"><span class='ocrx_word' id='word_1_199' title='bbox 168 2519 210 2559; x_wconf 91' lang='lat' dir='ltr'>in</span> <span class='ocrx_word' id='word_1_200' title='bbox 233 2519 432 2570; x_wconf 69' lang='lat' dir='ltr'>DeminQ</span> <span class='ocrx_word' id='word_1_201' title='bbox 453 2526 495 2562; x_wconf 91' lang='lat' dir='ltr'>et</span> <span class='ocrx_word' id='word_1_202' title='bbox 514 2523 727 2566; x_wconf 81' lang='lat' dir='ltr'>exsultate</span> <span class='ocrx_word' id='word_1_203' title='bbox 742 2526 850 2576; x_wconf 90' lang='lat' dir='ltr'>justi.</span> <span class='ocrx_word' id='word_1_204' title='bbox 876 2525 920 2575; x_wconf 61' lang='lat' dir='ltr'>Rv-</span> <span class='ocrx_word' id='word_1_205' title='bbox 933 2530 988 2571; x_wconf 85' lang='lat' dir='ltr'>Et</span> 
     </span>
     <span class='ocr_line' id='line_1_43' title="bbox 168 2574 871 2624; baseline 0.013 -9"><span class='ocrx_word' id='word_1_206' title='bbox 168 2574 412 2623; x_wconf 66' lang='lat' dir='ltr'>gloriamini</span> <span class='ocrx_word' id='word_1_207' title='bbox 431 2590 580 2619; x_wconf 91' lang='lat' dir='ltr'>omnes</span> <span class='ocrx_word' id='word_1_208' title='bbox 601 2581 707 2622; x_wconf 87' lang='lat' dir='ltr'>recti</span> <span class='ocrx_word' id='word_1_209' title='bbox 728 2582 871 2624; x_wconf 89' lang='lat' dir='ltr'>corde.</span> 
     </span>
    </p>

    <p class='ocr_par' dir='ltr' id='par_1_18' title="bbox 175 2631 989 2741">
     <span class='ocr_line' id='line_1_44' title="bbox 228 2631 989 2678; baseline 0.011 -9"><span class='ocrx_word' id='word_1_210' title='bbox 228 2631 309 2670; x_wconf 76' lang='lat' dir='ltr'>Pro</span> <span class='ocrx_word' id='word_1_211' title='bbox 349 2632 468 2671; x_wconf 71' lang='lat' dir='ltr'>(lons.</span> <span class='ocrx_word' id='word_1_212' title='bbox 507 2633 626 2672; x_wconf 68' lang='lat' dir='ltr'>Pont.</span> <span class='ocrx_word' id='word_1_213' title='bbox 666 2640 708 2673; x_wconf 75' lang='lat' dir='ltr'>et</span> <span class='ocrx_word' id='word_1_214' title='bbox 745 2648 828 2674; x_wconf 80' lang='lat' dir='ltr'>non</span> <span class='ocrx_word' id='word_1_215' title='bbox 873 2636 989 2678; x_wconf 74' lang='lat' dir='ltr'>Pont.</span> 
     </span>
     <span class='ocr_line' id='line_1_45' title="bbox 175 2681 987 2741; baseline 0.011 -13"><span class='ocrx_word' id='word_1_216' title='bbox 175 2681 220 2731; x_wconf 56' lang='grc' dir='ltr'>δ”.</span> <span class='ocrx_word' id='word_1_217' title='bbox 242 2689 416 2731; x_wconf 79' lang='lat' dir='ltr'>Amavit</span> <span class='ocrx_word' id='word_1_218' title='bbox 443 2703 539 2731; x_wconf 87' lang='lat' dir='ltr'>eum</span> <span class='ocrx_word' id='word_1_219' title='bbox 561 2692 781 2741; x_wconf 74' lang='lat' dir='ltr'>DOminus‚</span> <span class='ocrx_word' id='word_1_220' title='bbox 803 2700 845 2735; x_wconf 92' lang='lat' dir='ltr'>et</span> <span class='ocrx_word' id='word_1_221' title='bbox 865 2699 987 2738; x_wconf 79' lang='lat' dir='ltr'>orna-</span> 
     </span>
    </p>
   </div>
   <div class='ocr_carea' id='block_1_5' title="bbox 750 184 1289 218">
    <p class='ocr_par' dir='ltr' id='par_1_19' title="bbox 750 184 1289 218">
     <span class='ocr_line' id='line_1_46' title="bbox 750 184 1289 218; baseline -0.002 0"><span class='ocrx_word' id='word_1_222' title='bbox 750 186 856 218; x_wconf 77' lang='lat' dir='ltr'>Fcria</span> <span class='ocrx_word' id='word_1_223' title='bbox 875 185 1041 218; x_wconf 57' lang='lat' dir='ltr'>set-undu</span> <span class='ocrx_word' id='word_1_224' title='bbox 1062 184 1109 218; x_wconf 79' lang='lat' dir='ltr'>ad</span> <span class='ocrx_word' id='word_1_225' title='bbox 1129 184 1289 217; x_wconf 65' lang='lat' dir='ltr'>Laudes.</span> 
     </span>
    </p>
   </div>
   <div class='ocr_carea' id='block_1_6' title="bbox 1045 275 1874 559">
    <p class='ocr_par' dir='ltr' id='par_1_20' title="bbox 1045 275 1874 559">
     <span class='ocr_line' id='line_1_47' title="bbox 1047 275 1874 330; baseline 0.006 -16"><span class='ocrx_word' id='word_1_226' title='bbox 1047 275 1108 315; x_wconf 86' lang='lat' dir='ltr'>vit</span> <span class='ocrx_word' id='word_1_227' title='bbox 1136 287 1244 315; x_wconf 91' lang='lat' dir='ltr'>eum.</span> <span class='ocrx_word' id='word_1_228' title='bbox 1283 279 1334 330; x_wconf 66' lang='lat' dir='ltr'>R.</span> <span class='ocrx_word' id='word_1_229' title='bbox 1359 275 1524 317; x_wconf 88' lang='lat' dir='ltr'>Stolam</span> <span class='ocrx_word' id='word_1_230' title='bbox 1552 275 1705 326; x_wconf 70' lang='lat' dir='ltr'>gloriae</span> <span class='ocrx_word' id='word_1_231' title='bbox 1733 277 1874 320; x_wconf 83' lang='lat' dir='ltr'>induit</span> 
     </span>
     <span class='ocr_line' id='line_1_48' title="bbox 1047 344 1872 446; baseline 0.001 -10"><span class='ocrx_word' id='word_1_232' title='bbox 1047 344 1187 437; x_wconf 44' lang='grc' dir='ltr'><strong>θωῐῖἓω</strong></span> <span class='ocrx_word' id='word_1_233' title='bbox 1206 411 1287 437; x_wconf 81' lang='lat' dir='ltr'>una</span> <span class='ocrx_word' id='word_1_234' title='bbox 1304 399 1472 437; x_wconf 80' lang='lat' dir='ltr'>Sancta.</span> <span class='ocrx_word' id='word_1_235' title='bbox 1502 391 1539 442; x_wconf 65' lang='lat' dir='ltr'>,V</span> <span class='ocrx_word' id='word_1_236' title='bbox 1544 394 1718 446; x_wconf 73' lang='lat' dir='ltr'>,Specie</span> <span class='ocrx_word' id='word_1_237' title='bbox 1733 399 1807 437; x_wconf 86' lang='lat' dir='ltr'>tua</span> <span class='ocrx_word' id='word_1_238' title='bbox 1828 400 1872 437; x_wconf 87' lang='lat' dir='ltr'>et</span> 
     </span>
     <span class='ocr_line' id='line_1_49' title="bbox 1046 448 1871 505; baseline 0.005 -16"><span class='ocrx_word' id='word_1_239' title='bbox 1046 448 1368 501; x_wconf 79' lang='lat' dir='ltr'>pulchritudine</span> <span class='ocrx_word' id='word_1_240' title='bbox 1387 455 1472 492; x_wconf 91' lang='lat' dir='ltr'>tua.</span> <span class='ocrx_word' id='word_1_241' title='bbox 1501 453 1549 504; x_wconf 68' lang='lat' dir='ltr'>R*-</span> <span class='ocrx_word' id='word_1_242' title='bbox 1560 450 1753 502; x_wconf 81' lang='lat' dir='ltr'>Intende,</span> <span class='ocrx_word' id='word_1_243' title='bbox 1773 454 1871 505; x_wconf 67' lang='lat' dir='ltr'>pro-</span> 
     </span>
     <span class='ocr_line' id='line_1_50' title="bbox 1045 506 1626 559; baseline 0.003 -13"><span class='ocrx_word' id='word_1_244' title='bbox 1045 518 1173 558; x_wconf 82' lang='lat' dir='ltr'><strong>spere</strong></span> <span class='ocrx_word' id='word_1_245' title='bbox 1192 506 1396 559; x_wconf 69' lang='lat' dir='ltr'>procede,</span> <span class='ocrx_word' id='word_1_246' title='bbox 1417 512 1461 549; x_wconf 91' lang='lat' dir='ltr'>et</span> <span class='ocrx_word' id='word_1_247' title='bbox 1482 520 1626 559; x_wconf 87' lang='lat' dir='ltr'>regna.</span> 
     </span>
    </p>
   </div>
   <div class='ocr_carea' id='block_1_7' title="bbox 1251 580 1491 592">
    <p class='ocr_par' dir='ltr' id='par_1_21' title="bbox 1251 580 1491 592">
     <span class='ocr_line' id='line_1_51' title="bbox 1251 580 1491 592; baseline 0 0"><span class='ocrx_word' id='word_1_248' title='bbox 1251 580 1491 592; x_wconf 41' lang='lat' dir='ltr'>m—*aemo</span> 
     </span>
    </p>
   </div>
   <div class='ocr_carea' id='block_1_8' title="bbox 1502 585 1578 588">
    <p class='ocr_par' dir='ltr' id='par_1_22' title="bbox 1502 585 1578 588">
     <span class='ocr_line' id='line_1_52' title="bbox 1502 585 1578 588; baseline 0 0"><span class='ocrx_word' id='word_1_249' title='bbox 1502 585 1578 588; x_wconf 95' lang='lat' dir='ltr'> </span> 
     </span>
    </p>
   </div>
   <div class='ocr_carea' id='block_1_9' title="bbox 1101 635 1734 754">
    <p class='ocr_par' dir='ltr' id='par_1_23' title="bbox 1101 635 1734 754">
     <span class='ocr_line' id='line_1_53' title="bbox 1299 635 1612 677; baseline 0.006 -2"><span class='ocrx_word' id='word_1_250' title='bbox 1299 635 1378 675; x_wconf 86' lang='lat' dir='ltr'>Ad</span> <span class='ocrx_word' id='word_1_251' title='bbox 1403 635 1612 677; x_wconf 85' lang='lat' dir='ltr'><strong>Laudes.</strong></span> 
     </span>
     <span class='ocr_line' id='line_1_54' title="bbox 1101 698 1734 754; baseline 0.003 -12"><span class='ocrx_word' id='word_1_252' title='bbox 1101 698 1149 749; x_wconf 54' lang='grc' dir='ltr'>δ”.</span> <span class='ocrx_word' id='word_1_253' title='bbox 1175 701 1294 743; x_wconf 92' lang='lat' dir='ltr'>Deus</span> <span class='ocrx_word' id='word_1_254' title='bbox 1312 701 1354 742; x_wconf 93' lang='lat' dir='ltr'>in</span> <span class='ocrx_word' id='word_1_255' title='bbox 1374 701 1647 754; x_wconf 69' lang='lat' dir='ltr'>adjuterium.</span> <span class='ocrx_word' id='word_1_256' title='bbox 1675 703 1734 744; x_wconf 88' lang='grc'>15.</span> 
     </span>
    </p>
   </div>
   <div class='ocr_carea' id='block_1_10' title="bbox 1052 774 1874 857">
    <p class='ocr_par' dir='ltr' id='par_1_24' title="bbox 1052 774 1874 857">
     <span class='ocr_line' id='line_1_55' title="bbox 1102 774 1874 820; baseline 0.006 -13"><span class='ocrx_word' id='word_1_257' title='bbox 1102 775 1263 814; x_wconf 74' lang='lat' dir='ltr'>Quando</span> <span class='ocrx_word' id='word_1_258' title='bbox 1304 784 1379 808; x_wconf 87' lang='lat' dir='ltr'>non</span> <span class='ocrx_word' id='word_1_259' title='bbox 1420 774 1668 818; x_wconf 80' lang='lat' dir='ltr'>assignantur</span> <span class='ocrx_word' id='word_1_260' title='bbox 1703 777 1874 820; x_wconf 85' lang='lat' dir='ltr'>propriae</span> 
     </span>
     <span class='ocr_line' id='line_1_56' title="bbox 1052 820 1600 857; baseline 0 -1"><span class='ocrx_word' id='word_1_261' title='bbox 1052 823 1136 857; x_wconf 70' lang='lat' dir='ltr'>Ant.</span> <span class='ocrx_word' id='word_1_262' title='bbox 1155 823 1294 857; x_wconf 76' lang='lat' dir='ltr'>dicitur</span> <span class='ocrx_word' id='word_1_263' title='bbox 1310 823 1397 857; x_wconf 79' lang='lat' dir='ltr'>Ant.</span> <span class='ocrx_word' id='word_1_264' title='bbox 1409 820 1600 856; x_wconf 80' lang='lat' dir='ltr'>Miserere.</span> 
     </span>
    </p>
   </div>
   <div class='ocr_carea' id='block_1_11' title="bbox 1040 893 1870 2745">
    <p class='ocr_par' dir='ltr' id='par_1_25' title="bbox 1092 893 1870 1072">
     <span class='ocr_line' id='line_1_57' title="bbox 1317 893 1606 936; baseline 0.01 -3"><span class='ocrx_word' id='word_1_265' title='bbox 1317 893 1511 935; x_wconf 82' lang='lat' dir='ltr'>Psalmus</span> <span class='ocrx_word' id='word_1_266' title='bbox 1534 896 1606 936; x_wconf 86' lang='lat'>50.</span> 
     </span>
     <span class='ocr_line' id='line_1_58' title="bbox 1092 958 1870 1017; baseline 0.008 -20"><span class='ocrx_word' id='word_1_267' title='bbox 1092 958 1359 1017; x_wconf 36' lang='grc' dir='ltr'>γ-</span> <span class='ocrx_word' id='word_1_268' title='bbox 1389 959 1475 1000; x_wconf 90' lang='lat' dir='ltr'>mei</span> <span class='ocrx_word' id='word_1_269' title='bbox 1503 959 1640 1011; x_wconf 84' lang='lat' dir='ltr'>Deus,</span> <span class='ocrx_word' id='word_1_270' title='bbox 1666 960 1691 987; x_wconf 86' lang='lat'>*</span> <span class='ocrx_word' id='word_1_271' title='bbox 1719 963 1870 1002; x_wconf 80' lang='lat' dir='ltr'>secun-</span> 
     </span>
     <span class='ocr_line' id='line_1_59' title="bbox 1185 1014 1869 1066; baseline 0.005 -10.539"><span class='ocrx_word' id='word_1_272' title='bbox 1185 1021 1189 1066; x_wconf 68' lang='lat'><em>}</em></span> <span class='ocrx_word' id='word_1_273' title='bbox 1216 1014 1319 1055; x_wconf 89' lang='lat' dir='ltr'>dum</span> <span class='ocrx_word' id='word_1_274' title='bbox 1372 1028 1575 1066; x_wconf 85' lang='lat' dir='ltr'>magnam</span> <span class='ocrx_word' id='word_1_275' title='bbox 1627 1017 1869 1059; x_wconf 69' lang='lat' dir='ltr'>misericer-</span> 
     </span>
    </p>

    <p class='ocr_par' dir='ltr' id='par_1_26' title="bbox 1065 1069 1479 1114">
     <span class='ocr_line' id='line_1_60' title="bbox 1065 1069 1479 1114; baseline 0.005 -3"><span class='ocrx_word' id='word_1_276' title='bbox 1065 1069 1162 1102; x_wconf 62' lang='lat'>‘52-</span> <span class='ocrx_word' id='word_1_277' title='bbox 1186 1070 1189 1091; x_wconf 70' lang='lat'>³</span> <span class='ocrx_word' id='word_1_278' title='bbox 1215 1070 1331 1112; x_wconf 85' lang='lat' dir='ltr'>diam</span> <span class='ocrx_word' id='word_1_279' title='bbox 1348 1076 1479 1114; x_wconf 90' lang='lat' dir='ltr'>tuam.</span> 
     </span>
    </p>

    <p class='ocr_par' dir='ltr' id='par_1_27' title="bbox 1040 1132 1869 1287">
     <span class='ocr_line' id='line_1_61' title="bbox 1094 1132 1869 1178; baseline 0.008 -6"><span class='ocrx_word' id='word_1_280' title='bbox 1094 1132 1149 1173; x_wconf 90' lang='lat' dir='ltr'>Et</span> <span class='ocrx_word' id='word_1_281' title='bbox 1176 1132 1416 1174; x_wconf 81' lang='lat' dir='ltr'>secundum</span> <span class='ocrx_word' id='word_1_282' title='bbox 1443 1134 1765 1177; x_wconf 80' lang='lat' dir='ltr'>multitudinem</span> <span class='ocrx_word' id='word_1_283' title='bbox 1793 1137 1869 1178; x_wconf 93' lang='lat' dir='ltr'>mi-</span> 
     </span>
     <span class='ocr_line' id='line_1_62' title="bbox 1042 1189 1869 1247; baseline 0.008 -19"><span class='ocrx_word' id='word_1_284' title='bbox 1042 1189 1307 1231; x_wconf 79' lang='lat' dir='ltr'>seratic&#39;mum</span> <span class='ocrx_word' id='word_1_285' title='bbox 1332 1192 1520 1241; x_wconf 76' lang='lat' dir='ltr'>tuarum,</span> <span class='ocrx_word' id='word_1_286' title='bbox 1545 1193 1569 1217; x_wconf 84' lang='grc'>*</span> <span class='ocrx_word' id='word_1_287' title='bbox 1593 1191 1691 1234; x_wconf 93' lang='lat' dir='ltr'>dele</span> <span class='ocrx_word' id='word_1_288' title='bbox 1717 1192 1869 1247; x_wconf 92' lang='lat' dir='ltr'>iniqui-</span> 
     </span>
     <span class='ocr_line' id='line_1_63' title="bbox 1040 1247 1346 1287; baseline 0 0"><span class='ocrx_word' id='word_1_289' title='bbox 1040 1247 1176 1287; x_wconf 72' lang='lat' dir='ltr'>tatem</span> <span class='ocrx_word' id='word_1_290' title='bbox 1193 1259 1346 1287; x_wconf 89' lang='lat' dir='ltr'>meam.</span> 
     </span>
    </p>

    <p class='ocr_par' dir='ltr' id='par_1_28' title="bbox 1040 1306 1870 1417">
     <span class='ocr_line' id='line_1_64' title="bbox 1093 1306 1869 1363; baseline 0.009 -17"><span class='ocrx_word' id='word_1_291' title='bbox 1093 1306 1294 1359; x_wconf 85' lang='lat' dir='ltr'>Amplius</span> <span class='ocrx_word' id='word_1_292' title='bbox 1327 1307 1426 1350; x_wconf 87' lang='lat' dir='ltr'>lava</span> <span class='ocrx_word' id='word_1_293' title='bbox 1457 1322 1528 1351; x_wconf 93' lang='lat' dir='ltr'>me</span> <span class='ocrx_word' id='word_1_294' title='bbox 1559 1309 1614 1352; x_wconf 88' lang='lat' dir='ltr'>ab</span> <span class='ocrx_word' id='word_1_295' title='bbox 1641 1310 1869 1363; x_wconf 74' lang='lat' dir='ltr'>iniquitate</span> 
     </span>
     <span class='ocr_line' id='line_1_65' title="bbox 1040 1364 1870 1417; baseline 0.007 -14"><span class='ocrx_word' id='word_1_296' title='bbox 1040 1376 1153 1404; x_wconf 87' lang='lat' dir='ltr'>mea:</span> <span class='ocrx_word' id='word_1_297' title='bbox 1169 1364 1192 1389; x_wconf 89' lang='lat'>*</span> <span class='ocrx_word' id='word_1_298' title='bbox 1209 1369 1253 1405; x_wconf 91' lang='lat' dir='ltr'>et</span> <span class='ocrx_word' id='word_1_299' title='bbox 1263 1377 1288 1405; x_wconf 87' lang='lat' dir='ltr'>a</span> <span class='ocrx_word' id='word_1_300' title='bbox 1302 1367 1488 1417; x_wconf 79' lang='lat' dir='ltr'>peccato</span> <span class='ocrx_word' id='word_1_301' title='bbox 1498 1379 1598 1408; x_wconf 92' lang='lat' dir='ltr'>meo</span> <span class='ocrx_word' id='word_1_302' title='bbox 1612 1367 1775 1409; x_wconf 92' lang='lat' dir='ltr'>munda</span> <span class='ocrx_word' id='word_1_303' title='bbox 1789 1381 1870 1409; x_wconf 88' lang='lat' dir='ltr'>me.</span> 
     </span>
    </p>

    <p class='ocr_par' dir='ltr' id='par_1_29' title="bbox 1042 1424 1870 1593">
     <span class='ocr_line' id='line_1_66' title="bbox 1094 1424 1870 1479; baseline 0.008 -15"><span class='ocrx_word' id='word_1_304' title='bbox 1094 1424 1309 1474; x_wconf 70' lang='lat' dir='ltr'>Queniam</span> <span class='ocrx_word' id='word_1_305' title='bbox 1327 1426 1601 1479; x_wconf 79' lang='lat' dir='ltr'>iniquitatem</span> <span class='ocrx_word' id='word_1_306' title='bbox 1623 1440 1767 1469; x_wconf 89' lang='lat' dir='ltr'>meam</span> <span class='ocrx_word' id='word_1_307' title='bbox 1787 1441 1870 1479; x_wconf 84' lang='lat' dir='ltr'>ego</span> 
     </span>
     <span class='ocr_line' id='line_1_67' title="bbox 1042 1483 1870 1536; baseline 0.007 -15"><span class='ocrx_word' id='word_1_308' title='bbox 1042 1483 1281 1530; x_wconf 66' lang='lat' dir='ltr'>cognosco:</span> <span class='ocrx_word' id='word_1_309' title='bbox 1316 1483 1339 1508; x_wconf 89' lang='lat'>*</span> <span class='ocrx_word' id='word_1_310' title='bbox 1375 1488 1419 1525; x_wconf 92' lang='lat' dir='ltr'>et</span> <span class='ocrx_word' id='word_1_311' title='bbox 1457 1486 1689 1536; x_wconf 78' lang='lat' dir='ltr'>peceatum</span> <span class='ocrx_word' id='word_1_312' title='bbox 1724 1498 1870 1527; x_wconf 90' lang='lat' dir='ltr'>meum</span> 
     </span>
     <span class='ocr_line' id='line_1_68' title="bbox 1042 1543 1571 1593; baseline 0.006 -15"><span class='ocrx_word' id='word_1_313' title='bbox 1042 1543 1194 1579; x_wconf 88' lang='lat' dir='ltr'>eontra</span> <span class='ocrx_word' id='word_1_314' title='bbox 1212 1551 1282 1580; x_wconf 92' lang='lat' dir='ltr'>me</span> <span class='ocrx_word' id='word_1_315' title='bbox 1301 1544 1368 1581; x_wconf 92' lang='lat' dir='ltr'>est</span> <span class='ocrx_word' id='word_1_316' title='bbox 1387 1553 1571 1593; x_wconf 86' lang='lat' dir='ltr'>semper.</span> 
     </span>
    </p>

    <p class='ocr_par' dir='ltr' id='par_1_30' title="bbox 1041 1598 1868 1809">
     <span class='ocr_line' id='line_1_69' title="bbox 1093 1598 1868 1653; baseline 0.006 -14"><span class='ocrx_word' id='word_1_317' title='bbox 1093 1598 1193 1640; x_wconf 88' lang='lat' dir='ltr'>Tibi</span> <span class='ocrx_word' id='word_1_318' title='bbox 1216 1599 1298 1641; x_wconf 88' lang='lat' dir='ltr'>soli</span> <span class='ocrx_word' id='word_1_319' title='bbox 1318 1602 1517 1653; x_wconf 78' lang='lat' dir='ltr'>peccavi,</span> <span class='ocrx_word' id='word_1_320' title='bbox 1545 1606 1590 1644; x_wconf 88' lang='lat' dir='ltr'>et</span> <span class='ocrx_word' id='word_1_321' title='bbox 1615 1601 1778 1644; x_wconf 88' lang='lat' dir='ltr'>malum</span> <span class='ocrx_word' id='word_1_322' title='bbox 1799 1615 1868 1645; x_wconf 88' lang='lat' dir='ltr'>co-</span> 
     </span>
     <span class='ocr_line' id='line_1_70' title="bbox 1042 1656 1868 1710; baseline 0.006 -15"><span class='ocrx_word' id='word_1_323' title='bbox 1042 1668 1133 1695; x_wconf 91' lang='lat' dir='ltr'>ram</span> <span class='ocrx_word' id='word_1_324' title='bbox 1153 1660 1196 1697; x_wconf 87' lang='lat' dir='ltr'>te</span> <span class='ocrx_word' id='word_1_325' title='bbox 1216 1656 1313 1697; x_wconf 88' lang='lat' dir='ltr'>feci:</span> <span class='ocrx_word' id='word_1_326' title='bbox 1337 1657 1361 1683; x_wconf 89' lang='lat'>*</span> <span class='ocrx_word' id='word_1_327' title='bbox 1384 1662 1433 1700; x_wconf 90' lang='lat' dir='ltr'>ut</span> <span class='ocrx_word' id='word_1_328' title='bbox 1450 1658 1696 1710; x_wconf 81' lang='lat' dir='ltr'>justificeris</span> <span class='ocrx_word' id='word_1_329' title='bbox 1719 1659 1763 1699; x_wconf 92' lang='lat' dir='ltr'>in</span> <span class='ocrx_word' id='word_1_330' title='bbox 1782 1672 1868 1701; x_wconf 88' lang='lat' dir='ltr'>ser-</span> 
     </span>
     <span class='ocr_line' id='line_1_71' title="bbox 1041 1712 1868 1768; baseline 0.01 -16"><span class='ocrx_word' id='word_1_331' title='bbox 1041 1712 1241 1754; x_wconf 69' lang='lat' dir='ltr'>menibus</span> <span class='ocrx_word' id='word_1_332' title='bbox 1269 1714 1370 1764; x_wconf 80' lang='lat' dir='ltr'>tuiS,</span> <span class='ocrx_word' id='word_1_333' title='bbox 1399 1718 1443 1757; x_wconf 90' lang='lat' dir='ltr'>et</span> <span class='ocrx_word' id='word_1_334' title='bbox 1460 1714 1609 1757; x_wconf 85' lang='lat' dir='ltr'>vineas</span> <span class='ocrx_word' id='word_1_335' title='bbox 1638 1728 1736 1757; x_wconf 90' lang='lat' dir='ltr'>cum</span> <span class='ocrx_word' id='word_1_336' title='bbox 1764 1716 1868 1768; x_wconf 84' lang='lat' dir='ltr'>judi-</span> 
     </span>
     <span class='ocr_line' id='line_1_72' title="bbox 1042 1781 1165 1809; baseline 0 0"><span class='ocrx_word' id='word_1_337' title='bbox 1042 1781 1165 1809; x_wconf 82' lang='lat' dir='ltr'>cans.</span> 
     </span>
    </p>

    <p class='ocr_par' dir='ltr' id='par_1_31' title="bbox 1042 1831 1868 1997">
     <span class='ocr_line' id='line_1_73' title="bbox 1094 1831 1868 1885; baseline 0.005 -14"><span class='ocrx_word' id='word_1_338' title='bbox 1094 1831 1207 1872; x_wconf 84' lang='lat' dir='ltr'>Ecce</span> <span class='ocrx_word' id='word_1_339' title='bbox 1234 1832 1348 1873; x_wconf 92' lang='lat' dir='ltr'>enim</span> <span class='ocrx_word' id='word_1_340' title='bbox 1373 1832 1417 1874; x_wconf 92' lang='lat' dir='ltr'>in</span> <span class='ocrx_word' id='word_1_341' title='bbox 1441 1832 1742 1885; x_wconf 77' lang='lat' dir='ltr'>iniquitatibus</span> <span class='ocrx_word' id='word_1_342' title='bbox 1769 1846 1868 1875; x_wconf 92' lang='lat' dir='ltr'>con-</span> 
     </span>
     <span class='ocr_line' id='line_1_74' title="bbox 1042 1889 1868 1943; baseline 0.005 -15"><span class='ocrx_word' id='word_1_343' title='bbox 1042 1889 1193 1940; x_wconf 75' lang='lat' dir='ltr'>ceptus</span> <span class='ocrx_word' id='word_1_344' title='bbox 1216 1901 1329 1930; x_wconf 90' lang='lat' dir='ltr'>sum:</span> <span class='ocrx_word' id='word_1_345' title='bbox 1359 1890 1382 1915; x_wconf 88' lang='lat'>*</span> <span class='ocrx_word' id='word_1_346' title='bbox 1412 1894 1455 1931; x_wconf 90' lang='lat' dir='ltr'>et</span> <span class='ocrx_word' id='word_1_347' title='bbox 1473 1890 1517 1930; x_wconf 89' lang='lat' dir='ltr'>in</span> <span class='ocrx_word' id='word_1_348' title='bbox 1545 1890 1739 1943; x_wconf 81' lang='lat' dir='ltr'>peccatis</span> <span class='ocrx_word' id='word_1_349' title='bbox 1769 1903 1868 1932; x_wconf 90' lang='lat' dir='ltr'>eon-</span> 
     </span>
     <span class='ocr_line' id='line_1_75' title="bbox 1042 1944 1530 1997; baseline 0.004 -12"><span class='ocrx_word' id='word_1_350' title='bbox 1042 1944 1157 1997; x_wconf 84' lang='lat' dir='ltr'>cepit</span> <span class='ocrx_word' id='word_1_351' title='bbox 1174 1958 1244 1987; x_wconf 92' lang='lat' dir='ltr'>me</span> <span class='ocrx_word' id='word_1_352' title='bbox 1263 1950 1403 1988; x_wconf 91' lang='lat' dir='ltr'>mater</span> <span class='ocrx_word' id='word_1_353' title='bbox 1421 1959 1530 1988; x_wconf 88' lang='lat' dir='ltr'>mea.</span> 
     </span>
    </p>

    <p class='ocr_par' dir='ltr' id='par_1_32' title="bbox 1040 2006 1868 2161">
     <span class='ocr_line' id='line_1_76' title="bbox 1092 2006 1867 2051; baseline 0.003 -4"><span class='ocrx_word' id='word_1_354' title='bbox 1092 2006 1207 2048; x_wconf 87' lang='lat' dir='ltr'>Ecce</span> <span class='ocrx_word' id='word_1_355' title='bbox 1228 2006 1343 2047; x_wconf 90' lang='lat' dir='ltr'>enim</span> <span class='ocrx_word' id='word_1_356' title='bbox 1361 2007 1592 2050; x_wconf 74' lang='lat' dir='ltr'>veritatem</span> <span class='ocrx_word' id='word_1_357' title='bbox 1612 2006 1820 2051; x_wconf 84' lang='lat' dir='ltr'>dilexisti:</span> <span class='ocrx_word' id='word_1_358' title='bbox 1844 2008 1867 2034; x_wconf 84' lang='lat'>*</span> 
     </span>
     <span class='ocr_line' id='line_1_77' title="bbox 1040 2061 1868 2117; baseline 0.006 -15"><span class='ocrx_word' id='word_1_359' title='bbox 1040 2061 1205 2104; x_wconf 83' lang='lat' dir='ltr'>incerta</span> <span class='ocrx_word' id='word_1_360' title='bbox 1238 2068 1282 2104; x_wconf 90' lang='lat' dir='ltr'>et</span> <span class='ocrx_word' id='word_1_361' title='bbox 1315 2063 1487 2106; x_wconf 81' lang='lat' dir='ltr'>occulta</span> <span class='ocrx_word' id='word_1_362' title='bbox 1524 2064 1750 2117; x_wconf 80' lang='lat' dir='ltr'>sapientiae</span> <span class='ocrx_word' id='word_1_363' title='bbox 1779 2070 1868 2107; x_wconf 88' lang='lat' dir='ltr'>tuae</span> 
     </span>
     <span class='ocr_line' id='line_1_78' title="bbox 1040 2118 1461 2161; baseline 0.007 -3"><span class='ocrx_word' id='word_1_364' title='bbox 1040 2118 1325 2161; x_wconf 65' lang='lat' dir='ltr'>manifestasti</span> <span class='ocrx_word' id='word_1_365' title='bbox 1346 2120 1461 2161; x_wconf 90' lang='lat' dir='ltr'>mihi.</span> 
     </span>
    </p>

    <p class='ocr_par' dir='ltr' id='par_1_33' title="bbox 1041 2180 1865 2334">
     <span class='ocr_line' id='line_1_79' title="bbox 1091 2180 1865 2235; baseline 0.005 -15"><span class='ocrx_word' id='word_1_366' title='bbox 1091 2180 1313 2232; x_wconf 85' lang='lat' dir='ltr'>Asperges</span> <span class='ocrx_word' id='word_1_367' title='bbox 1340 2194 1409 2223; x_wconf 90' lang='lat' dir='ltr'>me</span> <span class='ocrx_word' id='word_1_368' title='bbox 1437 2181 1648 2235; x_wconf 79' lang='lat' dir='ltr'>hyss6po,</span> <span class='ocrx_word' id='word_1_369' title='bbox 1677 2188 1720 2224; x_wconf 90' lang='lat' dir='ltr'>et</span> <span class='ocrx_word' id='word_1_370' title='bbox 1746 2196 1865 2224; x_wconf 91' lang='lat' dir='ltr'>mun-</span> 
     </span>
     <span class='ocr_line' id='line_1_80' title="bbox 1041 2235 1865 2293; baseline 0.005 -16"><span class='ocrx_word' id='word_1_371' title='bbox 1041 2235 1195 2278; x_wconf 79' lang='lat' dir='ltr'>dabor:</span> <span class='ocrx_word' id='word_1_372' title='bbox 1205 2237 1228 2261; x_wconf 83' lang='lat'>*</span> <span class='ocrx_word' id='word_1_373' title='bbox 1240 2236 1406 2279; x_wconf 79' lang='lat' dir='ltr'>lavabis</span> <span class='ocrx_word' id='word_1_374' title='bbox 1420 2251 1501 2289; x_wconf 85' lang='lat' dir='ltr'>me,</span> <span class='ocrx_word' id='word_1_375' title='bbox 1518 2245 1561 2281; x_wconf 89' lang='lat' dir='ltr'>et</span> <span class='ocrx_word' id='word_1_376' title='bbox 1575 2252 1707 2293; x_wconf 90' lang='lat' dir='ltr'>super</span> <span class='ocrx_word' id='word_1_377' title='bbox 1721 2239 1865 2281; x_wconf 88' lang='lat' dir='ltr'>nivem</span> 
     </span>
     <span class='ocr_line' id='line_1_81' title="bbox 1041 2292 1292 2334; baseline -0.004 0"><span class='ocrx_word' id='word_1_378' title='bbox 1041 2292 1292 2334; x_wconf 78' lang='lat' dir='ltr'>dealbabor.</span> 
     </span>
    </p>

    <p class='ocr_par' dir='ltr' id='par_1_34' title="bbox 1040 2352 1865 2507">
     <span class='ocr_line' id='line_1_82' title="bbox 1092 2352 1865 2406; baseline 0.004 -12"><span class='ocrx_word' id='word_1_379' title='bbox 1092 2352 1271 2395; x_wconf 84' lang='lat' dir='ltr'>Auditui</span> <span class='ocrx_word' id='word_1_380' title='bbox 1300 2367 1399 2395; x_wconf 91' lang='lat' dir='ltr'>meo</span> <span class='ocrx_word' id='word_1_381' title='bbox 1434 2354 1559 2397; x_wconf 91' lang='lat' dir='ltr'>dabis</span> <span class='ocrx_word' id='word_1_382' title='bbox 1587 2356 1794 2406; x_wconf 81' lang='lat' dir='ltr'>gaudium</span> <span class='ocrx_word' id='word_1_383' title='bbox 1822 2361 1865 2397; x_wconf 89' lang='lat' dir='ltr'>et</span> 
     </span>
     <span class='ocr_line' id='line_1_83' title="bbox 1041 2409 1864 2455; baseline 0.006 -6"><span class='ocrx_word' id='word_1_384' title='bbox 1041 2409 1254 2451; x_wconf 67' lang='lat' dir='ltr'>laetitiam:</span> <span class='ocrx_word' id='word_1_385' title='bbox 1273 2410 1295 2435; x_wconf 91' lang='lat'>*</span> <span class='ocrx_word' id='word_1_386' title='bbox 1318 2415 1360 2452; x_wconf 90' lang='lat' dir='ltr'>et</span> <span class='ocrx_word' id='word_1_387' title='bbox 1379 2412 1658 2455; x_wconf 82' lang='lat' dir='ltr'>exsultabunt</span> <span class='ocrx_word' id='word_1_388' title='bbox 1673 2425 1774 2454; x_wconf 86' lang='lat' dir='ltr'>ossa</span> <span class='ocrx_word' id='word_1_389' title='bbox 1790 2412 1864 2454; x_wconf 93' lang='lat' dir='ltr'>hu-</span> 
     </span>
     <span class='ocr_line' id='line_1_84' title="bbox 1040 2466 1763 2507; baseline 0.007 -2"><span class='ocrx_word' id='word_1_390' title='bbox 1040 2466 1214 2507; x_wconf 77' lang='lat' dir='ltr'>miliata.</span> <span class='ocrx_word' id='word_1_391' title='bbox 1759 2497 1763 2501; x_wconf 90' lang='lat'><em>-</em></span> 
     </span>
    </p>

    <p class='ocr_par' dir='ltr' id='par_1_35' title="bbox 1040 2526 1864 2681">
     <span class='ocr_line' id='line_1_85' title="bbox 1092 2526 1864 2583; baseline 0.006 -17"><span class='ocrx_word' id='word_1_392' title='bbox 1092 2527 1256 2568; x_wconf 82' lang='lat' dir='ltr'>Averte</span> <span class='ocrx_word' id='word_1_393' title='bbox 1289 2526 1443 2568; x_wconf 74' lang='lat' dir='ltr'>faciem</span> <span class='ocrx_word' id='word_1_394' title='bbox 1471 2534 1589 2570; x_wconf 89' lang='lat' dir='ltr'>tuam</span> <span class='ocrx_word' id='word_1_395' title='bbox 1619 2542 1644 2571; x_wconf 92' lang='lat' dir='ltr'>a</span> <span class='ocrx_word' id='word_1_396' title='bbox 1672 2530 1864 2583; x_wconf 84' lang='lat' dir='ltr'>peccatis</span> 
     </span>
     <span class='ocr_line' id='line_1_86' title="bbox 1040 2583 1864 2638; baseline 0.005 -16"><span class='ocrx_word' id='word_1_397' title='bbox 1040 2583 1166 2623; x_wconf 87' lang='lat' dir='ltr'>meis:</span> <span class='ocrx_word' id='word_1_398' title='bbox 1190 2583 1213 2608; x_wconf 89' lang='lat'>*</span> <span class='ocrx_word' id='word_1_399' title='bbox 1239 2588 1282 2624; x_wconf 92' lang='lat' dir='ltr'>et</span> <span class='ocrx_word' id='word_1_400' title='bbox 1306 2596 1456 2625; x_wconf 89' lang='lat' dir='ltr'>omnes</span> <span class='ocrx_word' id='word_1_401' title='bbox 1476 2585 1726 2638; x_wconf 78' lang='lat' dir='ltr'>iniquitates</span> <span class='ocrx_word' id='word_1_402' title='bbox 1744 2599 1864 2628; x_wconf 88' lang='lat' dir='ltr'>meas</span> 
     </span>
     <span class='ocr_line' id='line_1_87' title="bbox 1041 2638 1148 2681; baseline 0 -2"><span class='ocrx_word' id='word_1_403' title='bbox 1041 2638 1148 2681; x_wconf 87' lang='lat' dir='ltr'>dele.</span> 
     </span>
    </p>

    <p class='ocr_par' dir='ltr' id='par_1_36' title="bbox 1093 2699 1864 2745">
     <span class='ocr_line' id='line_1_88' title="bbox 1093 2699 1864 2745; baseline 0.004 -5"><span class='ocrx_word' id='word_1_404' title='bbox 1093 2699 1180 2741; x_wconf 90' lang='lat' dir='ltr'>Cor</span> <span class='ocrx_word' id='word_1_405' title='bbox 1196 2700 1404 2742; x_wconf 90' lang='lat' dir='ltr'>mundum</span> <span class='ocrx_word' id='word_1_406' title='bbox 1420 2714 1520 2743; x_wconf 87' lang='lat' dir='ltr'>crea</span> <span class='ocrx_word' id='word_1_407' title='bbox 1542 2702 1583 2743; x_wconf 91' lang='lat' dir='ltr'>in</span> <span class='ocrx_word' id='word_1_408' title='bbox 1604 2717 1673 2745; x_wconf 92' lang='lat' dir='ltr'>me</span> <span class='ocrx_word' id='word_1_409' title='bbox 1687 2704 1826 2745; x_wconf 90' lang='lat' dir='ltr'>Deus:</span> <span class='ocrx_word' id='word_1_410' title='bbox 1841 2704 1864 2728; x_wconf 86' lang='lat'>*</span> 
     </span>
    </p>
   </div>
   <div class='ocr_carea' id='block_1_12' title="bbox 1044 969 1196 1105">
    <p class='ocr_par' dir='ltr' id='par_1_37' title="bbox 1044 969 1196 1105">
     <span class='ocr_line' id='line_1_89' title="bbox 1044 969 1196 1105; baseline 0 1885"><span class='ocrx_word' id='word_1_411' title='bbox 1044 969 1196 1105; x_wconf 95' lang='lat' dir='ltr'> </span> 
     </span>
    </p>
   </div>
  </div>
 </body>
</html>
