2080 2990
632 204 698 238 Dic
729 206 773 238 123.
801 205 887 239 Dec.

183 298 304 348 mini,
327 297 407 343 sed
425 298 611 350 Spiritus
636 303 827 349 sanctuS,
853 300 926 352 qui
949 299 1008 340 lo-

186 355 332 407 quitur
349 354 392 394 in
411 354 548 396 vobis.

238 423 287 462 R.
320 419 490 461 Diffusa
527 425 594 462 est
628 421 769 472 gratia
803 422 847 462 in
882 421 1008 463 labiis

183 476 284 518 tuis:
301 480 322 501 *
335 477 579 530 Propterea
592 477 818 519 benedixit
831 483 876 520 te
888 479 1008 520 Deus

183 533 226 574 in
250 535 471 575 aeternum.
509 531 556 582 V.
585 534 739 587 Specie
758 539 834 576 tua
853 539 896 576 et
915 535 1007 588 pul-

185 588 429 631 chritudine
460 595 535 632 tua
566 591 761 641 intende,
795 593 1007 644 prospere

183 645 387 698 procede,
404 652 447 689 et
462 660 605 698 regna.
624 648 864 701 Propterea
879 648 1005 690 bene-

184 702 303 744 dixit.

485 783 634 823 Lectio
659 783 708 822 vi.

186 839 367 963 Quam
404 869 502 897 cum
532 855 791 897 Paschasius
827 857 1006 899 interro-

289 914 456 963 gasset,
491 912 627 954 Estne
662 913 707 953 in
742 917 786 954 te
820 913 1006 966 Spiritus

183 968 385 1011 sanctus?
418 969 664 1022 respondit:
698 969 827 1012 Caste
860 976 903 1012 et
935 971 1006 1024 pie
1064 1001 1065 1028 }

181 1026 378 1068 viventes
423 1026 635 1078 templum
680 1030 779 1067 sunt
819 1027 1006 1079 Spiritus
1068 1030 1098 1040 ²⁵

182 1082 333 1123 sancti.
368 1082 428 1124 At
447 1082 534 1124 ille:
559 1082 730 1124 Jubebo
749 1087 793 1124 te
812 1083 869 1124 ad
886 1083 1005 1136 lupa-

181 1151 259 1180 nar
278 1138 388 1189 duci,
408 1143 456 1180 ut
475 1143 519 1180 te
533 1139 719 1192 Spiritus
739 1145 916 1182 sanctus
935 1140 1005 1182 de-

180 1200 306 1237 serat.
332 1196 411 1237 Cui
424 1196 562 1246 virgo:
577 1196 621 1237 Si
635 1196 815 1237 invitam
829 1197 1006 1248 jusseris

179 1252 350 1302 violari,
379 1252 559 1294 castitas
583 1252 688 1293 mihi
713 1252 1006 1305 duplicabitur

180 1308 237 1350 ad
256 1310 474 1350 coronam.
503 1309 647 1359 Quare
662 1309 924 1351 Paschasius
943 1310 1005 1351 ira

179 1364 487 1415 inflammatus,
510 1365 692 1406 Luciam
717 1378 769 1407 eo
790 1366 903 1407 trahi
922 1367 1004 1418 jus-

181 1422 255 1472 sit,
283 1421 359 1463 ubi
387 1422 477 1473 ejus
505 1421 729 1472 virginitas
756 1422 1005 1464 violaretur:

180 1478 259 1520 sed
284 1478 491 1520 divinitus
515 1478 677 1520 factum
701 1483 783 1529 est,
810 1484 858 1521 ut
881 1479 1005 1521 firma

179 1535 303 1586 virgo
324 1535 385 1576 ita
404 1537 674 1585 consisteret,
695 1540 742 1577 ut
759 1535 878 1577 nulla
892 1536 935 1576 vi
950 1536 1004 1578 de

178 1590 278 1632 loco
293 1590 506 1633 dimoveri
518 1596 681 1644 posset.
710 1591 1005 1642 Quamobrem

178 1647 412 1700 praefectus
436 1647 599 1689 circum
622 1647 781 1700 ipsam,
803 1648 916 1701 pice,
939 1661 1003 1690 re—

178 1705 290 1754 sina,
330 1716 381 1745 ac
416 1703 601 1746 ferventi
637 1704 735 1746 oleo
771 1705 1003 1757 perfusam,

177 1760 322 1811 ignem
341 1760 521 1802 accendi
539 1760 787 1814 imperavit:
807 1761 886 1803 sed
905 1775 1004 1803 cum

176 1829 231 1859 ne
264 1817 439 1858 flamma
470 1816 647 1869 quidem
682 1830 779 1859 eam
812 1818 1003 1869 laederet,

177 1873 325 1915 multis
357 1874 587 1915 tormentis
618 1874 882 1916 excruciatae
909 1880 1002 1925 gut—

176 1934 248 1971 tur
276 1929 424 1981 gladio
453 1930 733 1982 transfigitur.
787 1931 884 1981 Quo
912 1931 1001 1971 vul-

176 1999 279 2028 nere
298 1988 492 2040 accepto,
510 1986 647 2028 Lucia
662 1986 908 2039 praedicens
923 1987 1001 2028 Ec-

177 2042 323 2084 clesiae
341 2042 716 2096 tranquillitatem,
740 2055 838 2095 quae
857 2043 1002 2084 futura

177 2105 270 2142 erat
280 2099 554 2141 Diocletiano
570 2104 613 2141 et
622 2100 886 2140 Maximiano
897 2102 1003 2141 mor-

176 2156 283 2206 tuis,
320 2156 472 2198 Idibus
506 2156 764 2198 Decembris
800 2156 1002 2208 spiritum

177 2212 274 2254 Deo
299 2212 502 2254 reddidit.
542 2213 671 2264 Cujus
696 2225 855 2265 corpus
878 2213 1001 2265 Syra-

178 2268 294 2310 cusis
318 2269 554 2322 sepultum,
580 2268 738 2310 deinde
760 2268 1002 2311 Constanti-

177 2325 384 2377 nopolim,
400 2327 625 2378 postremo
641 2326 851 2367 Venetias
865 2331 1000 2368 trans-

177 2380 313 2422 latum
333 2387 409 2424 est.

235 2447 282 2496 R.
313 2447 468 2499 Specie
496 2453 572 2489 tua
605 2452 648 2490 et
678 2446 1001 2500 pulchritudine

178 2507 253 2544 tua
284 2506 305 2528 *
331 2503 530 2554 Intende,
559 2506 772 2557 prospere
798 2504 1002 2557 procede,

179 2564 222 2600 et
246 2571 391 2609 regna.
428 2554 478 2606 V.
507 2560 678 2602 Diffusa
704 2565 771 2602 est
797 2561 934 2611 gratia
958 2560 1002 2601 in

178 2614 303 2655 labiis
326 2615 427 2666 tuis,
453 2618 689 2670 propterea
711 2617 936 2659 benedixit
957 2622 1001 2659 te

178 2671 299 2712 Deus
317 2671 361 2712 in
380 2674 600 2715 aeternum.
629 2673 823 2715 Intende.
851 2673 1001 2714 Gloria

178 2728 306 2769 Patri.
333 2728 527 2771 Intende.

935 207 969 239 S.
997 206 1122 239 Luciam
1151 206 1251 246 virg.
1279 212 1312 240 ct
1339 207 1442 240 Mart,

1282 304 1334 341 'In
1356 304 1424 342 III.
1446 305 1665 343 Noeturno.

1063 364 1214 405 Lectio
1238 365 1376 406 sancti
1395 365 1620 417 Evangelii
1647 367 1886 409 secundum

1340 421 1606 464 Matthaeum.

1167 490 1315 530 Lectio
1339 490 1403 529 vii.
1568 492 1667 541 (lap.
1688 492 1740 529 173.
1761 493 1780 530 f.

1060 540 1135 647 In
1155 546 1229 587 illo
1247 548 1462 600 tempore:
1480 548 1602 590 Dixit
1617 549 1641 590 J
1644 562 1743 591 esus
1759 549 1885 591 disci-

1130 603 1244 655 pulis
1269 604 1357 645 suis
1386 604 1644 657 parabolam
1668 606 1796 648 hanc:
1823 607 1884 648 Si-

1060 659 1162 700 mile
1177 666 1242 702 est
1257 673 1440 711 regnum
1453 662 1664 703 coelorum
1677 663 1884 704 thesauro

1062 715 1322 759 abscondito
1341 718 1385 758 in
1406 731 1522 769 agro.
1550 718 1606 760 Et
1624 719 1802 771 reliqua.

1111 794 1147 832 H
1156 790 1302 831 omih'a
1321 791 1459 833 sancti
1479 791 1681 844 Gregorii
1699 793 1843 845 Papae.

1199 856 1364 890 llomiliu
1396 857 1438 889 ll.
1468 856 1502 889 in
1533 856 1748 897 Evangelia.

1152 903 1364 945 oelorum
1378 917 1570 955 regnum,
1585 905 1741 946 fratres
1757 908 1884 947 caris-

1115 959 1158 1011 *ἐξ
1194 961 1310 1010 simi,
1344 960 1509 1002 idcirco
1542 962 1725 1003 terrenis
1753 962 1884 1004 rebus

1150 1033 1156 1037 ·
1192 1017 1331 1058 simile
1356 1017 1529 1068 dicitur,
1554 1023 1601 1059 ut
1625 1031 1679 1059 ex
1698 1018 1764 1059 his
1786 1032 1884 1071 quae

1060 1073 1229 1114 animus
1251 1074 1387 1124 novit,
1413 1080 1562 1125 surgat
1585 1074 1641 1116 ad
1664 1075 1885 1126 incognita

1062 1142 1159 1181 quae
1178 1143 1266 1172 non
1286 1131 1420 1172 novit:
1450 1134 1664 1183 quatenus
1684 1132 1884 1184 exemplo

1058 1187 1294 1229 visibilium
1320 1200 1366 1229 se
1395 1187 1451 1229 ad
1475 1187 1707 1229 invisibilia
1732 1189 1884 1241 rapiat,

1059 1248 1103 1285 et
1127 1257 1206 1296 per
1235 1257 1302 1294 ea,
1331 1256 1429 1296 quae
1455 1258 1537 1285 usu
1562 1243 1731 1294 didicit,
1761 1245 1884 1297 quasi

1060 1301 1323 1342 confricatus
1350 1300 1597 1343 incalescat:
1624 1306 1673 1342 ut
1696 1314 1776 1353 per
1799 1301 1884 1342 hoc

1060 1357 1179 1408 quod
1199 1357 1280 1399 scit
1299 1362 1451 1399 notum
1471 1357 1661 1409 diligere,
1681 1357 1821 1399 discat
1841 1362 1884 1399 et

1057 1413 1280 1465 incognita
1300 1416 1456 1455 amare.
1484 1415 1599 1456 Ecce
1620 1414 1733 1455 enim
1753 1414 1882 1455 coelo-

1058 1482 1156 1511 rum
1180 1483 1363 1522 regnum
1388 1470 1596 1512 thesauro
1622 1470 1883 1512 abscondito

1058 1526 1102 1567 in
1125 1539 1230 1578 agro
1256 1530 1552 1580 comparatur:
1581 1540 1710 1579 quem
1731 1527 1804 1579 qui
1823 1530 1883 1568 in-

1058 1583 1176 1625 venit
1191 1583 1324 1625 homo
1346 1583 1588 1633 abscondit,
1608 1588 1652 1625 et
1670 1597 1763 1636 prae
1783 1587 1883 1634 gau-

1057 1638 1130 1681 dio
1152 1639 1266 1681 illius
1285 1639 1420 1690 vadit,
1445 1645 1489 1683 et
1511 1640 1662 1682 vendit
1680 1640 1884 1681 universa

1058 1708 1157 1748 quae
1176 1696 1320 1747 habet,
1340 1701 1384 1738 et
1403 1697 1506 1738 emit
1526 1710 1677 1748 agrum
1697 1696 1828 1737 illum.

1110 1761 1159 1810 R».
1190 1758 1378 1810 Propter
1409 1758 1658 1807 veritatem,
1692 1762 1736 1799 et
1766 1770 1882 1798 man-

1057 1813 1347 1864 suetudinem,
1373 1819 1416 1856 et
1439 1814 1660 1866 justitiam:
1683 1816 1702 1838 *
1730 1814 1787 1855 Et
1811 1813 1882 1855 de-

1058 1868 1189 1911 ducet
1221 1874 1264 1911 te
1297 1870 1551 1911 mirabiliter
1584 1869 1765 1911 dextera
1797 1875 1882 1912 tua.

1060 1924 1107 1974 V.
1130 1926 1286 1978 Specie
1305 1931 1380 1968 tua
1399 1931 1443 1968 et
1465 1925 1788 1979 pulchritudine
1807 1931 1882 1968 tua

1056 1981 1247 2032 intende,
1275 1985 1488 2035 prospere
1513 1983 1722 2035 procede,
1749 1987 1792 2024 et
1818 1995 1880 2024 re-

1055 2050 1151 2089 gna.
1179 2039 1236 2080 Et
1256 2038 1455 2081 deducet.

1343 2104 1490 2144 Lectio
1513 2104 1593 2143 viii.

1060 2149 1195 2271 Qua
1213 2165 1257 2206 in
1276 2178 1324 2207 re
1340 2164 1426 2207 hoc
1446 2178 1621 2218 quoque
1640 2165 1881 2208 notandum

1159 2227 1245 2272 est,
1274 2221 1394 2274 quod
1421 2221 1621 2264 inventus
1649 2221 1879 2264 thesaurus

1056 2277 1351 2328 absconditur,
1369 2282 1418 2319 ut
1437 2280 1650 2320 servetur:
1674 2279 1773 2331 quia
1792 2282 1879 2320 stu-

1057 2335 1177 2377 dium
1198 2334 1389 2377 coelestis
1409 2334 1615 2377 desiderii
1636 2348 1661 2376 a
1678 2335 1878 2386 malignis

1022 2406 1025 2412 ⁷
1055 2390 1280 2444 spiritibus
1321 2391 1542 2433 custodire
1581 2404 1668 2433 non
1710 2391 1878 2442 sufficit,

1056 2448 1130 2500 qui
1152 2447 1238 2490 hoc
1262 2447 1317 2490 ab
1340 2447 1540 2489 humanis
1564 2447 1766 2489 laudibus
1790 2460 1877 2489 non

1054 2504 1295 2548 abscondit.
1318 2505 1369 2546 In
1382 2504 1590 2558 praesenti
1606 2504 1765 2546 etenim
1778 2504 1877 2554 vita,

1055 2561 1179 2613 quasi
1192 2561 1237 2602 in
1250 2561 1322 2603 via
1341 2574 1499 2610 sumuS,
1520 2574 1605 2613 qua
1620 2560 1676 2602 ad
1690 2560 1876 2613 patriam

1053 2617 1285 2670 pergimus.
1324 2617 1502 2668 Maligni
1527 2622 1673 2659 autem
1698 2617 1875 2669 spiritus

1051 2674 1135 2716 iter
1157 2678 1355 2715 nostrum
1375 2674 1498 2726 quasi
1519 2673 1696 2726 quidam
1715 2673 1874 2713 latrun-

1054 2730 1139 2770 culi
1159 2729 1372 2772 obsident.
1401 2729 1662 2782 Depraedari
1681 2741 1783 2780 ergo
1803 2728 1874 2770 de-
