2080 2990
442 236 619 270 Officium
645 235 818 268 votivum
844 234 890 267 de
916 233 971 267 Ss.
993 233 1248 266 Eucharistiae
1275 234 1532 265 Sacramcnto,

184 332 234 382 El.
262 331 324 372 br.
357 331 594 385 Constituit
626 343 725 372 eum
765 331 787 352 *
808 329 957 371 Demi-

126 404 230 433 num
245 389 402 432 domus
417 401 520 430 suae.
549 387 797 429 Constituit.
834 381 881 432 V.
902 387 959 427 Et

1746 231 1841 275 [219]
1891 249 1894 253 ·

1204 328 1324 370 Pro
1362 329 1558 370 Feria
1593 329 1647 370 V.
1894 295 1896 298 >

1246 396 1421 429 Officium
1447 396 1621 429 votivum

125 447 369 501 principem
385 445 526 486 omnis
542 443 840 497 possessionis
855 455 958 483 suae.
1012 448 1073 488 de
1085 448 1494 490 Ss.Eucharistiae
1504 449 1841 490 sacramento.

126 503 373 545 Dominum.
394 501 549 542 Gloria
558 500 690 541 Patri.
711 499 958 540 Constituit.

183 555 233 607 V.
275 561 530 604 Confitebor
565 560 731 602 nemini
766 564 856 600 tuo.
910 560 959 610 R.

128 619 344 670 Quoniam
372 617 546 670 adjutor
574 622 618 658 et
644 617 874 668 protector
901 614 959 655 fa-

129 681 226 717 ctus
246 687 294 716 es
312 673 428 715 mihi.

402 742 470 778 Ad
493 741 682 778 sextam.

184 798 285 838 Ant.
314 797 525 839 Ascendit
544 802 702 838 autem.

210 858 469 910 Capitulum.
504 905 506 907 ‚
635 858 743 898 Gen.
764 859 829 898 49.
851 872 883 899 c.

129 918 296 1025 Deus
315 922 453 975 patris
472 922 535 964 tui
556 922 638 963 erit
658 921 831 973 adjutor
849 926 961 970 tuus,

241 984 284 1021 et
309 979 598 1032 Omnipotens
625 977 859 1019 benedicet
883 976 962 1018 tibi

129 1035 510 1083 benedictienibus
531 1034 632 1076 coeli
652 1033 853 1086 desuper.

185 1095 236 1147 Κ».
260 1094 323 1135 br.
349 1095 606 1137 Confitebor
634 1096 656 1118 *
672 1094 851 1135 Nemini
874 1099 964 1134 tuo.

134 1151 399 1194 Confitebor.
448 1147 499 1197 V.
538 1151 755 1201 Quoniam
792 1149 964 1201 adjutor

133 1214 178 1251 et
208 1210 437 1261 protector
468 1208 611 1250 factus
640 1220 687 1248 es
715 1206 832 1247 mihi.
875 1206 963 1246 Νό-

132 1264 247 1306 mini.
276 1263 429 1306 Gleria
446 1264 577 1306 Patri.
606 1262 873 1305 Confitebor.

189 1317 238 1368 Ys-
277 1325 429 1366 Justus
469 1323 730 1376 germinabit
769 1323 882 1364 sicut
917 1322 963 1362 li-

131 1381 247 1422 lium.
290 1378 341 1429 Rc-
379 1381 437 1422 Et
469 1380 644 1422 florebit
676 1380 721 1420 in
753 1381 966 1421 aeternum

133 1442 233 1479 ante.
251 1437 501 1478 Deminum.

414 1506 482 1542 Ad
505 1507 689 1542 Nonam.

190 1562 291 1603 Ant.
319 1561 376 1603 Et
394 1562 491 1614 ipse
509 1563 534 1603 J
537 1575 648 1603 esus.

215 1622 475 1674 Capitulum.
640 1624 747 1662 Gen.
767 1623 834 1661 49.
855 1633 888 1660 c.

134 1681 315 1786 Filius
342 1690 599 1730 accrescens
629 1687 654 1728 J
657 1686 816 1739 oseph‚
851 1686 965 1727 filius

223 1746 490 1794 accrescens
505 1748 550 1785 et
564 1743 753 1785 decorus
768 1744 965 1795 aspectu:

133 1800 237 1842 filiae
257 1800 554 1842 discurrerunt
574 1811 708 1852 super
725 1811 907 1839 murum.

188 1862 239 1913 R.
259 1861 321 1902 br.
348 1861 498 1901 Justus
520 1859 781 1911 germinabit
805 1860 828 1883 *
845 1859 967 1900 Sicut

133 1917 282 1958 lssium.
328 1917 491 1957 Justus.
543 1910 593 1962 W.
627 1916 684 1957 Et
715 1914 891 1956 florebit
922 1915 966 1954 in

114 1975 349 2014 aeternum
393 1976 492 2013 ante
534 1971 782 2012 Deminum.
835 1970 965 2011 Sicut.

138 2028 289 2071 Gloria
307 2028 440 2070 Patri.
477 2028 638 2069 Justus.

190 2083 239 2134 V.
273 2088 501 2130 Plantatus
532 2087 576 2128 in
613 2086 746 2128 domo
778 2085 966 2127 Demini.

138 2145 189 2197 R.
213 2146 266 2186 In
283 2145 404 2186 atriis
425 2144 582 2186 domus
600 2143 684 2184 Dei
703 2142 853 2183 nostri.

340 2222 402 2262 In
426 2220 489 2261 11.
514 2217 767 2269 vesperis.

193 2279 330 2315 Omnia
360 2285 402 2315 ut
430 2281 469 2314 in
498 2281 523 2315 Ι.
550 2281 665 2323 Vesp.
688 2279 795 2330 [211]z
829 2285 969 2322 praeter

141 2329 352 2371 sequentia.

195 2375 243 2426 V·
268 2381 358 2423 Sub
383 2379 539 2422 umbra
562 2378 677 2420 illius
704 2391 834 2430 quem
859 2377 969 2420 desi·

142 2438 399 2479 der-'iveram
417 2435 523 2478 sedi.
550 2438 600 2487 Rz.
626 2435 682 2476 Et
697 2435 862 2475 fructus
878 2434 969 2485 ejus

142 2492 282 2535 dulcis
300 2493 465 2545 gutturi
482 2504 594 2533 meo.

196 2551 266 2592 Ad
281 2551 454 2602 Magnis.
470 2552 570 2592 Ant.
594 2551 685 2600 Fili,
706 2550 812 2603 quid
830 2549 971 2591 fecisti

143 2610 167 2636 *
186 2608 313 2650 nobis
331 2608 414 2650 sic?
441 2608 558 2649 Ecce
573 2612 699 2660 pater
713 2613 814 2648 tuus
830 2610 872 2646 et
888 2617 970 2655 ego

145 2663 344 2706 dolentes
365 2662 670 2715 quaerebamus
688 2668 743 2704 te.

402 2735 713 2764 *ψ--Ϋ

1302 507 1561 550 Semiduplex.

1236 579 1297 619 In
1314 579 1351 619 Ι.
1371 579 1623 629 vesperis.

1072 641 1172 681 Ant.
1200 639 1417 681 Sacerdos
1436 640 1480 680 in
1500 641 1723 681 aeternum.

1276 704 1474 743 Psalmus
1497 703 1588 741 109.

1027 765 1228 824 ijjssfglxlt
1258 760 1475 801 Deminus
1504 760 1696 801 Demino
1728 773 1844 801 meo:

1026 815 1029 858 j
1054 817 1117 870 eff-i!
1133 841 1141 868 μ
1165 817 1189 842 *
1216 815 1330 856 Sede
1359 828 1384 856 a
1412 815 1581 857 dextris
1608 816 1732 857 meis:

1028 869 1030 877 ’
1052 878 1055 883 “
1087 868 1141 896 '‘L‘'
1212 872 1368 913 Donec
1384 884 1547 924 ponam
1564 872 1765 913 inimicos
1781 876 1846 912 tu-

1016 940 1077 976 os,
1096 929 1120 954 *
1141 927 1381 968 scabellum
1400 927 1564 980 pedum
1582 930 1770 969 tuerum.

1027 997 1029 1000 ⁴
1068 983 1251 1035 Virgam
1269 984 1445 1025 virtutis
1465 989 1553 1025 tuae
1574 986 1744 1025 emittet
1759 984 1846 1024 Do-

1015 1040 1158 1081 minus
1180 1052 1235 1081 ex
1254 1039 1374 1081 Sion:
1393 1042 1417 1067 ¹⁸¹
1437 1039 1666 1081 dominare
1690 1040 1735 1080 in
1760 1042 1847 1080 me-

1017 1095 1091 1137 dio
1112 1096 1388 1136 inimicerum
1406 1098 1595 1137 tuorum.

1068 1152 1234 1193 Tecum
1259 1152 1521 1204 principium
1548 1152 1593 1192 in
1619 1151 1690 1193 die
1714 1152 1847 1193 virtu-

1016 1207 1074 1248 tis
1090 1213 1178 1249 tuae
1195 1208 1239 1248 in
1255 1207 1565 1260 splenderibus
1581 1209 1848 1249 sancterum:

1017 1265 1041 1291 *
1062 1277 1116 1304 ex
1135 1267 1262 1305 utero
1284 1268 1385 1305 ante
1399 1263 1628 1305 luciferum
1643 1264 1773 1314 genui
1792 1268 1848 1304 te.

1068 1320 1092 1360 J
1094 1320 1239 1361 uravit
1269 1320 1379 1369 Dfis‚
1414 1325 1457 1361 et
1493 1332 1581 1361 non
1614 1319 1849 1372 poenitebit

1019 1389 1133 1417 eum:
1151 1378 1175 1403 *
1193 1376 1263 1417 Tu
1283 1389 1329 1417 es
1346 1375 1554 1417 sacerdos
1574 1376 1618 1416 in
1634 1377 1849 1416 aeternum

1019 1431 1263 1473 secu'ndum
1289 1431 1490 1473 Ordinem
1510 1431 1848 1473 Melchisedech.

1069 1488 1284 1529 Deminus
1306 1501 1331 1528 a
1347 1488 1514 1529 dextris
1531 1488 1629 1538 tuis,
1644 1490 1668 1515 *
1683 1488 1849 1529 confre-

1017 1544 1082 1594 git
1100 1544 1145 1584 in
1166 1543 1237 1585 die
1255 1545 1332 1585 irae
1352 1557 1443 1585 suae
1466 1557 1604 1595 reges.

1069 1600 1094 1640 J
1095 1599 1293 1641 udicabit
1308 1600 1353 1640 in
1366 1599 1631 1648 nati6nibus,
1650 1598 1851 1650 implebit

1018 1658 1181 1696 ruinas:
1213 1657 1237 1682 *
1270 1655 1586 1708 conquassabit
1623 1655 1770 1707 capita
1806 1656 1851 1695 in

1018 1717 1138 1753 terra
1155 1711 1407 1753 multerum.

1070 1768 1138 1809 De
1163 1769 1360 1809 torrente
1386 1769 1430 1808 in
1457 1767 1528 1807 via
1550 1766 1690 1807 bibet:
1709 1768 1732 1793 *
1750 1778 1850 1818 pro-

1017 1825 1171 1876 pterea
1191 1823 1404 1864 exaltabit
1422 1827 1565 1875 caput.

1076 1884 1174 1923 Ant.
1202 1883 1418 1924 Sacerdos
1436 1884 1479 1923 in
1499 1884 1711 1924 aeternum
1731 1881 1849 1923 Chri-

1020 1944 1114 1980 stus
1139 1939 1232 1979 Dfis
1261 1939 1501 1980 secundum
1528 1938 1727 1979 ordinem
1745 1938 1849 1978 Mel-

1019 1995 1266 2043 chisedech,
1281 2008 1439 2047 panem
1454 2000 1499 2036 et
1515 1994 1664 2035 vinum
1680 1993 1849 2035 obtulit.

1076 2058 1175 2097 Ant.
1204 2056 1436 2096 Miser-ator
1455 2055 1681 2096 Deminus.

1288 2115 1486 2155 Psalmus
1509 2115 1594 2154 110.

1024 2171 1319 2278 Confitebor
1349 2177 1430 2219 tibi
1455 2176 1645 2217 Domine
1679 2176 1723 2216 in
1753 2179 1849 2216 toto

1113 2233 1245 2275 corde
1266 2245 1382 2275 meo:
1401 2234 1424 2259 *
1443 2233 1487 2273 in
1511 2232 1694 2273 consilio
1719 2232 1848 2283 juste-

1019 2303 1128 2339 rum,
1150 2294 1194 2331 et
1214 2289 1565 2340 congregatione.

1074 2346 1233 2397 Magna
1265 2347 1402 2398 opera
1432 2344 1624 2386 Demini:
1651 2344 1675 2369 *
1703 2342 1849 2394 exqui-

1023 2404 1106 2443 sita
1122 2402 1167 2442 in
1186 2414 1338 2442 omnes
1358 2400 1610 2442 voluntates
1630 2399 1732 2448 eius.

1075 2457 1302 2498 Confessio
1326 2461 1370 2497 et
1391 2454 1715 2507 magnificentia
1738 2466 1850 2505 opus

1024 2514 1129 2565 ejus:
1146 2514 1170 2539 *
1190 2517 1234 2554 et
1253 2512 1415 2563 justitia
1435 2512 1525 2562 ejus
1544 2514 1691 2551 manet
1709 2509 1753 2550 in
1773 2510 1850 2549 sa'e-

1024 2568 1169 2609 culum
1189 2567 1350 2609 saeculi.

1074 2624 1333 2665 Memeriam
1351 2622 1454 2664 fecit
1472 2621 1735 2662 mirabilium
1754 2621 1850 2660 sue-

1024 2694 1137 2729 rum,
1164 2679 1414 2720 misericors
1442 2682 1486 2718 et
1511 2677 1743 2718 miseretor
1762 2675 1849 2715 De-

1024 2737 1182 2776 minus:
1191 2736 1215 2761 *
1227 2747 1374 2776 escam
1381 2732 1510 2774 dedit
1524 2731 1777 2774 timentibus
1792 2742 1851 2771 se.
