2040 2990
645 178 747 212 Infra
772 176 1069 210 Hebdomadam
1094 175 1156 208 IV.
1182 175 1396 209 Adventus.

171 273 274 315 Non
298 276 365 314 est
390 271 464 323 qui
488 273 663 312 invocet
683 281 844 311 nomen
863 272 1002 309 tuum:

173 329 249 381 qui
275 331 531 378 consurgat,
565 331 609 368 et
635 328 784 367 teneat
810 329 874 366 te:
907 323 1003 365 abs-

172 384 363 426 condisti
391 383 547 424 faciem
576 388 698 425 tuam
728 394 753 422 a
777 380 923 429 nobis,
959 383 1003 421 et

172 440 343 482 allisisti
384 452 465 481 nos
506 439 551 479 in
590 451 723 479 manu
762 435 1003 488 iniquitatis

170 501 346 539 nostrae.

222 563 273 614 Rz.
306 561 409 602 Non
441 560 662 601 auferetur
691 563 917 611 sceptrum
948 557 1004 599 de

171 618 196 658 J
197 617 295 667 uda,
316 622 359 658 et
380 616 469 658 dux
487 616 542 657 de
557 616 723 656 femore
739 615 841 666 ejus,
862 614 1004 655 donec

172 674 319 714 veniat
341 673 415 725 qui
434 671 675 713 mittendus
695 675 775 712 est:
789 674 811 697 *
832 671 890 711 Et
908 670 1004 722 ipse

174 730 256 770 erit
282 729 554 782 exspectatio
580 728 797 768 Gentium.
830 723 881 774 Y.
906 726 1004 766 Pul-

175 785 370 826 chriores
403 789 504 827 sunt
538 784 653 825 oculi
686 784 777 835 ejus
805 783 923 833 vino,
962 787 1006 823 et

175 840 330 883 dentes
354 841 444 893 ejus
468 841 583 882 lacte
611 839 900 881 candidiores.
949 839 1006 879 Et

173 897 270 949 ipse
298 898 390 939 erit.

475 969 629 1010 Lectio
650 968 704 1008 iii.

252 1039 271 1076 t
295 1046 410 1075 nunc
428 1033 617 1074 Domine
636 1036 762 1084 pater
785 1035 937 1072 noster
957 1043 1004 1071 es

260 1095 319 1141 tu,
334 1103 416 1131 nos
431 1101 538 1130 vero
553 1088 709 1130 lutum:
730 1092 772 1128 et
789 1087 916 1128 fictor
931 1099 1005 1128 no-

176 1151 266 1188 ster
284 1151 350 1196 tu,
378 1150 422 1187 et
446 1148 583 1198 opera
604 1146 813 1185 manuum
831 1145 1006 1184 tuarum

176 1215 329 1244 omnes
354 1214 450 1246 nos.
486 1201 555 1242 Ne
582 1200 787 1241 irascaris
816 1199 1006 1240 Domine

176 1258 293 1308 satis,
315 1262 359 1299 et
377 1270 432 1299 ne
450 1257 566 1298 ultra
581 1255 832 1297 memineris
851 1255 1006 1308 iniqui-

174 1315 280 1356 tatis
294 1319 472 1355 nostrae:
494 1325 597 1354 ecce
614 1313 796 1365 respice,
814 1311 1006 1364 populus

174 1375 277 1412 tuus
296 1383 449 1412 omnes
468 1382 560 1411 nos.
594 1369 758 1410 Civitas
784 1368 924 1409 sancti
942 1367 1007 1409 tui

176 1427 293 1468 facta
312 1431 379 1467 est
399 1426 590 1474 deserta,
615 1425 721 1467 Sion
747 1424 923 1466 deserta
948 1424 1006 1464 fa-

177 1488 248 1525 cta
285 1488 371 1533 est,
410 1481 655 1524 Jerusalem
691 1481 891 1522 desolata
929 1485 1006 1522 est.

176 1540 346 1581 Domus
370 1538 728 1580 sanctificationis
753 1543 934 1586 nostrae,
963 1543 1006 1579 et

176 1596 331 1647 gloriae
351 1600 534 1645 nostrae,
560 1595 636 1637 ubi
654 1594 945 1637 laudaverunt
963 1600 1007 1636 te

176 1657 326 1705 patres
345 1652 501 1702 nostri,
529 1652 645 1693 facta
669 1657 736 1693 est
754 1651 798 1691 in
818 1651 1007 1692 exustio-

177 1721 277 1749 nem
299 1708 428 1759 ignis‚
456 1713 500 1749 et
526 1708 671 1749 omnia
697 1706 1009 1749 desiderabilia

178 1769 330 1806 nostra
347 1777 476 1806 versa
495 1764 657 1805 suntin
676 1766 834 1804 ruinas.

231 1832 283 1883 R.
307 1829 379 1871 Me
407 1831 585 1881 oportet
611 1828 763 1877 minui,
789 1827 912 1868 illum
936 1841 1007 1868 au-

178 1889 267 1927 tem
291 1887 506 1927 crescere:
534 1885 608 1937 qui
634 1889 781 1926 autem
809 1887 913 1935 post
937 1896 1008 1924 me

178 1941 314 1989 venit,
340 1946 441 1983 ante
465 1954 535 1982 me
559 1941 702 1982 factus
726 1944 808 1981 est:
829 1940 852 1965 *
877 1939 1008 1990 Cujus

178 2010 265 2038 non
289 2011 385 2039 sum
409 1997 566 2049 dignus
586 1998 819 2047 corrigiam
843 1995 1008 2036 calcea-

178 2055 426 2095 mentorum
451 2053 633 2094 solvere.
675 2048 724 2100 V.
749 2052 844 2102 Ego
869 2050 1008 2103 bapti-

178 2109 275 2150 zavi
304 2122 384 2150 vos
417 2122 550 2161 aqua:
582 2109 655 2149 ille
689 2113 836 2149 autem
867 2106 1008 2159 bapti-

179 2164 297 2206 zabit
330 2178 411 2207 vos
447 2165 614 2218 Spiritu
648 2169 812 2205 sancto.
867 2163 1008 2214 Cujus.

183 2221 333 2262 Gloria
350 2221 482 2262 Patri.
511 2221 653 2273 Cujus.

235 2291 306 2332 Ad
338 2291 499 2332 Bened.
546 2292 645 2330 Ant.
692 2287 1008 2335 Consolamini‚

180 2345 488 2395 consolamini,
508 2346 531 2371 *
552 2344 716 2397 popule
736 2357 876 2392 meus,
903 2342 1009 2384 dicit

180 2400 395 2442 Dominus
414 2402 535 2443 Deus
554 2406 711 2443 vester.

234 2471 321 2505 Nisi
345 2471 508 2505 dicenda
535 2472 584 2505 sit
600 2471 758 2513 Antiph.
787 2471 884 2504 Ecce
909 2477 1009 2502 com-

179 2514 294 2558 pleta.
324 2525 365 2554 ut
390 2517 581 2553 inf1·a.l74.

237 2572 301 2605 Ad
326 2573 480 2615 Magnis.
506 2573 593 2606 Ant.
621 2573 662 2608 O.

1284 266 1318 302 F
1331 277 1354 302 e
1366 267 1408 302 ri
1421 277 1447 302 a
1479 266 1507 302 S
1520 277 1542 302 e
1554 278 1580 301 x
1592 270 1608 301 t
1620 277 1656 302 a.

1236 320 1303 360 De
1331 318 1446 359 Isaia
1472 317 1705 370 Propheta.

1160 381 1312 422 Lectio
1335 381 1357 419 i.
1533 380 1634 430 Cap.
1655 380 1720 418 (io.
1743 378 1780 417 b.

1062 445 1153 529 ssxXX
1166 435 1286 533 udite
1305 435 1488 532 vegbum
1498 435 1688 532 {Domini
1709 434 1884 531 quintre-

1179 505 1240 532 ml
1262 505 1298 532 1s
1331 504 1357 532 a
1420 504 1496 532 ver
1529 504 1604 532 um
1633 504 1737 543 ejus:
1814 503 1885 531 xe-

1056 553 1157 589 runt
1175 548 1333 589 fratres
1349 547 1484 588 vestri
1504 546 1703 588 odientes
1720 559 1816 595 VOS,
1843 551 1886 587 et

1057 605 1309 656 abjicientes
1333 608 1519 656 propter
1542 615 1703 643 nomen
1726 615 1886 643 meum:

1059 661 1342 703 Glorifieetur
1376 660 1607 709 Dominus,
1645 663 1688 700 et
1724 658 1885 700 videbi-

1056 731 1153 758 mus
1182 717 1225 757 in
1255 716 1409 757 laetitia
1435 721 1597 757 vestra:
1630 715 1715 767 ipsi
1742 719 1886 755 autem

1058 772 1391 815 confundentur.
1418 772 1521 813 Vox
1539 770 1693 823 populi
1712 769 1767 811 de
1787 770 1886 811 civi-

1058 832 1167 878 tate,
1196 841 1285 870 vox
1309 828 1364 869 de
1388 827 1573 879 templo,
1601 839 1688 868 vox
1709 826 1887 866 Domini

1058 885 1283 927 reddentis
1325 883 1661 926 retributionem
1702 882 1887 922 inimicis

1058 942 1159 982 suis.
1199 941 1451 992 Antequam
1473 941 1730 991 parturiret,
1758 939 1887 989 pepe-

1057 999 1129 1040 rit:
1156 1000 1394 1049 antequam
1417 997 1585 1036 veniret
1609 999 1762 1047 partus
1787 994 1888 1044 erS,

1057 1054 1231 1106 peperit
1266 1051 1520 1094 masculum.
1579 1050 1686 1100 Quis
1723 1049 1890 1090 audivit

1058 1122 1266 1162 umquam
1293 1106 1405 1151 tale?
1443 1112 1487 1149 et
1522 1107 1619 1159 quis
1647 1105 1757 1147 vidit
1789 1105 1889 1147 huic

1059 1165 1223 1207 simile?
1264 1163 1492 1216 Numquid
1523 1162 1740 1215 parturiet
1771 1166 1889 1203 terra

1059 1223 1104 1262 in
1119 1222 1190 1263 die
1204 1220 1312 1263 una?
1329 1224 1403 1261 aut
1418 1219 1612 1272 parietur
1627 1231 1734 1269 gens
1750 1217 1888 1266 simul,

1061 1278 1163 1330 quia
1188 1276 1422 1330 parturivit
1449 1280 1492 1316 et
1516 1274 1690 1327 peperit
1712 1273 1817 1314 Sion
1842 1273 1888 1313 fi-

1059 1334 1142 1375 lios
1164 1331 1292 1375 suos?
1340 1334 1390 1383 R.
1415 1331 1642 1372 Nascetur.
1661 1330 1739 1370 171.

1374 1392 1525 1433 Lectio
1549 1391 1587 1430 ii.

1061 1444 1338 1550 Numquid
1367 1461 1469 1500 ego,
1498 1447 1572 1499 qui
1597 1446 1708 1487 alios
1733 1446 1890 1496 parere

1174 1507 1306 1555 facio,
1334 1506 1430 1557 ipse
1458 1517 1546 1545 non
1571 1503 1756 1555 pariam,
1784 1500 1891 1542 dicit

1060 1560 1299 1603 Dominus?
1316 1562 1353 1602 si
1365 1573 1459 1611 ego,
1476 1559 1551 1612 qui
1565 1557 1891 1609 generationem

1062 1618 1221 1659 ceteris
1241 1617 1405 1666 tribuo,
1430 1615 1590 1657 sterilis
1609 1626 1702 1663 ero,
1725 1613 1785 1654 ait
1803 1613 1890 1653 Do-

1060 1675 1202 1715 minus
1226 1674 1348 1715 Deus
1375 1671 1497 1714 tuus?
1534 1669 1765 1711 Laetamini
1793 1681 1891 1709 cum

1061 1730 1315 1779 Jerusalem,
1332 1733 1375 1770 et
1390 1727 1606 1769 exsultate
1621 1726 1665 1766 in
1677 1738 1728 1766 ea
1739 1736 1890 1765 omnes

1063 1787 1137 1838 qui
1164 1785 1344 1836 diligitis
1371 1796 1481 1825 eam:
1504 1781 1692 1834 gaudete
1716 1793 1815 1821 cum
1839 1791 1891 1820 ea

1061 1842 1224 1893 gaudio
1242 1839 1450 1888 universi,
1477 1838 1551 1890 qui
1575 1836 1734 1887 lugetis
1759 1847 1890 1886 super

1063 1911 1175 1947 eam,
1204 1901 1252 1938 ut
1275 1895 1458 1946 sugatis,
1488 1899 1532 1934 et
1553 1891 1810 1945 repleamini
1835 1890 1890 1931 ab

1062 1953 1198 1994 ubere
1226 1950 1541 1993 consolationis
1570 1950 1679 2000 ejus:
1710 1951 1759 1988 ut
1785 1945 1890 1987 mul-

1062 2009 1214 2060 geatis,
1234 2012 1278 2049 et
1295 2006 1463 2048 deliciis
1478 2004 1668 2046 affluatis
1684 2003 1739 2044 ab
1756 2004 1890 2043 omni-

1061 2064 1196 2106 moda
1220 2064 1360 2115 gloria
1385 2063 1486 2114 ejus.
1529 2060 1640 2110 Quia
1665 2060 1760 2100 haec
1785 2057 1891 2099 dicit

1062 2121 1294 2162 Dominus:
1321 2120 1438 2160 Ecce
1462 2130 1544 2169 ego
1571 2114 1803 2158 declinabo
1823 2126 1890 2154 su-

1062 2189 1143 2229 per
1175 2189 1272 2218 eam
1305 2175 1430 2227 quasi
1461 2173 1641 2214 fluvium
1671 2170 1808 2223 pacis,
1846 2173 1891 2210 et

1064 2232 1189 2292 quasi
1220 2233 1462 2273 torrentem
1488 2228 1772 2269 inundantem
1799 2224 1889 2275 glo-

1062 2297 1171 2324 r1am
1200 2283 1425 2331 Gentium,
1459 2293 1590 2333 quam
1621 2278 1798 2329 sugetis:
1835 2275 1890 2316 ad

1062 2339 1200 2381 ubera
1218 2337 1512 2392 portabimini,
1536 2340 1579 2377 et
1598 2346 1731 2386 super
1750 2333 1890 2383 genua

1061 2394 1340 2437 blandientur
1358 2392 1496 2434 vobis.

1122 2452 1172 2503 R.
1191 2450 1307 2491 Ecce
1326 2450 1421 2500 jam.
1444 2448 1522 2488 171.

1372 2501 1521 2541 Lectio
1542 2499 1596 2538 iii.

1071 2546 1345 2668 Quomodo
1373 2560 1411 2601 si
1439 2559 1508 2600 cui
1533 2560 1671 2597 mater
1698 2552 1889 2596 blandia-

1158 2622 1247 2667 tur,
1265 2618 1325 2658 ita
1345 2628 1427 2667 ego
1448 2611 1712 2655 consolabor
1730 2620 1824 2656 vos,
1845 2611 1889 2647 et

996 2707 998 2711 .
1063 2674 1108 2714 in
1125 2672 1370 2714 Jerusalem
1389 2665 1730 2712 consolabimini.
1757 2662 1888 2704 Vide-
