2040 2990
554 226 655 259 Infra
683 226 973 259 Hebdomudam
1001 226 1020 258 i.
1046 230 1135 268 post
1161 223 1427 266 Epiphanimn.

141 314 186 355 in
201 313 414 363 Ecclesia,
438 313 537 355 illos
558 313 810 355 constitnite
830 313 887 355 ad
904 314 963 366 ju·
1014 326 1110 354 una.
1144 313 1228 363 Qui
1251 318 1397 356 autem
1421 313 1617 356 adhaeret
1635 314 1838 364 Domino,

144 369 387 412 dicAndum.
441 370 513 412 Ad
548 369 857 412 verecundiam
893 382 962 412 ve·
1016 383 1127 411 unus
1153 371 1332 422 spiritus
1350 375 1436 413 est.
1473 371 1628 421 Fugite
1656 371 1837 413 fornica-

144 431 279 469 stram
305 425 416 468 dico.
452 427 522 468 Sic
547 439 635 468 non
660 431 726 468 est
748 426 860 468 inter
883 439 964 468 vos
1014 426 1189 468 tionem.

145 483 319 536 sapiens
340 483 580 536 quisquam,
607 483 681 535 qui
699 483 841 536 possit
858 483 963 535 judi-

144 542 246 582 care
265 540 379 582 inter
397 540 576 582 fratrem
597 538 744 581 suum?
772 539 860 581 Sed
882 540 963 581 fra-

142 600 210 638 ter
241 609 340 638 cum
374 596 508 639 fratre
537 596 697 649 judicio
726 596 964 638 contendit:

144 657 187 694 et
205 652 290 695 1100
309 653 428 706 apud
445 651 667 699 infideles?

447 714 598 755 Lectio
619 715 656 754 ii.

139 767 288 873 Jam
330 765 507 819 quidem
543 767 719 807 omnino
757 766 964 808 delictum

234 827 301 865 est
325 822 369 864 in
394 822 537 872 vobis,
568 821 688 875 quod
709 822 869 874 judicia
892 823 964 864 ha-

146 879 255 921 betis
278 879 391 921 inter
414 892 507 921 vos.
544 879 686 929 Quare
713 892 801 921 non
824 880 962 932 magis

142 936 342 988 injuriam
366 934 587 988 accipitis?
614 948 749 988 quare
768 949 857 978 non
875 950 962 978 ma-

142 993 208 1044 gis
227 991 426 1034 fraudem
444 990 667 1045 patimini?
695 992 783 1034 Sed
799 1006 879 1034 vos
902 993 963 1034 in-

140 1049 294 1101 juriam
311 1048 469 1099 facitis,
498 1053 542 1090 et
560 1048 786 1090 fraudatis:
813 1054 856 1091 et
878 1050 963 1092 1100

141 1105 360 1148 fratribus.
395 1106 466 1146 An
494 1106 673 1148 nescitis
701 1106 801 1158 quia
827 1107 964 1159 iniqui

141 1175 323 1214 regnum
337 1162 421 1204 Dei
439 1174 526 1204 non
544 1162 855 1215 possidebunt?
874 1163 962 1205 No-

140 1219 216 1261 lite
245 1221 406 1262 errare:
437 1219 595 1272 Neque
622 1219 860 1270 fornicarii,
892 1233 962 1262 ne-

142 1288 226 1328 que
244 1275 374 1318 idolis
394 1275 652 1326 servientes,
676 1289 818 1328 neque
843 1276 961 1318 adul-

140 1332 237 1383 teri,
265 1344 408 1385 neque
430 1331 601 1382 molleS,
628 1344 771 1384 neque
796 1345 961 1375 mascu-

140 1388 283 1430 lorum
312 1388 637 1439 concubitores,
664 1401 806 1441 neque
833 1389 961 1440 fures,

141 1458 284 1502 neque
304 1446 438 1496 avari,
457 1458 599 1498 neque
619 1445 796 1495 ebriosi,
819 1459 962 1499 neque

140 1501 357 1552 maledici,
385 1515 527 1555 neque
556 1504 755 1555 rapaceS‚
782 1515 962 1554 regnum

140 1558 223 1600 Dei
246 1558 547 1612 possidebunt.
582 1559 640 1600 Et
663 1558 759 1600 haec
785 1559 961 1612 quidam

139 1614 296 1657 fuistis:
317 1615 397 1658 sed
416 1615 554 1658 abluti
573 1615 690 1666 05115,
709 1615 788 1658 5οᾶ
807 1617 960 1658 sancti-

139 1670 260 1713 ficati
279 1672 401 1722 estis,
426 1671 507 1714 sed
530 1671 751 1724 justificati
771 1672 890 1722 estis,
918 1673 960 1714 in

139 1729 314 1771 nomine
341 1728 519 1771 Domini
546 1729 686 1770 nostri
711 1729 736 1770 J
739 1741 816 1771 esu
842 1729 959 1771 Chri-

57 1817 71 1829 .
139 1784 212 1835 sti,
225 1790 269 1828 et
286 1785 331 1827 in
348 1785 515 1839 Spiritu
531 1785 616 1827 Dei
634 1786 784 1827 nostri.

438 1847 587 1888 Lectio
609 1846 662 1886 iii.

219 1898 337 1940 mnia
349 1897 455 1939 mihi
468 1897 611 1947 licent,
626 1897 706 1939 sed
716 1910 804 1939 non
816 1899 960 1940 omnia

234 1954 495 2008 expediunt..
517 1954 675 1996 Omnia
692 1953 799 1995 mihi
817 1954 959 2006 licent,

138 2011 218 2055 sed
241 2024 323 2063 ego
342 2010 431 2053 sub
458 2010 617 2052 nullius
642 2010 816 2062 redigar
837 2016 958 2064 pote-

139 2071 263 2111 state.
290 2068 407 2110 Esca
423 2067 574 2118 ventri,
595 2071 639 2109 et
657 2072 810 2109 venter
832 2068 959 2110 escis:

137 2125 260 2167 Deus
291 2129 437 2167 autem
469 2128 512 2166 et
540 2123 670 2174 hunc,
704 2129 747 2166 et
777 2123 856 2165 has
889 2123 959 2166 de-

139 2186 293 2224 struet:
318 2194 480 2234 corpus
504 2185 650 2222 autem
669 2193 758 2222 non
776 2180 958 2222 fornica-

138 2238 263 2288 tioni,
300 2237 380 2280 sed
414 2237 624 2279 Dominoz
666 2242 710 2279 et
744 2237 959 2279 Dominus

140 2294 327 2347 corpori.
366 2294 488 2336 Deus
515 2306 622 2335 vero
652 2298 696 2336 et
722 2293 960 2335 Dominum

140 2350 382 2393 suscitavit:
423 2355 466 2393 et
500 2363 581 2392 nos
617 2349 846 2393 suscitabit
880 2363 960 2403 per

139 2407 346 2449 virtutem
370 2420 503 2449 suam.
534 2407 729 2449 Nescitis
755 2407 960 2460 quoniam

140 2465 328 2516 corpora
346 2468 493 2506 vestra
511 2464 707 2506 membra
726 2469 826 2506 sunt
842 2464 959 2506 Chri-

141 2517 217 2560 sti?
242 2519 421 2562 Tollens
445 2533 549 2572 ergo
572 2520 769 2563 membra
789 2520 959 2570 Christi,

139 2574 296 2616 faciam
313 2576 508 2618 membra
529 2575 794 2619 meretricis?
820 2576 958 2617 Absit.

140 2631 210 2671 An
233 2632 408 2673 nescitis
434 2633 638 2685 quoniam
663 2634 738 2686 qui
763 2633 959 2674 adhaeret

139 2687 375 2737 meretrici,
401 2701 534 2738 unum
562 2702 722 2742 corpus
750 2687 956 2732 efficitur?

139 2743 279 2786 Erunt
306 2743 420 2786 enim
447 2745 616 2798 (inquit)
644 2745 731 2788 duo
758 2746 802 2787 in
830 2757 959 2788 carne

1212 531 1383 568 Feria
1419 532 1642 579 Quinta.

1018 596 1087 635 De
1108 589 1310 642 Epistola
1333 589 1475 642 prima
1500 589 1556 631 ad
1581 590 1838 632 Corinthios.

1119 661 1269 701 Lectio
1291 661 1313 699 i.
1579 662 1679 711 Cap.
1699 661 1732 699 7.

1051 727 1053 729 ’
1074 736 1077 764 3
1114 723 1136 752 e
1161 709 1318 762 quibus
1340 715 1486 751 autem
1509 711 1745 764 scripsistis
1764 713 1838 753 mi-

1074 801 1077 802 .
1131 767 1189 808 hi:
1216 767 1389 808 Bonum
1416 771 1482 808 est
1505 767 1668 809 homini
1692 768 1838 810 mulie—

1016 837 1110 865 rem
1128 836 1216 865 non
1234 825 1430 874 tangere:
1454 829 1638 876 propter
1657 825 1838 866 fornica-

1015 881 1180 922 tionem
1213 884 1359 921 autem
1389 883 1688 933 unusquisque
1716 895 1839 923 suam

1016 939 1198 978 uxorem
1216 936 1392 986 habeat,
1418 941 1461 978 et
1479 940 1752 990 unaquaeque
1772 952 1838 979 su-

1016 1007 1091 1034 um
1110 994 1250 1034 virum
1269 992 1440 1034 habeat.
1472 993 1610 1035 Uxori
1630 995 1695 1035 vir
1721 994 1837 1036 debi—

1016 1054 1110 1091 tum
1154 1049 1325 1091 reddat:
1370 1049 1566 1091 similiter
1611 1055 1756 1092 autem
1795 1057 1839 1093 et

1016 1119 1127 1148 uxor
1145 1107 1251 1148 viro.
1279 1105 1435 1147 Molier
1455 1107 1521 1147 sui
1545 1107 1743 1160 corporis
1762 1120 1837 1160 po-

1016 1165 1221 1205 testatem
1239 1175 1327 1204 non
1345 1162 1492 1213 habet,
1518 1163 1597 1205 sed
1612 1164 1689 1205 vir.
1717 1164 1837 1205 Simi-

1015 1219 1115 1261 liter
1134 1224 1281 1261 autem
1305 1224 1348 1261 et
1366 1219 1432 1261 vir
1458 1219 1524 1260 sui
1544 1221 1743 1273 corporis
1762 1234 1837 1273 po·
1886 1250 1887 1254 ,

1015 1279 1221 1318 testatem
1238 1289 1327 1317 non
1345 1276 1488 1329 habet,
1508 1276 1587 1317 sed
1605 1277 1772 1319 mulier.

1323 1339 1472 1379 Lectio
1494 1339 1530 1377 ii.

1110 1390 1215 1431 olite
1260 1389 1463 1431 fraudare
1507 1390 1712 1440 invicem,
1756 1391 1838 1432 nisi

1117 1446 1230 1488 forte
1255 1459 1309 1488 ex
1333 1448 1549 1487 consensu
1571 1446 1628 1488 ad
1653 1451 1837 1500 tempus,

1014 1508 1063 1545 ut
1089 1504 1254 1544 vacetis
1282 1503 1485 1545 orationi:
1517 1507 1561 1544 et
1588 1505 1746 1544 iterum
1773 1516 1837 1546 re-

1014 1559 1232 1601 vertimini
1250 1559 1294 1600 in
1312 1559 1514 1611 idipsum,
1533 1572 1587 1601 ne
1606 1564 1745 1601 tentet
1759 1573 1838 1602 vos

1015 1619 1189 1657 satanas
1205 1620 1388 1668 propter
1403 1616 1761 1657 incontinentiam
1775 1629 1838 1658 ve·

1014 1677 1159 1714 stram.
1193 1673 1293 1714 Hoc
1313 1677 1459 1714 autem
1478 1672 1577 1714 dico
1598 1672 1837 1714 secundum

1013 1729 1337 1780 indulgentiam,
1369 1741 1456 1770 non
1490 1729 1730 1770 secundum
1761 1730 1836 1770 im-

1012 1786 1194 1838 perium.
1247 1785 1365 1827 Volo
1409 1785 1524 1827 enim
1565 1798 1715 1826 omnes
1758 1798 1836 1827 vos

1014 1855 1110 1884 esse
1123 1842 1243 1884 sicut
1261 1843 1491 1894 meipsum:
1514 1841 1592 1883 sed
1611 1844 1836 1894 unusquis-

1015 1911 1117 1951 que⁴
1140 1898 1368 1951 proprium
1410 1897 1573 1939 donum
1611 1897 1746 1939 habet
1783 1911 1836 1940 ex

1011 1955 1124 1997 Deo:
1152 1955 1262 1996 alius
1287 1954 1464 2006 quidem
1488 1954 1567 2004 510,
1595 1954 1704 1995 alius
1729 1967 1835 1996 vero

1013 2012 1087 2052 sic.
1120 2011 1232 2053 Dico
1253 2015 1401 2052 autem
1420 2023 1509 2052 non
1527 2011 1692 2063 nuptis,
1716 2015 1759 2053 et
1778 2013 1836 2053 vi-

1014 2067 1127 2109 duis:
1148 2067 1313 2109 bonum
1337 2071 1403 2109 est
1427 2067 1512 2108 illis
1532 2068 1569 2108 si
1588 2067 1650 2108 sic
1668 2070 1835 2120 perma-

1012 2129 1158 2175 neant,
1187 2124 1300 2165 sicut
1328 2128 1372 2166 et
1399 2136 1494 2175 eg0.
1536 2123 1665 2175 Quod
1690 2124 1726 2165 si
1749 2137 1836 2165 non

1013 2193 1060 2222 se
1093 2180 1333 2231 continent,
1365 2179 1541 2222 nubant.
1582 2180 1737 2222 Melius
1770 2185 1836 2221 est

1014 2237 1129 2279 enim
1147 2237 1324 2287 nubere,
1345 2250 1475 2290 quam
1493 2237 1570 2279 uri.

1319 2295 1466 2334 Lectio
1489 2294 1539 2333 iii.

1015 2344 1096 2449 Iis
1116 2354 1276 2400 autem,
1305 2350 1379 2403 qui
1400 2350 1678 2392 matrimonio
1702 2350 1836 2402 juncti

1069 2411 1179 2457 sunt,
1201 2407 1412 2460 praecipio
1431 2420 1519 2449 non
1539 2419 1632 2459 ego,
1652 2405 1731 2448 sed
1749 2406 1835 2447 Do—

1012 2463 1172 2514 minus,
1198 2466 1382 2505 uxorem
1410 2477 1435 2505 a
1462 2464 1556 2505 viro
1584 2476 1672 2505 non
1699 2462 1835 2504 disce-

1013 2519 1132 2562 dere:
1165 2520 1284 2573 quod
1307 2520 1344 2561 si
1367 2520 1634 2570 discesserit,
1660 2521 1835 2560 manere

1011 2576 1248 2629 innuptam,
1264 2582 1340 2618 aut
1354 2577 1448 2618 viro
1464 2589 1544 2618 suo
1555 2575 1834 2618 reconciliari.

1011 2633 1070 2674 Et
1087 2633 1154 2674 vir
1172 2635 1356 2675 uxorem
1379 2646 1466 2675 non
1486 2633 1686 2674 dimittat.
1720 2631 1834 2672 Nam

1002 2690 1170 2731 ceteris
1190 2702 1272 2741 ego
1294 2690 1409 2740 dico,
1426 2703 1515 2731 non
1533 2689 1758 2731 Dominus.
1790 2687 1834 2728 Si

1014 2746 1111 2798 quis
1143 2746 1278 2788 frater
1308 2747 1491 2788 uxorem
1522 2745 1654 2787 habet
1685 2742 1832 2785 infide-

1770 217 1839 251 283
1886 229 1887 238 ¹
