2080 2990
209 231 281 276 [28]

781 233 991 266 (Iomnium-
1019 233 1130 266 unius
1159 232 1347 276 Martyris,

207 328 528 370 nedictionibus
542 328 799 370 dulcedinis:
814 330 836 354 *
853 330 1038 382 posuisti

207 386 250 426 in
279 385 422 438 capite
451 386 542 437 ejus
570 387 779 427 corenam
808 385 863 428 de
891 385 1037 439 lapide

208 442 414 494 pretioso.

258 498 405 539 Vitam
426 498 551 551 petiit
570 511 595 539 a
614 503 672 540 te:
692 499 715 523 *
735 504 779 540 et
792 498 982 540 tribuisti
998 498 1037 539 ei

205 554 521 604 longitudinem
547 554 715 596 dierum
743 556 786 595 in
815 555 1036 604 saeculum,

205 616 248 652 et
267 611 309 651 in
330 611 540 652 sa'eculum
565 611 725 653 saeculi.

256 668 416 719 Magna
440 674 507 710 est
524 668 664 719 gloria
684 669 774 719 ejus
792 668 836 708 in
857 667 1035 709 salutari

204 730 295 765 tuo:
310 725 333 750 *
348 724 532 776 gloriam
549 730 592 766 et
606 737 812 775 magnum
828 724 1035 766 decorem

203 781 405 834 impenes
426 794 556 834 super
577 794 688 823 eum.

256 839 472 888 Quoniam
505 837 630 879 dabis
662 851 761 879 eum
788 837 832 878 in
859 836 1034 879 benedi-

203 895 394 936 ctionem
414 895 455 935 in
476 894 686 936 saeculum
703 893 867 935 sa'eculi:
886 894 909 919 *
928 894 1034 935 laeti—

202 951 355 993 ficabis
383 964 482 992 eum
512 951 555 991 in
587 950 749 1002 gaudio
782 964 883 992 cum
911 950 1034 992 vultu

203 1012 292 1049 tuo.

254 1065 470 1115 Quoniam
496 1078 573 1106 rex
597 1069 746 1117 sperat
763 1065 807 1105 in
826 1064 1034 1105 Demino:

201 1122 224 1146 *
250 1126 293 1163 et
316 1122 359 1162 in
382 1121 683 1163 misericordia
706 1121 921 1163 Altissimi
945 1134 1030 1162 non

202 1178 561 1220 commovebitur.

252 1235 505 1276 Inveniatur
536 1248 691 1276 manus
723 1240 798 1276 tua
830 1234 1033 1276 omnibus

199 1291 384 1333 inimicis
399 1292 499 1333 tuis:
514 1293 538 1318 *
554 1292 735 1334 dextera
750 1298 826 1333 tua
839 1292 1031 1333 inveniat

200 1361 363 1398 omnes,
385 1349 459 1401 qui
477 1354 521 1391 te
542 1349 740 1391 oderunt.

250 1406 395 1447 Pones
424 1419 501 1447 eos
528 1411 577 1447 ut
605 1405 824 1447 clibanum
852 1405 964 1457 ignis
987 1405 1031 1446 in

198 1463 396 1514 te'mpore
421 1463 567 1504 vultus
591 1463 669 1504 tui:
694 1463 717 1488 *
742 1463 958 1504 Dominus
987 1462 1031 1503 in

197 1519 261 1559 ira
281 1531 359 1560 sua
379 1519 661 1562 conturbabit
680 1532 768 1568 eos⁹
789 1525 832 1561 et
849 1519 1030 1561 devora-

197 1574 262 1616 bit
281 1588 358 1617 eos
378 1576 501 1627 ignis.

249 1632 460 1674 Fructum
481 1635 634 1674 eorum
654 1633 709 1674 de
724 1638 841 1674 terra
855 1632 1031 1686 perdes:

195 1690 218 1714 *
236 1695 279 1731 et
300 1702 448 1731 semen
469 1692 622 1731 e6rum
637 1703 663 1730 a
677 1690 778 1730 filiis
792 1689 1029 1731 hominum.

249 1747 466 1797 Quoniam
519 1745 850 1788 declinaverunt
894 1746 939 1786 in
986 1750 1030 1787 te

197 1803 326 1844 mala:
345 1804 368 1828 *
389 1803 693 1854 cogitaverunt
714 1802 905 1852 consilia,
931 1816 1030 1855 quae

200 1873 289 1901 non
308 1862 547 1913 potuerunt
567 1860 774 1902 stabilire.

250 1917 464 1967 Qu6niam
501 1930 642 1970 pones
678 1930 755 1958 eos
788 1916 983 1958 dorsum:
1007 1916 1030 1942 *

197 1973 239 2013 in
260 1973 453 2026 reliquiis
473 1974 559 2015 tuis
574 1973 847 2027 praeparabis
862 1972 1030 2014 vultum

198 2042 362 2071 eorum.

250 2086 456 2128 Exaltare
476 2087 664 2129 Demine
688 2088 732 2128 in
756 2087 917 2128 virtute
940 2091 1030 2128 tua:

198 2143 220 2167 *
237 2142 510 2184 cantabimus
530 2149 574 2185 et
593 2144 829 2196 psallemus
844 2144 1029 2185 virtutes

198 2204 306 2240 tuas.

252 2255 351 2297 Ant.
389 2256 575 2298 Posuisti
596 2257 785 2298 Demine
809 2270 942 2310 super
962 2269 1029 2298 ca-

197 2318 277 2365 put
310 2314 401 2365 ejus
432 2315 641 2355 coronam
670 2313 725 2355 de
754 2313 902 2366 lapide
933 2326 1028 2366 pre-

198 2370 327 2411 tioso.

248 2421 297 2472 Y.
319 2426 476 2478 Magna
496 2432 565 2468 est
583 2427 722 2478 gloria
743 2428 834 2479 ejus
854 2427 897 2467 in
918 2427 1029 2469 salu·

198 2483 283 2523 tari
307 2488 396 2524 tuo.
439 2484 487 2536 K.
526 2483 725 2525 GlOriam
754 2489 797 2525 et
824 2497 1029 2535 magnum

198 2538 405 2581 decorem
425 2540 626 2592 impones
646 2553 779 2592 super
800 2553 909 2581 eum.

254 2595 381 2638 Pater
403 2602 563 2638 noster.

248 2653 494 2695 Absolutio.
526 2657 561 2694 A
590 2652 785 2694 vinculis.

248 2705 295 2756 Y.
328 2709 441 2751 Jube
471 2709 632 2751 domne
660 2709 934 2751 benedicere.

250 2767 410 2809 Bencd.
440 2767 703 2818 Evangelica
722 2767 867 2808 lectio.

1095 330 1248 371 Lectio
1273 332 1412 373 sancti
1431 332 1659 385 Evangelii
1682 334 1925 376 secundum

1311 405 1314 409 ’
1421 389 1597 431 Lucam.

1200 450 1348 491 Lectio
1372 453 1439 496 vii.
1601 456 1817 508 Cap.14.f.

1139 526 1166 552 n
1192 512 1267 554 illo
1293 515 1509 567 tempore:
1537 515 1659 557 Dixit
1683 517 1811 558 Jesus
1834 519 1922 556 tur-

1164 568 1248 610 bis:
1275 570 1319 611 Si
1341 571 1439 623 quis
1460 572 1579 614 venit
1597 572 1654 614 ad
1672 586 1753 623 me,
1771 578 1816 615 et
1834 586 1921 614 non

1091 625 1184 667 odit
1211 631 1383 681 patrem
1411 641 1555 679 suum,
1583 634 1628 670 et
1649 634 1852 680 matrem,
1879 633 1923 671 et

1090 684 1285 733 uxorem,
1313 690 1358 725 et
1377 684 1502 734 filios,
1532 690 1576 727 et
1595 685 1763 735 fratres,
1791 691 1836 728 et
1854 699 1921 728 so·

1090 740 1231 789 mres,
1278 740 1422 782 adhuc
1463 746 1610 783 autem
1646 746 1690 784 et
1732 743 1922 784 animam

1090 808 1229 846 suam,
1260 810 1349 838 non
1367 803 1517 851 potest
1535 811 1659 840 meus
1680 812 1776 841 esse
1795 799 1921 841 disci·

1088 852 1229 904 pulus.
1266 854 1323 896 Et
1343 855 1524 908 reliqua.

1183 931 1373 974 Homilia
1392 933 1431 974 S.
1453 933 1658 985 Greg6rii
1677 933 1824 987 Papae.

1250 996 1391 1030 Homil.
1410 996 1460 1030 37.
1480 997 1517 1030 in
1535 996 1759 1040 Evangelia.

1152 1054 1203 1111 Ἵί
1227 1055 1573 1106 consideremus,
1608 1056 1766 1098 fratres
1790 1058 1919 1097 caris-

1089 1057 1186 1197 &
1216 1111 1333 1162 simi,
1377 1125 1476 1164 quae
1518 1117 1562 1154 et
1601 1118 1764 1166 quanta
1806 1117 1919 1163 sunt,

1159 1171 1185 1197 Α
1212 1180 1311 1220 quae
1348 1168 1476 1210 nobis
1518 1170 1835 1222 promittuntur
1875 1169 1919 1210 in

1087 1224 1223 1274 coefis,
1248 1224 1465 1266 vilescunt
1484 1226 1631 1267 animo
1652 1226 1799 1268 omnia
1821 1239 1919 1278 quae

1086 1280 1304 1323 habentur
1329 1282 1374 1323 in
1399 1283 1539 1324 terris.
1580 1283 1777 1324 Terrena
1801 1295 1918 1324 nam-

1087 1351 1171 1390 que
1206 1338 1450 1380 substantia
1483 1341 1686 1392 supernae
1722 1339 1919 1381 felicitati

1086 1398 1358 1448 comparata,
1387 1396 1564 1449 pondus
1593 1402 1674 1446 est,
1703 1409 1791 1438 non
1819 1395 1917 1438 sub-

1086 1451 1255 1494 sidium.
1309 1453 1589 1506 Temporalis
1617 1453 1707 1495 vita
1740 1455 1918 1495 aeternae

1084 1509 1186 1550 vitae
1216 1512 1489 1562 comparata,
1525 1523 1646 1552 mors
1675 1515 1743 1552 est
1769 1510 1918 1563 p6tius

1084 1565 1271 1607 dicenda
1314 1579 1444 1619 quam
1487 1567 1585 1608 vita.
1658 1567 1762 1620 Ipse
1803 1567 1918 1609 enim

1085 1622 1367 1674 quotidianus
1395 1623 1593 1665 defectus
1622 1623 1917 1677 corruptionis

1085 1679 1191 1731 quid
1233 1685 1299 1721 est
1348 1680 1485 1731 aliud,
1541 1694 1672 1733 quam
1714 1679 1917 1733 quaedam

1082 1736 1312 1788 prolixitas
1331 1735 1509 1778 mortis?
1546 1738 1655 1788 Quae
1675 1741 1821 1779 autem
1839 1735 1916 1778 lin-

1083 1805 1168 1844 gua
1188 1792 1345 1843 dicere,
1374 1793 1444 1835 vel
1464 1794 1562 1846 quis
1581 1793 1828 1835 intellectus
1847 1795 1916 1834 ca-

1083 1862 1189 1902 pere
1207 1850 1380 1900 sstfficit,
1408 1849 1482 1891 illa
1502 1852 1706 1903 supernae
1726 1849 1916 1891 civitatis

1084 1911 1247 1958 quanta
1289 1908 1375 1948 sint
1416 1907 1595 1959 gandia3
1645 1906 1917 1959 Angelorum

1084 1962 1230 2004 choris
1256 1964 1487 2014 interesse,
1525 1977 1625 2005 cum
1651 1963 1916 2010 beatissimis

1084 2020 1309 2073 spiritibus
1340 2021 1494 2072 gloriae
1531 2020 1774 2063 conditoris
1810 2021 1914 2061 assi-

1084 2082 1210 2127 stere,
1239 2080 1507 2131 praesentem
1523 2077 1607 2119 Dei
1628 2076 1798 2119 vultum
1826 2077 1915 2118 cer-

1082 2147 1201 2184 nere,
1230 2134 1654 2187 incircumscriptum
1683 2133 1828 2175 lumen
1856 2133 1915 2174 vi-

1083 2189 1203 2241 dere,
1231 2190 1351 2232 nullo
1375 2191 1531 2233 mortis
1556 2194 1676 2232 metu
1695 2189 1826 2239 affici,
1854 2190 1914 2230 in-

1083 2247 1378 2300 corruptionis
1397 2249 1624 2300 perpetuae
1643 2249 1823 2287 munere
1843 2245 1914 2287 lae-

1082 2302 1190 2346 tari?

1134 2367 1183 2419 R.
1224 2365 1399 2406 Corona
1439 2367 1574 2406 aurea
1610 2376 1742 2416 super
1781 2368 1915 2416 caput

1083 2423 1189 2474 ejus,
1205 2424 1226 2446 ¹⁸¹
1260 2421 1483 2474 Expressa
1507 2421 1631 2471 signo
1658 2420 1913 2470 sanctitatis,

1081 2479 1222 2530 gloria
1236 2477 1428 2527 honeris
1444 2482 1488 2519 et
1503 2490 1615 2530 opus
1636 2476 1915 2519 fortitudinis.

1082 2532 1130 2583 W.
1151 2535 1368 2586 Quoniam
1387 2534 1641 2587 praevenisti
1662 2547 1760 2575 eum
1780 2534 1823 2575 in
1841 2533 1914 2575 be·

1082 2590 1404 2634 nedicti6nibus
1433 2590 1692 2640 dulcedinis,
1727 2589 1915 2644 posuisti

1083 2650 1126 2690 in
1154 2649 1299 2702 capite
1326 2648 1417 2699 ejus
1446 2649 1655 2688 coronam
1683 2646 1738 2689 de
1767 2645 1914 2700 lapide

1082 2705 1290 2759 pretioso.
1318 2704 1550 2757 Expressa.

1132 2764 1293 2806 Bened.
1324 2766 1458 2817 cujus
1478 2765 1637 2806 festum
1657 2764 1853 2806 eclimus.
