2040 2990
698 203 741 237 In
766 203 910 238 Octava
933 206 988 238 Ss.
1011 204 1283 238 Innocentium.

181 294 412 338 Exclamat
431 308 579 337 amens
597 297 762 338 nuntio:

233 352 470 393 Successor
488 352 628 402 instat,
647 352 861 405 pellimur:

231 407 422 456 Satelles,
440 409 464 459 i,
483 409 644 450 ferrum
663 422 784 462 rape:

232 464 450 506 Perfunde
470 478 602 507 cunas
621 466 839 516 sanguine.

178 542 296 595 Quid
314 543 488 595 proficit
506 547 674 584 tantum
691 543 834 585 nefas?

235 599 349 649 Quid
368 599 530 641 crimen
548 599 772 641 Herodem
788 599 926 652 juvat?

233 656 354 697 Unus
371 660 439 697 tot
456 655 569 699 inter
585 656 735 698 funera

232 714 416 765 Impune
436 711 633 754 Christus
652 712 827 754 tollitur.

183 792 206 832 J
208 803 295 838 esu,
314 789 395 832 tibi
414 790 469 831 sit
486 789 635 840 gloria,

233 847 318 897 Qui
335 851 462 888 natus
482 859 528 888 es
548 846 602 888 de
621 847 813 898 Virgine,

233 903 341 944 Cum
358 903 500 952 Patre,
520 908 563 944 et
583 903 696 944 almo
716 905 879 957 Spiritu

231 961 282 1001 In
300 960 563 1013 sempiterna
580 961 749 1001 saecula.
777 962 927 1002 Amen.

201 1047 303 1089 Ant,
335 1046 478 1081 Psalmi
508 1052 544 1081 ct
572 1042 654 1089 VV.
680 1048 788 1083 Noct.
819 1060 970 1083 sumun-

150 1099 210 1130 tur
233 1096 279 1130 de
298 1095 440 1130 Comm.
462 1096 557 1139 plur.
574 1096 681 1131 Mart.
709 1097 788 1141 [36],
810 1102 970 1141 excepta

151 1144 320 1178 secunda
348 1144 505 1188 Antiph.
538 1145 601 1179 HI.
635 1145 743 1180 Noct.
779 1157 865 1189 qua:
898 1147 969 1181 dic.

149 1196 190 1226 ut
207 1192 305 1226 infra
323 1197 358 1227 et
376 1193 562 1227 omittitur
580 1194 629 1227 ix.
648 1195 844 1238 Respons„
863 1196 969 1238 cujus

153 1240 239 1275 loco
263 1241 401 1275 dicitur
420 1241 475 1275 Te
495 1240 618 1275 Deum
638 1241 849 1276 laudamus.

383 1323 432 1362 In
459 1324 489 1363 Ι.
517 1325 737 1364 Nocturno.

243 1393 312 1434 De
339 1392 538 1444 Epistola
566 1392 621 1433 ad
646 1393 881 1435 Romanos.

277 1460 429 1502 Lectio
449 1461 471 1501 i.
686 1462 787 1513 Cap.
804 1462 841 1501 5.

157 1542 196 1567 22
221 1527 469 1576 ustificati
487 1540 591 1578 ergo
615 1540 668 1569 ex
687 1527 791 1577 fide,
817 1540 971 1580 pacem

157 1589 191 1637 ‘5
218 1574 258 1651 ΞΕ
284 1582 520 1625 habeamus
543 1583 599 1626 ad
621 1584 763 1625 Deum
786 1597 865 1637 per
883 1585 970 1625 Do-

158 1651 169 1658 *
215 1651 218 1653 ’
239 1646 258 1658 ”
285 1640 449 1681 minum
469 1645 665 1682 nostrum
683 1641 708 1681 J
711 1654 832 1682 esum
853 1640 970 1682 Chri-

152 1701 280 1738 stum:
298 1709 377 1748 per
399 1709 528 1749 quem
547 1701 590 1738 et
604 1697 813 1739 habemus
829 1699 971 1738 acces-

152 1766 248 1794 sum
274 1765 353 1805 per
379 1753 514 1795 fidem
545 1754 588 1794 in
619 1754 804 1805 gratiam
828 1754 971 1804 istam,

150 1809 195 1850 in
214 1822 299 1862 qua
318 1814 493 1860 stamus,
516 1815 559 1852 et
577 1810 812 1861 gloriamur
830 1811 873 1851 in
892 1823 971 1863 spe

151 1865 302 1916 gloriae
333 1866 523 1908 filiorum
557 1867 649 1908 Dei.
696 1867 797 1908 Non
828 1867 971 1908 solum

150 1926 313 1972 autem,
339 1922 418 1964 sed
444 1927 487 1964 et
511 1923 746 1974 gloriamur
771 1923 814 1963 in
837 1922 970 1964 tribu-

150 1978 398 2020 lationibus:
433 1979 620 2021 scientes
649 1979 769 2032 quod
794 1978 968 2020 tribula-

150 2035 211 2076 tio
230 2036 486 2087 patientiam
512 2038 733 2089 operatur:
760 2035 970 2088 patientia

152 2096 297 2133 autem
321 2092 644 2144 probationem,
670 2091 874 2145 probatio
899 2104 968 2133 ve-

149 2160 199 2188 ro
219 2160 359 2200 spem,
387 2161 489 2201 spes
513 2153 658 2190 autem
680 2161 767 2190 non
792 2148 967 2189 confun-

151 2203 227 2245 dit:
254 2205 354 2256 quia
377 2205 535 2246 caritas
553 2205 637 2246 Dei
661 2203 818 2246 diffusa
836 2209 902 2246 est
924 2205 967 2245 in

151 2259 357 2302 cordibus
376 2261 537 2302 nostris
556 2274 636 2314 per
653 2261 859 2313 Spiritum
877 2274 968 2302 san-

150 2321 278 2366 ctum,
299 2317 373 2369 qui
392 2317 517 2358 datus
537 2322 603 2359 est
620 2317 757 2358 nobis.

200 2384 251 2436 Βι-
275 2386 457 2427 Centum
478 2385 763 2438 quadraginta
785 2387 968 2437 quatuor

149 2441 298 2491 millia,
324 2442 397 2494 qui
421 2443 554 2494 empti
578 2447 676 2483 sunt
696 2441 750 2483 de
769 2446 900 2490 terra,
925 2441 968 2481 hi

151 2501 250 2538 sunt
274 2498 348 2549 qui
372 2511 470 2539 cum
492 2497 744 2539 mulieribus
763 2510 851 2538 non
870 2501 969 2537 sunt

151 2553 430 2605 coinquinati:
456 2556 479 2581 *
503 2555 706 2605 Virgines
734 2554 847 2595 enim
873 2565 967 2605 per-

149 2610 410 2659 manserunt,
428 2610 529 2652 ideo
549 2614 730 2662 regnant
748 2623 846 2651 cum
860 2609 967 2657 Deo,

151 2669 194 2705 et
208 2665 359 2714 Agnus
374 2665 458 2707 Dei
477 2679 575 2708 cum
594 2666 688 2707 illis.
712 2663 762 2714 V.
776 2665 856 2706 Isti
871 2669 969 2705 sunt

1780 203 1845 239 241

1027 297 1162 346 tione,
1203 301 1246 338 et
1280 297 1477 338 laverunt
1507 298 1640 340 stolas
1672 312 1772 341 suas
1804 300 1846 341 in

1028 353 1234 404 sanguine
1254 353 1379 404 Agni.
1406 354 1619 405 Virgines.

1330 430 1479 469 Lectio
1508 431 1545 469 ii.

1116 493 1134 530 t
1161 488 1266 541 quid
1290 489 1403 530 enim
1422 489 1632 539 Christus,
1657 503 1755 531 cum
1774 492 1844 533 ad-

1119 545 1203 586 huc
1218 545 1376 586 infirmi
1388 547 1590 595 essemus,
1607 547 1844 588 secundum

1026 605 1198 654 tempus
1234 614 1316 654 pro
1351 602 1494 654 impiis
1529 604 1726 644 mortuus
1757 603 1844 645 est?

1026 658 1113 699 Vix
1141 658 1255 699 enim
1280 670 1361 710 pro
1384 659 1496 709 justo
1524 659 1619 710 quis
1646 660 1844 701 moritur:

1026 727 1126 754 nam
1144 727 1225 767 pro
1244 714 1362 755 bono
1377 714 1558 756 forsitan
1576 715 1671 767 quis
1688 716 1844 757 audeat

1025 771 1147 811 mori.
1198 770 1484 812 Commendat
1517 776 1660 812 autem
1693 773 1843 814 carita-

1025 832 1114 868 tem
1134 841 1256 869 suam
1274 828 1395 869 Deus
1414 828 1457 868 in
1475 827 1617 869 nobis:
1643 829 1844 880 quoniam

1027 897 1124 925 cum
1160 884 1301 925 adhuc
1343 887 1599 936 peccatores
1637 887 1844 934 essemus,

1026 940 1265 982 secundum
1308 946 1480 993 tempus
1523 941 1718 982 Christus
1762 955 1843 994 pro

1025 997 1151 1038 nobis
1187 999 1384 1038 mortuus
1421 1002 1503 1038 est:
1544 997 1681 1038 multo
1717 998 1845 1048 igitur

1024 1054 1161 1104 magis
1186 1067 1300 1095 nunc
1323 1053 1540 1105 justificati
1565 1054 1609 1094 in
1637 1055 1844 1104 sanguine

1024 1110 1176 1162 ipsius,
1220 1110 1328 1151 salvi
1374 1110 1532 1151 erimus
1576 1110 1630 1152 ab
1667 1111 1730 1151 ira
1765 1123 1843 1163 per

1023 1166 1177 1219 ipsum.

1077 1233 1126 1284 lt.
1155 1227 1244 1269 Sub
1270 1227 1406 1268 altare
1430 1227 1514 1268 Dei
1539 1227 1686 1268 audivi
1712 1240 1843 1268 voces

1024 1284 1269 1325 occisorum
1289 1283 1538 1325 dicentium:
1553 1291 1574 1313 *
1592 1285 1736 1333 Quare
1755 1297 1842 1325 non

1024 1340 1220 1382 defendis
1250 1340 1503 1391 sanguinem
1530 1338 1750 1381 nostrum?
1787 1340 1843 1382 Et

1023 1399 1284 1449 acceperunt
1328 1396 1519 1438 divinum
1566 1398 1843 1448 responsum:

1023 1453 1180 1494 Adhuc
1200 1454 1409 1494 sustinete
1423 1453 1644 1494 modicum
1658 1457 1842 1505 tempus,

1023 1509 1164 1551 donec
1186 1509 1418 1562 impleatur
1440 1512 1644 1550 numerus
1663 1509 1843 1550 fratrum

1023 1569 1278 1608 vestrorum.
1312 1563 1363 1615 V.
1382 1565 1487 1607 Vidi
1506 1565 1586 1607 sub
1606 1565 1742 1606 altare
1760 1565 1843 1607 Dei

1023 1624 1188 1664 animas
1207 1622 1535 1664 interfectorum
1554 1626 1735 1674 propter
1749 1634 1841 1663 ver-

1021 1679 1126 1721 bum
1150 1679 1249 1729 Dei,
1278 1683 1321 1720 et
1343 1683 1524 1730 propter
1547 1678 1842 1720 testimonium

1024 1735 1142 1788 quod
1160 1734 1389 1784 habebant,
1410 1740 1452 1776 et
1471 1734 1715 1776 clamabant
1733 1747 1841 1775 voce

1021 1805 1188 1843 magna,
1208 1791 1412 1833 dicentes.
1440 1791 1593 1841 Quare.

1319 1868 1468 1908 Lectio
1489 1868 1543 1907 iii.

1023 1929 1106 2035 Si
1124 1931 1237 1971 enim
1257 1943 1354 1971 cum
1372 1930 1533 1971 inimici
1553 1931 1757 1978 essemus
1775 1941 1838 1970 re-

1099 1986 1315 2028 conciliati
1340 1999 1487 2028 sumus
1505 1986 1602 2027 Deo
1626 1998 1704 2038 per
1727 1998 1838 2026 mor-

1020 2047 1109 2084 tem
1126 2042 1223 2083 Filii
1246 2043 1349 2094 ejus:
1374 2042 1510 2083 multo
1532 2042 1668 2093 magis
1691 2054 1838 2082 recon-

1023 2098 1169 2148 ciliati,
1197 2099 1305 2140 salvi
1330 2099 1488 2140 erimus
1514 2099 1558 2139 in
1580 2099 1670 2140 vita
1692 2098 1839 2150 ipsius.

1019 2155 1120 2196 Non
1146 2154 1287 2196 solum
1312 2161 1473 2197 autem:
1507 2154 1587 2196 sed
1617 2159 1660 2196 et
1685 2154 1838 2205 gloria-

1019 2224 1116 2252 mur
1132 2211 1177 2251 in
1191 2211 1287 2253 Deo
1302 2225 1381 2265 per
1393 2211 1630 2252 Dominum
1643 2214 1839 2251 nostrum

1019 2267 1044 2308 J
1047 2280 1167 2308 esum
1193 2267 1429 2318 Christum,
1464 2280 1544 2319 per
1571 2279 1700 2319 quem
1726 2278 1839 2306 nunc

1020 2323 1416 2366 reconciliationem
1442 2323 1700 2375 accepimus.
1736 2322 1837 2363 Pro-

1018 2381 1171 2432 pterea
1203 2381 1314 2422 sicut
1346 2393 1425 2433 per
1455 2393 1588 2421 unum
1619 2378 1837 2420 hominem

1019 2438 1248 2488 peccatum
1270 2437 1315 2477 in
1338 2436 1452 2477 hunc
1476 2434 1686 2476 mundum
1708 2434 1837 2475 intra-

1019 2492 1099 2542 vit,
1127 2497 1170 2534 et
1193 2505 1273 2545 per
1299 2494 1529 2545 peccatum
1546 2503 1681 2540 mors,
1710 2495 1753 2531 et
1777 2490 1837 2530 ita

1019 2548 1062 2588 in
1082 2561 1232 2590 omnes
1257 2548 1452 2590 homines
1475 2560 1593 2588 mors
1619 2547 1835 2599 pertrans-

1018 2604 1078 2655 iit,
1096 2605 1139 2645 in
1159 2617 1245 2656 quo
1265 2617 1415 2646 omnes
1433 2604 1734 2656 peccaverunt.

1071 2667 1121 2719 R.
1136 2664 1444 2706 Adoraverunt
1457 2664 1675 2705 viventem
1694 2662 1738 2701 in
1757 2662 1833 2700 sae-

150 2721 223 2774 qui
259 2723 470 2764 venerunt
509 2735 562 2765 ex
600 2735 757 2774 magna
791 2720 965 2763 tribula·
989 2705 1002 2777 Ι
1019 2721 1115 2762 cula
1139 2720 1414 2770 saeculorum,
1434 2727 1456 2751 *
1473 2719 1693 2760 Mittentes
1713 2717 1833 2758 coro-
