2040 2990
556 187 607 220 26.
636 187 868 220 Decembris.

482 282 634 324 Lectio
654 283 694 322 ii.

248 351 266 386 t
301 345 466 397 placuit
502 359 648 388 sermo
686 360 836 388 coram
873 348 992 389 omni

257 401 550 444 multitudine.
582 402 639 444 Et
659 402 885 454 elegerunt
903 404 995 445 Ste-

164 457 368 509 phanum,
387 458 529 499 virum
547 459 726 511 plenum
740 459 828 501 fide
844 465 888 501 et
902 460 995 512 Spi-

163 514 248 554 ritu
269 519 440 563 sancto‚
467 519 512 555 et
530 514 801 568 Philippum,
827 521 872 557 et
890 516 995 557 Pro-

164 569 362 618 chorum,
396 575 441 612 et
466 570 749 621 Nicanorem,
778 577 822 613 et
849 571 995 613 Timo-

164 638 281 675 nem,
309 631 353 667 et
380 626 660 677 Parmenam,
690 633 735 669 et
761 627 996 669 Nicolaum

163 681 378 723 advenam
405 683 740 725 Antiochenum.
782 685 878 725 Hos
911 689 996 725 sta-

163 740 341 779 tuerunt
365 743 466 780 ante
490 741 779 792 conspectum
802 740 995 792 Aposto-

162 794 320 835 lOrum:
345 799 389 836 ct
409 797 586 837 orantes
606 796 911 849 imposuerunt
932 796 995 837 eis

163 863 329 891 manus.
356 851 414 892 Et
432 852 616 893 verbum
632 853 809 893 Domini
830 854 996 894 cresce-

163 906 258 955 bat,
298 912 341 948 et
377 907 752 960 multiplicabatur
788 912 996 950 numerus

165 962 480 1015 discipulorum
509 964 551 1004 in
579 965 823 1006 Jerusalem
853 964 997 1006 valde:

164 1019 301 1060 multa
322 1019 454 1060 etiam
473 1020 602 1062 turba
622 1021 903 1063 sacerdOtum
922 1021 996 1062 ob-

165 1074 339 1116 ediebat
353 1075 466 1117 fidei.
488 1076 735 1129 Stephanus
750 1083 896 1119 autem
906 1077 995 1130 ple—

165 1144 246 1171 nus
271 1132 411 1183 gratia
437 1137 481 1174 et
506 1132 781 1184 fortit1'1dine,
809 1133 997 1175 faciebat

164 1187 367 1239 prodigia
387 1194 430 1229 et
448 1189 572 1239 signa
589 1203 746 1241 magna
759 1191 803 1230 in
818 1190 997 1242 populo.

221 1262 270 1312 R.
295 1257 519 1299 Videbant
548 1271 701 1300 omnes
727 1259 997 1311 Stephanum

168 1314 241 1365 qui
270 1320 393 1355 erant
420 1314 465 1354 in
493 1315 691 1356 concilio.
720 1320 742 1342 *
771 1316 828 1356 Et
859 1316 995 1357 intue-

166 1369 326 1410 bantur
350 1370 518 1412 vultum
543 1372 634 1421 ejus
658 1377 884 1424 tamquam
908 1372 997 1413 vul-

166 1430 259 1466 tum
308 1426 467 1476 Angeli
517 1428 674 1469 stantis
724 1428 837 1469 inter
886 1428 998 1469 illos.

168 1480 217 1530 Y.
244 1482 404 1523 Plenus
432 1484 573 1533 gratia
596 1488 639 1525 et
661 1484 919 1526 fortitudine
938 1485 997 1525 fa·

167 1537 312 1579 ciebat
337 1538 539 1590 prodigia
565 1545 609 1581 et
633 1540 755 1591 signa
778 1554 935 1592 magna
954 1542 998 1582 in

167 1594 343 1646 pepulo.
379 1594 446 1636 Et.

470 1678 622 1718 Lectio
643 1678 698 1717 iii.

169 1737 500 1844 Surrexerunt
538 1749 685 1786 autem
728 1745 907 1797 quidam
944 1746 1000 1788 de

255 1800 495 1849 synagega,
530 1812 628 1851 quae
656 1801 907 1853 appellatur
930 1802 999 1843 Li-

168 1854 461 1905 bertinorum,
499 1861 544 1897 et
582 1856 917 1909 Cyrenensium,
954 1864 998 1900 et

168 1910 584 1962 Alexandrinorum,
635 1918 680 1954 et
726 1916 878 1955 eorum
924 1916 999 1967 qui

170 1970 294 2007 erant
322 1979 348 2007 a
366 1967 531 2017 Cilicia,
561 1974 605 2010 et
625 1970 747 2019 Asia,
776 1970 999 2023 disputan-

169 2026 237 2062 tes
257 2035 356 2063 cum
369 2023 609 2076 Stephano:
628 2030 672 2066 et
690 2038 777 2067 non
793 2029 1000 2079 peterant

170 2080 376 2120 resistere
395 2080 635 2132 sapientiae,
656 2086 700 2123 et
713 2082 905 2134 Spiritui,
925 2084 998 2136 qui

170 2133 445 2185 loquebatur.
472 2136 597 2178 Tunc
615 2138 925 2181 summiserunt
941 2141 1000 2181 vi-

171 2202 259 2239 ros,
286 2190 359 2241 qui
379 2190 577 2234 dicerent
595 2206 642 2234 se
661 2194 881 2237 audivisse
902 2208 1001 2237 eum

171 2245 389 2287 dicentem
435 2247 570 2289 verba
621 2249 908 2302 blasphemiae
956 2253 999 2293 in

170 2301 370 2354 Meysen,
401 2309 446 2345 et
473 2304 518 2344 in
546 2305 699 2346 Deum.
743 2307 1000 2350 Commove-

171 2363 272 2399 runt
291 2361 439 2411 itaque
458 2360 645 2412 plebem,
666 2367 710 2403 et
729 2364 937 2414 senioreS,
957 2370 1001 2406 et

170 2413 353 2455 scribas:
372 2420 416 2456 et
434 2419 746 2460 concurrentes
762 2422 1001 2471 rapuerunt

171 2483 287 2519 eum,
317 2475 369 2512 et'
383 2471 661 2515 adduxerunt
684 2474 727 2514 in
752 2476 1000 2527 concilium,

172 2531 215 2568 et
236 2529 484 2569 statuerunt
506 2528 642 2570 falsos
660 2535 814 2580 testes,
844 2532 917 2584 qui
941 2532 1000 2574 di-

172 2588 335 2624 cerent:
354 2584 502 2626 Homo
518 2585 600 2626 iste
618 2598 705 2626 non
721 2593 866 2628 cessat
881 2588 1002 2640 loqui

170 2639 307 2736 {rerba
326 2639 538 2682 adversus
558 2642 703 2683 locum
723 2648 937 2694 sanctum,
959 2650 1002 2686 et

189 2708 324 2747 egem.

916 188 951 220 S.
977 187 1163 230 Stephani
1188 186 1500 231 Protomartyris.

1106 287 1157 339 Rz.
1169 284 1351 326 Intuens
1369 285 1413 326 in
1432 285 1594 328 coelum
1611 286 1769 328 beatus
1788 287 1879 328 Ste-

1049 338 1232 392 phanus,
1252 340 1364 383 vidit
1381 342 1568 392 gloriam
1585 343 1681 392 Dei,
1701 347 1745 385 et
1763 343 1839 385 ait:
1861 342 1885 367 *

1048 395 1165 437 Ecce
1191 395 1323 438 video
1348 397 1487 439 coelos
1514 400 1711 451 apertos,
1746 404 1790 441 et
1813 399 1880 440 Fi·

1049 451 1155 492 lium
1190 451 1382 494 heminis
1423 458 1612 496 stantem
1650 467 1677 496 a
1712 455 1880 497 dextris

1049 508 1226 550 virtutis
1249 509 1344 550 Dei.
1383 504 1434 557 V.
1455 510 1565 552 Cum
1591 515 1738 553 autem
1763 517 1881 553 esset

1048 563 1298 617 Stephanus
1330 566 1487 619 plenus
1517 568 1684 620 Spiritu
1717 573 1881 618 sancto,

1049 620 1280 663 intendens
1300 623 1344 663 in
1365 623 1542 672 coelum,
1566 623 1677 665 vidit
1694 623 1881 675 gloriam

1049 677 1151 726 Dei,
1189 682 1233 719 et
1266 678 1337 719 ait.
1383 679 1511 721 Ecce.
1565 680 1720 721 Gloria
1749 680 1882 722 Patri.

1050 732 1177 774 Ecce.

1287 805 1336 843 111
1355 804 1406 843 11.
1427 804 1651 843 Nocturno.

1070 872 1223 911 Sermo
1243 870 1384 910 sancti
1403 870 1620 921 Fulgentii
1640 871 1864 924 Episcopi.

1108 935 1226 969 Serm.
1252 934 1298 968 de
1324 934 1358 967 S.
1382 932 1592 976 Stephano,
1618 932 1720 966 circa
1744 931 1824 966 init.

1356 993 1509 1034 Lectio
1531 993 1584 1032 iv.

1056 1072 1063 1110 g<
1094 1061 1158 1105 (ξς
1167 1062 1170 1064 ’
1180 1056 1250 1096 eri
1262 1055 1580 1097 celebravimus
1591 1056 1883 1108 temporalem

1062 1138 1064 1142 v
1095 1133 1145 1156 m
1180 1133 1181 1137 =
1203 1112 1457 1164 sempiterni
1483 1112 1619 1163 Regis
1647 1113 1787 1153 nostri
1811 1125 1883 1153 na-

1093 1161 1159 1193 ffss-f'·
1202 1168 1350 1209 talem:
1369 1168 1501 1210 hedie
1517 1167 1792 1210 celebramus
1810 1169 1883 1210 tri-

1051 1224 1303 1277 umphalem
1321 1225 1472 1266 militis
1491 1225 1755 1277 passionem.
1775 1225 1884 1266 Heri

1052 1282 1167 1322 enim
1186 1281 1283 1322 Rex
1307 1286 1460 1322 noster
1482 1280 1637 1322 trabea
1660 1281 1804 1322 carnis
1822 1281 1883 1322 in-

1052 1337 1197 1387 datus,
1213 1337 1268 1379 de
1284 1337 1384 1378 aula
1397 1338 1512 1379 uteri
1526 1337 1749 1388 virginalis
1765 1338 1883 1388 egre-

1052 1393 1193 1443 diens,
1226 1394 1405 1435 visitare
1434 1394 1639 1444 dignatus
1668 1398 1735 1435 est
1762 1406 1883 1434 mun-

1052 1450 1171 1491 dum:
1200 1450 1333 1491 hedie
1361 1450 1486 1491 miles
1515 1449 1570 1491 de
1597 1449 1884 1491 tabernaculo

1052 1507 1253 1559 corporis
1286 1506 1454 1556 exiens,
1487 1505 1782 1558 triumphator
1809 1505 1886 1546 mi-

1051 1563 1196 1613 gravit
1214 1562 1271 1604 ad
1291 1563 1463 1604 coelum.
1495 1562 1576 1604 Ille
1601 1562 1884 1615 sempiternae

1052 1619 1242 1660 Deitatis
1259 1620 1489 1671 majestate
1509 1620 1700 1668 servata,
1725 1617 1884 1678 servile

1053 1671 1312 1712 cinct6rium
1356 1671 1501 1712 carnis
1546 1673 1794 1719 assumens,
1841 1683 1885 1710 m

1052 1726 1179 1778 hujus
1203 1727 1353 1769 saeculi
1379 1739 1584 1780 campum
1610 1729 1885 1779 pugnaturus

1053 1783 1248 1825 intravit:
1293 1783 1378 1825 iste
1417 1783 1632 1836 depositis
1672 1782 1885 1835 corrupti-

1053 1838 1215 1881 bilibus
1260 1840 1461 1893 cerporis
1505 1839 1787 1889 indumentis,
1828 1838 1885 1880 ad

1054 1896 1155 1937 coeli
1179 1896 1391 1949 palatium
1409 1896 1661 1949 perenniter
1684 1898 1885 1946 regnatu-

1054 1965 1128 1993 rus
1148 1952 1356 2007 ascendit,
1405 1953 1484 1994 Ille
1506 1951 1735 1994 descendit
1754 1963 1885 1992 carne

1054 2008 1239 2058 velatus,
1293 2010 1375 2051 iste
1428 2008 1627 2050 ascendit
1675 2007 1886 2059 sanguine

1054 2065 1286 2106 laureatus.

1107 2129 1156 2179 Κ.
1179 2125 1458 2178 Lapidabant
1476 2125 1748 2178 Stephanum
1766 2124 1886 2165 invo-

1057 2185 1230 2224 cantem
1252 2186 1295 2224 et
1316 2181 1548 2223 dicentem:
1566 2183 1588 2206 *
1611 2181 1799 2222 Demine
1818 2181 1842 2221 J
1846 2193 1885 2222 e-

1055 2252 1106 2280 su
1125 2238 1314 2288 Christe,
1334 2238 1486 2290 accipe
1504 2238 1706 2290 spiritum
1725 2249 1886 2278 meum:

1055 2301 1099 2337 et
1126 2308 1181 2336 ne
1210 2296 1378 2336 statuas
1410 2293 1496 2335 inis
1529 2293 1614 2335 hoc
1643 2295 1887 2345 peccatum.

1053 2349 1103 2401 V.
1124 2350 1286 2392 Positis
1307 2355 1453 2391 autem
1472 2349 1657 2400 genibus
1677 2348 1885 2390 clamavit

1055 2419 1164 2449 voce
1183 2418 1352 2457 magna,
1372 2405 1534 2447 dicens.
1562 2404 1763 2446 Demine.

1366 2472 1518 2512 Lectio
1540 2486 1575 2512 v.

1054 2528 1305 2634 Ascendit
1315 2531 1398 2573 iste
1406 2530 1702 2583 lapidantibus
1709 2530 1886 2580 Judaeis,

1160 2588 1261 2640 quia
1284 2587 1357 2629 ille
1382 2587 1611 2629 descendit
1634 2586 1886 2628 laetantibus

1054 2644 1247 2696 Angelis.
1295 2643 1447 2686 G16ria
1478 2643 1522 2683 in
1555 2642 1741 2684 excelsis
1774 2643 1885 2692 De0,

1055 2702 1150 2744 heri
1168 2701 1307 2742 sancti
1322 2699 1480 2751 Angeli
1499 2699 1768 2742 exsultantes
1788 2711 1884 2741 can-
