2080 2990
677 235 887 267 Commune
915 234 1165 276 plurimorum
1194 233 1413 275 Martyrum.

186 332 374 372 animam
395 343 534 379 suam,
558 342 640 371 nec
664 330 822 381 juravit
844 330 887 370 in
912 329 1016 370 dolo

185 388 388 440 proximo
410 399 502 427 suo.

236 443 321 484 Hic
362 443 550 495 accipiet
593 442 946 484 benedictionem
992 454 1016 481 a

184 499 391 540 Domino:
406 500 429 524 *
446 504 490 540 et
508 498 855 540 misericordiam
874 510 899 537 a
919 498 1016 538 Deo

186 555 365 597 salutari
387 568 478 596 suo.

235 612 347 652 Haec
376 617 443 653 est
470 611 697 662 generatio
728 609 1016 662 quaerentium

185 680 301 716 eum,
338 669 361 693 *
400 668 689 720 quaerentium
739 666 896 707 faciem
933 665 1016 706 Dei

183 723 334 765 Jacob.

236 780 442 822 Attollite
488 785 642 832 portas
687 778 909 831 principes
947 791 1016 819 ve-

185 842 316 885 straS,
346 842 390 878 et
415 836 645 877 elevamini
670 840 813 887 portae
835 835 1017 890 aeterna-

184 892 263 934 les:
282 894 305 918 *
326 898 370 934 et
388 891 587 934 introibit
606 892 703 932 Rex
723 890 886 941 gloriae.

237 950 344 999 Quis
371 954 438 990 est
458 949 542 989 iste
562 948 656 988 Rex
677 945 854 997 gloriae?
879 947 902 971 *
929 946 1017 987 Do-

183 1006 326 1046 minus
358 1005 486 1046 fortis
519 1009 563 1045 et
594 1008 769 1056 potens:
801 1003 1017 1043 Dominus

184 1067 344 1114 potens
364 1062 407 1101 in
425 1060 591 1113 praelio.

237 1117 442 1159 Attollite
487 1121 641 1169 portas
687 1115 910 1168 principes
947 1127 1017 1156 ve-

185 1179 315 1223 stras,
345 1178 388 1215 et
413 1173 643 1214 elevamini
666 1176 810 1224 portae
835 1173 1018 1212 aeterna-

184 1230 263 1271 les:
282 1232 305 1257 *
325 1235 369 1271 et
388 1228 587 1270 introibit
607 1229 704 1270 Rex
723 1228 886 1278 gloriae.

238 1286 344 1336 Quis
371 1290 438 1327 est
462 1286 546 1326 iste
565 1285 663 1326 Rex
691 1282 867 1334 gloriae?
887 1284 910 1309 *
930 1284 1018 1324 Do-

184 1343 326 1383 minus
338 1342 550 1383 virtutum
560 1341 655 1393 ipse
668 1345 735 1382 est
746 1340 844 1381 Rex
852 1340 1016 1390 gloriae.

238 1405 337 1443 Ant.
372 1402 520 1443 Sancti
550 1402 624 1453 qui
653 1406 833 1454 sperant
859 1401 903 1441 in
930 1401 1018 1441 Do-

184 1460 319 1508 mino,
352 1458 578 1500 habebunt
605 1456 924 1506 fortitudinem,
953 1469 1019 1497 as-

186 1519 358 1556 sument
396 1527 563 1567 pennas
597 1519 645 1555 ut
680 1513 859 1565 equilae,
900 1512 1018 1554 vola-

185 1572 304 1621 bunt,
334 1577 377 1612 et
396 1584 483 1612 non
503 1570 718 1612 deficient.

240 1626 290 1676 Y.
316 1631 549 1672 Exsultent
574 1631 674 1682 justi
702 1630 745 1670 in
776 1631 1019 1682 conspectu

187 1688 281 1729 Dei.
310 1687 359 1739 Rg.
379 1688 435 1729 Et
455 1687 728 1728 delectentur
748 1687 792 1727 in
811 1686 975 1728 laetitia.

240 1749 367 1789 Pater
389 1752 550 1788 noster.

240 1808 485 1849 Absolutio.
516 1809 658 1859 Ipsius
678 1809 833 1859 pietas.

243 1865 290 1915 Y.
315 1867 427 1910 Jube
457 1867 628 1909 domne.

215 1925 375 1966 Bened.
404 1926 525 1965 Deus
543 1924 675 1965 Pater
696 1926 988 1976 omnipotens.

187 2006 342 2046 Sermo
370 2006 509 2047 sancti
537 2006 770 2056 Augustini
799 2005 1021 2058 Episcopi.

385 2072 501 2104 Serm.
519 2070 570 2104 47.
593 2070 638 2103 de
657 2070 819 2104 Sanctis.

492 2127 644 2167 Lectio
666 2127 718 2165 iv.

188 2189 198 2192 '⁷
220 2187 664 2246 ιχιιοῒίεεοιιηιᾳιιθ,
701 2187 859 2228 fratres
893 2189 1022 2228 caris-

191 2290 192 2293 *
217 2214 310 2306 &is
331 2243 443 2293 simi,
486 2245 738 2284 sanctorum
778 2244 1023 2295 Martyrum

196 2306 199 2315 ‘
231 2301 268 2318 χ’
332 2299 544 2340 solemnia
564 2299 849 2348 celebramus,
870 2300 942 2349 ita,
961 2300 1022 2352 ip-

190 2355 249 2396 sis
268 2354 650 2404 intercedentibus,
671 2357 978 2407 exspectemus
998 2369 1023 2397 a

190 2412 384 2452 Domino
412 2411 634 2463 consequi
656 2411 919 2463 temporalia
951 2411 1023 2453 be-

190 2467 357 2516 neficia,
373 2473 420 2509 ut
439 2467 561 2520 ipsos
577 2467 794 2519 Martyres
810 2467 1023 2509 imitando

191 2526 393 2576 accipere
434 2525 681 2564 mereamur
723 2525 898 2564 aeterna.
953 2523 1023 2564 Ab

191 2580 299 2633 ipsis
315 2580 429 2621 enim
450 2581 702 2620 sanctorum
718 2579 961 2630 Martyrum
981 2580 1024 2620 in

193 2636 375 2678 veritate
406 2636 691 2677 festivitatum
722 2634 882 2686 gaudia
916 2635 1024 2677 eele-

191 2692 390 2741 brentur‚
435 2692 509 2744 qui
546 2692 744 2743 ipsorum
782 2691 1025 2743 Martyrum

194 2748 394 2801 exempla
423 2751 675 2799 sequuntur.
716 2747 1026 2789 Solemnitates

1070 328 1184 369 enim
1198 327 1441 380 Martyrum
1457 329 1787 372 exhortationes
1803 335 1905 372 sunt

1068 384 1396 435 martyriorum:
1437 390 1485 426 ut
1521 385 1683 427 imitari
1722 400 1809 428 non
1842 389 1903 440 pi-

1069 446 1180 492 geat,
1213 440 1331 493 quod
1352 440 1578 483 celebrere
1600 441 1800 484 delectat.

1127 501 1176 552 R'·
1213 497 1360 538 Sancti
1392 497 1455 538 tui
1484 497 1674 539 Domine
1704 498 1904 540 mirebile

1070 553 1295 595 consecuti
1311 558 1411 594 sunt
1427 553 1519 604 iter,
1537 555 1779 596 servientes
1793 568 1904 608 prae-

1070 611 1209 663 ceptis
1235 610 1340 658 tuis,
1379 614 1426 650 ut
1453 609 1751 652 invenirentur
1778 610 1905 652 illaesi

1070 668 1112 707 in
1138 666 1263 718 aquis
1283 665 1455 706 validis:
1486 667 1508 691 *
1536 666 1675 707 Terra
1700 667 1906 720 apparuit

1071 722 1212 764 arida:
1250 727 1295 763 et
1327 722 1371 762 in
1398 721 1510 762 Mari
1542 722 1676 764 rubro
1709 723 1780 764 via
1813 723 1905 764 sine

1070 778 1396 832 impedimento.
1424 775 1472 826 ,Υ.
1491 779 1707 828 Quoniam
1728 783 1905 832 percus-

1071 836 1127 877 sit
1154 840 1342 888 petram,
1372 839 1415 875 et
1444 835 1663 876 fluxerunt
1691 848 1834 887 aquae,
1863 841 1907 877 et

1071 893 1291 933 torrentes
1311 889 1643 932 inundaverunt.
1671 892 1822 933 Terra.

1126 949 1287 990 Bencd.
1313 946 1513 988 Christus
1536 949 1776 1000 perpetuae.

1383 1004 1537 1045 Lectio
1558 1018 1594 1043 v.

1075 1058 1200 1165 Sed
1232 1075 1314 1103 nos
1346 1062 1549 1103 volumus
1581 1062 1774 1114 gaudere
1807 1075 1906 1104 cum

1159 1119 1337 1160 sanctis:
1355 1123 1399 1160 et
1413 1118 1741 1160 tribulationem
1756 1118 1908 1160 mundi

1071 1175 1274 1216 nolumus
1300 1176 1515 1217 sustinere
1541 1187 1640 1216 cum
1664 1175 1783 1227 ipsis.
1823 1175 1907 1225 Qui

1072 1232 1187 1273 enim
1215 1236 1392 1273 sanctos
1420 1231 1657 1283 Martyres,
1701 1231 1745 1272 in
1775 1244 1907 1283 quan-

1072 1293 1165 1329 tum
1186 1288 1398 1340 potuerit,
1426 1287 1589 1329 imitari
1608 1287 1816 1337 noluerit3
1851 1287 1909 1329 ad

1073 1346 1225 1386 eorum
1264 1343 1582 1386 beatitudinem
1618 1357 1707 1385 non
1743 1344 1908 1396 poterit

1072 1403 1315 1453 pervenire.
1356 1399 1444 1442 Sed
1469 1405 1512 1441 et
1532 1399 1695 1441 Paulus
1715 1399 1908 1452 Aposto-

1072 1456 1139 1497 lus
1168 1456 1394 1509 praedicat,
1423 1456 1590 1498 dicens:
1627 1456 1673 1497 Si
1700 1456 1908 1498 fuerimus

1073 1513 1180 1554 socii
1204 1514 1474 1565 passionum,
1510 1513 1671 1553 erimus
1691 1518 1735 1554 et
1755 1525 1908 1554 conso-

1072 1569 1294 1610 lationum.
1343 1569 1400 1611 Et
1435 1569 1652 1610 Dominus
1689 1569 1732 1609 in
1769 1569 1909 1610 Evan-

1072 1626 1202 1676 gelio:
1238 1626 1282 1667 Si
1302 1625 1491 1666 mundus
1511 1638 1592 1666 vos
1612 1624 1722 1674 odit,
1751 1625 1909 1666 scitote

1075 1682 1176 1734 quia
1208 1694 1279 1723 me
1311 1681 1506 1734 priorem
1538 1681 1665 1722 vobis
1699 1680 1803 1722 odio
1835 1680 1908 1722 ha-

1073 1738 1179 1779 buit.
1216 1738 1410 1779 Recusat
1430 1750 1527 1778 esse
1546 1737 1590 1777 in
1610 1739 1809 1789 corpore,
1835 1737 1910 1789 qui

1074 1793 1225 1835 odium
1248 1806 1337 1835 non
1357 1793 1450 1835 vult
1474 1793 1690 1834 sustinere
1715 1805 1815 1834 cum
1841 1795 1910 1834 ca-

1074 1850 1176 1902 pite.

1130 1911 1179 1961 Rg.
1219 1905 1420 1947 Verbera
1454 1904 1707 1946 carnificum
1738 1917 1827 1946 non
1860 1905 1910 1946 ti·

1073 1964 1278 2003 muerunt
1297 1962 1438 2003 sancti
1455 1961 1551 2011 Dei,
1569 1961 1807 2002 morientes
1826 1973 1909 2013 pro

1077 2018 1238 2060 Christi
1266 2018 1459 2059 nomine:
1490 2021 1514 2043 *
1547 2017 1607 2059 Ut
1634 2016 1835 2058 haeredes
1863 2016 1910 2057 fi-

1076 2079 1199 2116 erent
1224 2075 1267 2115 in
1294 2073 1428 2116 domo
1454 2074 1644 2115 Domini.
1679 2071 1728 2120 ,Υ.
1757 2072 1909 2115 Tradi-

1076 2131 1235 2172 derunt
1254 2133 1444 2183 corpora
1464 2143 1542 2171 sua
1562 2135 1746 2183 propter
1766 2129 1910 2171 Deum

1076 2187 1133 2229 ad
1154 2187 1380 2240 supplicia.
1408 2186 1479 2228 Ut.

1130 2243 1292 2285 Bened.
1322 2243 1474 2293 Ignem
1493 2242 1559 2283 sui
1580 2241 1755 2282 amoris.

1375 2298 1527 2339 Lectio
1549 2298 1602 2337 vi.

1078 2352 1205 2459 Sed
1225 2355 1331 2397 dicit
1350 2354 1523 2407 aliquis:
1557 2355 1614 2394 Et
1633 2354 1731 2405 quis
1751 2358 1818 2394 est
1838 2351 1911 2405 dui

1164 2412 1307 2464 possit
1328 2410 1559 2452 beatorum
1579 2410 1822 2462 Martyrum
1842 2423 1911 2451 ve-

1078 2468 1207 2518 stigia
1227 2465 1375 2519 sequi?
1411 2467 1526 2508 Huic
1546 2478 1629 2516 ego
1649 2465 1911 2518 respondeo,

1080 2524 1180 2576 quia
1195 2536 1283 2564 non
1297 2522 1439 2564 solum
1450 2522 1678 2574 Martyres
1690 2521 1770 2563 sed
1782 2522 1912 2563 etiam

1079 2581 1223 2632 ipsum
1248 2580 1487 2620 Dominum
1511 2591 1609 2619 cum
1633 2579 1771 2630 ipsius
1796 2577 1911 2629 adju-

1078 2637 1210 2686 torio,
1244 2636 1280 2676 si
1311 2635 1530 2683 volumus,
1557 2636 1794 2687 possumus
1821 2634 1912 2674 imi-

1079 2693 1174 2733 tari.
1210 2691 1328 2733 Audi
1349 2704 1437 2732 non
1456 2703 1537 2739 me,
1563 2690 1641 2731 sed
1662 2691 1806 2742 ipsum
1824 2689 1912 2730 Do-

1080 2749 1243 2790 minum
1263 2747 1411 2798 generi
1426 2746 1618 2787 humano
1635 2746 1912 2788 clamantem:
