2040 2990
778 197 883 231 Furia
910 204 1017 231 sextu
1046 198 1092 231 ud
1117 198 1318 241 vesperas.

253 302 304 340 l't
324 298 451 351 culpa
471 297 635 339 nullum
655 297 887 350 deprimat:

300 354 477 396 Nullum
497 353 648 395 efferat
665 354 884 405 jactantia:

298 411 416 452 Elisa
437 423 559 452 mens
580 424 634 452 ne
654 410 870 452 concidat:

298 468 425 509 Elata
444 480 567 508 mens
586 480 641 509 ne
659 469 845 508 corruat.

249 535 420 582 Praesta,
442 532 572 574 Pater
592 532 796 585 piissime,

298 590 504 641 Patrique
524 601 704 641 compar
724 588 871 638 Unice,

299 647 408 688 Cum
427 645 589 697 Spiritu
608 644 826 686 Paraclito

298 704 502 753 Regnans
520 714 600 754 per
619 714 746 743 omne
766 700 986 742 saeculum.

506 760 658 800 Amen.

247 812 293 863 Y.
314 817 538 868 Dirigatur
549 816 736 856 Domine
753 814 893 856 oratio
910 826 1018 855 mea.

194 875 243 925 Rv.
258 874 378 915 Sicut
390 874 614 915 incensum
625 872 668 912 in
680 873 920 924 conspectu
930 875 1019 912 tuo.

247 930 312 970 Ad
336 931 508 978 Magnis.
532 931 627 969 Ant.
660 930 743 969 Fac
761 928 881 969 Deus
901 928 924 951 ²⁸
943 940 1018 980 po-

194 986 373 1027 tentiam
401 987 443 1027 in
471 985 652 1027 brachio
686 990 777 1026 tuo:
814 983 1019 1037 disperde

195 1042 421 1095 superbos,
443 1047 487 1084 et
505 1042 649 1085 exalta
668 1041 866 1083 humiles.

248 1103 400 1141 I'rcccs,
433 1104 465 1138 si
498 1104 672 1138 dicendae
703 1106 792 1140 sint,
828 1105 1016 1138 habentui·

193 1162 309 1194 supra
335 1153 371 1185 in
397 1153 508 1196 Vesp.
532 1153 611 1187 Fer.
639 1153 681 1186 11.
708 1151 779 1186 112.

477 1238 483 1239 ν
511 1238 515 1239 ⁷
553 1224 658 1253 Q}-

265 1294 413 1335 Feria
435 1294 581 1336 sexta
601 1293 667 1335 ad
681 1293 944 1344 Vesperas.

248 1364 343 1402 Ant.
376 1363 422 1402 In
441 1362 691 1414 conspectu.

458 1424 654 1465 l'salmus
677 1426 758 1465 137.

311 1486 527 1528 onfitebor
550 1486 630 1528 tibi
648 1486 836 1527 Domine
860 1486 904 1527 in
922 1491 1017 1528 toto

228 1556 242 1592 &j
269 1538 303 1574 f}
328 1542 462 1584 corde
486 1556 601 1584 meo:
623 1543 646 1568 *
668 1543 874 1595 queniam
900 1542 1017 1584 audi-

213 1616 221 1620 ·
265 1596 274 1599 ⁴
328 1599 383 1640 sti
402 1598 535 1640 verba
555 1599 643 1640 oris
661 1599 757 1640 mei.

244 1656 294 1696 In
328 1657 569 1708 conspectu
601 1655 872 1706 Angelorum
906 1656 1018 1708 psal-

193 1712 278 1753 lam
313 1711 405 1753 tibi:
433 1713 457 1737 *
490 1711 685 1754 adorabo
718 1711 774 1754 ad
807 1712 1019 1765 templum

193 1773 391 1810 sanctum
418 1773 557 1819 tuum,
593 1773 637 1810 et
669 1768 913 1811 confitebor
944 1772 1017 1811 no-

192 1825 297 1866 mini
315 1830 403 1866 tuo.

244 1881 383 1934 Super
406 1881 706 1923 misericordia
730 1886 821 1931 tua,
850 1886 893 1923 et
911 1883 1018 1924 veri-

193 1939 283 1978 tate
319 1942 411 1978 tua:
438 1938 462 1963 *
491 1938 696 1990 quoniam
732 1938 1019 1989 magnificasti

194 2006 325 2046 super
345 2006 483 2043 omne,
501 2007 659 2035 nomen
674 1999 872 2036 sanctum
885 2000 1018 2037 tuum.

246 2050 295 2090 In
312 2053 585 2102 quacumque
599 2050 670 2092 die
685 2051 948 2094 invocavero
964 2057 1018 2103 te,

195 2105 355 2147 exaudi
378 2119 462 2148 me:
481 2107 503 2131 *
527 2106 837 2159 multiplicabis
862 2108 905 2149 in
930 2110 1017 2150 ani-

193 2175 264 2203 ma
283 2175 380 2204 mea
399 2163 613 2204 virtutem.

247 2218 544 2260 Confiteantur
563 2219 642 2261 tibi
660 2220 847 2262 Demine
867 2234 1018 2263 omnes

192 2287 319 2326 reges
347 2280 491 2316 terrae:
520 2276 542 2300 *
573 2276 674 2328 quia
710 2276 941 2319 audierunt
975 2281 1017 2319 ό-

192 2331 307 2385 mnia
327 2331 461 2373 verba
481 2331 570 2373 oris
589 2332 667 2373 tui:

246 2387 301 2428 Et
320 2393 495 2429 cantent
513 2388 556 2428 in
576 2388 657 2429 viis
672 2389 896 2430 Deminiz*
914 2393 1017 2442 quo-

193 2443 309 2484 niam
327 2457 485 2494 magna
505 2449 571 2486 est
589 2444 729 2495 gleria
749 2445 936 2486 Domini.

245 2500 461 2550 Quoniam
490 2500 688 2542 excelsus
712 2502 943 2552 Deminus,
976 2509 1019 2544 ct

194 2556 371 2597 humilia
395 2557 587 2609 respicit:
612 2558 635 2582 ¹⁸¹
660 2562 703 2599 et
727 2557 815 2599 alta
840 2571 865 2599 a
890 2558 1018 2609 longe

195 2613 433 2664 cognoscit.

244 2670 289 2710 Si
309 2669 591 2711 ambulavero
610 2670 654 2710 in
676 2670 823 2711 medio
842 2670 1017 2712 tribula-

193 2726 344 2776 tionis,
380 2726 620 2768 vivificabis
648 2740 732 2769 me:
760 2728 783 2753 *
812 2733 855 2769 et
887 2741 1018 2780 super

1073 295 1181 336 iram
1200 295 1474 336 inimicorum
1492 298 1691 337 meorum
1711 296 1902 339 extendi·

1074 352 1129 393 sti
1147 365 1323 393 manum
1341 356 1478 402 tuam,
1504 357 1548 394 et
1567 352 1736 394 salvum
1753 367 1824 396 me
1844 354 1902 396 fe-

1073 409 1132 449 cit
1151 408 1332 450 dextera
1350 414 1436 450 tua.

1125 465 1340 506 Dominus
1386 465 1599 507 retribuet
1640 479 1723 519 pro
1762 480 1847 510 me:
1878 468 1903 493 *

1073 522 1262 563 Demine
1280 521 1581 564 misericordia
1604 527 1680 564 tua
1702 524 1745 564 in
1767 525 1902 566 seecu-

1072 578 1180 619 lum:
1217 581 1353 631 opera
1388 581 1597 620 manuum
1637 582 1811 621 tuarum
1847 593 1902 622 ne

1073 634 1304 688 despicias.

1126 693 1223 732 Ant.
1266 693 1316 732 In
1353 694 1594 745 conspectu
1630 692 1902 744 Angelorum

1071 747 1257 800 psallam
1276 748 1354 790 tibi
1374 749 1495 790 Deus
1514 762 1648 791 meus.

1126 806 1222 846 Ant.
1252 806 1452 847 Domine.

1337 863 1533 903 Psalmus
1555 863 1640 902 138.

1162 919 1307 960 omine
1331 919 1532 972 probasti
1555 932 1642 970 me,
1670 924 1715 961 et
1741 932 1901 972 cogno-

1175 975 1275 1016 visti
1302 989 1388 1017 me:
1411 977 1435 1002 *
1460 981 1508 1017 tu
1538 977 1786 1028 cognovisti
1813 990 1901 1019 ses-

1072 1031 1241 1073 si6nem
1267 1045 1426 1083 meam,
1464 1037 1508 1074 et
1535 1033 1902 1076 resurrectionem

1071 1100 1224 1130 meam.

1122 1146 1382 1188 Intellexisti
1401 1146 1690 1198 cogitatienes
1705 1159 1826 1188 meas
1847 1146 1902 1190 de

1070 1201 1214 1253 longe:
1234 1204 1257 1229 *
1278 1203 1479 1245 semitam
1496 1215 1651 1253 meam,
1677 1208 1720 1246 et
1738 1203 1901 1246 funicu-

1070 1258 1160 1300 lum
1178 1273 1325 1301 meum
1343 1260 1628 1311 investigasti.

1121 1316 1181 1357 Et
1203 1329 1356 1359 omnes
1380 1317 1474 1359 vias
1498 1329 1620 1358 meas
1644 1316 1902 1370 praevidisti:

1071 1372 1094 1397 *
1107 1372 1208 1425 quia
1227 1386 1316 1415 non
1335 1378 1403 1415 est
1413 1386 1559 1415 sermo
1573 1373 1618 1414 in
1627 1373 1775 1425 lingua
1791 1387 1901 1416 mea.

1122 1429 1239 1471 Ecce
1272 1430 1461 1472 Domine
1492 1434 1542 1471 tu
1578 1430 1825 1482 cognovisti
1857 1433 1901 1472 ό-

1070 1486 1186 1527 mnia
1213 1487 1472 1537 novissima,
1509 1491 1553 1528 et
1580 1489 1776 1540 antiqua:
1802 1487 1827 1513 *
1854 1491 1902 1529 tu

1070 1542 1268 1585 formasti
1287 1557 1374 1594 me,
1403 1548 1447 1586 et
1468 1543 1656 1596 posuisti
1681 1556 1813 1597 super
1830 1557 1901 1586 me

1070 1612 1246 1641 manum
1263 1605 1396 1642 tuam.

1123 1656 1335 1698 Mirabilis
1367 1658 1483 1699 facta
1515 1662 1583 1700 est
1613 1657 1795 1699 scientia
1826 1662 1902 1700 tua

1071 1725 1126 1753 ex
1160 1726 1248 1755 me:
1278 1714 1301 1739 *
1333 1715 1581 1756 confortata
1619 1719 1697 1764 est,
1734 1719 1779 1756 et
1812 1728 1901 1757 non

1071 1771 1230 1821 petero
1250 1770 1307 1812 ad
1326 1784 1434 1813 eam.

1123 1826 1221 1876 Quo
1246 1826 1321 1869 ibo
1346 1841 1372 1869 a
1396 1828 1561 1881 spiritu·
1576 1827 1676 1869 tuo?
1696 1827 1720 1853 *
1743 1831 1787 1869 et
1812 1841 1899 1880 quo

1071 1895 1096 1923 a
1115 1882 1225 1925 facie
1244 1888 1319 1925 tua
1338 1884 1524 1936 fugiam?

1121 1939 1166 1980 Si
1191 1941 1433 1983 ascendero
1461 1942 1505 1982 in
1530 1941 1710 1991 coelum,
1737 1945 1786 1982 tu
1813 1940 1900 1982 illic

1072 2009 1134 2037 es:
1166 1996 1189 2022 *
1222 1997 1259 2038 si
1291 1997 1564 2040 descendero
1595 1998 1641 2039 in
1673 1997 1900 2048 infernum,

1071 2052 1188 2094 ades.

1122 2109 1167 2151 Si
1194 2111 1424 2162 sampsero
1453 2125 1621 2164 pennas
1644 2125 1765 2154 meas
1791 2111 1899 2154 dilu-

1071 2165 1187 2215 culo,
1215 2166 1238 2191 *
1268 2171 1311 2207 et
1338 2166 1596 2210 habitavero
1623 2169 1669 2210 in
1694 2169 1899 2211 extremis

1070 2222 1219 2269 maris:

1122 2279 1295 2320 Etenim
1319 2279 1421 2321 illuc
1439 2294 1594 2323 manus
1614 2286 1689 2323 tua
1710 2281 1900 2324 deducet

1070 2347 1155 2376 me:
1174 2335 1198 2360 *
1218 2340 1261 2376 et
1279 2336 1445 2378 tenebit
1462 2351 1533 2379 me
1553 2338 1735 2380 dextera
1753 2343 1838 2380 tua.

1122 2392 1179 2432 Et
1206 2391 1310 2432 dixi:
1346 2393 1549 2436 Forsitan
1576 2394 1771 2436 tenebrae
1799 2407 1898 2436 con·

1070 2447 1305 2489 culcabunt
1323 2462 1408 2490 me:
1427 2450 1450 2476 *
1470 2456 1514 2492 et
1532 2464 1621 2493 nox
1640 2451 1898 2492 illuminatio

1070 2517 1167 2546 mea
1186 2504 1229 2545 in
1249 2503 1417 2546 deliciis
1437 2508 1557 2549 meis.

1123 2561 1236 2611 Quia
1262 2561 1456 2603 tenebrae
1483 2577 1571 2605 non
1599 2563 1896 2607 obscurabun-

1070 2622 1140 2658 tur
1160 2630 1185 2658 a
1203 2621 1259 2667 te,
1277 2622 1322 2658 et
1339 2631 1428 2659 nox
1446 2620 1559 2661 sicut
1578 2621 1673 2664 dies
1687 2621 1897 2663 illumina-

1070 2673 1201 2715 bitur:
1225 2674 1248 2699 *
1274 2674 1387 2715 sicut
1413 2675 1607 2719 tenebrae
1635 2679 1742 2730 ejus,
1770 2678 1831 2720 ita
1855 2682 1898 2719 et

1070 2729 1215 2772 lumen
1236 2730 1337 2782 ejus.
