2080 2990
197 211 247 255 [8]

197 315 270 350 aut
286 308 390 361 quid
405 308 656 360 loquamini:
667 313 687 333 ⁸
706 307 893 349 Dabitur
909 307 1022 348 enim

786 216 995 247 Commune
1023 212 1310 255 Apostolorum.

1127 306 1358 348 Deduxisti
1373 320 1453 358 me,
1472 307 1572 360 quia
1586 307 1725 349 factus
1738 321 1784 349 es
1800 320 1901 360 spes

197 365 322 407 vobis
342 366 383 405 in
401 365 474 406 illa
494 364 618 415 hora,
648 364 753 417 quid
774 364 1022 416 loquamini.
1075 376 1189 404 mea:
1217 365 1240 390 *
1271 364 1402 405 turris
1434 363 1700 406 fortitudinis
1733 377 1758 406 a
1791 364 1901 406 facie

200 420 245 471 δ”.
273 422 373 463 Non
402 422 515 463 enim
543 434 623 462 vos
652 422 756 463 estis
786 421 856 473 qui
887 420 1022 471 loqui-

195 479 313 519 mini:
333 478 412 519 sed
426 479 613 531 Spiritus
627 478 768 519 Patris
785 477 928 527 vestri,
950 476 1022 528 qui

195 535 388 587 lequitur
406 535 449 575 in
470 534 605 576 vobis.
637 534 835 575 Dabitur.
872 533 1022 574 Gloria

195 592 324 633 Patri.
360 591 556 633 Dabitur.

425 664 472 702 In
501 663 550 701 II.
580 663 801 701 Nocturno.

252 733 347 770 Ant.
368 727 587 779 Principes
604 726 869 779 populorum
884 726 907 750 *
923 737 1022 766 con-

195 784 362 835 gregati
382 789 483 825 sunt
503 797 601 825 cum
621 783 718 824 Deo
738 781 973 823 Abraham.

468 853 660 894 psalmus
690 854 754 891 415.

224 925 287 970 Ἠν
313 927 434 955 mnes
468 913 632 955 Gentes
666 912 862 965 plaudite
890 912 1023 953 mani-

232 971 278 1020 is*
302 1000 307 1015 2
337 971 433 1012 bus:
461 971 483 995 *
516 969 693 1022 jubilate
712 969 809 1011 Deo
838 969 881 1009 in
914 981 1023 1010 voce

206 1019 301 1053 ³2?
338 1027 649 1069 exsultatienis.

249 1084 463 1135 Queniam
478 1083 691 1124 Deminus
708 1081 918 1130 excelsus⁷
939 1086 1023 1123 ter-

195 1141 347 1183 ribilis:
358 1142 381 1166 *
393 1141 489 1182 Rex
507 1152 689 1190 magnus
705 1151 837 1191 super
850 1150 1023 1179 omnem

195 1203 369 1240 terram.

248 1254 439 1306 Subjecit
452 1253 642 1306 pepulos
657 1252 799 1294 nobis:
812 1251 835 1277 *
848 1256 891 1293 et
911 1251 1023 1292 Gen-

195 1316 263 1353 tes
291 1310 371 1352 sub
400 1309 586 1363 pedibus
614 1309 787 1351 nostris.

250 1367 393 1418 Elegit
411 1366 538 1408 nobis
561 1365 865 1408 haereditatem
886 1378 1024 1406 suam:

197 1425 219 1449 *
248 1424 441 1477 speciem
467 1422 616 1472 Jacob,
646 1435 775 1475 quam
805 1421 966 1463 dilexit.

250 1479 462 1521 Ascendit
476 1480 597 1521 Deus
612 1480 656 1520 in
672 1478 820 1531 j1'1bi10:
837 1479 859 1504 *
878 1483 921 1520 et
937 1478 1024 1519 De-

197 1537 338 1578 minus
365 1537 410 1577 in
436 1549 546 1577 voce
573 1535 703 1577 tubae.

248 1592 428 1634 Psallite
455 1592 552 1633 Deo
585 1597 752 1641 nostro,
785 1591 974 1644 psallite:
1002 1592 1025 1617 *

198 1649 372 1702 psallite
400 1649 512 1699 Regi
539 1653 703 1697 nostro,
730 1647 915 1700 psallite.

252 1705 467 1756 Queniam
482 1705 580 1746 Rex
594 1704 733 1745 omnis
748 1709 878 1746 terrae
891 1704 1026 1746 Deus:

199 1764 222 1789 *
251 1761 427 1816 psallite
451 1761 683 1814 sapienter.

252 1818 472 1870 Regnabit
499 1818 620 1859 Deus
649 1830 781 1870 super
802 1817 984 1859 Gentes:
1003 1818 1027 1842 *

200 1877 320 1918 Deus
345 1874 470 1917 sedet
493 1887 625 1927 super
654 1873 806 1916 sedem
831 1878 1027 1915 sanctam

201 1946 335 1975 suam.

251 1989 478 2042 Principes
493 1987 759 2041 popularum
774 1987 1029 2037 congregati

202 2051 302 2087 sunt
338 2058 436 2087 cum
467 2045 565 2086 Deo
598 2043 838 2086 Abraham:
870 2044 894 2069 *
924 2045 1028 2096 que-

202 2102 317 2143 niam
338 2101 397 2143 dii
420 2101 556 2142 fortes
580 2106 722 2150 terrae,
746 2100 1029 2143 vehementer

204 2158 361 2200 elevati
390 2162 500 2199 sunt.

260 2225 355 2264 Ant.
388 2223 607 2276 Principes
637 2223 902 2275 popularum
930 2236 1029 2265 con-

203 2280 370 2332 gregati
393 2284 494 2321 sunt
513 2293 612 2321 cum
631 2279 727 2320 Deo
750 2278 985 2321 Abraham.

259 2344 354 2383 Ant.
393 2340 564 2382 Dedisti
596 2339 899 2382 haereditatem
931 2341 954 2366 *
981 2341 1030 2382 ti-

204 2397 421 2439 mentibus
440 2409 599 2438 nomen
618 2401 741 2438 tuum
760 2397 958 2439 Demine.

469 2462 664 2502 psalmus
693 2464 764 2501 60.

206 2514 422 2620 Exaudi
441 2519 561 2561 Deus
577 2518 934 2572 deprecaticnem
952 2532 1032 2561 me·

308 2589 394 2618 am:
422 2578 445 2603 *
473 2575 649 2617 intende
680 2575 865 2617 orationi
892 2588 1014 2617 meae.

257 2635 298 2674 A
324 2632 483 2674 finibus
515 2638 645 2674 terrae
673 2631 730 2673 ad
756 2637 801 2673 te
833 2631 1032 2673 clamavi:

206 2692 229 2717 *
264 2689 368 2731 dum
401 2689 648 2731 anxiaretur
682 2701 759 2730 cor
792 2701 953 2738 meum,
989 2689 1031 2729 in

205 2751 331 2801 petra
359 2745 559 2788 exaltasti
586 2758 668 2787 me.

1075 432 1245 461 immlcl.

1128 475 1388 517 Inhabitabo
1424 476 1468 517 in
1503 475 1787 518 tabernaCulo
1823 483 1900 518 tuo

1076 533 1118 573 in
1135 533 1311 574 saecula:
1331 535 1354 559 *
1371 535 1579 586 pretegar
1597 533 1639 574 in
1656 533 1901 575 velamento

1076 589 1243 630 alarum
1269 591 1454 630 tuarum.

1128 646 1344 696 Quoniam
1377 650 1425 687 tu
1458 646 1579 688 Deus
1616 659 1740 688 meus
1775 658 1902 687 exau-

1076 702 1177 744 disti
1188 703 1431 744 oratienem
1441 716 1599 744 meam:
1613 705 1637 730 *
1649 701 1808 744 dedisti
1817 701 1903 744 hae-

1076 758 1307 801 reditatem
1323 759 1575 801 timentibus
1594 772 1754 801 nomen
1770 763 1904 800 tuum.

1127 816 1233 857 Dies
1269 829 1401 868 super
1435 815 1528 858 dies
1565 816 1680 867 regis
1713 815 1904 867 adjicies:

1076 874 1099 899 *
1127 885 1264 914 annos
1293 873 1383 924 ejus
1403 886 1542 925 usque
1570 873 1614 913 in
1642 871 1758 914 diem
1778 884 1904 923 gene-

1076 929 1254 970 ratienis
1283 934 1326 970 et
1353 929 1657 980 generatienis.

1127 986 1359 1027 Permanet
1398 986 1441 1026 in
1477 988 1689 1027 aeternum
1724 985 1767 1025 in
1805 997 1904 1026 con-

1076 1044 1232 1095 spectu
1271 1042 1370 1083 Dei:
1413 1044 1436 1070 *
1477 1040 1821 1083 misericerdiam
1863 1045 1907 1082 et

1075 1099 1305 1140 veritatem
1333 1099 1423 1150 ejus
1453 1099 1549 1151 quis
1577 1097 1792 1150 requiret?

1128 1155 1199 1196 Sic
1226 1154 1443 1208 psalmum
1471 1154 1614 1197 dicam
1638 1154 1802 1196 nemini
1829 1158 1905 1196 tuo

1076 1212 1119 1252 in
1152 1211 1362 1253 saeculum
1398 1211 1562 1253 saeculi:
1589 1214 1614 1238 ¹⁸¹
1641 1215 1689 1252 ut
1725 1209 1907 1252 reddam

1077 1273 1180 1310 vota
1206 1281 1304 1310 mea
1332 1268 1387 1310 de
1416 1268 1486 1310 die
1513 1268 1557 1309 in
1585 1267 1712 1309 diem.

1134 1338 1166 1377 Α
1174 1344 1229 1378 nt.
1249 1333 1420 1376 Dedisti
1435 1333 1741 1375 haereditatem
1755 1332 1905 1373 timen-

1077 1390 1194 1433 tibus
1213 1404 1373 1433 nomen
1392 1396 1515 1432 tuum
1534 1390 1733 1431 Demine.

1135 1459 1167 1497 Α
1176 1464 1231 1498 nt.
1246 1457 1621 1498 Annuntiaverunt
1631 1456 1655 1480 *
1667 1457 1802 1507 Opera
1813 1453 1906 1503 Dei,

1079 1518 1122 1555 et
1141 1513 1256 1555 facta
1274 1514 1364 1564 ejus
1383 1512 1702 1554 intellexerunt.

1356 1606 1551 1646 l'salmus
1573 1606 1637 1646 63.

1082 1667 1293 1773 Exaudi
1330 1671 1452 1712 Deus
1489 1671 1731 1711 orationem
1764 1682 1907 1711 meam

1175 1740 1274 1768 cum
1303 1726 1530 1779 deprecor:
1558 1727 1581 1752 *
1610 1739 1635 1767 a
1662 1726 1819 1768 timere
1846 1725 1907 1766 in-

1078 1784 1194 1825 imici
1215 1784 1335 1836 eripe
1355 1784 1543 1824 animam
1561 1795 1716 1825 meam.

1131 1840 1368 1882 Protexisti
1394 1852 1466 1881 me
1494 1852 1520 1880 a
1548 1841 1765 1881 conventu
1788 1838 1907 1879 mali-

1080 1897 1319 1948 gnantium:
1338 1897 1361 1922 *
1381 1909 1406 1937 a
1429 1895 1706 1938 multitudine
1725 1897 1908 1948 operan-

1080 1954 1188 1995 tium
1205 1953 1490 2006 iniquitatem.

1135 2010 1246 2060 Quia
1265 2011 1532 2051 exacuerunt
1554 2013 1603 2050 ut
1620 2007 1814 2059 gladium
1830 2006 1908 2048 lin-

1082 2079 1190 2118 guas
1230 2079 1345 2107 suas:
1381 2066 1404 2092 *
1440 2065 1727 2107 intenderunt>
1759 2075 1907 2105 arcum

1082 2136 1174 2165 rem
1202 2125 1414 2172 amaram,
1448 2127 1497 2164 ut
1528 2123 1735 2172 sagittent
1765 2120 1808 2161 in
1837 2133 1907 2161 oc-

1083 2180 1211 2221 cultis
1237 2178 1574 2220 immaculatum.

1134 2235 1287 2278 S1'1bito
1313 2234 1581 2286 sagittabunt
1604 2246 1720 2283 eum,
1754 2238 1797 2275 et
1820 2246 1909 2274 non

1082 2291 1315 2335 timebunt:
1343 2292 1366 2317 *
1394 2291 1677 2332 firmaverunt
1708 2289 1790 2332 sibi
1822 2302 1908 2331 ser-

1082 2351 1257 2390 menem
1275 2359 1474 2400 nequam.

1134 2405 1432 2447 Narraverunt
1451 2408 1499 2444 ut
1514 2402 1836 2444 abscenderent
1850 2402 1908 2443 la-

1085 2474 1236 2515 queos:
1246 2461 1269 2487 *
1280 2459 1495 2502 dixerunt:
1511 2459 1616 2509 Quis
1631 2457 1797 2500 videbit
1808 2457 1908 2500 eos?

1134 2517 1322 2560 Scrutati
1344 2520 1444 2557 sunt
1466 2515 1731 2567 iniquitates:
1751 2516 1774 2540 *
1794 2514 1909 2556 defe-

1084 2577 1235 2617 cerunt
1254 2575 1506 2614 scrutantes
1518 2571 1737 2613 scrutinio.

1136 2629 1331 2672 Accedet
1357 2628 1490 2670 homo
1519 2627 1575 2669 ad
1603 2641 1680 2669 cor
1707 2628 1857 2669 altum:
1885 2628 1908 2653 *

1085 2693 1128 2730 et
1148 2685 1409 2729 exaltabitur
1427 2685 1559 2726 Deus.

1135 2745 1313 2796 Sagittae
1341 2741 1621 2795 parvularum
1654 2741 1782 2783 factae
1809 2745 1910 2782 sunt
