2040 2990
785 198 826 232 In
851 199 1064 233 Nativitate
1086 199 1251 233 Domini.

219 295 436 349 Quoniam
467 295 607 346 gloria
638 296 812 337 virtutis
846 299 998 338 eorum

165 354 214 391 tu
233 363 295 391 es:
314 350 338 375 *
358 355 403 391 et
422 351 466 391 in
484 351 765 404 beneplacito
786 357 863 394 tuo
884 352 997 394 exal-

165 405 331 447 tabitur
350 419 486 448 cornu
505 413 715 449 nostrum.

219 466 331 516 Quia
354 467 533 508 Domini
561 473 628 509 est
653 469 898 521 assumptio
922 482 997 510 no—

166 526 271 563 stra:
290 523 315 549 *
335 527 379 564 et
398 525 538 565 sancti
555 524 694 565 Israel
712 525 828 576 regis
847 526 997 566 nostri.

217 583 344 624 Tunc
367 583 541 626 locutus
568 598 616 626 es
639 585 684 625 in
709 584 877 626 visione
903 598 996 626 san-

166 639 247 680 ctis
266 640 370 690 tuis,
390 645 434 681 et
453 640 616 682 dixisti:
632 641 657 667 *
675 641 812 682 Posui
831 641 995 692 adjuto-

164 695 277 736 rium
306 696 351 736 in
382 697 582 749 potente:
615 702 659 739 et
692 696 883 738 exaltavi
915 698 996 738 ele-

166 755 286 792 ctum
305 751 360 793 de
378 751 510 804 plebe
528 766 638 794 mea.

217 811 371 853 Inveni
396 813 544 854 David
575 826 751 855 servum
783 827 944 855 meum:
972 814 996 839 *

166 866 266 909 ό160
285 873 439 910 sancto
458 882 558 911 meo
578 871 683 911 unxi
704 883 814 911 eum.

216 927 373 970 Manus
394 929 509 970 enim
526 943 626 971 mea
644 930 924 972 auxiliabitur
943 930 995 971 ei:

164 983 189 1009 *
217 988 261 1025 et
291 984 522 1026 brachium
554 999 701 1027 meum
730 985 997 1030 confortabit

165 1052 276 1082 eum.

215 1099 336 1142 Nihil
359 1102 563 1155 proficiet
587 1103 788 1144 inimicus
813 1102 858 1143 in
881 1115 953 1152 eo,
972 1103 995 1127 *

165 1161 209 1198 et
244 1157 360 1199 filius
396 1158 639 1210 iniquitatis
676 1171 765 1200 non
801 1161 996 1211 apponet

162 1225 324 1254 nocere
344 1226 395 1255 e1.

214 1274 273 1315 Et
301 1274 531 1316 concidam
559 1288 585 1316 a
611 1275 723 1317 facie
753 1275 891 1327 ipsius
918 1275 994 1316 ini-

162 1331 301 1371 micos
331 1331 436 1382 ejus:
464 1331 488 1356 *
516 1335 561 1372 et
594 1330 794 1373 odientes
824 1344 925 1390 eum
951 1331 995 1371 in

162 1385 311 1437 fugam
330 1388 597 1428 convertam.

214 1446 272 1487 Et
295 1447 458 1489 veritas
482 1460 598 1497 mea,
625 1451 668 1489 et
690 1447 995 1488 misericordia

162 1515 261 1544 mea
280 1515 380 1544 cum
397 1503 511 1556 ipso:
530 1503 554 1529 *
575 1508 619 1544 et
635 1503 681 1544 in
698 1504 874 1544 nomine
893 1516 993 1545 meo

163 1558 429 1600 exaltabitur
447 1572 586 1601 cornu
604 1559 707 1611 ejus.

214 1619 271 1660 Et
295 1631 460 1672 ponam
484 1620 529 1660 in
551 1620 664 1661 mari
687 1633 865 1660 manum
889 1621 994 1672 ejus:

162 1674 187 1700 *
206 1679 250 1716 et
267 1675 312 1715 in
331 1675 583 1717 fluminibus
603 1675 831 1717 dexteram
850 1677 951 1727 ejus.

213 1735 317 1788 Ipse
343 1735 566 1778 invocabit
592 1749 677 1777 me:
708 1737 842 1778 Pater
868 1749 994 1778 meus

163 1803 210 1832 es
237 1796 300 1833 tu:
325 1791 349 1818 *
373 1792 496 1833 Deus
522 1805 662 1842 meus,
692 1797 735 1833 et
762 1794 994 1844 susceptor

163 1846 316 1889 salutis
334 1860 461 1889 meae:

214 1907 273 1948 Et
295 1920 377 1959 ego
401 1908 742 1961 primogenitum
764 1921 928 1960 ponam
946 1908 992 1948 il-

162 1963 253 2005 lum
267 1963 291 1990 *
307 1964 529 2006 excelsum
547 1977 641 2016 prae
660 1963 837 2014 regibus
851 1969 993 2005 terrae.

214 2025 266 2064 In
292 2026 505 2066 aeternum
531 2024 718 2066 servabo
741 2024 804 2064 illi
828 2024 992 2065 miseri-

164 2080 362 2121 cordiam
383 2093 541 2122 meam:
565 2081 590 2106 *
615 2085 659 2122 et
682 2082 994 2121 testamcutum

163 2149 310 2177 meum
327 2136 458 2178 fidele
476 2137 572 2188 ipsi.

215 2192 272 2233 Et
286 2205 449 2245 ponam
467 2193 512 2233 in
531 2192 741 2233 saeculum
761 2192 910 2233 saeculi
929 2205 992 2234 se-

163 2260 265 2288 men
289 2249 394 2300 ejus:
417 2250 441 2276 *
465 2253 509 2290 et
533 2248 741 2290 thronum
765 2249 856 2300 ejus
881 2249 994 2289 sicut

165 2302 260 2344 dies
280 2304 393 2345 coeli.

216 2359 263 2400 Si
288 2365 435 2401 autem
461 2360 776 2411 dereliquerint
800 2360 879 2400 filii
903 2361 993 2412 ejus

165 2414 309 2466 legem
334 2429 494 2457 meam:
512 2417 535 2442 *
557 2421 600 2457 et
623 2416 667 2456 in
691 2416 860 2467 judiciis
885 2416 993 2458 meis

165 2482 253 2511 non
271 2471 605 2513 ambulaverint:

217 2526 262 2567 Si
288 2527 475 2578 justitias
501 2540 623 2569 meas
650 2528 993 2580 profanaverint:

166 2581 189 2606 *
219 2586 261 2622 et
292 2583 501 2625 mandata
531 2597 631 2625 mea
660 2596 750 2625 non
778 2583 994 2624 custodie-

165 2637 268 2678 rint:

217 2691 421 2735 Visitabo
443 2694 488 2735 in
505 2695 629 2746 virga
650 2695 904 2747 iniquitates
925 2695 1001 2735 eo-'

322 2834 386 2859 Pars
402 2834 536 2859 Hiemalis.

1050 309 1161 337 rum:
1194 297 1218 321 *
1251 301 1294 337 et
1330 297 1374 337 in
1405 298 1661 340 verberibus
1697 303 1882 352 peccata

1052 365 1215 393 eorum.

1101 413 1453 454 Misericordiam
1472 419 1620 456 autem
1633 430 1774 458 meam
1792 431 1879 459 non

1051 468 1302 520 dispergam
1327 469 1382 510 ab
1408 483 1476 511 eo:
1494 471 1518 496 *
1537 484 1680 523 neque
1707 473 1879 515 nocebo

1050 524 1094 564 in
1112 525 1297 566 veritate
1316 538 1429 566 mea:

1101 584 1259 636 Neque
1292 586 1535 637 profanabo
1569 591 1880 630 testamentum

1049 653 1212 681 meum:
1230 642 1255 666 *
1275 646 1319 682 et
1344 654 1443 693 quae
1468 644 1714 695 procedunt
1740 646 1794 686 de
1820 646 1878 686 la-

1048 696 1133 737 biis
1152 697 1273 747 meis,
1291 711 1380 739 non
1397 698 1556 739 faciam
1574 700 1706 741 irrita.

1101 757 1245 799 Semel
1271 759 1410 809 juravi
1438 759 1482 799 in
1510 765 1663 802 sancto
1692 774 1807 812 meo,
1843 763 1879 802 si

1049 813 1194 854 David
1213 814 1413 855 mentiar:
1432 815 1456 841 *
1476 828 1626 857 semen
1650 817 1740 868 ejus
1759 818 1802 857 in
1823 831 1876 858 ae-

1048 870 1223 910 ternum
1241 870 1445 912 manebit.

1100 929 1157 970 Et
1179 929 1363 971 thronus
1388 932 1478 983 ejus
1498 933 1611 974 sicut
1629 933 1696 974 sol
1714 933 1758 974 in
1778 947 1876 975 con·
1926 950 1927 953 ¹

1049 987 1206 1037 spectu
1224 999 1343 1037 meo⁷
1362 988 1386 1013 *
1407 992 1451 1028 et
1477 988 1590 1030 sicut
1614 989 1717 1030 luna
1739 990 1877 1042 perfe-

1050 1045 1120 1082 cta
1144 1042 1189 1082 in
1214 1045 1442 1084 aeternum:
1477 1049 1520 1086 et
1544 1045 1669 1086 testis
1694 1046 1739 1085 in
1764 1046 1878 1087 coelo

1048 1097 1202 1138 fidelis.

1101 1158 1171 1199 Tu
1195 1171 1300 1201 vero
1326 1161 1535 1213 repulisti
1552 1165 1595 1202 et
1621 1161 1878 1214 despexisti:

1048 1213 1072 1239 *
1092 1213 1299 1256 distulisti
1318 1216 1528 1257 christum
1546 1221 1679 1257 tuum.

1100 1276 1311 1317 Evertisti
1333 1279 1644 1318 testamentum
1667 1278 1783 1319 servi
1800 1278 1877 1319 tui:

1048 1330 1072 1356 *
1095 1331 1340 1383 profanasti
1367 1333 1410 1373 in
1438 1338 1555 1374 terra
1582 1334 1877 1375 sanctuarium

1049 1400 1151 1438 ejus.

1098 1448 1367 1490 Destruxisti
1392 1461 1544 1490 omnes
1571 1462 1700 1502 sepes
1727 1451 1833 1502 ejus:
1852 1451 1876 1476 *

1046 1504 1234 1555 posuisti
1260 1504 1583 1547 firmamentum
1612 1507 1702 1557 ejus
1731 1506 1876 1547 formi-

1048 1559 1205 1601 dinem.

1098 1620 1385 1672 Diripuerunt
1417 1634 1517 1663 eum
1555 1635 1706 1664 omnes
1737 1628 1874 1664 trans-

1048 1679 1201 1717 euntes
1234 1677 1364 1717 viam:
1390 1678 1415 1703 *
1442 1678 1583 1719 factus
1615 1683 1683 1719 est
1715 1682 1874 1731 oppro-

1045 1731 1190 1773 brium
1208 1732 1362 1773 vicinis
1382 1733 1482 1774 suis.

1098 1792 1315 1833 Exaltasti
1360 1793 1584 1834 dexteram
1630 1794 1873 1844 deprimen-

1045 1847 1155 1888 tium
1178 1860 1292 1889 eum:
1317 1848 1340 1873 *
1364 1848 1598 1890 laetificasti
1623 1861 1773 1890 omnes
1798 1849 1874 1889 ini-

1045 1905 1184 1944 micos
1205 1904 1306 1954 ejus.

1097 1963 1310 2004 Avertisti
1333 1963 1596 2014 adiutorium
1614 1964 1748 2015 gladii
1768 1966 1873 2016 ejus:

1045 2019 1069 2045 *
1087 2023 1131 2060 et
1149 2031 1236 2060 non
1258 2031 1304 2059 es
1324 2019 1555 2061 auxiliatus
1576 2020 1615 2061 ei
1632 2021 1676 2060 in
1694 2020 1823 2062 bello.

1096 2079 1365 2120 Destruxisti
1394 2092 1493 2121 eum
1521 2080 1575 2121 ab
1605 2080 1873 2122 emundatio-

1045 2147 1114 2175 ne:
1130 2135 1154 2160 *
1175 2139 1218 2176 et
1241 2134 1393 2176 sedem
1418 2136 1507 2187 ejus
1531 2136 1575 2176 in
1598 2141 1763 2177 terram
1788 2135 1873 2177 col-

1045 2190 1183 2231 lisisti.

1096 2250 1326 2295 Minorasti
1354 2251 1448 2292 dies
1474 2251 1687 2303 temporis
1719 2252 1823 2302 ejus:
1850 2252 1874 2277 *

1045 2305 1277 2358 perfudisti
1297 2319 1395 2347 eum
1415 2307 1680 2348 confusione.

1098 2361 1341 2413 Usquequo
1360 2362 1549 2403 Domine
1574 2362 1734 2403 avertis
1758 2361 1802 2402 in
1828 2362 1874 2401 fi-

1045 2430 1160 2458 nem:
1184 2418 1208 2444 *
1236 2417 1493 2459 exardescet
1525 2418 1636 2458 sicut
1666 2417 1778 2467 ignis
1809 2417 1873 2457 ira

1046 2472 1145 2513 tua?

1097 2528 1344 2582 Memorare
1370 2541 1468 2580 quae
1493 2541 1591 2570 mea
1616 2527 1872 2570 substantia:

1047 2583 1071 2608 *
1089 2583 1303 2635 numquid
1330 2585 1444 2624 enim
1464 2593 1580 2625 vvane
1609 2582 1870 2625 constituisti

1048 2651 1200 2679 omnes
1219 2639 1334 2679 filios
1353 2638 1599 2680 hominum?

1100 2695 1207 2743 Quis
1227 2699 1294 2735 est
1311 2695 1454 2745 homo,
1477 2696 1552 2746 qui
1570 2695 1698 2743 vivet,
1723 2698 1766 2734 et
1784 2705 1872 2734 non

1626 2823 1666 2853 13
