2040 2990
773 194 943 229 Sabbato
970 195 1019 229 ad
1042 195 1204 229 Laudes.

186 287 274 330 Sed
315 291 499 339 propter
539 285 648 326 iram
687 284 963 326 inimicorum

138 343 304 386 distuli:
322 343 345 368 *
364 355 419 384 ne
448 343 560 384 forte
589 341 868 394 superbirent
886 340 963 383 ho-

137 405 228 442 stes
250 401 413 451 eorum,

187 457 246 498 Et
275 455 488 498 dicerent:
523 454 679 496 Manus
712 460 866 498 nostra
894 469 963 498 ex-

138 513 271 564 celsa,
293 517 336 554 et
354 525 443 554 non
463 511 688 563 Dominus,
708 513 732 538 ¹⁸¹
749 513 852 554 fecit
867 513 964 554 haec

138 583 293 611 omnia.

190 626 310 668 Gens
325 626 493 678 absque
508 624 693 667 consilio
711 629 789 677 est,
809 629 853 667 et
870 625 964 667 sine

138 683 384 737 prudentia.
411 683 435 709 *
463 682 641 724 Utinam
669 683 891 734 saperent,
921 686 964 723 et

139 740 449 792 intelligerent,
479 751 531 780 ac
558 739 797 780 novissima
819 739 964 791 provi-

140 799 306 841 derent.

192 852 426 905 Quomodo
440 854 733 905 persequatur
747 865 858 894 unus
872 851 964 892 mil-

138 912 190 962 le,
206 911 230 937 *
250 914 293 952 et
314 909 402 951 duo
424 909 575 961 fugent
596 908 749 951 decem
768 907 925 950 millia?

189 967 349 1010 Nonne
363 966 477 1016 ideo,
496 966 598 1018 quia
607 967 728 1008 Deus
745 979 848 1007 suus
865 967 964 1007 ven-

141 1024 263 1110 didit}
282 1036 373 1074 eos,
392 1024 415 1050 *
440 1027 484 1065 et
504 1023 720 1065 Dominus
749 1022 966 1065 conclusit

139 1081 258 1123 illos.

190 1137 294 1180 Non
315 1136 430 1178 enim
449 1140 518 1178 est
531 1136 653 1178 Deus
671 1140 822 1178 noster
840 1140 889 1178 ut
905 1136 966 1178 dii

142 1196 309 1237 eorum:
327 1193 351 1219 *
372 1197 416 1235 et
440 1193 603 1234 inimici
623 1193 764 1234 nostri
783 1197 885 1234 sunt
908 1194 966 1246 ju-

142 1251 274 1293 dices.

191 1308 260 1349 De
279 1308 407 1348 vinea
426 1305 733 1356 Sodomorum,
750 1307 878 1348 vinea
897 1308 966 1347 eo-

140 1378 247 1415 rum,
257 1364 282 1390 *
293 1369 337 1405 et
352 1362 407 1405 de
422 1362 684 1404 suburbanis
692 1362 967 1404 Gomorrhae:

186 1421 283 1462 Uva
311 1421 464 1461 eorum
490 1432 577 1460 uva
595 1419 725 1469 fellis,
744 1419 769 1446 *
789 1424 832 1461 et
850 1418 967 1461 botri

142 1475 413 1518 amarissimi.

193 1533 271 1575 Fel
287 1532 528 1574 draconum
542 1532 691 1574 vinum
708 1533 870 1583 eorum,
884 1533 908 1558 *
924 1536 967 1574 et

142 1591 358 1632 venenum
379 1588 583 1642 aspidum
599 1588 852 1631 insanabile.

193 1646 352 1689 Nonne
385 1645 482 1688 haec
515 1644 694 1687 condita
721 1651 823 1687 sunt
850 1646 968 1699 apud

142 1715 224 1753 me,
241 1703 265 1729 *
281 1707 325 1744 et
342 1702 514 1754 signata
532 1702 577 1743 in
597 1701 817 1744 thesauris
835 1701 967 1744 meis?

194 1759 294 1801 Mea
317 1764 384 1801 est
406 1758 533 1809 ultio,
563 1763 607 1800 et
626 1771 708 1810 ego
728 1759 969 1802 retribuam

143 1817 187 1857 in
206 1818 419 1868 tempore,
428 1815 453 1841 *
463 1819 512 1857 ut
525 1814 699 1857 labatur
711 1828 791 1868 pes
803 1818 969 1858 eorum:

195 1872 327 1914 Juxta
355 1876 422 1914 est
449 1870 543 1913 dies
567 1871 846 1924 perditionis,
873 1872 898 1899 *
926 1876 970 1914 et

145 1928 301 1971 adesse
319 1929 528 1971 festinant
546 1930 757 1981 tempora.

195 1984 417 2028 Judicabit
434 1984 651 2026 Dominus
669 1984 883 2037 populum
901 1997 968 2026 su-

145 2055 229 2092 um,
247 2041 272 2068 ¹⁶¹
292 2041 398 2084 etin
417 2041 555 2083 servis
572 2041 662 2082 suis
675 2040 970 2085 miserebitur:

197 2098 379 2141 Videbit
408 2097 528 2150 quod
555 2097 774 2139 infirmata
800 2097 857 2139 sit
883 2110 970 2139 ma-

146 2168 237 2206 nus,
252 2154 277 2182 *
292 2159 336 2197 et
355 2154 492 2196 clausi
510 2166 687 2206 quoque
707 2153 969 2205 defecerunt,

145 2210 398 2264 residuique
417 2211 666 2264 consumpti
686 2215 796 2252 sunt.

197 2267 255 2309 Et
275 2267 409 2310 dicet:
436 2267 524 2309 Ubi
548 2271 650 2309 sunt
669 2266 731 2309 dii
751 2269 919 2317 eorum,
947 2268 970 2293 *

149 2324 193 2364 in
215 2323 374 2376 quibus
390 2323 613 2366 habebant
630 2323 858 2366 fiduciam?

198 2381 266 2422 De
281 2393 467 2433 quorum
477 2380 665 2422 victimis
681 2380 971 2422 comedebant

148 2436 322 2489 adipes,
340 2438 365 2463 *
384 2442 428 2479 et
454 2437 665 2479 bibebant
692 2437 840 2478 vinum
867 2437 970 2479 liba-

146 2506 328 2535 minum:

200 2549 406 2601 Surgant,
434 2554 478 2592 et
505 2549 774 2603 opitulentur
795 2550 930 2600 vobis,
947 2551 971 2577 *

150 2610 194 2647 et
211 2605 256 2646 in
274 2607 537 2649 necessitate
556 2619 636 2649 vos
655 2609 900 2660 protegant.

202 2661 365 2704 Videte
385 2663 505 2715 quod
525 2676 606 2715 ego
630 2664 711 2704 sim
731 2663 866 2712 solus,
884 2664 907 2688 *
928 2667 972 2704 et

150 2730 238 2759 non
260 2718 317 2760 sit
335 2718 447 2761 alius
464 2720 585 2762 Deus
603 2724 766 2773 praeter
784 2731 871 2761 me:

1770 189 1840 226 107

1065 283 1161 335 Ego
1192 283 1407 334 occidam,
1437 290 1480 326 et
1509 298 1589 337 ego
1615 287 1763 327 vivere
1781 286 1839 327 fa-

1015 341 1141 382 ciam:
1168 340 1430 393 percutiam,
1455 346 1498 383 et
1520 354 1601 394 ego
1622 342 1798 392 sanabo,
1816 343 1839 368 *

1016 402 1059 439 et
1076 410 1166 438 non
1186 401 1253 439 est
1273 397 1348 449 qui
1368 397 1423 439 de
1441 411 1573 440 manu
1586 412 1683 440 mea
1696 399 1840 452 possit

1016 457 1179 496 eruere.

1066 510 1246 552 Levabo
1263 510 1319 552 ad
1330 510 1491 552 coelum
1501 523 1676 552 manum
1687 525 1839 563 meam,

1017 573 1060 610 et
1079 567 1238 609 dicam:
1256 567 1280 593 *
1299 567 1415 610 Vivo
1442 580 1524 619 ego
1548 568 1593 608 in
1617 571 1839 610 aeternum.

1067 624 1112 665 Si
1157 628 1317 666 acuero
1364 629 1413 666 ut
1457 624 1601 676 fulgur
1647 625 1839 676 gladium

1015 694 1177 731 meum,
1211 682 1235 707 *
1269 685 1313 723 et
1355 681 1590 734 arripuerit
1634 682 1839 734 judicium

1016 751 1170 779 manus
1189 750 1303 779 mea:

1068 794 1271 836 Reddam
1287 794 1499 836 ultionem
1511 794 1712 837 hostibus
1721 796 1840 846 meis,

1017 852 1040 877 *
1061 856 1104 893 et
1123 851 1191 892 his
1213 851 1287 904 qui
1308 851 1495 893 oderunt
1509 864 1579 893 me
1593 852 1841 894 retribuam.

1068 908 1304 950 Inebriabo
1325 910 1507 960 sagittas
1532 922 1651 950 meas
1672 911 1840 961 sangui-

1017 978 1087 1015 ne,
1119 965 1143 991 *
1176 970 1219 1007 et
1251 965 1423 1017 gladius
1456 978 1578 1007 meus
1612 965 1841 1007 devorabit

1018 1035 1183 1073 carnes,

1068 1079 1137 1120 De
1156 1081 1311 1121 cruore
1327 1078 1584 1129 occisorum,
1599 1078 1622 1104 *
1638 1083 1681 1121 et
1701 1079 1756 1121 de
1774 1092 1840 1120 ca-

1018 1136 1238 1188 ptivitate,
1275 1135 1429 1177 nudati
1460 1135 1735 1177 inimicorum
1774 1138 1840 1178 ca-

1018 1192 1133 1245 pitis.

1070 1249 1268 1296 Laudate
1285 1250 1450 1291 Gentes
1470 1249 1683 1302 populum
1704 1250 1804 1302 ejus,
1819 1250 1843 1275 *

1020 1318 1122 1358 quia
1142 1306 1396 1357 sanguinem
1416 1308 1642 1348 servorum
1665 1308 1843 1348 suorum

1019 1363 1271 1404 ulciscetur:

1070 1420 1128 1461 Et
1147 1419 1385 1461 vindictam
1405 1419 1618 1460 retribuet
1632 1419 1676 1459 in
1691 1419 1843 1461 hostes

1021 1478 1188 1526 eorum,
1220 1476 1244 1502 *
1278 1481 1322 1518 et
1350 1476 1568 1529 propitius
1602 1476 1683 1518 erit
1714 1480 1843 1518 terrae

1019 1533 1174 1586 populi
1193 1533 1270 1574 sui.

1073 1601 1173 1641 Ant.
1213 1601 1328 1640 Date
1366 1597 1711 1649 magnitudinem
1746 1598 1842 1639 Deo

1021 1659 1184 1697 nostro.

1076 1717 1175 1758 Ant.
1212 1717 1265 1756 In
1297 1714 1507 1768 cymbalis
1542 1715 1844 1756 benesonanti-

1020 1772 1104 1814 bus
1122 1773 1146 1799 *
1165 1772 1342 1814 laudate
1360 1772 1513 1812 Deum.

1073 1833 1140 1872 Ps.
1170 1831 1368 1874 Laudate
1387 1832 1502 1872 Dfim
1524 1830 1579 1873 de
1600 1831 1734 1873 coelis.
1762 1832 1817 1872 17.

1074 1902 1332 1953 Capitulum.
1532 1901 1656 1940 Rom.
1679 1902 1733 1939 13.
1753 1900 1791 1941 d.

1021 1958 1176 2065 Nox
1202 1962 1448 2015 praecessit,
1475 1961 1570 2004 dies
1598 1965 1744 2003 autem
1771 1974 1843 2014 ap—

1134 2019 1457 2072 propinquavit.
1490 2018 1757 2070 Abjiciamus
1782 2031 1843 2059 er-

1022 2088 1079 2127 go
1097 2077 1232 2128 opera
1245 2075 1535 2125 tenebrarum,
1556 2079 1599 2116 et
1614 2073 1843 2116 induamur

1023 2145 1144 2173 arma
1170 2131 1291 2173 lucis.
1343 2132 1464 2174 Sicut
1490 2132 1535 2172 in
1563 2131 1634 2173 die
1661 2131 1844 2172 honeste

1023 2188 1305 2231 ambulemus.

1335 2255 1543 2306 Hymnus.

1132 2315 1263 2355 urora
1280 2313 1372 2366 iam'
1384 2314 1551 2366 spargit
1569 2313 1734 2366 polum:

1178 2370 1328 2412 Terris
1348 2369 1442 2412 dies
1461 2369 1668 2412 illabitur.

1100 2427 1232 2468 Lucis
1254 2426 1438 2468 resultat
1459 2426 1690 2478 spiculum:

1100 2483 1312 2526 Discedat
1331 2495 1458 2525 omne
1477 2482 1701 2524 lubricum.

1049 2549 1316 2590 Phantasma
1332 2547 1475 2589 noctis
1496 2547 1678 2589 exsulet:

1099 2605 1259 2646 Mentis
1278 2606 1424 2646 reatus
1444 2605 1632 2645 corruat:

1102 2661 1326 2714 Quidquid
1344 2659 1536 2702 tenebris
1555 2658 1778 2700 horridum

1101 2719 1203 2759 Nox
1219 2717 1366 2760 attulit
1383 2716 1535 2769 culpae,
1554 2714 1693 2757 cadat.
