<?xml version="1.0" encoding="UTF-8"?>
<!DOCTYPE html PUBLIC "-//W3C//DTD XHTML 1.0 Transitional//EN"
    "http://www.w3.org/TR/xhtml1/DTD/xhtml1-transitional.dtd">
<html xmlns="http://www.w3.org/1999/xhtml" xml:lang="en" lang="en">
 <head>
  <title>
</title>
<meta http-equiv="Content-Type" content="text/html;charset=utf-8" />
  <meta name='ocr-system' content='tesseract 3.04.00' />
  <meta name='ocr-capabilities' content='ocr_page ocr_carea ocr_par ocr_line ocrx_word'/>
</head>
<body>
  <div class='ocr_page' id='page_1' title='image "./p1breviariumroma00cathuoft_0310.png"; bbox 0 0 2040 2990; ppageno 0'>
   <div class='ocr_carea' id='block_1_1' title="bbox 171 209 1266 253">
    <p class='ocr_par' dir='ltr' id='par_1_1' title="bbox 171 209 1266 253">
     <span class='ocr_line' id='line_1_1' title="bbox 171 209 1266 253; baseline -0.005 -6"><span class='ocrx_word' id='word_1_1' title='bbox 171 212 237 247; x_wconf 83' lang='lat'>256</span> <span class='ocrx_word' id='word_1_2' title='bbox 792 211 830 243; x_wconf 90' lang='lat' dir='ltr'>ln</span> <span class='ocrx_word' id='word_1_3' title='bbox 859 210 1076 253; x_wconf 73' lang='lat' dir='ltr'>Epiphania</span> <span class='ocrx_word' id='word_1_4' title='bbox 1103 209 1266 243; x_wconf 85' lang='lat' dir='ltr'>Domini.</span> 
     </span>
    </p>
   </div>
   <div class='ocr_carea' id='block_1_2' title="bbox 167 269 1881 286">
    <p class='ocr_par' dir='ltr' id='par_1_2' title="bbox 167 269 1881 286">
     <span class='ocr_line' id='line_1_2' title="bbox 167 269 1881 286; baseline 0 2704"><span class='ocrx_word' id='word_1_5' title='bbox 167 269 1881 286; x_wconf 95' lang='lat' dir='ltr'> </span> 
     </span>
    </p>
   </div>
   <div class='ocr_carea' id='block_1_3' title="bbox 127 309 999 1153">
    <p class='ocr_par' dir='ltr' id='par_1_3' title="bbox 171 309 999 420">
     <span class='ocr_line' id='line_1_3' title="bbox 226 309 999 361; baseline -0.004 -9"><span class='ocrx_word' id='word_1_6' title='bbox 226 315 323 353; x_wconf 75' lang='lat' dir='ltr'>Ant.</span> <span class='ocrx_word' id='word_1_7' title='bbox 342 311 498 352; x_wconf 80' lang='lat' dir='ltr'>Venite</span> <span class='ocrx_word' id='word_1_8' title='bbox 513 310 747 352; x_wconf 89' lang='lat' dir='ltr'>adoremus</span> <span class='ocrx_word' id='word_1_9' title='bbox 762 323 876 351; x_wconf 91' lang='lat' dir='ltr'>eum:</span> <span class='ocrx_word' id='word_1_10' title='bbox 897 309 999 361; x_wconf 86' lang='lat' dir='ltr'>quia</span> 
     </span>
     <span class='ocr_line' id='line_1_4' title="bbox 171 367 905 420; baseline -0.003 -11"><span class='ocrx_word' id='word_1_11' title='bbox 171 368 265 420; x_wconf 89' lang='lat' dir='ltr'>ipse</span> <span class='ocrx_word' id='word_1_12' title='bbox 286 373 353 409; x_wconf 88' lang='lat' dir='ltr'>est</span> <span class='ocrx_word' id='word_1_13' title='bbox 371 367 585 408; x_wconf 90' lang='lat' dir='ltr'>Dominus</span> <span class='ocrx_word' id='word_1_14' title='bbox 604 367 725 408; x_wconf 89' lang='lat' dir='ltr'>Deus</span> <span class='ocrx_word' id='word_1_15' title='bbox 744 371 905 407; x_wconf 92' lang='lat' dir='ltr'>noster.</span> 
     </span>
    </p>

    <p class='ocr_par' dir='ltr' id='par_1_4' title="bbox 169 422 998 578">
     <span class='ocr_line' id='line_1_5' title="bbox 223 422 998 475; baseline -0.004 -10"><span class='ocrx_word' id='word_1_16' title='bbox 223 423 520 475; x_wconf 80' lang='lat' dir='ltr'>Quadraginta</span> <span class='ocrx_word' id='word_1_17' title='bbox 556 423 679 464; x_wconf 88' lang='lat' dir='ltr'>annis</span> <span class='ocrx_word' id='word_1_18' title='bbox 715 422 906 465; x_wconf 86' lang='lat' dir='ltr'>offensus</span> <span class='ocrx_word' id='word_1_19' title='bbox 939 422 998 462; x_wconf 89' lang='lat' dir='ltr'>fui</span> 
     </span>
     <span class='ocr_line' id='line_1_6' title="bbox 169 479 998 531; baseline -0.002 -10"><span class='ocrx_word' id='word_1_20' title='bbox 169 480 441 530; x_wconf 89' lang='lat' dir='ltr'>generationi</span> <span class='ocrx_word' id='word_1_21' title='bbox 465 479 541 530; x_wconf 89' lang='lat' dir='ltr'>illi,</span> <span class='ocrx_word' id='word_1_22' title='bbox 567 481 590 506; x_wconf 87' lang='lat'>*</span> <span class='ocrx_word' id='word_1_23' title='bbox 618 485 661 521; x_wconf 91' lang='lat' dir='ltr'>et</span> <span class='ocrx_word' id='word_1_24' title='bbox 687 479 790 521; x_wconf 79' lang='lat' dir='ltr'>dixi:</span> <span class='ocrx_word' id='word_1_25' title='bbox 816 479 998 531; x_wconf 83' lang='lat' dir='ltr'><strong>Semper</strong></span> 
     </span>
     <span class='ocr_line' id='line_1_7' title="bbox 170 536 561 578; baseline 0.005 -2"><span class='ocrx_word' id='word_1_26' title='bbox 170 536 212 577; x_wconf 95' lang='lat' dir='ltr'>hi</span> <span class='ocrx_word' id='word_1_27' title='bbox 241 542 388 578; x_wconf 88' lang='lat' dir='ltr'>errant</span> <span class='ocrx_word' id='word_1_28' title='bbox 415 536 561 578; x_wconf 89' lang='lat' dir='ltr'>corde.</span> 
     </span>
    </p>

    <p class='ocr_par' dir='ltr' id='par_1_5' title="bbox 167 591 997 758">
     <span class='ocr_line' id='line_1_8' title="bbox 221 591 997 643; baseline -0.003 -10"><span class='ocrx_word' id='word_1_29' title='bbox 221 593 277 634; x_wconf 89' lang='lat' dir='ltr'>Et</span> <span class='ocrx_word' id='word_1_30' title='bbox 317 592 389 635; x_wconf 88' lang='lat' dir='ltr'>isti</span> <span class='ocrx_word' id='word_1_31' title='bbox 412 605 518 643; x_wconf 56' lang='lat' dir='ltr'>‚non</span> <span class='ocrx_word' id='word_1_32' title='bbox 563 594 862 643; x_wconf 86' lang='lat' dir='ltr'>cognoverunt</span> <span class='ocrx_word' id='word_1_33' title='bbox 904 591 997 632; x_wconf 89' lang='lat' dir='ltr'>vias</span> 
     </span>
     <span class='ocr_line' id='line_1_9' title="bbox 168 648 996 701; baseline -0.001 -12"><span class='ocrx_word' id='word_1_34' title='bbox 168 662 304 698; x_wconf 84' lang='lat' dir='ltr'>meas,</span> <span class='ocrx_word' id='word_1_35' title='bbox 328 655 375 691; x_wconf 94' lang='lat' dir='ltr'>ut</span> <span class='ocrx_word' id='word_1_36' title='bbox 394 650 531 701; x_wconf 75' lang='lat' dir='ltr'>juravi</span> <span class='ocrx_word' id='word_1_37' title='bbox 549 649 592 690; x_wconf 93' lang='lat' dir='ltr'>in</span> <span class='ocrx_word' id='word_1_38' title='bbox 611 649 675 689; x_wconf 86' lang='lat' dir='ltr'>ira</span> <span class='ocrx_word' id='word_1_39' title='bbox 694 661 806 690; x_wconf 89' lang='lat' dir='ltr'>mea:</span> <span class='ocrx_word' id='word_1_40' title='bbox 830 648 853 674; x_wconf 89' lang='lat'>*</span> <span class='ocrx_word' id='word_1_41' title='bbox 873 648 917 689; x_wconf 92' lang='lat' dir='ltr'>Si</span> <span class='ocrx_word' id='word_1_42' title='bbox 938 648 996 688; x_wconf 92' lang='lat' dir='ltr'>in-</span> 
     </span>
     <span class='ocr_line' id='line_1_10' title="bbox 167 706 840 758; baseline -0.003 -11"><span class='ocrx_word' id='word_1_43' title='bbox 167 706 364 748; x_wconf 86' lang='lat' dir='ltr'>troibunt</span> <span class='ocrx_word' id='word_1_44' title='bbox 391 706 435 746; x_wconf 91' lang='lat' dir='ltr'>in</span> <span class='ocrx_word' id='word_1_45' title='bbox 464 706 659 758; x_wconf 89' lang='lat' dir='ltr'>requiem</span> <span class='ocrx_word' id='word_1_46' title='bbox 686 717 840 746; x_wconf 89' lang='lat' dir='ltr'>meam.</span> 
     </span>
    </p>

    <p class='ocr_par' dir='ltr' id='par_1_6' title="bbox 167 770 997 881">
     <span class='ocr_line' id='line_1_11' title="bbox 225 770 997 822; baseline -0.001 -10"><span class='ocrx_word' id='word_1_47' title='bbox 225 774 322 813; x_wconf 75' lang='lat' dir='ltr'>Ant.</span> <span class='ocrx_word' id='word_1_48' title='bbox 341 773 494 812; x_wconf 83' lang='lat' dir='ltr'>Venite</span> <span class='ocrx_word' id='word_1_49' title='bbox 512 770 744 812; x_wconf 88' lang='lat' dir='ltr'>adoremus</span> <span class='ocrx_word' id='word_1_50' title='bbox 762 782 875 811; x_wconf 90' lang='lat' dir='ltr'>eum:</span> <span class='ocrx_word' id='word_1_51' title='bbox 897 771 997 822; x_wconf 88' lang='lat' dir='ltr'>quia</span> 
     </span>
     <span class='ocr_line' id='line_1_12' title="bbox 167 828 903 881; baseline -0.001 -13"><span class='ocrx_word' id='word_1_52' title='bbox 167 828 262 881; x_wconf 88' lang='lat' dir='ltr'>ipse</span> <span class='ocrx_word' id='word_1_53' title='bbox 283 832 349 869; x_wconf 88' lang='lat' dir='ltr'>est</span> <span class='ocrx_word' id='word_1_54' title='bbox 368 828 582 868; x_wconf 89' lang='lat' dir='ltr'>Dominus</span> <span class='ocrx_word' id='word_1_55' title='bbox 601 828 723 868; x_wconf 89' lang='lat' dir='ltr'>Deus</span> <span class='ocrx_word' id='word_1_56' title='bbox 743 831 903 868; x_wconf 88' lang='lat' dir='ltr'>noster.</span> 
     </span>
    </p>

    <p class='ocr_par' dir='ltr' id='par_1_7' title="bbox 127 884 995 982">
     <span class='ocr_line' id='line_1_13' title="bbox 127 884 995 938; baseline 0 -14"><span class='ocrx_word' id='word_1_57' title='bbox 127 920 130 924; x_wconf 93' lang='lat'>.</span> <span class='ocrx_word' id='word_1_58' title='bbox 156 936 161 938; x_wconf 30' lang='lat'><em>-</em></span> <span class='ocrx_word' id='word_1_59' title='bbox 220 884 374 925; x_wconf 85' lang='lat' dir='ltr'>Gloria</span> <span class='ocrx_word' id='word_1_60' title='bbox 391 884 525 934; x_wconf 83' lang='lat' dir='ltr'>Patri,</span> <span class='ocrx_word' id='word_1_61' title='bbox 549 889 591 926; x_wconf 93' lang='lat' dir='ltr'>et</span> <span class='ocrx_word' id='word_1_62' title='bbox 610 884 740 933; x_wconf 85' lang='lat' dir='ltr'>Filio,</span> <span class='ocrx_word' id='word_1_63' title='bbox 760 884 782 908; x_wconf 84' lang='grc'><em>*</em></span> <span class='ocrx_word' id='word_1_64' title='bbox 804 889 847 924; x_wconf 90' lang='lat' dir='ltr'>et</span> <span class='ocrx_word' id='word_1_65' title='bbox 865 884 995 936; x_wconf 91' lang='lat' dir='ltr'>Spiri-</span> 
     </span>
     <span class='ocr_line' id='line_1_14' title="bbox 167 941 426 982; baseline -0.004 0"><span class='ocrx_word' id='word_1_66' title='bbox 167 941 230 982; x_wconf 92' lang='lat' dir='ltr'>tui</span> <span class='ocrx_word' id='word_1_67' title='bbox 259 946 426 982; x_wconf 90' lang='lat' dir='ltr'>sancto:</span> 
     </span>
    </p>

    <p class='ocr_par' dir='ltr' id='par_1_8' title="bbox 166 997 995 1153">
     <span class='ocr_line' id='line_1_15' title="bbox 218 997 995 1050; baseline 0.001 -12"><span class='ocrx_word' id='word_1_68' title='bbox 218 997 339 1039; x_wconf 88' lang='lat' dir='ltr'>Sicut</span> <span class='ocrx_word' id='word_1_69' title='bbox 363 1003 456 1039; x_wconf 86' lang='lat' dir='ltr'>erat</span> <span class='ocrx_word' id='word_1_70' title='bbox 479 998 522 1038; x_wconf 90' lang='lat' dir='ltr'>in</span> <span class='ocrx_word' id='word_1_71' title='bbox 546 998 778 1050; x_wconf 86' lang='lat' dir='ltr'>principio,</span> <span class='ocrx_word' id='word_1_72' title='bbox 804 1003 847 1039; x_wconf 91' lang='lat' dir='ltr'>et</span> <span class='ocrx_word' id='word_1_73' title='bbox 871 1011 995 1048; x_wconf 87' lang='lat' dir='ltr'>nunc,</span> 
     </span>
     <span class='ocr_line' id='line_1_16' title="bbox 169 1055 994 1107; baseline 0.002 -12"><span class='ocrx_word' id='word_1_74' title='bbox 169 1059 212 1095; x_wconf 92' lang='lat' dir='ltr'>et</span> <span class='ocrx_word' id='word_1_75' title='bbox 237 1067 424 1107; x_wconf 87' lang='lat' dir='ltr'>semper,</span> <span class='ocrx_word' id='word_1_76' title='bbox 449 1055 472 1080; x_wconf 89' lang='lat'>*</span> <span class='ocrx_word' id='word_1_77' title='bbox 499 1059 542 1096; x_wconf 89' lang='lat' dir='ltr'>et</span> <span class='ocrx_word' id='word_1_78' title='bbox 565 1055 607 1095; x_wconf 92' lang='lat' dir='ltr'>in</span> <span class='ocrx_word' id='word_1_79' title='bbox 632 1055 794 1096; x_wconf 80' lang='lat' dir='ltr'>saecula</span> <span class='ocrx_word' id='word_1_80' title='bbox 815 1055 994 1097; x_wconf 82' lang='lat' dir='ltr'>saeculo-</span> 
     </span>
     <span class='ocr_line' id='line_1_17' title="bbox 166 1111 453 1153; baseline 0.003 -2"><span class='ocrx_word' id='word_1_81' title='bbox 166 1124 272 1151; x_wconf 92' lang='lat' dir='ltr'>rum.</span> <span class='ocrx_word' id='word_1_82' title='bbox 302 1111 453 1153; x_wconf 86' lang='lat' dir='ltr'>Amen.</span> 
     </span>
    </p>
   </div>
   <div class='ocr_carea' id='block_1_4' title="bbox 166 1176 995 1285">
    <p class='ocr_par' dir='ltr' id='par_1_9' title="bbox 166 1176 995 1285">
     <span class='ocr_line' id='line_1_18' title="bbox 220 1176 995 1230; baseline 0.003 -13"><span class='ocrx_word' id='word_1_83' title='bbox 220 1178 318 1217; x_wconf 74' lang='lat' dir='ltr'>Ant.</span> <span class='ocrx_word' id='word_1_84' title='bbox 338 1177 492 1218; x_wconf 74' lang='lat' dir='ltr'>Venite</span> <span class='ocrx_word' id='word_1_85' title='bbox 510 1176 744 1218; x_wconf 87' lang='lat' dir='ltr'>adoremus</span> <span class='ocrx_word' id='word_1_86' title='bbox 760 1191 874 1219; x_wconf 85' lang='lat' dir='ltr'>eum:</span> <span class='ocrx_word' id='word_1_87' title='bbox 895 1179 995 1230; x_wconf 88' lang='lat' dir='ltr'>quia</span> 
     </span>
     <span class='ocr_line' id='line_1_19' title="bbox 166 1233 902 1285; baseline 0.001 -11"><span class='ocrx_word' id='word_1_88' title='bbox 166 1233 259 1285; x_wconf 89' lang='lat' dir='ltr'>ipse</span> <span class='ocrx_word' id='word_1_89' title='bbox 281 1238 347 1275; x_wconf 90' lang='lat' dir='ltr'>est</span> <span class='ocrx_word' id='word_1_90' title='bbox 367 1233 581 1275; x_wconf 90' lang='lat' dir='ltr'>Dominus</span> <span class='ocrx_word' id='word_1_91' title='bbox 601 1234 722 1275; x_wconf 88' lang='lat' dir='ltr'>Deus</span> <span class='ocrx_word' id='word_1_92' title='bbox 742 1239 902 1276; x_wconf 91' lang='lat' dir='ltr'>noster.</span> 
     </span>
    </p>
   </div>
   <div class='ocr_carea' id='block_1_5' title="bbox 165 1303 995 1565">
    <p class='ocr_par' dir='ltr' id='par_1_10' title="bbox 167 1303 995 1438">
     <span class='ocr_line' id='line_1_20' title="bbox 223 1303 995 1345; baseline 0.003 -10"><span class='ocrx_word' id='word_1_93' title='bbox 223 1303 305 1335; x_wconf 60' lang='lat' dir='ltr'>Ant.</span> <span class='ocrx_word' id='word_1_94' title='bbox 333 1303 518 1345; x_wconf 60' lang='lat' dir='ltr'>praedicta</span> <span class='ocrx_word' id='word_1_95' title='bbox 550 1314 633 1336; x_wconf 79' lang='lat' dir='ltr'>cnm</span> <span class='ocrx_word' id='word_1_96' title='bbox 665 1315 734 1337; x_wconf 63' lang='lat' dir='ltr'>suo</span> <span class='ocrx_word' id='word_1_97' title='bbox 760 1304 915 1338; x_wconf 70' lang='lat' dir='ltr'>Psalmo</span> <span class='ocrx_word' id='word_1_98' title='bbox 942 1304 995 1337; x_wconf 83' lang='lat' dir='ltr'>di-</span> 
     </span>
     <span class='ocr_line' id='line_1_21' title="bbox 167 1351 994 1395; baseline 0.002 -11"><span class='ocrx_word' id='word_1_99' title='bbox 167 1351 263 1385; x_wconf 72' lang='lat' dir='ltr'>citur</span> <span class='ocrx_word' id='word_1_100' title='bbox 288 1356 433 1384; x_wconf 75' lang='lat' dir='ltr'>tantum</span> <span class='ocrx_word' id='word_1_101' title='bbox 460 1351 530 1384; x_wconf 78' lang='lat' dir='ltr'>hac</span> <span class='ocrx_word' id='word_1_102' title='bbox 557 1356 684 1385; x_wconf 75' lang='lat' dir='ltr'>nocte:</span> <span class='ocrx_word' id='word_1_103' title='bbox 717 1362 785 1395; x_wconf 74' lang='lat' dir='ltr'>per</span> <span class='ocrx_word' id='word_1_104' title='bbox 810 1351 994 1386; x_wconf 65' lang='lat' dir='ltr'>Octavam</span> 
     </span>
     <span class='ocr_line' id='line_1_22' title="bbox 168 1399 688 1438; baseline 0 -5"><span class='ocrx_word' id='word_1_105' title='bbox 168 1409 258 1433; x_wconf 75' lang='lat' dir='ltr'>vcro</span> <span class='ocrx_word' id='word_1_106' title='bbox 283 1400 369 1432; x_wconf 81' lang='lat' dir='ltr'>loco</span> <span class='ocrx_word' id='word_1_107' title='bbox 395 1399 506 1438; x_wconf 73' lang='lat' dir='ltr'>huius</span> <span class='ocrx_word' id='word_1_108' title='bbox 533 1399 688 1433; x_wconf 84' lang='lat' dir='ltr'>dicitur:</span> 
     </span>
    </p>

    <p class='ocr_par' dir='ltr' id='par_1_11' title="bbox 165 1456 995 1565">
     <span class='ocr_line' id='line_1_23' title="bbox 220 1456 995 1506; baseline 0.004 -11"><span class='ocrx_word' id='word_1_109' title='bbox 220 1457 318 1496; x_wconf 76' lang='lat' dir='ltr'>Ant.</span> <span class='ocrx_word' id='word_1_110' title='bbox 346 1457 489 1497; x_wconf 86' lang='lat' dir='ltr'>Homo</span> <span class='ocrx_word' id='word_1_111' title='bbox 513 1460 640 1497; x_wconf 86' lang='lat' dir='ltr'>natus</span> <span class='ocrx_word' id='word_1_112' title='bbox 665 1461 732 1498; x_wconf 90' lang='lat' dir='ltr'>est</span> <span class='ocrx_word' id='word_1_113' title='bbox 755 1457 778 1482; x_wconf 88' lang='lat'>*</span> <span class='ocrx_word' id='word_1_114' title='bbox 798 1456 841 1496; x_wconf 91' lang='lat' dir='ltr'>in</span> <span class='ocrx_word' id='word_1_115' title='bbox 861 1469 926 1506; x_wconf 86' lang='lat' dir='ltr'>ea,</span> <span class='ocrx_word' id='word_1_116' title='bbox 952 1462 995 1498; x_wconf 91' lang='lat' dir='ltr'>et</span> 
     </span>
     <span class='ocr_line' id='line_1_24' title="bbox 165 1512 876 1565; baseline 0 -12"><span class='ocrx_word' id='word_1_117' title='bbox 165 1513 258 1565; x_wconf 89' lang='lat' dir='ltr'>ipse</span> <span class='ocrx_word' id='word_1_118' title='bbox 278 1512 475 1554; x_wconf 77' lang='lat' dir='ltr'>fundavit</span> <span class='ocrx_word' id='word_1_119' title='bbox 495 1525 592 1554; x_wconf 87' lang='lat' dir='ltr'>eam</span> <span class='ocrx_word' id='word_1_120' title='bbox 612 1513 876 1555; x_wconf 85' lang='lat' dir='ltr'>Altissimus.</span> 
     </span>
    </p>
   </div>
   <div class='ocr_carea' id='block_1_6' title="bbox 437 1590 726 1630">
    <p class='ocr_par' dir='ltr' id='par_1_12' title="bbox 437 1590 726 1630">
     <span class='ocr_line' id='line_1_25' title="bbox 437 1590 726 1630; baseline 0 -1"><span class='ocrx_word' id='word_1_121' title='bbox 437 1590 633 1630; x_wconf 81' lang='lat' dir='ltr'>Psalmus</span> <span class='ocrx_word' id='word_1_122' title='bbox 662 1592 726 1630; x_wconf 75' lang='lat'>86.</span> 
     </span>
    </p>
   </div>
   <div class='ocr_carea' id='block_1_7' title="bbox 163 1656 995 2797">
    <p class='ocr_par' dir='ltr' id='par_1_13' title="bbox 176 1656 994 1767">
     <span class='ocr_line' id='line_1_26' title="bbox 220 1656 994 1708; baseline 0.004 -10.839"><span class='ocrx_word' id='word_1_123' title='bbox 220 1686 224 1690; x_wconf 87' lang='lat'>.</span> <span class='ocrx_word' id='word_1_124' title='bbox 251 1656 516 1699; x_wconf 89' lang='lat' dir='ltr'>undamenta</span> <span class='ocrx_word' id='word_1_125' title='bbox 554 1658 644 1708; x_wconf 90' lang='lat' dir='ltr'>ejus</span> <span class='ocrx_word' id='word_1_126' title='bbox 686 1657 730 1698; x_wconf 89' lang='lat' dir='ltr'>in</span> <span class='ocrx_word' id='word_1_127' title='bbox 770 1658 994 1700; x_wconf 88' lang='lat' dir='ltr'>montibus</span> 
     </span>
     <span class='ocr_line' id='line_1_27' title="bbox 176 1713 993 1767; baseline 0.004 -14"><span class='ocrx_word' id='word_1_128' title='bbox 176 1735 178 1748; x_wconf 85' lang='lat'>·</span> <span class='ocrx_word' id='word_1_129' title='bbox 269 1713 445 1755; x_wconf 87' lang='lat' dir='ltr'>sanctis:</span> <span class='ocrx_word' id='word_1_130' title='bbox 465 1714 488 1739; x_wconf 85' lang='lat'>*</span> <span class='ocrx_word' id='word_1_131' title='bbox 508 1713 647 1764; x_wconf 78' lang='lat' dir='ltr'>diligit</span> <span class='ocrx_word' id='word_1_132' title='bbox 662 1714 878 1755; x_wconf 92' lang='lat' dir='ltr'>Dominus</span> <span class='ocrx_word' id='word_1_133' title='bbox 894 1728 993 1767; x_wconf 94' lang='lat' dir='ltr'>por-</span> 
     </span>
    </p>

    <p class='ocr_par' dir='ltr' id='par_1_14' title="bbox 163 1770 995 1868">
     <span class='ocr_line' id='line_1_28' title="bbox 163 1770 995 1868; baseline 0.004 -58"><span class='ocrx_word' id='word_1_134' title='bbox 163 1774 232 1866; x_wconf 58' lang='lat' dir='ltr'>}as</span> <span class='ocrx_word' id='word_1_135' title='bbox 255 1770 359 1868; x_wconf 53' lang='lat' dir='ltr'>Slion</span> <span class='ocrx_word' id='word_1_136' title='bbox 384 1783 517 1823; x_wconf 89' lang='lat' dir='ltr'>super</span> <span class='ocrx_word' id='word_1_137' title='bbox 542 1770 688 1812; x_wconf 89' lang='lat' dir='ltr'>omnia</span> <span class='ocrx_word' id='word_1_138' title='bbox 712 1771 995 1813; x_wconf 77' lang='lat' dir='ltr'>tabernacula</span> 
     </span>
     <span class='ocr_line' id='line_1_29' title="bbox 190 1839 313 1868; baseline 0 -1"><span class='ocrx_word' id='word_1_139' title='bbox 190 1839 271 1868; x_wconf 90' lang='lat' dir='ltr'>aco</span> <span class='ocrx_word' id='word_1_140' title='bbox 305 1859 313 1867; x_wconf 92' lang='lat'>.</span> 
     </span>
    </p>

    <p class='ocr_par' dir='ltr' id='par_1_15' title="bbox 164 1882 993 1981">
     <span class='ocr_line' id='line_1_30' title="bbox 218 1882 993 1934; baseline 0.005 -11"><span class='ocrx_word' id='word_1_141' title='bbox 218 1882 422 1925; x_wconf 90' lang='lat' dir='ltr'>Gloriosa</span> <span class='ocrx_word' id='word_1_142' title='bbox 442 1884 559 1925; x_wconf 88' lang='lat' dir='ltr'>dicta</span> <span class='ocrx_word' id='word_1_143' title='bbox 578 1889 679 1926; x_wconf 89' lang='lat' dir='ltr'>sunt</span> <span class='ocrx_word' id='word_1_144' title='bbox 699 1884 754 1927; x_wconf 93' lang='lat' dir='ltr'>de</span> <span class='ocrx_word' id='word_1_145' title='bbox 772 1890 831 1934; x_wconf 92' lang='lat' dir='ltr'>te,</span> <span class='ocrx_word' id='word_1_146' title='bbox 851 1886 874 1911; x_wconf 81' lang='lat'>&#39;⁸¹</span> <span class='ocrx_word' id='word_1_147' title='bbox 894 1886 993 1927; x_wconf 89' lang='lat' dir='ltr'>civi-</span> 
     </span>
     <span class='ocr_line' id='line_1_31' title="bbox 164 1939 347 1981; baseline 0.005 -1"><span class='ocrx_word' id='word_1_148' title='bbox 164 1944 232 1980; x_wconf 85' lang='lat' dir='ltr'>tas</span> <span class='ocrx_word' id='word_1_149' title='bbox 252 1939 347 1981; x_wconf 92' lang='lat' dir='ltr'>Dei.</span> 
     </span>
    </p>

    <p class='ocr_par' dir='ltr' id='par_1_16' title="bbox 165 1996 994 2095">
     <span class='ocr_line' id='line_1_32' title="bbox 217 1996 994 2051; baseline 0.004 -14"><span class='ocrx_word' id='word_1_150' title='bbox 217 1996 385 2038; x_wconf 87' lang='lat' dir='ltr'>Memor</span> <span class='ocrx_word' id='word_1_151' title='bbox 405 2010 482 2038; x_wconf 90' lang='lat' dir='ltr'>ero</span> <span class='ocrx_word' id='word_1_152' title='bbox 502 1997 668 2049; x_wconf 83' lang='lat' dir='ltr'>Rahab,</span> <span class='ocrx_word' id='word_1_153' title='bbox 692 2003 736 2040; x_wconf 88' lang='lat' dir='ltr'>et</span> <span class='ocrx_word' id='word_1_154' title='bbox 754 1998 994 2051; x_wconf 86' lang='lat' dir='ltr'>Babylonis</span> 
     </span>
     <span class='ocr_line' id='line_1_33' title="bbox 165 2052 554 2095; baseline 0.003 -2"><span class='ocrx_word' id='word_1_155' title='bbox 165 2052 188 2078; x_wconf 88' lang='lat'>*</span> <span class='ocrx_word' id='word_1_156' title='bbox 216 2053 445 2095; x_wconf 86' lang='lat' dir='ltr'>scientium</span> <span class='ocrx_word' id='word_1_157' title='bbox 473 2067 554 2095; x_wconf 88' lang='lat' dir='ltr'>me.</span> 
     </span>
    </p>

    <p class='ocr_par' dir='ltr' id='par_1_17' title="bbox 166 2109 993 2220">
     <span class='ocr_line' id='line_1_34' title="bbox 217 2109 993 2166; baseline 0.005 -16"><span class='ocrx_word' id='word_1_158' title='bbox 217 2109 332 2151; x_wconf 88' lang='lat' dir='ltr'>Ecce</span> <span class='ocrx_word' id='word_1_159' title='bbox 347 2109 612 2161; x_wconf 72' lang='lat' dir='ltr'>alienigenae,</span> <span class='ocrx_word' id='word_1_160' title='bbox 627 2117 670 2154; x_wconf 87' lang='lat' dir='ltr'>et</span> <span class='ocrx_word' id='word_1_161' title='bbox 686 2112 841 2163; x_wconf 85' lang='lat' dir='ltr'>Tyrus,</span> <span class='ocrx_word' id='word_1_162' title='bbox 860 2117 904 2154; x_wconf 88' lang='lat' dir='ltr'>et</span> <span class='ocrx_word' id='word_1_163' title='bbox 917 2115 993 2166; x_wconf 92' lang='lat' dir='ltr'>po-</span> 
     </span>
     <span class='ocr_line' id='line_1_35' title="bbox 166 2165 993 2220; baseline 0.005 -14"><span class='ocrx_word' id='word_1_164' title='bbox 166 2165 295 2218; x_wconf 93' lang='lat' dir='ltr'>pulus</span> <span class='ocrx_word' id='word_1_165' title='bbox 309 2167 579 2220; x_wconf 83' lang='lat' dir='ltr'>AEthiopum,</span> <span class='ocrx_word' id='word_1_166' title='bbox 598 2169 622 2194; x_wconf 88' lang='lat'>*</span> <span class='ocrx_word' id='word_1_167' title='bbox 642 2168 686 2209; x_wconf 84' lang='lat' dir='ltr'>hi</span> <span class='ocrx_word' id='word_1_168' title='bbox 703 2168 878 2211; x_wconf 85' lang='lat' dir='ltr'>fuerunt</span> <span class='ocrx_word' id='word_1_169' title='bbox 895 2169 993 2211; x_wconf 94' lang='lat' dir='ltr'>illic.</span> 
     </span>
    </p>

    <p class='ocr_par' dir='ltr' id='par_1_18' title="bbox 165 2223 994 2380">
     <span class='ocr_line' id='line_1_36' title="bbox 217 2223 994 2276; baseline 0.004 -11"><span class='ocrx_word' id='word_1_170' title='bbox 217 2223 443 2276; x_wconf 88' lang='lat' dir='ltr'>Numquid</span> <span class='ocrx_word' id='word_1_171' title='bbox 466 2225 571 2266; x_wconf 90' lang='lat' dir='ltr'>Sion</span> <span class='ocrx_word' id='word_1_172' title='bbox 600 2224 733 2266; x_wconf 88' lang='lat' dir='ltr'>dicet:</span> <span class='ocrx_word' id='word_1_173' title='bbox 760 2225 922 2276; x_wconf 90' lang='lat' dir='ltr'>Homo,</span> <span class='ocrx_word' id='word_1_174' title='bbox 951 2232 994 2268; x_wconf 89' lang='lat' dir='ltr'>et</span> 
     </span>
     <span class='ocr_line' id='line_1_37' title="bbox 165 2278 991 2335; baseline 0.005 -14"><span class='ocrx_word' id='word_1_175' title='bbox 165 2279 298 2322; x_wconf 92' lang='lat' dir='ltr'>homo</span> <span class='ocrx_word' id='word_1_176' title='bbox 316 2286 444 2322; x_wconf 89' lang='lat' dir='ltr'>natus</span> <span class='ocrx_word' id='word_1_177' title='bbox 461 2287 528 2323; x_wconf 89' lang='lat' dir='ltr'>est</span> <span class='ocrx_word' id='word_1_178' title='bbox 547 2282 590 2322; x_wconf 93' lang='lat' dir='ltr'>in</span> <span class='ocrx_word' id='word_1_179' title='bbox 605 2294 671 2323; x_wconf 87' lang='lat' dir='ltr'>ea:</span> <span class='ocrx_word' id='word_1_180' title='bbox 690 2283 713 2307; x_wconf 84' lang='grc'>*</span> <span class='ocrx_word' id='word_1_181' title='bbox 734 2283 886 2335; x_wconf 89' lang='lat' dir='ltr'>etipse</span> <span class='ocrx_word' id='word_1_182' title='bbox 901 2278 991 2325; x_wconf 71' lang='lat' dir='ltr'>funz</span> 
     </span>
     <span class='ocr_line' id='line_1_38' title="bbox 166 2336 697 2380; baseline 0 -2"><span class='ocrx_word' id='word_1_183' title='bbox 166 2336 287 2378; x_wconf 76' lang='lat' dir='ltr'>davit</span> <span class='ocrx_word' id='word_1_184' title='bbox 307 2351 403 2379; x_wconf 88' lang='lat' dir='ltr'>eam</span> <span class='ocrx_word' id='word_1_185' title='bbox 423 2337 697 2380; x_wconf 85' lang='lat' dir='ltr'>Altissimus?</span> 
     </span>
    </p>

    <p class='ocr_par' dir='ltr' id='par_1_19' title="bbox 165 2394 992 2559">
     <span class='ocr_line' id='line_1_39' title="bbox 217 2394 992 2448; baseline 0.004 -13"><span class='ocrx_word' id='word_1_186' title='bbox 217 2394 431 2435; x_wconf 84' lang='lat' dir='ltr'>Dominus</span> <span class='ocrx_word' id='word_1_187' title='bbox 463 2394 657 2436; x_wconf 80' lang='lat' dir='ltr'>narrabit</span> <span class='ocrx_word' id='word_1_188' title='bbox 689 2395 732 2435; x_wconf 92' lang='lat' dir='ltr'>in</span> <span class='ocrx_word' id='word_1_189' title='bbox 764 2396 992 2448; x_wconf 87' lang='lat' dir='ltr'>scripturis</span> 
     </span>
     <span class='ocr_line' id='line_1_40' title="bbox 165 2450 991 2503; baseline 0.002 -11"><span class='ocrx_word' id='word_1_190' title='bbox 165 2450 450 2503; x_wconf 91' lang='lat' dir='ltr'>populorum,</span> <span class='ocrx_word' id='word_1_191' title='bbox 488 2456 531 2492; x_wconf 88' lang='lat' dir='ltr'>et</span> <span class='ocrx_word' id='word_1_192' title='bbox 562 2451 828 2503; x_wconf 86' lang='lat' dir='ltr'>principum:</span> <span class='ocrx_word' id='word_1_193' title='bbox 862 2454 885 2479; x_wconf 85' lang='lat'>*</span> <span class='ocrx_word' id='word_1_194' title='bbox 918 2452 991 2494; x_wconf 94' lang='lat' dir='ltr'>ho-</span> 
     </span>
     <span class='ocr_line' id='line_1_41' title="bbox 166 2507 737 2559; baseline 0 -11"><span class='ocrx_word' id='word_1_195' title='bbox 166 2520 271 2557; x_wconf 89' lang='lat' dir='ltr'>rum,</span> <span class='ocrx_word' id='word_1_196' title='bbox 300 2507 374 2559; x_wconf 88' lang='lat' dir='ltr'>qui</span> <span class='ocrx_word' id='word_1_197' title='bbox 402 2508 576 2549; x_wconf 89' lang='lat' dir='ltr'>fuerunt</span> <span class='ocrx_word' id='word_1_198' title='bbox 604 2508 647 2548; x_wconf 93' lang='lat' dir='ltr'>in</span> <span class='ocrx_word' id='word_1_199' title='bbox 677 2520 737 2548; x_wconf 88' lang='lat' dir='ltr'>ea.</span> 
     </span>
    </p>

    <p class='ocr_par' dir='ltr' id='par_1_20' title="bbox 165 2563 991 2662">
     <span class='ocr_line' id='line_1_42' title="bbox 217 2563 991 2606; baseline 0 -1"><span class='ocrx_word' id='word_1_200' title='bbox 217 2564 337 2605; x_wconf 89' lang='lat' dir='ltr'>Sicut</span> <span class='ocrx_word' id='word_1_201' title='bbox 359 2563 601 2605; x_wconf 78' lang='lat' dir='ltr'>laetantium</span> <span class='ocrx_word' id='word_1_202' title='bbox 620 2564 812 2605; x_wconf 91' lang='lat' dir='ltr'>omnium</span> <span class='ocrx_word' id='word_1_203' title='bbox 832 2565 855 2589; x_wconf 86' lang='lat'>*</span> <span class='ocrx_word' id='word_1_204' title='bbox 875 2564 991 2606; x_wconf 91' lang='lat' dir='ltr'>habi—</span> 
     </span>
     <span class='ocr_line' id='line_1_43' title="bbox 165 2620 524 2662; baseline -0.006 0"><span class='ocrx_word' id='word_1_205' title='bbox 165 2620 275 2662; x_wconf 71' lang='lat' dir='ltr'>tatio</span> <span class='ocrx_word' id='word_1_206' title='bbox 305 2625 372 2661; x_wconf 89' lang='lat' dir='ltr'>est</span> <span class='ocrx_word' id='word_1_207' title='bbox 398 2620 441 2661; x_wconf 90' lang='lat' dir='ltr'>in</span> <span class='ocrx_word' id='word_1_208' title='bbox 469 2626 524 2662; x_wconf 89' lang='lat' dir='ltr'>te.</span> 
     </span>
    </p>

    <p class='ocr_par' dir='ltr' id='par_1_21' title="bbox 165 2686 993 2797">
     <span class='ocr_line' id='line_1_44' title="bbox 222 2686 993 2735; baseline 0.003 -10"><span class='ocrx_word' id='word_1_209' title='bbox 222 2687 317 2725; x_wconf 79' lang='lat' dir='ltr'>Ant.</span> <span class='ocrx_word' id='word_1_210' title='bbox 352 2686 497 2727; x_wconf 91' lang='lat' dir='ltr'>Homo</span> <span class='ocrx_word' id='word_1_211' title='bbox 526 2691 654 2727; x_wconf 87' lang='lat' dir='ltr'>natus</span> <span class='ocrx_word' id='word_1_212' title='bbox 684 2691 750 2727; x_wconf 89' lang='lat' dir='ltr'>est</span> <span class='ocrx_word' id='word_1_213' title='bbox 778 2686 820 2726; x_wconf 95' lang='lat' dir='ltr'>in</span> <span class='ocrx_word' id='word_1_214' title='bbox 850 2698 920 2735; x_wconf 87' lang='lat' dir='ltr'>ea,</span> <span class='ocrx_word' id='word_1_215' title='bbox 950 2691 993 2727; x_wconf 90' lang='lat' dir='ltr'>et</span> 
     </span>
     <span class='ocr_line' id='line_1_45' title="bbox 165 2742 874 2797; baseline 0 -14"><span class='ocrx_word' id='word_1_216' title='bbox 165 2742 260 2797; x_wconf 89' lang='lat' dir='ltr'>ipse</span> <span class='ocrx_word' id='word_1_217' title='bbox 279 2742 478 2785; x_wconf 76' lang='lat' dir='ltr'>fundavit</span> <span class='ocrx_word' id='word_1_218' title='bbox 497 2756 593 2785; x_wconf 87' lang='lat' dir='ltr'>eam</span> <span class='ocrx_word' id='word_1_219' title='bbox 613 2743 874 2784; x_wconf 87' lang='lat' dir='ltr'>Altissimus.</span> 
     </span>
    </p>
   </div>
   <div class='ocr_carea' id='block_1_8' title="bbox 166 1658 249 1760">
    <p class='ocr_par' dir='ltr' id='par_1_22' title="bbox 166 1658 249 1760">
     <span class='ocr_line' id='line_1_46' title="bbox 166 1658 249 1760; baseline 0 1230"><span class='ocrx_word' id='word_1_220' title='bbox 166 1658 249 1760; x_wconf 95' lang='lat' dir='ltr'> </span> 
     </span>
    </p>
   </div>
   <div class='ocr_carea' id='block_1_9' title="bbox 1044 307 1878 2795">
    <p class='ocr_par' dir='ltr' id='par_1_23' title="bbox 1049 307 1878 634">
     <span class='ocr_line' id='line_1_47' title="bbox 1103 307 1878 357; baseline 0.003 -10"><span class='ocrx_word' id='word_1_221' title='bbox 1103 308 1203 348; x_wconf 86' lang='lat' dir='ltr'>Ant.</span> <span class='ocrx_word' id='word_1_222' title='bbox 1232 307 1428 349; x_wconf 75' lang='lat' dir='ltr'>Adorate</span> <span class='ocrx_word' id='word_1_223' title='bbox 1452 307 1704 357; x_wconf 91' lang='lat' dir='ltr'>Dominum,</span> <span class='ocrx_word' id='word_1_224' title='bbox 1729 309 1752 335; x_wconf 90' lang='lat'>*</span> <span class='ocrx_word' id='word_1_225' title='bbox 1778 307 1878 349; x_wconf 90' lang='lat' dir='ltr'>alle-</span> 
     </span>
     <span class='ocr_line' id='line_1_48' title="bbox 1051 364 1827 416; baseline 0 -11"><span class='ocrx_word' id='word_1_226' title='bbox 1051 364 1151 416; x_wconf 90' lang='lat' dir='ltr'>luja:</span> <span class='ocrx_word' id='word_1_227' title='bbox 1173 365 1216 405; x_wconf 90' lang='lat' dir='ltr'>in</span> <span class='ocrx_word' id='word_1_228' title='bbox 1236 364 1335 405; x_wconf 88' lang='lat' dir='ltr'>aula</span> <span class='ocrx_word' id='word_1_229' title='bbox 1354 369 1505 406; x_wconf 85' lang='lat' dir='ltr'>sancta</span> <span class='ocrx_word' id='word_1_230' title='bbox 1525 365 1627 416; x_wconf 80' lang='lat' dir='ltr'>ejuS‚</span> <span class='ocrx_word' id='word_1_231' title='bbox 1646 364 1827 416; x_wconf 86' lang='lat' dir='ltr'>alleluja.</span> 
     </span>
     <span class='ocr_line' id='line_1_49' title="bbox 1322 419 1607 460; baseline 0.004 -1"><span class='ocrx_word' id='word_1_232' title='bbox 1322 419 1521 460; x_wconf 88' lang='lat' dir='ltr'>Psalmus</span> <span class='ocrx_word' id='word_1_233' title='bbox 1540 420 1607 460; x_wconf 83' lang='lat'>95.</span> 
     </span>
     <span class='ocr_line' id='line_1_50' title="bbox 1053 470 1877 578; baseline 0.001 -60"><span class='ocrx_word' id='word_1_234' title='bbox 1053 470 1284 578; x_wconf 70' lang='lat' dir='ltr'>Caritate</span> <span class='ocrx_word' id='word_1_235' title='bbox 1315 477 1506 519; x_wconf 91' lang='lat' dir='ltr'>Domino</span> <span class='ocrx_word' id='word_1_236' title='bbox 1546 478 1762 519; x_wconf 75' lang='lat' dir='ltr'>canticum</span> <span class='ocrx_word' id='word_1_237' title='bbox 1803 490 1877 519; x_wconf 91' lang='lat' dir='ltr'>no-</span> 
     </span>
     <span class='ocr_line' id='line_1_51' title="bbox 1143 534 1878 576; baseline 0 -1"><span class='ocrx_word' id='word_1_238' title='bbox 1143 548 1257 576; x_wconf 90' lang='lat' dir='ltr'>vum:</span> <span class='ocrx_word' id='word_1_239' title='bbox 1276 534 1299 560; x_wconf 89' lang='lat'>*</span> <span class='ocrx_word' id='word_1_240' title='bbox 1320 537 1493 576; x_wconf 77' lang='lat' dir='ltr'>cantate</span> <span class='ocrx_word' id='word_1_241' title='bbox 1516 535 1708 576; x_wconf 91' lang='lat' dir='ltr'>Domino</span> <span class='ocrx_word' id='word_1_242' title='bbox 1736 535 1878 576; x_wconf 89' lang='lat' dir='ltr'>omnis</span> 
     </span>
     <span class='ocr_line' id='line_1_52' title="bbox 1049 596 1177 634; baseline -0.008 -1"><span class='ocrx_word' id='word_1_243' title='bbox 1049 596 1177 634; x_wconf 88' lang='lat' dir='ltr'>terra.</span> 
     </span>
    </p>

    <p class='ocr_par' dir='ltr' id='par_1_24' title="bbox 1048 648 1878 813">
     <span class='ocr_line' id='line_1_53' title="bbox 1101 648 1878 697; baseline 0.001 -8"><span class='ocrx_word' id='word_1_244' title='bbox 1101 648 1286 690; x_wconf 79' lang='lat' dir='ltr'>Caritate</span> <span class='ocrx_word' id='word_1_245' title='bbox 1314 648 1522 697; x_wconf 91' lang='lat' dir='ltr'>Domino,</span> <span class='ocrx_word' id='word_1_246' title='bbox 1556 653 1600 690; x_wconf 93' lang='lat' dir='ltr'>et</span> <span class='ocrx_word' id='word_1_247' title='bbox 1633 648 1878 691; x_wconf 82' lang='lat' dir='ltr'>benedicite</span> 
     </span>
     <span class='ocr_line' id='line_1_54' title="bbox 1050 705 1876 756; baseline 0.002 -11"><span class='ocrx_word' id='word_1_248' title='bbox 1050 705 1214 746; x_wconf 90' lang='lat' dir='ltr'>nomini</span> <span class='ocrx_word' id='word_1_249' title='bbox 1243 706 1350 756; x_wconf 88' lang='lat' dir='ltr'>ejus:</span> <span class='ocrx_word' id='word_1_250' title='bbox 1378 706 1401 731; x_wconf 88' lang='lat'>*</span> <span class='ocrx_word' id='word_1_251' title='bbox 1429 705 1681 746; x_wconf 75' lang='lat' dir='ltr'>annuntiate</span> <span class='ocrx_word' id='word_1_252' title='bbox 1715 705 1770 747; x_wconf 92' lang='lat' dir='ltr'>de</span> <span class='ocrx_word' id='word_1_253' title='bbox 1807 705 1876 747; x_wconf 90' lang='lat' dir='ltr'>die</span> 
     </span>
     <span class='ocr_line' id='line_1_55' title="bbox 1048 760 1559 813; baseline -0.002 -11"><span class='ocrx_word' id='word_1_254' title='bbox 1048 762 1092 802; x_wconf 92' lang='lat' dir='ltr'>in</span> <span class='ocrx_word' id='word_1_255' title='bbox 1113 761 1228 803; x_wconf 90' lang='lat' dir='ltr'>diem</span> <span class='ocrx_word' id='word_1_256' title='bbox 1247 760 1438 802; x_wconf 76' lang='lat' dir='ltr'>salutare</span> <span class='ocrx_word' id='word_1_257' title='bbox 1458 762 1559 813; x_wconf 89' lang='lat' dir='ltr'>ejus.</span> 
     </span>
    </p>

    <p class='ocr_par' dir='ltr' id='par_1_25' title="bbox 1048 817 1878 983">
     <span class='ocr_line' id='line_1_56' title="bbox 1101 817 1878 870; baseline 0.001 -12"><span class='ocrx_word' id='word_1_258' title='bbox 1101 818 1369 859; x_wconf 79' lang='lat' dir='ltr'>Annuntiate</span> <span class='ocrx_word' id='word_1_259' title='bbox 1387 818 1500 859; x_wconf 90' lang='lat' dir='ltr'>inter</span> <span class='ocrx_word' id='word_1_260' title='bbox 1515 817 1680 859; x_wconf 82' lang='lat' dir='ltr'>Gentes</span> <span class='ocrx_word' id='word_1_261' title='bbox 1694 818 1878 870; x_wconf 81' lang='lat' dir='ltr'>gloriam</span> 
     </span>
     <span class='ocr_line' id='line_1_57' title="bbox 1050 874 1877 928; baseline 0 -12"><span class='ocrx_word' id='word_1_262' title='bbox 1050 875 1157 926; x_wconf 88' lang='lat' dir='ltr'>ejus,</span> <span class='ocrx_word' id='word_1_263' title='bbox 1185 876 1208 901; x_wconf 87' lang='lat'>*</span> <span class='ocrx_word' id='word_1_264' title='bbox 1236 875 1279 915; x_wconf 93' lang='lat' dir='ltr'>in</span> <span class='ocrx_word' id='word_1_265' title='bbox 1313 874 1515 916; x_wconf 88' lang='lat' dir='ltr'>omnibus</span> <span class='ocrx_word' id='word_1_266' title='bbox 1547 874 1724 928; x_wconf 87' lang='lat' dir='ltr'>populis</span> <span class='ocrx_word' id='word_1_267' title='bbox 1752 875 1877 916; x_wconf 85' lang='lat' dir='ltr'>mira·</span> 
     </span>
     <span class='ocr_line' id='line_1_58' title="bbox 1048 931 1274 983; baseline -0.004 -10"><span class='ocrx_word' id='word_1_268' title='bbox 1048 931 1153 973; x_wconf 87' lang='lat' dir='ltr'>bilia</span> <span class='ocrx_word' id='word_1_269' title='bbox 1173 932 1274 983; x_wconf 89' lang='lat' dir='ltr'>ejus.</span> 
     </span>
    </p>

    <p class='ocr_par' dir='ltr' id='par_1_26' title="bbox 1048 988 1878 1154">
     <span class='ocr_line' id='line_1_59' title="bbox 1103 988 1878 1039; baseline 0 -9"><span class='ocrx_word' id='word_1_270' title='bbox 1103 988 1319 1039; x_wconf 89' lang='lat' dir='ltr'>Quoniam</span> <span class='ocrx_word' id='word_1_271' title='bbox 1350 1001 1534 1039; x_wconf 86' lang='lat' dir='ltr'>magnus</span> <span class='ocrx_word' id='word_1_272' title='bbox 1565 988 1799 1038; x_wconf 80' lang='lat' dir='ltr'>Dominus,</span> <span class='ocrx_word' id='word_1_273' title='bbox 1834 993 1878 1030; x_wconf 87' lang='lat' dir='ltr'>et</span> 
     </span>
     <span class='ocr_line' id='line_1_60' title="bbox 1048 1044 1878 1086; baseline 0.001 -1"><span class='ocrx_word' id='word_1_274' title='bbox 1048 1044 1281 1086; x_wconf 76' lang='lat' dir='ltr'>laudabilis</span> <span class='ocrx_word' id='word_1_275' title='bbox 1317 1044 1461 1085; x_wconf 91' lang='lat' dir='ltr'>nimis:</span> <span class='ocrx_word' id='word_1_276' title='bbox 1503 1046 1526 1070; x_wconf 85' lang='lat'>*</span> <span class='ocrx_word' id='word_1_277' title='bbox 1569 1044 1774 1086; x_wconf 88' lang='lat' dir='ltr'>terribilis</span> <span class='ocrx_word' id='word_1_278' title='bbox 1811 1049 1878 1086; x_wconf 90' lang='lat' dir='ltr'>est</span> 
     </span>
     <span class='ocr_line' id='line_1_61' title="bbox 1049 1100 1492 1154; baseline -0.005 -11"><span class='ocrx_word' id='word_1_279' title='bbox 1049 1114 1181 1154; x_wconf 86' lang='lat' dir='ltr'>super</span> <span class='ocrx_word' id='word_1_280' title='bbox 1200 1112 1354 1142; x_wconf 92' lang='lat' dir='ltr'>omnes</span> <span class='ocrx_word' id='word_1_281' title='bbox 1373 1100 1492 1143; x_wconf 89' lang='lat' dir='ltr'>deos.</span> 
     </span>
    </p>

    <p class='ocr_par' dir='ltr' id='par_1_27' title="bbox 1047 1157 1878 1313">
     <span class='ocr_line' id='line_1_62' title="bbox 1101 1157 1878 1208; baseline 0.001 -10"><span class='ocrx_word' id='word_1_282' title='bbox 1101 1158 1317 1208; x_wconf 86' lang='lat' dir='ltr'>Quoniam</span> <span class='ocrx_word' id='word_1_283' title='bbox 1334 1170 1487 1199; x_wconf 90' lang='lat' dir='ltr'>omnes</span> <span class='ocrx_word' id='word_1_284' title='bbox 1503 1157 1562 1199; x_wconf 90' lang='lat' dir='ltr'>dii</span> <span class='ocrx_word' id='word_1_285' title='bbox 1577 1157 1783 1199; x_wconf 90' lang='lat' dir='ltr'>Gentium</span> <span class='ocrx_word' id='word_1_286' title='bbox 1798 1157 1878 1199; x_wconf 86' lang='lat' dir='ltr'>dae-</span> 
     </span>
     <span class='ocr_line' id='line_1_63' title="bbox 1047 1214 1876 1256; baseline 0 -1"><span class='ocrx_word' id='word_1_287' title='bbox 1047 1215 1210 1256; x_wconf 86' lang='lat' dir='ltr'>monia:</span> <span class='ocrx_word' id='word_1_288' title='bbox 1243 1215 1267 1241; x_wconf 87' lang='lat'>*</span> <span class='ocrx_word' id='word_1_289' title='bbox 1301 1215 1518 1256; x_wconf 86' lang='lat' dir='ltr'>Dominus</span> <span class='ocrx_word' id='word_1_290' title='bbox 1554 1218 1701 1256; x_wconf 88' lang='lat' dir='ltr'>autem</span> <span class='ocrx_word' id='word_1_291' title='bbox 1738 1214 1876 1255; x_wconf 90' lang='lat' dir='ltr'>coelos</span> 
     </span>
     <span class='ocr_line' id='line_1_64' title="bbox 1048 1271 1160 1313; baseline 0.009 -2"><span class='ocrx_word' id='word_1_292' title='bbox 1048 1271 1160 1313; x_wconf 87' lang='lat' dir='ltr'>fecit.</span> 
     </span>
    </p>

    <p class='ocr_par' dir='ltr' id='par_1_28' title="bbox 1047 1326 1876 1492">
     <span class='ocr_line' id='line_1_65' title="bbox 1101 1326 1873 1380; baseline -0.001 -11"><span class='ocrx_word' id='word_1_293' title='bbox 1101 1327 1340 1377; x_wconf 79' lang='lat' dir='ltr'>Confessio,</span> <span class='ocrx_word' id='word_1_294' title='bbox 1361 1333 1404 1370; x_wconf 90' lang='lat' dir='ltr'>et</span> <span class='ocrx_word' id='word_1_295' title='bbox 1418 1326 1701 1380; x_wconf 75' lang='lat' dir='ltr'>pulchritudo</span> <span class='ocrx_word' id='word_1_296' title='bbox 1716 1327 1760 1367; x_wconf 91' lang='lat' dir='ltr'>in</span> <span class='ocrx_word' id='word_1_297' title='bbox 1776 1339 1873 1368; x_wconf 91' lang='lat' dir='ltr'>con-</span> 
     </span>
     <span class='ocr_line' id='line_1_66' title="bbox 1048 1383 1876 1436; baseline 0.001 -12"><span class='ocrx_word' id='word_1_298' title='bbox 1048 1385 1203 1436; x_wconf 88' lang='lat' dir='ltr'>spectu</span> <span class='ocrx_word' id='word_1_299' title='bbox 1233 1385 1336 1436; x_wconf 87' lang='lat' dir='ltr'>ejus:</span> <span class='ocrx_word' id='word_1_300' title='bbox 1356 1385 1379 1410; x_wconf 85' lang='lat'>*</span> <span class='ocrx_word' id='word_1_301' title='bbox 1404 1383 1691 1426; x_wconf 87' lang='lat' dir='ltr'>sanctimonia</span> <span class='ocrx_word' id='word_1_302' title='bbox 1718 1388 1763 1425; x_wconf 89' lang='lat' dir='ltr'>et</span> <span class='ocrx_word' id='word_1_303' title='bbox 1787 1396 1876 1425; x_wconf 87' lang='lat' dir='ltr'>ma-</span> 
     </span>
     <span class='ocr_line' id='line_1_67' title="bbox 1047 1440 1876 1492; baseline 0.001 -11"><span class='ocrx_word' id='word_1_304' title='bbox 1047 1440 1297 1491; x_wconf 90' lang='lat' dir='ltr'>gnificentia</span> <span class='ocrx_word' id='word_1_305' title='bbox 1326 1441 1369 1482; x_wconf 91' lang='lat' dir='ltr'>in</span> <span class='ocrx_word' id='word_1_306' title='bbox 1403 1440 1747 1482; x_wconf 85' lang='lat' dir='ltr'>sanctificatione</span> <span class='ocrx_word' id='word_1_307' title='bbox 1774 1441 1876 1492; x_wconf 84' lang='lat' dir='ltr'>ejus.</span> 
     </span>
    </p>

    <p class='ocr_par' dir='ltr' id='par_1_29' title="bbox 1046 1496 1877 1719">
     <span class='ocr_line' id='line_1_68' title="bbox 1100 1496 1877 1550; baseline 0.001 -13"><span class='ocrx_word' id='word_1_308' title='bbox 1100 1496 1268 1539; x_wconf 87' lang='lat' dir='ltr'>Afferte</span> <span class='ocrx_word' id='word_1_309' title='bbox 1281 1498 1473 1539; x_wconf 91' lang='lat' dir='ltr'>Domino</span> <span class='ocrx_word' id='word_1_310' title='bbox 1488 1497 1645 1550; x_wconf 77' lang='lat' dir='ltr'>patriae</span> <span class='ocrx_word' id='word_1_311' title='bbox 1660 1497 1877 1548; x_wconf 88' lang='lat' dir='ltr'>Gentium,</span> 
     </span>
     <span class='ocr_line' id='line_1_69' title="bbox 1048 1553 1875 1606; baseline -0.001 -11"><span class='ocrx_word' id='word_1_312' title='bbox 1048 1554 1201 1595; x_wconf 86' lang='lat' dir='ltr'>afferte</span> <span class='ocrx_word' id='word_1_313' title='bbox 1228 1554 1419 1595; x_wconf 90' lang='lat' dir='ltr'>Domino</span> <span class='ocrx_word' id='word_1_314' title='bbox 1453 1553 1638 1606; x_wconf 88' lang='lat' dir='ltr'>gloriam</span> <span class='ocrx_word' id='word_1_315' title='bbox 1670 1558 1714 1595; x_wconf 89' lang='lat' dir='ltr'>et</span> <span class='ocrx_word' id='word_1_316' title='bbox 1739 1553 1875 1595; x_wconf 87' lang='lat' dir='ltr'>hono-</span> 
     </span>
     <span class='ocr_line' id='line_1_70' title="bbox 1046 1610 1876 1662; baseline 0 -11"><span class='ocrx_word' id='word_1_317' title='bbox 1046 1623 1155 1652; x_wconf 87' lang='lat' dir='ltr'>rem:</span> <span class='ocrx_word' id='word_1_318' title='bbox 1174 1612 1197 1637; x_wconf 87' lang='lat'>*</span> <span class='ocrx_word' id='word_1_319' title='bbox 1216 1610 1370 1652; x_wconf 86' lang='lat' dir='ltr'>afferte</span> <span class='ocrx_word' id='word_1_320' title='bbox 1388 1610 1579 1652; x_wconf 89' lang='lat' dir='ltr'>Domino</span> <span class='ocrx_word' id='word_1_321' title='bbox 1598 1610 1783 1662; x_wconf 88' lang='lat' dir='ltr'>gloriam</span> <span class='ocrx_word' id='word_1_322' title='bbox 1801 1613 1876 1652; x_wconf 92' lang='lat' dir='ltr'>no-</span> 
     </span>
     <span class='ocr_line' id='line_1_71' title="bbox 1047 1667 1273 1719; baseline 0.004 -12"><span class='ocrx_word' id='word_1_323' title='bbox 1047 1667 1152 1707; x_wconf 90' lang='lat' dir='ltr'>mini</span> <span class='ocrx_word' id='word_1_324' title='bbox 1171 1667 1273 1719; x_wconf 86' lang='lat' dir='ltr'>ejus.</span> 
     </span>
    </p>

    <p class='ocr_par' dir='ltr' id='par_1_30' title="bbox 1047 1723 1874 1889">
     <span class='ocr_line' id='line_1_72' title="bbox 1098 1723 1873 1773; baseline 0.001 -10"><span class='ocrx_word' id='word_1_325' title='bbox 1098 1723 1261 1764; x_wconf 92' lang='lat' dir='ltr'>Tollite</span> <span class='ocrx_word' id='word_1_326' title='bbox 1302 1723 1486 1773; x_wconf 87' lang='lat' dir='ltr'>hostias,</span> <span class='ocrx_word' id='word_1_327' title='bbox 1529 1727 1573 1765; x_wconf 88' lang='lat' dir='ltr'>et</span> <span class='ocrx_word' id='word_1_328' title='bbox 1613 1723 1790 1765; x_wconf 90' lang='lat' dir='ltr'>introite</span> <span class='ocrx_word' id='word_1_329' title='bbox 1831 1724 1873 1764; x_wconf 92' lang='lat' dir='ltr'>in</span> 
     </span>
     <span class='ocr_line' id='line_1_73' title="bbox 1048 1779 1874 1831; baseline 0.002 -11"><span class='ocrx_word' id='word_1_330' title='bbox 1048 1780 1157 1821; x_wconf 79' lang='lat' dir='ltr'>atria</span> <span class='ocrx_word' id='word_1_331' title='bbox 1185 1780 1290 1831; x_wconf 89' lang='lat' dir='ltr'>ejus:</span> <span class='ocrx_word' id='word_1_332' title='bbox 1309 1780 1333 1806; x_wconf 88' lang='lat'>*</span> <span class='ocrx_word' id='word_1_333' title='bbox 1357 1779 1541 1822; x_wconf 79' lang='lat' dir='ltr'>adorate</span> <span class='ocrx_word' id='word_1_334' title='bbox 1568 1780 1806 1821; x_wconf 88' lang='lat' dir='ltr'>Dominum</span> <span class='ocrx_word' id='word_1_335' title='bbox 1831 1780 1874 1822; x_wconf 91' lang='lat' dir='ltr'>in</span> 
     </span>
     <span class='ocr_line' id='line_1_74' title="bbox 1047 1837 1454 1889; baseline 0 -11"><span class='ocrx_word' id='word_1_336' title='bbox 1047 1837 1160 1878; x_wconf 76' lang='lat' dir='ltr'>atrio</span> <span class='ocrx_word' id='word_1_337' title='bbox 1180 1841 1333 1878; x_wconf 88' lang='lat' dir='ltr'>sancto</span> <span class='ocrx_word' id='word_1_338' title='bbox 1353 1837 1454 1889; x_wconf 89' lang='lat' dir='ltr'>ejus.</span> 
     </span>
    </p>

    <p class='ocr_par' dir='ltr' id='par_1_31' title="bbox 1047 1894 1874 2060">
     <span class='ocr_line' id='line_1_75' title="bbox 1101 1894 1874 1946; baseline 0 -11"><span class='ocrx_word' id='word_1_339' title='bbox 1101 1894 1440 1935; x_wconf 71' lang='lat' dir='ltr'>Commoveetur</span> <span class='ocrx_word' id='word_1_340' title='bbox 1472 1906 1498 1935; x_wconf 90' lang='lat' dir='ltr'>a</span> <span class='ocrx_word' id='word_1_341' title='bbox 1527 1894 1639 1936; x_wconf 77' lang='lat' dir='ltr'>facie</span> <span class='ocrx_word' id='word_1_342' title='bbox 1667 1894 1758 1946; x_wconf 89' lang='lat' dir='ltr'>ejus</span> <span class='ocrx_word' id='word_1_343' title='bbox 1785 1894 1874 1935; x_wconf 85' lang='lat' dir='ltr'>uni-</span> 
     </span>
     <span class='ocr_line' id='line_1_76' title="bbox 1047 1950 1874 1993; baseline 0 -1"><span class='ocrx_word' id='word_1_344' title='bbox 1047 1952 1175 1992; x_wconf 86' lang='lat' dir='ltr'>versa</span> <span class='ocrx_word' id='word_1_345' title='bbox 1206 1955 1339 1992; x_wconf 88' lang='lat' dir='ltr'>terra:</span> <span class='ocrx_word' id='word_1_346' title='bbox 1367 1951 1391 1976; x_wconf 85' lang='grc'><em>*</em></span> <span class='ocrx_word' id='word_1_347' title='bbox 1417 1950 1548 1992; x_wconf 90' lang='lat' dir='ltr'>dicite</span> <span class='ocrx_word' id='word_1_348' title='bbox 1580 1951 1624 1991; x_wconf 94' lang='lat' dir='ltr'>in</span> <span class='ocrx_word' id='word_1_349' title='bbox 1659 1950 1874 1993; x_wconf 77' lang='lat' dir='ltr'>Gentibus</span> 
     </span>
     <span class='ocr_line' id='line_1_77' title="bbox 1048 2007 1612 2060; baseline 0 -12"><span class='ocrx_word' id='word_1_350' title='bbox 1048 2008 1150 2060; x_wconf 90' lang='lat' dir='ltr'>quia</span> <span class='ocrx_word' id='word_1_351' title='bbox 1167 2007 1383 2048; x_wconf 91' lang='lat' dir='ltr'>Dominus</span> <span class='ocrx_word' id='word_1_352' title='bbox 1402 2008 1612 2058; x_wconf 79' lang='lat' dir='ltr'>regnavit.</span> 
     </span>
    </p>

    <p class='ocr_par' dir='ltr' id='par_1_32' title="bbox 1046 2063 1874 2231">
     <span class='ocr_line' id='line_1_78' title="bbox 1098 2063 1874 2106; baseline 0 0"><span class='ocrx_word' id='word_1_353' title='bbox 1098 2065 1271 2106; x_wconf 89' lang='lat' dir='ltr'>Etenim</span> <span class='ocrx_word' id='word_1_354' title='bbox 1315 2064 1507 2105; x_wconf 79' lang='lat' dir='ltr'>correxit</span> <span class='ocrx_word' id='word_1_355' title='bbox 1551 2063 1703 2106; x_wconf 90' lang='lat' dir='ltr'>orbem</span> <span class='ocrx_word' id='word_1_356' title='bbox 1743 2068 1874 2106; x_wconf 84' lang='lat' dir='ltr'>terrae</span> 
     </span>
     <span class='ocr_line' id='line_1_79' title="bbox 1048 2120 1874 2173; baseline -0.001 -10"><span class='ocrx_word' id='word_1_357' title='bbox 1048 2121 1122 2173; x_wconf 85' lang='lat' dir='ltr'>qui</span> <span class='ocrx_word' id='word_1_358' title='bbox 1153 2133 1242 2162; x_wconf 89' lang='lat' dir='ltr'>non</span> <span class='ocrx_word' id='word_1_359' title='bbox 1275 2120 1638 2162; x_wconf 81' lang='lat' dir='ltr'>commovebitur:</span> <span class='ocrx_word' id='word_1_360' title='bbox 1665 2121 1689 2146; x_wconf 87' lang='lat'>*</span> <span class='ocrx_word' id='word_1_361' title='bbox 1716 2120 1874 2173; x_wconf 70' lang='lat' dir='ltr'>judica-</span> 
     </span>
     <span class='ocr_line' id='line_1_80' title="bbox 1046 2172 1804 2231; baseline 0 -12"><span class='ocrx_word' id='word_1_362' title='bbox 1046 2177 1111 2219; x_wconf 91' lang='lat' dir='ltr'>bit</span> <span class='ocrx_word' id='word_1_363' title='bbox 1128 2176 1321 2231; x_wconf 89' lang='lat' dir='ltr'>populos</span> <span class='ocrx_word' id='word_1_364' title='bbox 1339 2177 1382 2217; x_wconf 91' lang='lat' dir='ltr'>in</span> <span class='ocrx_word' id='word_1_365' title='bbox 1402 2178 1620 2230; x_wconf 64' lang='lat' dir='ltr'>aequitAte.</span> <span class='ocrx_word' id='word_1_366' title='bbox 1796 2172 1804 2184; x_wconf 74' lang='lat'>⁵</span> 
     </span>
    </p>

    <p class='ocr_par' dir='ltr' id='par_1_33' title="bbox 1047 2233 1876 2456">
     <span class='ocr_line' id='line_1_81' title="bbox 1097 2233 1876 2283; baseline 0 -8"><span class='ocrx_word' id='word_1_367' title='bbox 1097 2234 1323 2275; x_wconf 89' lang='lat' dir='ltr'>Laetentur</span> <span class='ocrx_word' id='word_1_368' title='bbox 1341 2233 1452 2283; x_wconf 88' lang='lat' dir='ltr'>coeli,</span> <span class='ocrx_word' id='word_1_369' title='bbox 1473 2238 1516 2275; x_wconf 87' lang='lat' dir='ltr'>et</span> <span class='ocrx_word' id='word_1_370' title='bbox 1535 2233 1724 2276; x_wconf 83' lang='lat' dir='ltr'>exsultet</span> <span class='ocrx_word' id='word_1_371' title='bbox 1742 2239 1876 2276; x_wconf 87' lang='lat' dir='ltr'>terra:</span> 
     </span>
     <span class='ocr_line' id='line_1_82' title="bbox 1047 2290 1873 2343; baseline -0.001 -10"><span class='ocrx_word' id='word_1_372' title='bbox 1047 2291 1377 2333; x_wconf 76' lang='lat' dir='ltr'>commoveatur</span> <span class='ocrx_word' id='word_1_373' title='bbox 1403 2302 1538 2339; x_wconf 85' lang='lat' dir='ltr'>mare,</span> <span class='ocrx_word' id='word_1_374' title='bbox 1576 2295 1619 2331; x_wconf 91' lang='lat' dir='ltr'>et</span> <span class='ocrx_word' id='word_1_375' title='bbox 1646 2290 1873 2343; x_wconf 82' lang='lat' dir='ltr'>plenitudo</span> 
     </span>
     <span class='ocr_line' id='line_1_83' title="bbox 1047 2346 1874 2399; baseline -0.004 -9"><span class='ocrx_word' id='word_1_376' title='bbox 1047 2348 1151 2399; x_wconf 87' lang='lat' dir='ltr'>ejus:</span> <span class='ocrx_word' id='word_1_377' title='bbox 1171 2348 1194 2373; x_wconf 87' lang='lat'>*</span> <span class='ocrx_word' id='word_1_378' title='bbox 1213 2346 1467 2398; x_wconf 88' lang='lat' dir='ltr'>gaudebunt</span> <span class='ocrx_word' id='word_1_379' title='bbox 1486 2347 1644 2399; x_wconf 87' lang='lat' dir='ltr'>campi,</span> <span class='ocrx_word' id='word_1_380' title='bbox 1665 2352 1709 2388; x_wconf 89' lang='lat' dir='ltr'>et</span> <span class='ocrx_word' id='word_1_381' title='bbox 1729 2347 1874 2388; x_wconf 87' lang='lat' dir='ltr'>omnia</span> 
     </span>
     <span class='ocr_line' id='line_1_84' title="bbox 1048 2403 1419 2456; baseline -0.005 -11"><span class='ocrx_word' id='word_1_382' title='bbox 1048 2416 1146 2456; x_wconf 89' lang='lat' dir='ltr'>quae</span> <span class='ocrx_word' id='word_1_383' title='bbox 1164 2404 1207 2444; x_wconf 92' lang='lat' dir='ltr'>in</span> <span class='ocrx_word' id='word_1_384' title='bbox 1227 2403 1289 2444; x_wconf 87' lang='lat' dir='ltr'>eis</span> <span class='ocrx_word' id='word_1_385' title='bbox 1309 2407 1419 2444; x_wconf 86' lang='lat' dir='ltr'>sunt.</span> 
     </span>
    </p>

    <p class='ocr_par' dir='ltr' id='par_1_34' title="bbox 1044 2458 1874 2671">
     <span class='ocr_line' id='line_1_85' title="bbox 1098 2458 1874 2511; baseline 0 -10"><span class='ocrx_word' id='word_1_386' title='bbox 1098 2460 1223 2501; x_wconf 89' lang='lat' dir='ltr'>Tunc</span> <span class='ocrx_word' id='word_1_387' title='bbox 1260 2458 1540 2501; x_wconf 72' lang='lat' dir='ltr'>exsultabunt</span> <span class='ocrx_word' id='word_1_388' title='bbox 1577 2459 1722 2500; x_wconf 84' lang='lat' dir='ltr'>omnia</span> <span class='ocrx_word' id='word_1_389' title='bbox 1758 2459 1874 2511; x_wconf 89' lang='lat' dir='ltr'>ligna</span> 
     </span>
     <span class='ocr_line' id='line_1_86' title="bbox 1046 2515 1872 2568; baseline 0 -10"><span class='ocrx_word' id='word_1_390' title='bbox 1046 2517 1252 2559; x_wconf 77' lang='lat' dir='ltr'>silvarum</span> <span class='ocrx_word' id='word_1_391' title='bbox 1277 2529 1302 2556; x_wconf 89' lang='lat' dir='ltr'>a</span> <span class='ocrx_word' id='word_1_392' title='bbox 1329 2515 1439 2557; x_wconf 82' lang='lat' dir='ltr'>facie</span> <span class='ocrx_word' id='word_1_393' title='bbox 1457 2515 1649 2565; x_wconf 90' lang='lat' dir='ltr'>Domini,</span> <span class='ocrx_word' id='word_1_394' title='bbox 1679 2516 1780 2568; x_wconf 89' lang='lat' dir='ltr'>quia</span> <span class='ocrx_word' id='word_1_395' title='bbox 1804 2529 1872 2558; x_wconf 90' lang='lat' dir='ltr'>ve-</span> 
     </span>
     <span class='ocr_line' id='line_1_87' title="bbox 1044 2572 1871 2625; baseline 0 -11"><span class='ocrx_word' id='word_1_396' title='bbox 1044 2574 1123 2615; x_wconf 93' lang='lat' dir='ltr'>nit:</span> <span class='ocrx_word' id='word_1_397' title='bbox 1145 2574 1168 2599; x_wconf 88' lang='grc'><em>*</em></span> <span class='ocrx_word' id='word_1_398' title='bbox 1193 2572 1398 2625; x_wconf 87' lang='lat' dir='ltr'>quoniam</span> <span class='ocrx_word' id='word_1_399' title='bbox 1424 2572 1542 2614; x_wconf 90' lang='lat' dir='ltr'>venit</span> <span class='ocrx_word' id='word_1_400' title='bbox 1569 2572 1761 2623; x_wconf 80' lang='lat' dir='ltr'>judicare</span> <span class='ocrx_word' id='word_1_401' title='bbox 1788 2577 1871 2614; x_wconf 89' lang='lat' dir='ltr'>ter-</span> 
     </span>
     <span class='ocr_line' id='line_1_88' title="bbox 1046 2643 1149 2671; baseline 0.01 -1"><span class='ocrx_word' id='word_1_402' title='bbox 1046 2643 1149 2671; x_wconf 88' lang='lat' dir='ltr'>ram.</span> 
     </span>
    </p>

    <p class='ocr_par' dir='ltr' id='par_1_35' title="bbox 1045 2685 1870 2795">
     <span class='ocr_line' id='line_1_89' title="bbox 1096 2685 1869 2737; baseline -0.001 -10"><span class='ocrx_word' id='word_1_403' title='bbox 1096 2685 1315 2727; x_wconf 76' lang='lat' dir='ltr'>Judicabit</span> <span class='ocrx_word' id='word_1_404' title='bbox 1343 2685 1496 2726; x_wconf 89' lang='lat' dir='ltr'>orbem</span> <span class='ocrx_word' id='word_1_405' title='bbox 1524 2690 1654 2727; x_wconf 86' lang='lat' dir='ltr'>terrae</span> <span class='ocrx_word' id='word_1_406' title='bbox 1674 2686 1717 2726; x_wconf 92' lang='lat' dir='ltr'>in</span> <span class='ocrx_word' id='word_1_407' title='bbox 1739 2685 1869 2737; x_wconf 87' lang='lat' dir='ltr'>aequi-</span> 
     </span>
     <span class='ocr_line' id='line_1_90' title="bbox 1045 2741 1870 2795; baseline -0.002 -10"><span class='ocrx_word' id='word_1_408' title='bbox 1045 2745 1150 2793; x_wconf 77' lang='lat' dir='ltr'>tate,</span> <span class='ocrx_word' id='word_1_409' title='bbox 1173 2743 1196 2767; x_wconf 89' lang='lat'>*</span> <span class='ocrx_word' id='word_1_410' title='bbox 1220 2747 1264 2784; x_wconf 88' lang='lat' dir='ltr'>et</span> <span class='ocrx_word' id='word_1_411' title='bbox 1288 2741 1479 2795; x_wconf 89' lang='lat' dir='ltr'>populos</span> <span class='ocrx_word' id='word_1_412' title='bbox 1505 2742 1547 2782; x_wconf 94' lang='lat' dir='ltr'>in</span> <span class='ocrx_word' id='word_1_413' title='bbox 1573 2742 1756 2783; x_wconf 76' lang='lat' dir='ltr'>veritate</span> <span class='ocrx_word' id='word_1_414' title='bbox 1780 2753 1870 2783; x_wconf 88' lang='lat' dir='ltr'>sua.</span> 
     </span>
    </p>
   </div>
  </div>
 </body>
</html>
