2040 2990
806 192 847 225 ln
873 191 1017 226 Octava
1043 191 1077 225 S.
1102 190 1275 224 loannis.

192 291 235 332 in
263 302 388 332 coena
416 288 629 330 recubuit:
659 290 681 313 *
709 289 787 330 Cui
817 288 1014 330 Christus

193 348 235 388 in
260 359 389 388 cruce
416 351 600 387 matrem
625 346 834 397 virginem
859 345 1015 397 virgini

193 402 522 445 commendavit.
548 398 598 449 V.
614 402 752 454 Virgo
770 407 835 443 est
850 402 1014 443 electus

192 473 217 501 a
235 460 438 509 Domino,
459 464 590 512 atque
610 459 721 501 inter
740 460 910 500 ceteros
929 471 1014 499 ma-

191 516 258 567 gis
277 516 471 558 dilectus.
501 516 590 558 Cui.

504 584 653 624 Lectio
674 583 713 622 ii.

273 656 291 693 t
327 651 382 693 de
417 651 575 693 throno
609 649 906 704 procedebant
938 648 1014 690 ful-

278 721 399 759 gura,
429 714 471 750 et
496 721 644 758 voces,
671 712 714 749 et
738 709 944 748 tonitrua:
973 711 1016 748 et

192 770 363 817 septem
400 765 627 818 lampades
666 763 870 805 ardentes
915 767 1016 804 ante

192 817 407 866 thronum,
431 819 505 870 qui
526 822 626 858 sunt
649 821 818 868 septem
838 815 1015 868 spiritus

192 874 286 915 Dei.
326 874 383 915 Et
414 874 458 914 in
490 875 730 926 conspectu
761 871 878 914 sedis
907 877 1013 913 tam-

194 943 324 982 quam
364 943 483 972 mare
518 933 705 972 vitreum
746 929 886 970 simile
922 941 1015 980 cry-

193 987 335 1028 stallo:
364 992 407 1029 et
426 987 468 1027 in
487 986 632 1029 medio
652 986 783 1035 sediS,
813 990 857 1027 et
874 986 918 1026 in
937 985 1015 1026 cir-

194 1044 311 1085 cuitu
331 1044 447 1085 sedis
469 1045 656 1096 quatuor
671 1042 873 1084 animalia
887 1041 1017 1094 plena

193 1100 330 1141 oculis
350 1105 450 1142 ante
471 1105 514 1142 et
533 1105 662 1142 retro.
685 1099 742 1141 Et
758 1098 915 1140 animal
931 1098 1016 1151 pri-

193 1170 311 1197 mum
348 1157 485 1198 simile
521 1157 653 1207 leoni,
698 1160 740 1197 et
777 1154 1017 1197 secundum

194 1213 354 1254 animal
392 1213 532 1255 simile
569 1212 723 1262 vituIO,
761 1217 804 1254 et
840 1212 1016 1254 tertium

195 1270 352 1311 animal
376 1270 541 1312 habens
561 1270 717 1311 faciem
738 1269 862 1322 quasi
880 1268 1016 1310 homi-

1068 302 1114 330 es
1141 290 1329 333 Domine
1355 293 1476 334 Deus
1507 298 1658 336 noster
1689 297 1888 347 accipere

1066 345 1265 402 gloriam,
1294 353 1338 390 et
1355 348 1580 400 honorem,
1608 356 1652 393 et
1669 351 1889 393 virtutem:

1069 403 1169 455 quia
1196 408 1244 445 tu
1268 406 1428 447 creasti
1450 407 1610 457 omnia,
1638 412 1683 450 et
1706 412 1889 461 propter

1068 459 1338 502 voluntatem
1362 467 1481 504 tuam
1508 468 1648 514 erant,
1676 469 1720 506 et
1744 466 1890 506 creata

1069 522 1179 558 sunt.

1122 576 1171 627 R».
1196 574 1282 616 Hic
1308 580 1374 616 est
1396 575 1676 619 beatissimus
1694 577 1889 629 Evange-

1068 629 1167 672 lista
1195 636 1239 672 et
1265 632 1509 684 Apostolus
1535 634 1559 675 J
1562 636 1742 684 oannes,
1766 632 1789 655 *
1808 634 1891 685 Qui

1068 686 1295 739 privilegio
1315 690 1476 731 amoris
1491 691 1715 744 praecipui,
1736 690 1891 732 ceteris

1069 742 1197 784 altius
1224 757 1249 785 a
1275 745 1463 787 Domino
1490 747 1648 788 meruit
1676 747 1892 789 honorari.

1070 794 1120 847 V.
1150 800 1234 842 Hic
1268 806 1335 843 est
1365 801 1606 856 discipulus
1637 803 1729 854 ille,
1762 816 1891 857 quem

1069 855 1276 907 diligebat
1300 859 1444 909 JesuS,
1475 860 1549 913 qui
1577 873 1709 914 supra
1736 864 1891 913 pectus

1068 913 1246 955 Domini
1283 915 1326 956 in
1368 929 1494 958 coena
1531 917 1742 959 recubuit.
1796 917 1891 968 Qui.

1071 969 1222 1012 Gloria
1240 972 1369 1014 Patri.
1398 973 1493 1024 Qui.

1295 1049 1343 1087 In
1370 1050 1420 1088 ΙΙ.
1445 1049 1668 1088 Nocturno.

1124 1120 1190 1160 Ex
1214 1118 1424 1164 Tractatu
1447 1121 1585 1164 sancti
1608 1122 1841 1175 Augustini

1224 1177 1436 1232 Episcopi
1453 1179 1497 1220 in
1515 1180 1539 1220 J
1541 1181 1738 1222 oannem.

1176 1242 1324 1283 Lectio
1346 1243 1396 1281 iv.
1567 1241 1710 1281 Tract.
1725 1241 1790 1280 36.

1081 1313 1089 1323 ³
1142 1307 1219 1342 «Pin
1239 1302 1427 1352 quatuor
1446 1301 1709 1354 EvangeliiS‚
1728 1302 1798 1344 vel
1817 1303 1893 1356 po-

193 1326 271 1376 nis,
291 1332 333 1368 et
352 1332 553 1379 quartum
569 1326 726 1367 animal
741 1325 880 1367 simile
898 1325 1016 1377 aqui·
1075 1322 1118 1364 5³²5*

193 1383 247 1424 1ae
278 1383 454 1425 volanti.
494 1384 550 1424 Et
583 1385 772 1435 quatuor
805 1381 1018 1431 animalia,

194 1439 362 1490 singula
398 1442 549 1481 eorum
581 1439 800 1481 habebant
832 1438 923 1480 alas
955 1450 1018 1479 se-

194 1509 287 1537 nas:
316 1501 359 1538 et
382 1497 425 1537 in
452 1496 652 1546 circuitu,
681 1501 725 1537 et
750 1496 866 1537 intus
890 1494 1019 1548 plena

195 1557 295 1594 sunt
314 1553 462 1594 oculis.

248 1618 298 1670 R.
314 1618 399 1659 Hic
419 1622 486 1659 est
506 1617 745 1670 discipulus
763 1617 846 1666 ille,
867 1616 940 1669 qui
958 1621 1018 1658 te-

195 1674 444 1716 stimonium
463 1674 664 1727 perhibet
684 1673 738 1715 de
757 1673 836 1723 his,
856 1678 899 1715 et
916 1673 1017 1714 scri-

195 1731 282 1783 psit
300 1730 408 1772 haec:
428 1731 451 1756 *
470 1731 528 1772 Et
554 1730 714 1772 scimus
741 1730 843 1782 quia
867 1743 1019 1772 verum

196 1792 262 1829 est
289 1787 588 1829 testimonium
618 1788 719 1839 ejus.
755 1785 805 1834 V.
833 1786 1019 1828 Fluenta

196 1843 420 1894 Evangelii
448 1843 503 1886 de
527 1844 623 1896 ipso
649 1857 775 1886 sacro
801 1843 1019 1885 Dominici

197 1901 388 1953 pectoris
408 1901 527 1942 fonte
545 1900 728 1953 potavit.
755 1901 821 1942 Et.

498 1973 649 2014 Lectio
668 1973 723 2013 iii.

197 2031 293 2137 Et
316 2041 511 2093 requiem
534 2053 621 2081 non
641 2040 860 2082 habebant
879 2039 950 2082 die
969 2053 1020 2081 ac

290 2102 434 2146 nocte,
463 2096 664 2139 dicentia:
692 2097 892 2147 Sanctus,
918 2098 1020 2139 San-

199 2158 306 2202 ctus,
320 2153 505 2194 Sanctus
519 2154 733 2195 Dominus
752 2154 873 2195 Deus
888 2156 1021 2195 omni-

198 2215 367 2263 potens,
393 2210 468 2262 qui
488 2215 594 2259 erat,
622 2216 664 2251 et
685 2211 759 2263 qui
779 2216 860 2260 est,
887 2216 930 2252 et
949 2211 1022 2264 qui

199 2269 407 2308 venturus
436 2271 512 2308 est.
554 2267 610 2308 Et
645 2280 743 2308 cum
772 2267 925 2310 darent
950 2268 1023 2309 illa

201 2322 402 2364 animalia
426 2323 628 2374 gloriam,
657 2329 700 2365 et
723 2323 952 2374 honorem,
981 2330 1024 2366 et

200 2378 549 2420 benedictionem
569 2379 738 2421 sedenti
757 2393 888 2432 super
907 2381 1023 2423 thro·

201 2448 313 2484 num,
333 2435 496 2476 viventi
516 2435 558 2476 in
575 2436 735 2477 saecula
752 2436 1023 2487 saeculorum,

201 2490 489 2543 procidebant
508 2492 659 2543 viginti
679 2494 865 2543 quatuor
885 2494 1023 2535 senio-

201 2560 272 2588 res
305 2552 405 2589 ante
439 2547 663 2589 sedentem
697 2548 740 2589 in
772 2548 948 2599 throno,
981 2556 1024 2592 et

203 2603 446 2645 adorabant
466 2604 682 2646 viventem
705 2605 747 2645 in
769 2606 929 2647 saecula
947 2619 1023 2647 sae-

204 2660 417 2709 culorum,
442 2665 485 2701 et
502 2660 732 2702 mittebant
751 2664 937 2703 coronas
957 2676 1023 2703 su-

203 2729 251 2758 as
270 2722 370 2758 ante
388 2716 608 2767 thronum,
628 2716 838 2759 dicentes:
857 2719 1024 2769 Dignus

1075 1360 1118 1414 ,[ἓῆ
1143 1351 1185 1410 ³3}
1207 1357 1294 1398 tius
1313 1360 1498 1410 quatuor
1522 1358 1647 1401 libris
1668 1361 1794 1401 unius
1812 1359 1893 1400 Ev-

1075 1409 1181 1439 ,Αςςέ
1209 1414 1376 1466 angelii,
1389 1420 1566 1458 sanctus
1576 1416 1600 1457 J
1603 1418 1766 1458 oannes
1776 1416 1894 1469 Apo-

1072 1470 1210 1512 stolus
1234 1483 1322 1512 non
1339 1471 1557 1514 immerito
1577 1472 1817 1515 secundum
1834 1473 1894 1514 in-

1072 1527 1356 1579 telligentiam
1367 1529 1608 1582 spiritalem
1619 1529 1777 1583 aquilae
1789 1542 1896 1572 com-

1071 1586 1262 1636 paratus,
1282 1584 1412 1627 altius
1426 1586 1654 1639 multoque
1668 1586 1895 1628 sublimius

1072 1640 1166 1682 aliis
1196 1641 1336 1683 tribus
1369 1642 1507 1684 erexit
1536 1642 1895 1696 praedicationem

1075 1710 1213 1739 suam:
1250 1703 1294 1740 et
1326 1699 1371 1739 in
1399 1699 1490 1751 ejus
1518 1699 1737 1742 erectione
1765 1699 1896 1742 etiam

1074 1753 1209 1796 corda
1228 1759 1377 1797 nostra
1396 1755 1503 1806 erigi
1520 1756 1670 1798 voluit.
1696 1756 1811 1798 Nam
1830 1757 1896 1798 ce-

1074 1812 1155 1853 teri
1165 1816 1254 1853 tres
1262 1812 1555 1864 Evangelistae
1565 1818 1788 1866 tamquam
1798 1826 1896 1855 cum

1074 1868 1248 1911 homine
1263 1869 1455 1911 Domino
1474 1870 1517 1911 in
1532 1875 1649 1912 terra
1663 1869 1896 1920 ambulant,

1076 1930 1119 1967 et
1151 1925 1205 1968 de
1239 1926 1465 1969 divinitate
1494 1928 1584 1980 ejus
1611 1940 1752 1980 pauca
1779 1926 1896 1970 dixe-

1074 1987 1188 2024 runt:
1224 1983 1356 2025 istum
1383 1989 1529 2025 autem
1558 1984 1682 2036 quasi
1708 1984 1898 2037 piguerit

1075 2040 1118 2080 in
1136 2044 1254 2081 terra
1274 2040 1507 2091 ambulare,
1527 2041 1639 2082 sicut
1657 2041 1755 2094 ipso
1775 2042 1896 2083 exor-

1076 2096 1149 2138 dio
1178 2097 1245 2138 sui
1272 2098 1484 2139 sermonis
1516 2097 1720 2148 intonuit,
1758 2097 1897 2140 erexit

1074 2166 1122 2195 se
1141 2166 1227 2195 non
1246 2154 1389 2195 solum
1406 2166 1537 2207 super
1556 2159 1735 2204 terram,
1764 2159 1807 2196 et
1829 2167 1895 2195 su-

1075 2223 1154 2263 per
1172 2223 1347 2252 omnem
1367 2210 1577 2252 ambitum
1596 2211 1708 2252 aeris
1726 2215 1770 2253 et
1787 2210 1897 2260 coeli,

1075 2266 1154 2309 sed
1171 2280 1302 2320 super
1321 2279 1495 2309 omnem
1511 2268 1643 2309 etiam
1657 2267 1897 2309 exercitum

1074 2323 1360 2375 Angelorum,
1398 2325 1658 2376 omnemque
1691 2324 1896 2366 constitu-

1074 2381 1239 2422 tionem
1254 2379 1534 2423 invisibilium
1548 2383 1834 2433 potestatum:
1854 2384 1898 2422 et

1075 2437 1273 2490 pervenit
1300 2436 1355 2478 ad
1380 2450 1495 2487 eum,
1522 2450 1602 2490 per
1629 2450 1758 2489 quem
1782 2437 1895 2479 facta

1076 2492 1176 2535 sunt
1195 2494 1354 2543 omnia,
1379 2493 1581 2535 dicendo:
1610 2494 1660 2534 In
1680 2494 1896 2547 principio

1077 2556 1168 2592 erat
1182 2550 1389 2600 Verbum,
1405 2555 1449 2592 et
1462 2550 1658 2592 Verbum
1674 2555 1767 2592 erat
1780 2550 1898 2603 apud

1075 2608 1229 2656 Deum,
1249 2611 1292 2648 et
1310 2607 1429 2648 Deus
1450 2612 1543 2648 erat
1561 2607 1768 2649 Verbum.

1130 2661 1179 2712 R·-
1205 2663 1287 2713 Qui
1311 2663 1479 2713 vicerit,
1507 2663 1664 2705 faciam
1685 2663 1807 2705 illum
1826 2676 1896 2705 co·

1076 2720 1267 2761 lumnam
1291 2719 1334 2760 in
1358 2719 1522 2772 templo
1541 2733 1657 2770 meo,
1685 2719 1790 2762 dicit
1809 2719 1896 2761 Do-
