2080 2990
915 438 1299 481 DEORETUM.

1060 520 1182 538 000>-

356 586 507 627 Expletis
531 585 803 618 Canonizationis
828 585 998 617 solemniis
1021 584 1195 616 beatorum
1219 582 1353 625 Septem
1370 583 1603 616 Fundatorurn
1620 584 1756 617 Ordinis
1773 583 1955 617 Servorum

252 637 361 668 Beatae
385 637 500 668 Mariae
522 636 687 682 Virginis,
713 635 798 667 Rev.
821 635 918 666 Pater
941 634 1093 666 Andreas
1118 632 1270 665 Corrado
1293 633 1413 666 Causae
1435 634 1626 668 Postulator
1649 644 1773 668 novum
1796 634 1956 668 Officium

232 692 283 718 .et
306 688 444 719 Missam
467 687 637 728 propriam
660 695 720 718 nec
744 695 811 718 non
832 686 990 726 Elogium
1013 693 1074 725 pro
1098 684 1338 726 Martyrologio
1362 684 1396 716 in
1419 683 1582 717 honorem
1606 685 1798 718 eorumdem
1817 685 1953 718 Sancto-

250 747 325 770 rum
348 737 615 771 concinnandum
639 738 776 778 curavit,
800 745 873 777 quae
890 735 1071 768 Sacrorum
1088 734 1226 766 Rituum
1242 733 1522 777 Congregationis
1546 736 1781 777 approbationi
1805 737 1846 769 de
1861 745 1955 769 more

253 789 400 829 subjecit.
445 789 527 821 Haec
551 797 655 829 quum
678 787 780 818 Emus
804 790 835 818 et
858 786 965 818 Rffius
989 785 1157 817 Dominus
1181 784 1371 818 Cardinalis
1392 785 1542 818 Lucidus
1561 786 1669 819 Maria
1685 787 1849 819 Parocchi
1873 787 1955 829 ejus-

252 839 327 871 dem
360 838 481 871 Causae
510 838 643 870 Ponens
681 837 714 868 in
746 835 934 868 Ordinariis
964 835 1070 876 ipsius
1100 835 1211 868 Sacrae
1240 835 1380 868 Rituum
1409 835 1688 878 Congregationis
1717 835 1871 870 Comitiis
1902 837 1956 869 die

252 889 303 921 28.
322 889 403 921 Julii
422 889 504 921 1888
528 888 570 920 ad
585 888 783 919 Vaticanum
799 885 921 918 habitis
937 886 1097 928 retulerit3
1123 886 1200 918 Emi
1220 891 1250 919 et
1265 886 1345 919 Rffii
1361 887 1487 928 Patres,
1510 886 1664 920 omnibus
1687 889 1748 920 rite
1770 888 1954 930 perpensis,

252 940 431 980 auditoque
454 939 496 972 R.
521 939 556 971 P.
580 939 622 970 D.
647 937 834 978 Augustino
857 936 1008 979 Caprara
1037 936 1168 968 Sanctae
1196 937 1292 969 Fidei
1314 937 1527 978 Promotore‚
1559 938 1744 971 rescribere
1772 938 1835 971 rati
1863 943 1954 971 sunt:

253 990 318 1022 Pro
338 989 462 1030 qratia,
494 1000 565 1021 cum
591 987 772 1019 extensione
796 986 885 1022 Festi
914 986 957 1019 ad
979 989 1077 1019 totam
1101 986 1291 1027 Ecclesiam,
1323 990 1353 1020 et
1372 987 1416 1019 ad
1438 987 1559 1020 E'mum
1583 987 1758 1021 Ponentem
1779 999 1851 1021 cum
1875 988 1954 1021 Pro-

252 1042 369 1071 motore
388 1039 489 1071 Fidei.
535 1039 622 1071 Hinc
644 1039 736 1079 juxta
760 1042 903 1070 mentem
925 1038 1031 1079 ipsius
1055 1037 1167 1070 Sacrae
1191 1038 1472 1080 Congregationis
1498 1048 1516 1071 a
1540 1040 1681 1080 praefato
1702 1040 1788 1072 Esno
1805 1040 1953 1072 Ponente

252 1100 316 1122 una
347 1099 423 1122 cum
453 1090 582 1122 Sanctae
612 1089 707 1121 Fidei
735 1089 931 1121 Promotore
964 1088 1128 1130 propositi
1158 1087 1288 1131 Officii,
1323 1090 1437 1122 Missae
1466 1094 1563 1131 atque
1593 1091 1703 1131 Elogii
1728 1091 1895 1123 revisione
1924 1094 1955 1122 et

251 1141 453 1173 correctione
483 1145 632 1181 peracta,
666 1139 767 1172 Sacra
798 1138 914 1170 eadem
941 1137 1166 1180 Congregatio
1195 1149 1233 1171 ea
1261 1141 1307 1172 uti
1335 1141 1368 1172 in
1399 1141 1563 1182 superiori
1590 1140 1774 1182 exemplari
1802 1144 1955 1182 prostant

251 1191 456 1233 approbavit.

353 1261 404 1293 De
427 1261 478 1293 his
502 1260 717 1302 postmodum
740 1269 798 1301 per
818 1258 1069 1300 infrascriptum
1087 1258 1308 1291 Secretarium
1324 1259 1414 1292 facta
1429 1259 1650 1294 Sanctissimo
1666 1259 1813 1292 Domino
1829 1259 1955 1292 Nostro

250 1311 354 1344 Leoni
381 1311 482 1353 Papae
514 1311 609 1344 XIII.
643 1310 732 1343 fideli
766 1310 939 1350 relatione,
972 1309 1137 1342 Sanctitas
1172 1309 1239 1342 Sua
1268 1310 1438 1342 mandavit
1473 1315 1509 1342 ut
1536 1310 1744 1343 Kalendario
1774 1310 1955 1344 universali

251 1362 408 1394 Ecclesiae
443 1361 504 1394 sub
542 1362 607 1394 ritu
642 1361 765 1402 duplici
797 1358 919 1392 minori
953 1359 1152 1391 inscribatur
1182 1360 1235 1392 die
1263 1360 1324 1392 XI.
1354 1360 1527 1393 Februarii
1555 1361 1693 1393 Festum
1720 1360 1956 1402 praedictorum

251 1413 449 1445 Sanctorum
474 1411 717 1444 Confessorum
739 1411 871 1452 Septem
895 1410 1125 1442 Fundatorum
1152 1409 1290 1443 Ordinis
1321 1410 1503 1444 Servorum
1530 1411 1643 1444 Beatae
1666 1411 1782 1444 Mariae
1802 1411 1951 1453 Virginis

250 1473 325 1495 cum
348 1462 470 1496 Officio
495 1467 526 1494 et
549 1463 653 1495 Missa
676 1466 707 1494 et
729 1461 850 1503 Elogio
872 1461 920 1493 uti
941 1469 1042 1502 supra
1066 1460 1271 1502 approbatis:
1295 1462 1436 1494 servatis
1460 1461 1629 1494 Rubricis.

354 1532 417 1564 Die
439 1533 490 1566 20.
512 1532 707 1565 Decembris
733 1533 826 1565 1888.

906 1681 948 1714 A.
972 1680 1174 1714 Cardinalis
1196 1679 1346 1714 Bianchi
1371 1682 1404 1715 S.
1428 1682 1471 1715 R.
1496 1682 1533 1715 C.
1557 1682 1748 1715 Praefectus.

1041 1828 1261 1863 Laurentius
1285 1828 1430 1863 Salvati
1450 1831 1482 1864 S.
1507 1831 1548 1863 R.
1573 1830 1610 1863 C.
1634 1830 1852 1865 secretarius.

806 2168 1037 2209 concordat
1065 2182 1158 2209 cum
1186 2169 1400 2220 Originali.

358 2273 602 2315 Ratisbonae,
625 2275 678 2307 die
700 2276 753 2308 29.
776 2276 926 2308 Januarii
953 2276 1046 2309 1889.

1470 2424 1527 2461 M.
1550 2425 1706 2468 Dandi,

1299 2493 1452 2525 vicarius
1475 2492 1507 2524 in
1527 2491 1639 2533 Spirit.
1663 2492 1850 2525 Generalis.

628 2743 667 2767 Ex
683 2743 791 2767 Officina
808 2743 850 2768 Fr.
867 2743 965 2774 Pustet,
981 2745 1006 2769 S.
1023 2746 1096 2770 Sedis
1113 2746 1202 2777 Apost.
1220 2750 1243 2770 et
1261 2747 1286 2771 S.
1303 2746 1354 2771 Rit.
1371 2746 1464 2776 Congr.
1481 2746 1594 2778 Typogr.
