2080 2990
192 207 284 254 [166]

251 303 453 336 Lectiones
485 301 663 341 leguntur
694 299 776 332 sine
803 298 1027 332 Absolutio-

198 361 253 385 ης,
282 348 623 382 Benedictionibus
650 354 685 380 et
710 347 851 380 Titulo.

303 406 452 446 Lectio
475 405 496 443 i.
721 402 806 443 Job
827 403 862 442 7.
884 401 922 441 d.

204 492 207 520 5
231 475 412 534 parce
431 462 538 503 mihi
556 461 761 511 D6mine3
786 460 893 501 nihil
912 459 1026 501 enim

203 547 207 550 >
230 521 305 595 [Q
328 525 429 561 sunt
454 519 550 560 dies
574 518 672 559 mei.
715 516 831 567 Quid
856 521 923 557 est
948 515 1023 556 ho-

249 588 253 599 ³
274 561 305 599 “³¹
328 588 412 625 mo,
430 575 531 628 quia
544 573 798 625 magnificas
814 570 937 614 eum?
953 576 1027 613 aut

197 631 302 684 quid
328 632 517 684 apponis
542 643 646 680 erga
667 643 766 671 eum
786 642 863 670 cor
881 626 1026 670 tuum?

194 688 361 729 Visitas
403 700 503 728 eum
542 686 755 735 diluculo,
798 690 842 726 et
880 684 1027 726 subito

194 744 360 796 probas
384 743 516 785 illum.
552 743 793 795 Usquequo
818 753 906 782 non
930 753 1027 793 par-

195 801 259 842 cis
285 800 407 849 mihi,
435 812 517 841 nec
542 798 724 840 dimittis
750 810 836 845 me,
863 801 913 838 ut
937 796 1027 847 glu-

194 857 301 898 tiam
321 856 504 897 salivam
519 853 684 896 meam?
705 853 902 902 Peccavi,
923 852 1029 904 quid

194 913 353 954 faciam
396 912 477 953 tibi
524 924 550 952 ο
589 915 738 952 custos
774 907 1025 950 h6minum?

197 981 332 1021 quare
351 968 539 1021 posuisti
558 979 628 1008 me
651 966 919 1007 contrarium
938 964 1028 1014 tibi,

196 1031 239 1066 et
264 1025 405 1066 factus
432 1037 529 1065 sum
552 1022 836 1074 mihimetipsi
858 1020 1028 1072 gravis?

197 1081 284 1122 Cur
303 1093 392 1122 non
412 1080 532 1122 tollis
552 1082 785 1132 peccatum
803 1091 965 1127 meum,
986 1083 1030 1119 et

197 1150 333 1189 quare
359 1149 446 1177 non
472 1136 617 1177 aufers
643 1135 917 1187 iniquitatem
943 1147 1030 1175 me-

197 1193 292 1235 am?
340 1205 444 1235 ecce
481 1205 597 1234 nunc
632 1192 676 1232 in
712 1191 893 1244 pulvere
932 1190 1030 1232 dor-

195 1250 343 1290 miam:
379 1254 422 1290 et
456 1249 492 1289 si
524 1261 654 1290 mane
686 1261 757 1289 me
794 1247 1030 1300 quaesieris,

195 1319 283 1347 non
308 1305 555 1347 subsistam.

255 1368 455 1403 Lectiones
484 1370 737 1403 terminantur
766 1370 849 1403 sine
877 1369 937 1404 Tu
966 1378 1030 1403 au-

195 1423 282 1455 tem.
311 1418 372 1451 vel
398 1419 472 1451 alia
500 1418 759 1451 conclusione.

253 1471 302 1520 R.
320 1470 465 1512 Credo
483 1469 603 1521 quod
616 1469 892 1521 Redemptor
906 1480 1031 1509 meus

198 1527 320 1575 vivit,
347 1531 391 1568 et
414 1527 459 1567 in
482 1526 722 1567 novissimo
749 1525 820 1566 die
840 1524 895 1566 de
914 1529 1033 1565 terra

199 1585 476 1624 surrecturus
515 1595 627 1622 sum:
666 1585 687 1606 *
724 1582 782 1622 Et
819 1581 863 1621 in
900 1592 1032 1621 carne

198 1652 297 1680 mea
347 1637 509 1679 videbo
565 1638 710 1679 Deum
758 1637 1032 1678 Salvatorem

198 1708 355 1736 meum.
392 1691 439 1741 Y
464 1694 605 1743 Quem
630 1694 803 1734 visurus
829 1706 925 1734 sum
949 1705 1031 1743 ego

197 1751 305 1803 ipse,
326 1755 369 1791 et
384 1763 472 1791 non
488 1749 614 1790 alius:
634 1755 678 1791 et
698 1749 816 1791 oculi
831 1749 919 1790 mei
931 1761 1031 1790 con-

198 1806 393 1859 specturi
413 1811 526 1847 sunt.
556 1807 623 1846 Et.

308 1871 458 1910 Lectio
480 1871 518 1909 ii.
761 1871 845 1911 Job
866 1872 929 1910 10.

280 1927 397 1968 aedet
417 1927 606 1968 animam
626 1939 770 1967 meam
788 1926 892 1967 vitae
910 1938 1033 1974 meae,

305 1983 521 2024 dimittam
557 1982 792 2023 adversum
830 1995 900 2023 me
947 1982 1033 2023 elo-

202 2039 351 2092 quium
379 2052 540 2090 meum,
575 2038 732 2090 loquar
758 2038 802 2078 in
831 2038 1034 2079 amaritu-

202 2095 302 2137 dine
348 2096 505 2136 animae
549 2107 673 2136 meae.
728 2094 885 2135 Dicam
921 2095 1032 2136 Deo:

201 2152 306 2194 Noli
330 2164 400 2192 me
425 2151 735 2192 condemnare:
763 2150 910 2192 indica
927 2150 1033 2192 mihi

204 2220 281 2249 cur
308 2220 379 2249 me
406 2207 466 2248 ita
491 2205 668 2258 judices.
707 2206 935 2259 Numquid
958 2207 1035 2249 bo·

204 2277 308 2305 num
343 2262 424 2304 tibi
459 2262 650 2311 videtur,
687 2262 724 2302 si
760 2262 1035 2303 calumnieris

202 2332 284 2368 me,
304 2324 348 2361 et
367 2318 594 2371 Opprimas
611 2330 681 2359 me
702 2330 813 2371 opus
827 2321 1037 2360 manuum

202 2378 396 2423 tuarum,
442 2379 486 2415 et
526 2374 758 2415 consilium
800 2374 1047 2426 impiOrum·

205 2429 410 2482 adjuves?
464 2428 693 2482 Numquid
734 2430 849 2471 oculi
891 2431 1037 2472 carnei

204 2486 285 2528 tibi
307 2492 424 2528 sunt:
452 2491 527 2527 aut
546 2486 659 2527 sicut
679 2485 799 2526 videt
819 2486 968 2535 homo,
994 2492 1038 2527 et

205 2548 254 2585 tu
286 2541 481 2584 videbis?
526 2542 754 2594 Numquid
793 2542 905 2583 sieut
942 2542 1037 2583 dies

205 2599 395 2640 hominis
420 2599 515 2640 dies
541 2598 620 2648 tui,
650 2604 693 2639 et
717 2598 817 2638 anni
843 2598 906 2639 tui
925 2598 1038 2639 sicut

207 2655 397 2696 humana
424 2660 524 2695 sunt
548 2657 767 2707 tempora,
795 2659 843 2695 ut
865 2666 1037 2705 quaeras

207 2711 483 2763 iniquitatem
520 2723 680 2760 meam,
726 2715 770 2751 et
806 2712 1037 2761 peccatum

805 203 982 238 Officium
1008 195 1295 236 Defunctorum.

1077 311 1222 339 meum
1246 295 1475 338 scruteris?
1502 296 1561 337 Et
1585 294 1699 336 scias
1724 294 1826 346 quia
1848 292 1909 333 ni-

1076 354 1137 395 hil
1157 353 1340 406 impium
1358 353 1552 401 fecerim,
1577 363 1678 392 cum
1699 350 1757 391 sit
1777 360 1908 390 nemo

1079 410 1153 462 qui
1173 409 1228 450 de
1246 422 1379 450 manu
1397 414 1473 450 tua
1491 407 1635 460 possit
1654 409 1820 448 eruere.

1136 471 1186 521 R.
1217 465 1302 516 Qui
1333 465 1551 506 Lazarum
1581 460 1853 504 resuscitasti
1885 473 1911 501 a

1078 523 1361 563 monumento
1379 519 1597 562 foetidum:
1622 522 1645 545 *
1659 518 1729 560 Tu
1746 518 1810 560 eis
1823 517 1911 558 Do-

1078 578 1194 619 mine
1224 577 1340 619 dona
1367 577 1580 629 requiem,
1608 579 1653 617 et
1679 575 1827 616 locum
1850 573 1911 614 in-

1081 633 1331 686 dulgentiae.
1366 630 1416 682 Υ.
1442 633 1527 684 Qui
1547 635 1758 674 venturus
1784 641 1832 671 es
1854 628 1913 681 ju-

1082 691 1231 732 dicare
1250 691 1376 732 vivos
1400 694 1444 730 et
1469 691 1686 737 mortuos,
1710 691 1755 728 et
1777 687 1912 727 saecu,-

1081 746 1171 788 lum
1188 759 1269 800 per
1287 747 1444 798 ignem.
1472 745 1542 787 Tu
1561 745 1637 786 eis.

1189 814 1340 855 Lectio
1363 813 1418 852 iii.
1592 809 1676 850 Job
1694 811 1757 850 10.
1773 809 1811 850 b.

1085 872 1294 976 Manus
1314 876 1403 913 tuae
1423 871 1622 912 fecerunt
1643 883 1730 920 me,
1756 874 1801 911 et
1823 868 1913 922 pla-

1219 929 1472 969 smaverunt
1499 939 1569 968 me
1591 932 1736 968 totum
1763 925 1807 966 in
1834 925 1914 966 cir-

1083 985 1221 1026 cuitu:
1267 989 1311 1025 et
1349 984 1412 1025 sic
1443 984 1627 1036 repente
1658 980 1914 1035 praecipitas

1081 1040 1174 1083 me?
1217 1041 1441 1082 Memento
1470 1052 1622 1092 quaeso
1653 1037 1774 1091 quod
1802 1036 1916 1079 sicut

1082 1098 1222 1139 lutum
1247 1096 1402 1138 feceris
1427 1108 1516 1146 me,
1546 1101 1589 1137 et
1615 1095 1660 1136 in
1686 1094 1916 1148 pulverem

1083 1153 1270 1195 reduces
1289 1165 1370 1194 me.
1403 1152 1565 1193 Nonne
1589 1152 1702 1193 sicut
1722 1151 1790 1192 lac
1809 1149 1916 1191 mul-

1083 1210 1177 1251 sisti
1195 1222 1284 1258 me,
1313 1215 1357 1250 et
1383 1208 1496 1250 sicut
1521 1210 1701 1249 caseum
1723 1219 1795 1248 me
1819 1218 1916 1257 coa:

1082 1264 1264 1318 gulasti?
1300 1264 1420 1306 Pelle
1444 1269 1488 1306 et
1517 1263 1720 1306 carnibus
1744 1262 1918 1304 vestisti

1082 1336 1168 1364 me:
1204 1321 1379 1363 ossibus
1409 1325 1453 1362 et
1479 1321 1626 1362 nervis
1655 1319 1917 1372 compegisti

1082 1392 1170 1421 me:
1202 1378 1353 1420 Vitam
1386 1382 1430 1419 et
1463 1375 1810 1418 misericordiam
1843 1375 1917 1417 tri-

1082 1435 1217 1476 buisti
1235 1434 1357 1484 mihi,
1387 1438 1431 1475 et
1456 1433 1649 1475 visitatio
1672 1437 1750 1475 tua
1774 1436 1918 1474 custo·

1084 1492 1193 1534 divit
1213 1491 1417 1544 spiritum
1435 1502 1593 1531 meum.

1141 1551 1191 1601 K.
1220 1547 1426 1596 Domine,
1458 1544 1635 1599 quando
1659 1544 1918 1597 veneris-ju-

1085 1604 1232 1645 dicare
1251 1609 1430 1653 terram,
1453 1601 1531 1644 ubi
1552 1614 1623 1643 me
1647 1600 1918 1643 absc6ndam

1084 1673 1109 1701 a
1140 1659 1263 1701 vultu
1294 1659 1372 1700 irae
1404 1658 1515 1700 tuae?
1545 1661 1569 1685 *
1589 1658 1702 1709 Quia
1734 1656 1918 1710 peccAvi

1086 1716 1214 1757 nimis
1245 1715 1289 1756 in
1317 1715 1407 1756 vita
1440 1727 1549 1755 mea.
1591 1710 1644 1762 Υ.
1674 1713 1919 1755 Commissa

1087 1785 1186 1814 mea
1204 1772 1410 1824 pavesco,
1436 1776 1480 1813 et
1502 1778 1604 1812 ante
1623 1776 1668 1812 te
1688 1769 1919 1811 erubesco:

1085 1829 1190 1870 dum
1208 1829 1381 1870 veneris
1402 1827 1606 1879 judicare,
1625 1826 1718 1868 noli
1731 1838 1803 1868 me
1818 1838 1918 1867 eon-

1086 1885 1307 1926 demnare.
1336 1884 1460 1935 Quia.
1489 1879 1540 1930 Υ.
1558 1883 1776 1936 Requiem
1796 1883 1920 1923 aeter-

1085 1954 1186 1982 nam
1207 1941 1323 1983 dona
1347 1941 1409 1982 eis
1429 1939 1633 1982 D6mine:
1658 1944 1703 1981 et
1724 1939 1801 1980 lux
1822 1949 1920 1991 per-

1086 1999 1220 2050 petua
1238 1997 1385 2038 luceat
1404 1997 1478 2038 eis.
1511 1996 1636 2047 Quia.

1143 2067 1285 2100 Postea
1322 2064 1372 2098 ad
1407 2063 1575 2105 Laudes,
1618 2066 1660 2096 ut
1694 2060 1795 2095 infra
1829 2057 1920 2102 [172]

1090 2115 1247 2157 quando
1277 2112 1418 2147 dicitur
1442 2121 1559 2145 unum
1587 2114 1736 2144 tantum
1758 2107 1922 2142 Noctur-

1090 2172 1189 2196 num.

1325 2205 1374 2244 In
1394 2204 1445 2243 ΙΙ.
1464 2203 1687 2242 Noctumo.

1248 2265 1333 2299 Pro
1360 2264 1496 2298 Feria
1522 2262 1597 2297 111.
1627 2265 1668 2296 et
1696 2260 1763 2296 VI.

1143 2319 1244 2359 Ant.
1286 2318 1335 2356 In
1365 2315 1466 2357 loco
1497 2315 1677 2366 pascuae
1706 2314 1730 2339 ¹⁸¹
1759 2313 1822 2356 ibi
1851 2326 1922 2354 me

1090 2373 1338 2416 collocavit.
1863 2391 1873 2394 -

1366 2428 1566 2469 Psalmus
1584 2428 1650 2467 22.

1127 2502 1148 2538 ,s
1161 2491 1182 2533 J-
1195 2494 1217 2546 ’κ’
1225 2484 1397 2526 ominus
1412 2483 1523 2533 regit
1536 2495 1618 2532 me,
1638 2486 1682 2523 et
1695 2481 1803 2523 nihil
1817 2481 1924 2522 mihi

1213 2554 1216 2579 2
1240 2540 1393 2582 deerit:
1416 2540 1440 2565 *
1463 2539 1507 2579 in
1531 2538 1632 2580 loco
1656 2540 1837 2591 paseuae
1861 2536 1923 2579 ibi

1240 2609 1311 2638 me
1329 2595 1577 2637 collocavit.

1142 2655 1283 2706 Super
1308 2664 1467 2704 aquam
1491 2651 1746 2692 refectionis
1766 2649 1922 2691 educa-

1090 2710 1152 2751 vit
1171 2722 1255 2750 me:
1273 2709 1297 2734 *
1317 2708 1505 2749 animam
1528 2719 1673 2748 meam
1686 2705 1923 2747 convertit.
