2040 2990
653 192 708 226 28.
733 191 966 225 Decembris.
1013 190 1069 224 Ss.
1094 189 1366 223 Innocentium.

1785 187 1859 223 207

156 287 294 340 platia
308 285 498 339 probare
514 290 709 339 possunt,
730 297 828 337 quae
842 295 982 337 nuper

158 342 386 386 edidimus.

214 429 265 481 Ῐίι.
287 424 393 467 Vidi
425 424 506 466 sub
542 424 678 465 altare
706 423 789 465 Dei
816 422 982 464 animas

156 481 485 523 interfectorum
503 485 684 533 propter
703 479 886 522 verbum
901 479 984 520 Dei

159 537 279 590 quod
295 537 525 587 habebant,
547 541 590 578 et
609 536 727 577 clara
743 548 853 577 voce
871 535 983 576 dice-

156 594 278 636 bant:
297 599 319 622 *
328 593 516 636 Vindiea
525 593 713 635 Domine
729 592 984 648 sanguinem

159 653 411 692 sanctorum
429 652 615 703 tuorum,
638 649 712 702 qui
728 648 890 690 effusus
907 653 984 689 est.

162 705 214 758 V.
242 707 331 748 Sub
362 707 522 748 throno
549 706 634 747 Dei
666 718 817 747 omnes
846 704 985 745 saneti

158 763 357 805 clamant.
390 762 591 805 Vindica.

215 848 254 883 Si
273 848 346 882 hoc
363 848 519 881 Festum
535 846 684 880 venerit
702 846 740 879 in
756 846 876 881 Dom..
898 851 987 879 tunc

163 897 202 930 in
225 897 298 930 fine
322 895 499 939 praedicti
518 895 560 938 R„
579 894 657 927 viii.
683 893 837 927 additur
854 893 985 927 GlOria

158 942 273 977 Patri.
308 941 483 977 Vindica.
524 942 571 976 Et
600 946 690 985 post
714 942 814 975 Lect.
841 942 889 975 ix.
915 941 986 975 dic.

162 991 211 1026 Te
235 990 368 1025 Deum.
418 990 518 1025 Aliis
545 990 692 1033 diebus,
716 995 757 1023 ut
782 990 889 1025 infra.

462 1082 612 1123 Lectio
633 1081 686 1121 ix.

163 1161 330 1267 Tunc
349 1162 635 1215 adimpletum
661 1166 745 1211 est,
779 1160 898 1213 quod
926 1160 986 1202 di-

250 1225 369 1262 ctum
382 1223 448 1261 est
462 1231 542 1271 per
552 1218 577 1259 J
579 1220 785 1260 eremiam
793 1216 986 1269 Prophe-

159 1282 251 1320 tam
264 1276 495 1318 dicentem:
508 1275 611 1316 Vox
625 1275 669 1315 in
681 1274 822 1314 Rama
839 1273 987 1314 audita

162 1339 245 1384 est,
280 1332 480 1386 ploratus
513 1335 556 1373 et
591 1330 782 1372 ululatus
814 1329 987 1379 multus,

161 1389 329 1432 Rachel
369 1387 549 1441 plorans
589 1387 704 1428 filios
747 1399 861 1428 suos.
918 1386 987 1427 De

162 1445 330 1488 Rachel
352 1449 479 1486 natus
505 1447 572 1485 est
590 1443 825 1494 Beniamin,
849 1443 893 1483 in
917 1455 987 1483 eu-

162 1505 227 1556 jus
245 1501 363 1544 tribu
380 1513 468 1543 non
484 1504 551 1542 θεῖ
566 1498 834 1541 Bethlehem.
863 1500 987 1549 Quae-

162 1560 271 1602 ritur
296 1570 412 1609 ergo,
437 1555 661 1609 quomodo
682 1555 850 1597 Rachel
873 1554 988 1596 filios

162 1616 187 1657 J
188 1615 298 1667 udae,
316 1614 363 1656 id
379 1618 445 1655 est
458 1611 726 1662 Bethlehem,
747 1611 871 1664 quasi
885 1623 988 1653 suos
1058 1633 1073 1648 -

162 1672 319 1726 ploret.
371 1668 755 1722 Respondebimus
786 1667 988 1717 breviter,

165 1729 267 1781 quia
284 1726 458 1780 sepulta
472 1725 528 1767 sit
541 1725 660 1777 juxta
674 1723 932 1766 Bethlehem
945 1724 989 1765 in

163 1784 375 1838 Ephrata:
394 1787 438 1826 et
452 1795 506 1824 ex
521 1783 719 1822 materno
740 1779 990 1833 corpusculi

163 1841 357 1895 hospitio
388 1839 539 1881 matris
568 1850 729 1879 nomen
759 1837 989 1889 acceperit.

164 1898 264 1940 Sive
301 1897 508 1950 queniam
540 1896 565 1937 J
566 1894 655 1937 uda
692 1898 735 1936 et
764 1893 990 1945 Beniamin

166 1954 265 1997 duae
286 1953 426 1996 tribus
444 1954 602 2006 junctae
623 1955 760 1992 erant:
790 1954 833 1991 et
851 1950 989 1991 Hero-

167 2011 245 2054 des
258 2012 533 2064 praeceperat
546 2021 635 2050 non
649 2007 792 2049 solum
805 2007 848 2047 in
860 2005 989 2047 Beth-

165 2068 306 2110 lehem
339 2065 525 2108 interfici
555 2067 735 2118 pueros,
768 2062 847 2105 sed
876 2067 919 2104 et
947 2062 990 2102 in

167 2123 368 2166 omnibus
388 2121 547 2164 finibus
567 2121 667 2172 ejus.

217 2207 267 2259 Rz.
295 2205 385 2255 Isti,
412 2204 486 2257 qui
505 2202 652 2245 amicti
671 2205 771 2243 sunt
791 2200 915 2242 stolis
935 2199 990 2240 al-

166 2262 246 2312 bis,
267 2262 341 2315 qui
359 2265 469 2310 sunt,
489 2264 533 2301 et
546 2258 662 2300 unde
677 2255 910 2300 venerunt?
935 2255 992 2297 Et

169 2319 279 2361 dixit
296 2317 417 2359 mihi:
436 2320 460 2344 *
482 2316 541 2356 Hi
559 2319 669 2364 sunt,
690 2314 764 2366 qui
782 2314 993 2355 venerunt

169 2375 224 2417 de
242 2374 523 2416 tribulatione
543 2383 709 2422 magna,
734 2375 778 2411 et
796 2369 994 2410 laverunt

169 2431 306 2472 stolas
325 2443 437 2479 suas,
463 2433 506 2470 et
525 2427 838 2470 dealbaverunt
857 2437 931 2466 eas
949 2425 993 2465 in

170 2486 378 2537 sanguine
397 2485 524 2536 Agni.
556 2480 605 2531 V.
627 2482 734 2525 Vidi
755 2481 835 2523 sub
858 2481 993 2522 altare

169 2543 255 2583 Dei
279 2542 443 2583 animas
467 2540 793 2582 interfect6rum
812 2541 993 2590 propter

170 2597 353 2639 verbum
379 2597 479 2647 Dei,
512 2601 556 2638 et
586 2600 768 2648 propter
799 2593 993 2635 testimo-

170 2654 290 2695 nium
335 2653 454 2704 quod
498 2652 728 2694 habebant.
782 2651 841 2691 Hi
884 2652 993 2690 sunt.

174 2709 325 2752 Gloria
350 2709 481 2751 Patri.
533 2709 593 2750 Hi
619 2712 731 2750 sunt.
1006 2713 1009 2717 ’

1297 287 1375 327 Ad
1400 287 1594 328 Laudes

1245 348 1297 376 et
1333 353 1431 385 per
1468 344 1660 377 Horas,

1093 398 1191 438 Ant.
1217 400 1245 437 1.
1267 396 1463 438 Heredes
1487 397 1623 437 iratus
1647 396 1671 422 *
1696 395 1858 438 oceidit

1033 452 1194 495 multos
1213 456 1376 506 pueros
1395 453 1439 493 in
1458 452 1714 494 Bethlehem
1731 453 1756 493 J
1757 452 1858 494 udae

1035 510 1211 552 civitate
1229 508 1385 550 David.

1093 568 1248 608 Psalm.
1276 566 1488 608 Dominus
1513 566 1721 617 regnavit.
1749 566 1806 606 15.

1093 625 1128 664 2.
1162 626 1201 664 A
1220 622 1388 665 bimatu
1417 622 1440 647 *
1469 627 1513 663 et
1539 623 1667 672 infra,
1699 620 1859 663 occidit

1034 679 1197 721 multos
1236 681 1398 731 pueros
1435 678 1638 720 Herodes
1676 682 1859 730 propter

1035 736 1282 777 Dominum.

1093 795 1128 833 3.
1150 793 1304 843 Angeli
1319 796 1470 835 eorum
1486 793 1509 818 *
1525 803 1698 843 semper
1712 789 1861 831 vident

1035 849 1191 890 faciem
1209 849 1362 891 Patris.

1100 908 1135 946 4.
1154 907 1248 947 Vox
1262 906 1306 946 in
1319 906 1458 946 Rama
1472 905 1495 931 *
1511 903 1659 945 audita
1673 907 1749 952 est,
1768 902 1860 954 plo-

1036 964 1158 1003 ratus
1185 966 1228 1003 et
1255 962 1462 1011 ululatus,
1490 959 1656 1001 Rachel
1683 959 1860 1011 plorans

1035 1018 1150 1060 filios
1170 1031 1285 1060 suos.

1094 1075 1131 1114 5.
1152 1074 1239 1116 Sub
1263 1074 1423 1115 throno
1442 1072 1527 1113 Dei
1550 1072 1574 1097 *
1595 1083 1746 1113 omnes
1767 1082 1859 1110 san-

1037 1131 1095 1172 cti
1109 1131 1312 1172 clamant:
1325 1129 1513 1171 Vindica
1527 1127 1780 1179 sanguinem
1794 1138 1861 1166 no·

1037 1192 1175 1228 strum
1193 1187 1314 1229 Deus
1333 1190 1493 1227 noster.

1148 1250 1404 1301 Capitulum.
1550 1249 1688 1299 Apoc.
1706 1249 1762 1287 14.

1038 1308 1190 1415 Vidi
1209 1324 1342 1364 supra
1359 1315 1552 1352 montem
1570 1309 1673 1350 Sion
1688 1309 1860 1359 Agnum

1147 1372 1350 1417 stantem,
1387 1372 1429 1409 et
1463 1379 1561 1407 cum
1597 1378 1649 1407 eo
1686 1368 1861 1406 centum

1041 1424 1328 1477 quadraginta
1344 1426 1530 1476 quatuor
1544 1422 1688 1471 millia,
1702 1420 1860 1461 haben-

1038 1486 1105 1523 tes
1138 1493 1297 1522 nomen
1325 1481 1431 1532 ejus,
1465 1484 1508 1521 et
1534 1491 1694 1519 nomen
1719 1476 1861 1518 Patris

1040 1538 1130 1589 ejus
1149 1537 1360 1589 scriptum
1379 1537 1422 1577 in
1441 1535 1657 1578 frentibus
1676 1533 1776 1574 suis.

1352 1603 1561 1653 Hymnus.

1163 1660 1304 1701 alvete
1326 1659 1456 1700 flores
1475 1658 1726 1709 Martyrum,

1183 1717 1304 1766 Quos
1323 1715 1431 1756 lueis
1450 1715 1547 1767 ipso
1567 1714 1610 1754 in
1629 1713 1775 1753 limine

1145 1772 1306 1815 Christi
1322 1772 1543 1812 insecutor
1564 1768 1748 1817 sustulit,

1146 1831 1237 1872 Ceu
1255 1827 1386 1870 turbo
1405 1828 1632 1867 nascentes
1652 1836 1786 1865 rosas.

1097 1902 1187 1942 Vos
1205 1898 1346 1950 prima
1365 1895 1524 1937 Christi
1542 1894 1728 1943 victima,

1146 1956 1266 1997 Grex
1283 1952 1606 1994 immolatorum
1623 1954 1756 1999 tener,

1144 2012 1280 2052 Aram
1302 2008 1381 2051 sub
1401 2008 1542 2060 ipsam
1563 2006 1780 2058 simplices

1143 2067 1294 2108 Palma
1313 2069 1356 2107 et
1375 2063 1547 2106 coronis
1566 2062 1725 2109 luditis.

1094 2139 1205 2186 Jesu‚
1224 2135 1304 2177 tibi
1322 2134 1379 2176 sit
1397 2132 1545 2184 gloria,

1146 2192 1230 2243 Qui
1247 2195 1373 2232 natus
1394 2202 1440 2231 es
1460 2188 1515 2230 de
1534 2187 1724 2238 Virgine,

1147 2249 1256 2290 Cum
1272 2247 1403 2288 Patre
1423 2249 1466 2286 et
1484 2244 1598 2285 alm0
1619 2242 1791 2295 Spiritu,

1148 2305 1200 2346 In
1218 2303 1483 2355 sempiterna
1501 2299 1672 2341 saecula.
1697 2298 1848 2338 Amen.

1096 2362 1146 2413 V.
1163 2363 1365 2406 Herodes
1379 2362 1517 2403 iratus
1533 2358 1692 2401 occidit
1705 2356 1865 2398 multos

1045 2426 1218 2475 pueros.
1250 2424 1299 2475 Εἰ.
1319 2420 1370 2460 In
1389 2415 1646 2458 Bethlehem
1664 2415 1689 2455 J
1690 2413 1790 2455 udae
1810 2412 1864 2453 ci-

1044 2479 1179 2520 vitate
1198 2475 1352 2518 David.

1099 2531 1169 2572 Ad
1184 2531 1344 2572 Bened.
1360 2531 1459 2571 Ant.
1479 2529 1536 2571 Hi
1552 2531 1663 2576 sunt,
1681 2525 1865 2578 quicum

1044 2589 1296 2632 mulieribus
1327 2600 1414 2629 non
1450 2590 1551 2639 sunt
1586 2579 1864 2633 coinquinati:

1045 2647 1234 2697 virgines
1263 2645 1377 2686 enim
1405 2646 1519 2689 sunt,
1555 2645 1598 2682 et
1628 2639 1865 2690 sequuntur

1046 2704 1230 2755 Agnum‚
1250 2702 1526 2753 quocumque
1545 2695 1651 2737 ierit.
