2040 2990
692 203 736 237 In
758 203 904 245 vigilia
928 203 1155 237 Nativitatis
1180 203 1346 237 Domini.

154 305 204 342 ut
222 299 437 341 adultera:
455 298 596 347 tertio,
615 301 664 338 ut
682 296 727 336 in
744 296 987 348 AEgyptum

154 356 325 407 fugiens
352 354 536 396 haberet
563 353 780 395 solatium.
818 351 986 403 Martyr

155 412 353 462 Ignatius
397 411 530 452 etiam
577 414 778 462 quartam
815 407 987 449 addidit

156 481 351 517 causam,
380 480 457 508 cur
484 479 509 507 a
537 465 806 518 desponsata
833 465 986 504 conce-

154 529 258 577 ptus
284 524 354 565 sit:
378 524 438 565 Ut
457 527 628 575 partus,
653 520 870 572 inquiens,
896 520 986 571 ejus

157 580 373 622 celaretur
394 578 589 627 diabolo,
616 577 721 619 dum
740 589 842 618 eum
859 580 987 628 putat

156 650 244 679 non
263 636 319 677 de
334 635 513 686 virgine,
532 633 612 675 sed
629 633 684 674 de
701 635 840 674 uxore
859 644 986 683 gene-

156 695 310 734 ratum.

211 748 261 799 R.
325 745 666 789 Sanctificamini
723 744 881 793 hodie,

157 807 301 846 estote
342 803 500 856 parati:
545 801 646 854 quia
687 800 758 842 die
797 800 987 841 crastina

156 860 364 903 videbitis
391 861 413 884 *
435 859 710 910 Maiestatem
734 857 818 898 Dei
844 857 889 896 in
913 868 986 896 vo-

156 917 236 959 bis.
276 911 326 963 V.
350 915 498 957 Hodie
522 914 684 963 scietis,
714 913 816 964 quia
840 912 987 953 veniet

156 973 385 1022 Dominus,
414 976 458 1013 et
485 982 613 1011 mane
641 969 859 1010 videbitis.
898 968 986 1008 Ma-

158 1030 368 1080 jestatem.

944 748 988 784 et

471 1084 624 1124 Lectio
645 1084 683 1124 ii.

159 1134 442 1240 Hitequam
474 1140 772 1186 convenirent,
811 1137 988 1177 inventa

263 1202 330 1239 est
348 1198 393 1238 in
412 1199 540 1237 utero
560 1193 727 1235 habens
748 1192 803 1234 de
822 1192 988 1244 Spiritu

158 1258 324 1296 sancto.
364 1253 467 1294 Non
499 1252 554 1292 ab
587 1250 674 1291 alio
705 1250 882 1290 inventa
910 1254 987 1299 est,

158 1311 242 1351 nisi
273 1323 298 1351 a
331 1308 516 1361 Joseph,
559 1307 632 1359 qui
665 1318 779 1358 pene
811 1305 988 1346 licentia

74 1410 79 1414 ,
158 1365 349 1408 maritali
377 1365 536 1406 futurae
565 1363 715 1404 uxoris
742 1361 890 1402 omnia
913 1363 987 1402 no-

159 1427 293 1464 verat.
330 1420 459 1472 Quod
483 1424 631 1461 autem
650 1418 826 1467 dicitur,
854 1418 987 1459 Ante-

161 1491 293 1530 quam
330 1478 630 1519 convenirent:
666 1487 754 1515 non
791 1474 989 1526 sequitur

159 1540 210 1576 ut
238 1536 397 1587 postea
428 1530 727 1574 convenerint:
767 1529 847 1571 sed
877 1529 988 1571 Scri—

159 1594 291 1644 ptura
311 1588 431 1642 quod
450 1588 614 1629 factum
637 1599 725 1628 non
749 1586 820 1635 sit,
846 1588 989 1627 osten-

213 1704 264 1755 R.
300 1702 565 1744 Constantes
601 1701 754 1748 estote,
783 1698 989 1739 videbitis

161 1758 370 1801 auxilium
384 1755 564 1798 Domini
579 1767 711 1807 super
726 1767 823 1796 vos:
837 1755 861 1794 J
862 1753 991 1795 udaea

163 1820 206 1857 et
224 1814 479 1862 Jerusalem,
498 1811 635 1853 nolite
654 1811 822 1853 timere:
841 1812 863 1835 *
885 1810 990 1851 Cras

163 1869 462 1922 egrediemini,
492 1873 536 1910 et
563 1867 779 1908 Dominus
807 1867 889 1908 erit
917 1879 990 1907 vo-

162 1927 344 1969 biscum.
382 1921 433 1972 V.
462 1923 804 1966 Sanctificamini
829 1922 907 1962 filii
930 1922 990 1962 Is-

162 1983 270 2033 rael,
303 1988 347 2025 et
371 1983 515 2024 estote
540 1979 695 2032 parati.
736 1978 843 2019 Cras
872 1990 990 2029 egre-

163 2039 352 2081 diemini.

471 2092 624 2133 Lectio
644 2091 699 2130 iii.

164 2144 377 2249 Joseph
397 2154 544 2191 autem
558 2148 626 2189 vir
642 2147 744 2198 ejus,
761 2159 860 2187 cum
876 2150 992 2186 esset

242 2208 390 2258 justus,
413 2210 457 2247 et
475 2204 612 2246 nollet
633 2215 730 2244 eam
750 2201 992 2251 traducere,

164 2263 302 2304 voluit
337 2261 508 2303 occulte
542 2260 763 2301 dimittere
796 2271 902 2299 eam.
947 2257 993 2297 Si

166 2319 262 2371 quis
281 2317 526 2360 fornicariae
546 2315 839 2367 conjungitur,
859 2326 994 2354 unum

166 2387 327 2426 corpus
348 2373 551 2421 efficitur,
580 2376 624 2412 et
649 2371 694 2411 in
716 2370 812 2421 lege
831 2371 992 2422 praece-

165 2435 290 2482 ptum
310 2434 393 2479 est,
420 2441 508 2469 non
533 2427 677 2469 solum
699 2438 817 2475 reos,
847 2424 925 2466 sed
950 2429 994 2465 et

166 2486 368 2526 conscios
394 2484 624 2526 criminum
653 2482 869 2524 obnoxios
896 2493 993 2522 esse

166 2541 352 2593 peccati:
371 2539 593 2593 quomodo
608 2539 632 2579 J
635 2537 785 2590 oseph,
801 2550 899 2578 cum
915 2536 992 2576 cri-

167 2609 267 2638 men
295 2596 458 2637 celaret
486 2595 652 2645 uxoris,
681 2595 818 2645 justus
846 2591 993 2633 scribi-

166 2650 261 2694 tur?
298 2651 386 2693 Sed
411 2652 497 2693 hoc
521 2650 819 2693 testimonium
843 2648 993 2688 Mariae

169 2713 253 2759 est,
282 2707 403 2760 quod
425 2707 592 2759 Joseph
619 2706 762 2747 sciens
786 2704 901 2745 illius
926 2707 1003 2743 ca-'

1808 199 1872 234 175

1039 295 1251 346 stitatem,
1276 301 1320 338 et
1337 296 1556 337 admirans
1578 295 1698 348 quod
1718 297 1868 337 evene-

1039 356 1117 401 rat,
1138 351 1252 393 celat
1271 352 1455 402 silentio,
1475 353 1594 404 cujus
1612 351 1870 403 mysterium

1039 407 1276 449 nesciebat.

1097 466 1148 517 R
1162 464 1518 513 Sanctificamini‚
1543 463 1619 503 filii
1638 463 1790 513 Israel,
1809 463 1868 504 di-

1040 519 1099 560 cit
1114 520 1345 561 Dominus:
1365 520 1436 561 die
1457 521 1570 561 enim
1590 520 1778 561 crastina
1797 519 1869 560 de-

1040 576 1221 617 scendet
1253 577 1483 621 Dominus,
1511 579 1532 602 *
1553 576 1610 616 Et
1645 575 1810 616 auferet
1844 588 1869 615 a

1041 632 1168 673 vobis
1194 645 1368 673 omnem
1392 632 1657 682 languerem.
1701 628 1747 679 Y.
1768 631 1868 672 Cra-

1041 689 1154 728 stina
1175 687 1245 729 die
1266 688 1484 730 delebitur
1504 688 1709 739 iniquitas
1728 692 1869 735 terrae,

1041 749 1085 785 et
1128 744 1329 795 regnabit
1371 757 1504 796 super
1547 757 1628 784 nos
1667 743 1868 784 Salvator

1039 799 1202 841 mundi.
1228 801 1296 841 Et.
1329 800 1481 841 Gloria
1499 800 1629 840 Patri.
1662 800 1728 840 Et.

1097 863 1290 904 Deinceps
1317 860 1421 894 Offlc
1451 862 1488 893 lit
1516 860 1677 901 Duplex.

1306 933 1384 974 Ad
1411 932 1606 973 Laudes

1253 997 1303 1027 ct
1342 1003 1439 1035 per
1479 992 1671 1026 Horas.

1097 1051 1196 1090 Ant.
1214 1051 1241 1089 1.
1264 1047 1413 1088 Judaea
1432 1051 1475 1087 et
1493 1045 1736 1086 Jerusalem
1754 1045 1777 1071 *
1796 1058 1869 1086 no-

1040 1104 1116 1146 lite
1148 1105 1318 1145 timere:
1357 1115 1453 1144 cras
1487 1100 1786 1151 egrediemini,
1827 1106 1870 1142 et

1041 1161 1256 1201 Dominus
1277 1159 1357 1201 erit
1376 1158 1614 1206 vobiscum,
1637 1156 1818 1208 alleluja.

1097 1219 1165 1257 ΡΞ.
1196 1216 1408 1257 Dominus
1429 1213 1636 1263 regnavit.
1664 1214 1722 1253 15.

1096 1276 1131 1314 2.
1152 1272 1295 1314 Hodie
1311 1271 1457 1312 scietis
1471 1271 1494 1296 *
1511 1270 1612 1322 quia
1626 1269 1771 1309 veniet
1781 1268 1867 1308 Do-

1040 1330 1197 1370 minus:
1228 1333 1271 1370 et
1303 1340 1430 1368 mane
1458 1325 1660 1367 videbitis
1686 1324 1869 1376 gloriam

1042 1398 1143 1438 eJus.

1097 1446 1133 1483 3.
1165 1441 1371 1483 Crastina
1400 1439 1470 1481 die
1498 1440 1521 1464 ¹⁸¹
1551 1437 1765 1479 delebitur
1792 1436 1868 1476 ini—

1043 1499 1185 1550 quitas
1204 1502 1351 1539 terrae:
1371 1500 1414 1537 et
1429 1494 1628 1546 regnabit
1643 1505 1773 1545 super
1788 1504 1870 1532 nos

1042 1555 1243 1596 Salvator
1262 1551 1423 1594 mundi.

1098 1613 1134 1651 4.
1170 1609 1382 1650 Dominus
1410 1607 1572 1655 veniet,
1601 1606 1624 1631 *
1653 1603 1870 1646 occurrite

1042 1666 1119 1716 illi,
1139 1666 1349 1707 dicentes:
1372 1664 1579 1715 Magnum
1598 1660 1870 1714 principium,

1045 1727 1088 1764 et
1114 1722 1236 1772 regni
1264 1722 1354 1772 ejus
1379 1733 1467 1761 non
1494 1719 1575 1760 erit
1599 1717 1711 1757 finis:
1738 1716 1870 1764 Deus,
1923 1743 1925 1746 <

1042 1779 1184 1827 fortis,
1215 1777 1477 1824 dominator,
1506 1774 1711 1827 princeps
1737 1771 1870 1823 pacis,

1043 1835 1224 1885 alleluja.

1099 1893 1136 1931 5.
1152 1889 1352 1932 Crastina
1372 1888 1453 1929 erit
1474 1886 1498 1912 *
1515 1885 1642 1927 vobis
1661 1884 1789 1934 salus,
1809 1883 1870 1924 di—
1900 1887 1903 1889 ’

1044 1947 1102 1988 cit
1119 1945 1334 1987 Dominus
1352 1944 1474 1985 Deus
1493 1943 1773 1984 exercituum.

1088 2035 1091 2038 «
1153 2009 1411 2061 Capitulum.
1602 2009 1726 2047 Rom.
1745 2010 1771 2046 1.

1127 2066 1252 2107 aulus
1267 2077 1419 2107 servus
1435 2064 1460 2104 J
1462 2076 1539 2104 esu
1554 2061 1725 2110 Christi,
1744 2061 1870 2101 voca-

1140 2127 1211 2163 tus
1243 2120 1505 2174 Apostolus,
1537 2118 1795 2168 segregatus
1827 2115 1871 2154 in

1043 2177 1328 2228 Evangelium
1343 2177 1437 2226 Dei,
1458 2173 1579 2227 quod
1598 2178 1697 2215 ante
1713 2172 1870 2224 promi-

1045 2239 1162 2275 serat
1188 2246 1268 2286 per
1295 2232 1537 2286 prophetas
1565 2242 1669 2271 suos
1692 2228 1737 2268 in
1761 2226 1870 2268 Scri-

1043 2291 1184 2342 pturis
1205 2289 1367 2331 sanctis
1387 2288 1442 2329 de
1462 2286 1573 2328 Filio
1594 2298 1691 2334 suo,
1721 2282 1794 2335 qui
1813 2282 1871 2322 fa-

1045 2351 1141 2388 ctus
1161 2351 1228 2388 est
1247 2346 1287 2387 ei
1307 2359 1361 2386 ex
1381 2344 1544 2385 semine
1560 2340 1706 2383 David
1721 2341 1870 2380 secun-

1046 2402 1151 2444 dum
1172 2415 1358 2444 carnem.

1363 2466 1570 2515 Hymnus.

1148 2548 1177 2575 n
1196 2533 1314 2575 clara
1332 2544 1420 2573 vox
1439 2526 1663 2578 redarguit

1165 2590 1366 2631 Obscura
1391 2596 1593 2638 quaeque,
1615 2584 1870 2634 personans:

1122 2644 1282 2686 Procul
1300 2644 1501 2694 fugentur
1519 2638 1701 2680 somnia:

1125 2701 1194 2742 Ab
1214 2701 1304 2741 alto
1316 2699 1346 2739 ‘J
1349 2711 1448 2740 esus
1466 2694 1690 2749 promicat.
