2040 2990
710 213 909 247 Dominica
938 214 962 247 1.
990 220 1077 256 post
1104 213 1372 257 Epiphaniam.

238 309 286 360 lx'f.
320 306 471 357 Stella,
507 319 638 359 quam
665 305 867 347 viderant
893 304 1009 356 Magi

183 364 227 404 in
242 363 431 413 Oriente,
451 362 740 404 antecedebat
759 374 847 411 eos,
867 361 1009 403 donec

184 422 381 461 venirent
405 419 463 461 ad
485 419 648 469 locum,
673 418 748 461 ubi
771 431 882 471 puer
905 422 1009 459 erat.

184 479 205 503 *
225 476 439 519 Videntes
460 482 607 518 autem
626 489 733 526 eam,
752 475 891 527 gavisi
910 478 1010 515 sunt

182 533 343 585 gaudio
363 545 534 584 magno.
564 531 611 582 X'.
629 533 686 574 Et
703 533 915 574 intrantes
934 530 1009 572 do-

182 603 311 639 mum,
329 589 588 631 invenerunt
607 592 794 642 puerum
809 601 908 629 cum
920 587 1009 628 Ma-

182 648 246 687 ria
264 651 404 688 matre
426 644 533 699 ejus,
563 650 606 688 et
631 644 913 699 procidentes
937 642 1009 684 ad-

182 704 419 744 oraverunt
439 715 550 744 eum.
576 701 803 744 Videntes.

468 762 619 804 Lectio
642 763 725 803 viii.

266 815 341 857 uid
360 827 464 867 ergo
483 828 563 868 per
582 814 832 857 columbam
847 813 1010 862 didicit,

282 885 338 914 ne
364 871 554 914 mendax
576 873 735 924 postea
754 871 1010 920 inveniatur,

183 929 320 982 (quod
335 930 504 970 avertat
519 941 545 969 a
556 928 684 970 nobis
694 928 815 969 Deus
827 926 1010 980 opinari)

182 986 266 1027 nisi
278 985 513 1038 quamdam
522 985 841 1038 proprietatem
848 984 892 1025 in
899 983 1012 1025 Chri-

182 1048 252 1085 sto
262 1042 395 1084 talem
406 1042 607 1092 futuram,
618 1047 666 1083 ut
678 1041 876 1094 quamvis
885 1040 1011 1082 multi

181 1099 369 1141 ministri
386 1098 653 1152 baptizaturi
670 1103 825 1148 essent,
845 1097 938 1139 sive
952 1098 1009 1150 ju-

183 1157 249 1207 sti,
264 1156 356 1197 sive
366 1155 526 1207 injusti,
540 1168 629 1197 non
639 1155 904 1197 tribueretur
915 1156 1011 1195 san-

184 1214 312 1255 ctitas
322 1212 539 1265 baptismi,
553 1212 636 1253 nisi
645 1212 719 1263 illi,
735 1224 867 1265 super
881 1223 1011 1263 quem

184 1268 412 1312 descendit
430 1268 645 1319 columba,
664 1268 720 1310 de
739 1281 826 1321 quo
846 1268 1012 1310 dictum

184 1332 265 1369 est:
283 1326 369 1368 Hic
389 1330 456 1368 est
476 1326 551 1378 qui
566 1325 764 1378 baptizat
783 1326 826 1366 in
845 1325 1011 1378 Spiritu

184 1381 360 1426 sancto?
398 1383 555 1424 Petrus
587 1382 800 1436 baptizet,
839 1382 912 1423 hjc
944 1386 1012 1423 est

186 1441 260 1494 qui
277 1439 490 1493 baptizat:
515 1438 678 1481 Paulus
700 1438 915 1492 baptizet,
939 1437 1012 1480 hic

185 1502 252 1539 est
286 1497 360 1549 qui
390 1495 600 1549 baptizat:
636 1495 774 1538 Judas
805 1495 1012 1548 baptizet,

183 1553 255 1595 hic
283 1557 351 1595 est
379 1553 454 1605 qui
480 1552 688 1606 baptizat.
727 1552 843 1594 Nam
867 1552 904 1593 si
928 1564 1011 1605 pro

187 1609 442 1652 diversitate
491 1610 749 1651 meritorum
793 1609 1013 1661 baptisma

187 1671 386 1708 sanctum
428 1671 509 1708 est:
552 1666 654 1718 quia
697 1665 872 1707 diversa
912 1670 1013 1706 sunt

184 1724 357 1773 merita,
383 1722 558 1764 diversa
582 1727 710 1764 erunt
733 1722 1012 1776 baptismata:

186 1786 230 1823 et
248 1785 372 1822 tanto
391 1780 576 1832 quisque
591 1779 759 1832 aliquid
774 1779 929 1821 melius
944 1792 1013 1832 pu-

186 1839 304 1879 tatur
330 1838 546 1889 accipere,
581 1841 745 1889 quanto
779 1849 805 1877 a
830 1835 1012 1878 meliore

186 1892 359 1935 videtur
380 1895 616 1946 accepisse.

235 1951 287 2001 Rv.
305 1949 519 1991 Videntes
539 1949 711 1991 stellam
727 1949 855 2000 Magi,
874 1949 1013 2001 gavisi

187 2011 287 2048 sunt
305 2005 467 2057 gaudio
491 2018 665 2058 magno:
680 2010 703 2034 *
725 2006 783 2048 Et
800 2007 1012 2048 intrantes

187 2062 367 2105 domum
399 2062 658 2104 invenerunt
694 2066 882 2115 puerum
913 2075 1013 2104 cum

186 2119 326 2161 Maria
350 2123 491 2160 matre
520 2119 628 2171 ejus,
658 2124 703 2161 et
730 2119 1012 2172 procidentes

187 2176 484 2218 adoraverunt
498 2188 612 2217 eum:
663 2176 721 2218 Et
740 2177 904 2229 apertis
921 2176 1012 2218 the-

188 2232 329 2275 sauris
349 2232 452 2282 suis,
481 2231 735 2274 obtulerunt
759 2233 799 2275 ei
821 2237 1013 2285 munera,

188 2302 356 2339 aurum,
374 2289 493 2338 thus,
512 2293 556 2330 et
572 2288 805 2341 myrrham.
828 2287 879 2338 V.
905 2291 1014 2333 Stel-

187 2346 241 2396 la,
261 2358 393 2399 quam
411 2345 612 2387 viderant
631 2345 748 2397 Magi
765 2346 808 2387 in
825 2347 1014 2398 Oriente,

189 2401 479 2445 antecedebat
507 2415 604 2452 θοε,
640 2415 779 2455 usque
812 2403 915 2445 dum
943 2406 1013 2446 ve-

189 2459 313 2501 niens
340 2463 478 2501 staret
510 2471 643 2512 supra
669 2458 744 2501 ubi
773 2466 866 2502 erat
893 2474 1014 2514 puer.

189 2516 245 2557 Et
263 2516 487 2558 intrantes.
515 2515 677 2557 Gloria.
705 2516 761 2557 Et
779 2518 955 2569 apertis.

486 2573 638 2615 Lectio
658 2574 712 2614 ix.

238 2629 306 2683 psi
349 2629 503 2678 sancti,
556 2628 797 2680 (intelligite
844 2630 1014 2682 fratres)

249 2685 353 2728 boni
378 2685 648 2738 pertinentes
672 2685 729 2727 ad
754 2685 1013 2736 columbam,
1074 2683 1081 2740 ξ
1110 2687 1127 2744 ,ᾗ

190 2743 460 2796 pertinentes
486 2741 544 2783 ad
569 2746 735 2784 sortem
758 2743 948 2784 civitatis
967 2744 1012 2784 il·
1109 2739 1111 2746 ’

1060 303 1144 345 lius
1162 304 1422 354 Jerusalem,
1448 303 1533 357 ipsi
1550 302 1656 346 boni
1675 303 1718 345 in
1737 303 1886 345 Eccle-

1062 361 1135 410 sia,
1155 360 1211 402 de
1229 360 1387 413 quibus
1402 360 1508 402 dicit
1521 359 1780 413 Apestolus:
1798 359 1886 403 No-

1061 417 1125 459 vit
1143 417 1360 458 Deminus
1386 416 1461 470 qui
1486 421 1587 458 sunt
1612 416 1720 468 ejus3
1747 415 1886 458 diver-

1062 475 1209 515 sarum
1228 474 1468 525 gratiarum
1487 477 1605 523 sunt,
1624 485 1713 514 non
1734 485 1886 514 omnes

1061 530 1186 582 paria
1203 530 1360 572 merita
1378 529 1552 571 habent.
1579 529 1689 571 Sunt
1704 529 1777 570 alii
1791 528 1887 570 aliis

1062 586 1324 636 sanetiereS,
1343 591 1445 628 sunt
1464 585 1539 627 alii
1556 585 1654 627 aliis
1672 584 1887 627 melieres.

1063 644 1208 693 Quare
1231 655 1337 695 ergo
1366 643 1402 684 si
1426 655 1538 684 unus
1563 641 1619 684 ab
1642 641 1735 691 illo,
1762 640 1887 683 verbi

1061 700 1223 751 gratia,
1265 701 1396 752 justo,
1437 703 1589 740 sancto
1626 698 1888 751 baptizetur,

1063 757 1172 798 alius
1191 756 1247 799 ab
1267 756 1353 798 alio
1373 755 1593 798 inferioris
1611 754 1755 796 meriti
1769 753 1888 807 apud

1061 814 1216 862 Deum,
1235 813 1454 854 inferi6ris
1470 811 1644 863 gradus,
1672 810 1888 853 inferieris

1063 870 1355 919 continentiae,
1375 868 1595 911 inferioris
1614 868 1736 918 vitae,
1753 880 1888 909 unum

1062 932 1209 969 tamen
1234 931 1277 968 et
1300 939 1381 979 par
1409 930 1453 967 et
1478 924 1648 977 aequale
1672 929 1742 966 est
1767 922 1889 976 quod

1063 985 1344 1036 acceperunt,
1372 982 1456 1024 nisi
1483 982 1585 1035 quia
1607 981 1678 1023 hic
1702 985 1786 1031 est,
1813 979 1889 1033 qui

1062 1039 1282 1094 baptizat?
1338 1042 1400 1082 Te
1418 1039 1573 1081 Deum.
1591 1038 1652 1079 14.

1118 1103 1180 1137 Ad
1198 1103 1360 1145 Laudes,
1385 1112 1454 1146 per
1471 1102 1609 1143 Horas,
1637 1106 1673 1136 et
1698 1101 1747 1136 ad
1763 1101 1890 1144 Vesp„

1066 1151 1192 1185 omniu
1231 1151 1410 1185 dicuntur
1443 1151 1542 1185 sicut
1576 1151 1614 1185 in
1648 1150 1710 1185 die
1740 1149 1891 1194 Epiph.,

1065 1206 1226 1243 excepta
1252 1199 1444 1241 Oratione,
1471 1210 1557 1242 quse
1582 1204 1653 1234 cst:
1680 1195 1803 1240 DeUS,
1827 1206 1889 1231 cu-

1063 1248 1123 1292 jus
1146 1246 1386 1292 Unigenitus.
1418 1253 1458 1281 ut
1483 1258 1609 1290 supra.
1628 1244 1707 1280 278.

1118 1294 1158 1329 Si
1173 1294 1318 1329 Octava
1333 1295 1566 1339 Epiphaniae
1583 1295 1732 1330 venerit
1749 1295 1787 1329 in
1799 1294 1891 1330 Sab-

1064 1343 1165 1379 bato,
1192 1344 1229 1376 in
1248 1344 1291 1377 II.
1310 1343 1425 1387 Vesp.
1444 1343 1523 1378 Oct.
1541 1345 1581 1378 fit
1603 1354 1798 1378 commem.
1815 1343 1891 1378 Do-

1065 1391 1215 1425 minicae
1233 1391 1277 1425 II.
1299 1398 1387 1435 post
1408 1393 1546 1435 Epiph.
1579 1392 1742 1433 Quando
1765 1396 1893 1426 autem

1065 1440 1357 1483 septuagesima
1385 1441 1533 1475 venerit
1570 1441 1607 1474 in
1634 1440 1839 1475 Dominica
1863 1440 1892 1474 Ι.

1065 1494 1153 1530 post
1166 1490 1244 1521 Oct.
1257 1488 1498 1531 Epiphaniae,
1514 1494 1600 1523 tunc
1614 1489 1650 1523 in
1664 1489 1789 1533 primo
1800 1488 1892 1523 Sab-

1064 1537 1155 1569 bato
1175 1541 1263 1579 post
1280 1537 1476 1577 Octavam,
1494 1548 1569 1571 non
1589 1537 1775 1581 impedito
1792 1536 1891 1571 festo

1066 1584 1103 1617 ix
1116 1584 1352 1621 Lectionum,
1371 1585 1544 1629 alioquin
1563 1586 1583 1619 i.
1602 1586 1663 1619 die
1679 1590 1769 1629 post
1783 1584 1892 1619 Oeta-

1064 1643 1167 1668 vam,
1195 1634 1235 1666 fit
1254 1633 1429 1667 Officium
1453 1633 1499 1667 de
1517 1633 1646 1674 Feria,
1671 1634 1709 1667 in
1732 1643 1806 1677 qua
1826 1642 1892 1676 po-

1064 1686 1205 1714 nuntur
1230 1681 1308 1724 RK.
1338 1681 1364 1715 Ι.
1389 1681 1576 1715 Nocturni
1606 1681 1821 1715 Dominicae
1847 1680 1891 1714 11.

1065 1734 1153 1771 post
1172 1729 1329 1772 Epiph..
1354 1733 1390 1763 et
1414 1734 1491 1763 tres
1515 1730 1617 1764 Lect.
1642 1730 1822 1773 leguntur
1845 1729 1892 1763 de

1068 1776 1234 1810 Homilia
1260 1777 1429 1820 ejusdcm
1456 1778 1671 1812 Dominicae
1700 1788 1785 1812 cum
1810 1778 1892 1819 eius

1064 1825 1152 1859 Ant.
1182 1825 1230 1859 ad
1254 1825 1412 1866 Bened.,
1442 1832 1478 1860 ct
1503 1826 1696 1861 Oratione.
1743 1826 1800 1860 De
1825 1825 1893 1860 Fe-

1065 1879 1125 1907 sto
1150 1883 1242 1907 vero
1260 1873 1514 1918 Semiduplici
1538 1875 1575 1908 in
1600 1886 1644 1910 ca
1669 1878 1891 1910 occurrente

1064 1922 1105 1959 fit
1130 1926 1276 1955 tantum
1306 1923 1619 1958 commemoratio
1652 1923 1692 1958 in
1719 1923 1891 1966 utrisque

1064 1970 1249 2013 Vesperis
1275 1975 1312 2004 ct
1335 1970 1544 2006 Laudibus.

1271 2043 1685 2072 ,ψ-

1304 2104 1580 2155 Dominiea
1607 2103 1647 2154 Ι.

1183 2179 1325 2226 post
1368 2173 1775 2227 Epiphaniam

1226 2250 1314 2282 quae
1339 2245 1397 2275 est
1423 2241 1519 2275 infra
1542 2240 1736 2275 Octavam.

1117 2299 1158 2333 In
1192 2300 1219 2333 I.
1251 2300 1450 2335 Nocturno
1484 2302 1625 2344 legitur
1655 2300 1831 2345 Epistola
1864 2299 1891 2333 Ι.

1067 2348 1115 2382 ad
1142 2348 1382 2387 Corinthios,
1414 2351 1625 2384 secundum
1653 2349 1892 2392 superiorem

1068 2396 1282 2431 Rubricam.
1303 2396 1378 2431 274.

1067 2458 1226 2511 Incipit
1246 2455 1448 2510 Epistola
1466 2455 1606 2508 prima
1629 2453 1749 2496 beati
1767 2454 1891 2496 Pauli

1199 2512 1406 2566 Apestoli
1427 2511 1485 2554 ad
1504 2511 1764 2553 Corinthios.

1170 2574 1320 2616 Lectio
1341 2576 1364 2616 i.
1641 2576 1744 2627 Cap.
1764 2575 1788 2615 i.

1075 2637 1131 2682 frg—
1161 2631 1304 2673 aulus
1323 2633 1506 2673 vocatus
1525 2629 1768 2683 Apestolus
1786 2630 1810 2671 J
1814 2643 1891 2672 esu

1195 2688 1356 2729 Christi
1382 2700 1463 2740 per
1492 2687 1764 2729 voluntatem
1790 2686 1890 2736 Dei,

1125 2742 1174 2755 ’
1197 2748 1239 2786 θῖ
1257 2743 1497 2786 Sosthenes
1515 2744 1659 2795 frater,
1677 2743 1890 2786 Ecclesiae
