2080 2990
561 232 748 283 ¹Officium
775 232 948 267 votivum
975 232 1021 266 de
1047 232 1198 266 Sanctis

310 330 432 372 Pro
469 331 666 373 Feria
702 331 814 371 III.

378 390 556 425 Officium
578 390 753 425 votivum

272 442 334 483 de
363 441 561 483 Sanctis
588 440 856 491 Apostolis.

434 502 695 545 Scmiduplex.

202 558 339 592 Omnia
378 558 426 593 de
465 558 670 592 Communi
708 557 886 600 Apostol.
931 558 979 602 [2]

150 610 291 650 praeter
315 616 421 649 sequ.

488 648 652 689 Oratio.

150 701 331 808 Deus,
367 707 442 759 qui
466 719 548 748 nos
574 719 655 759 per
678 705 835 748 beatos
860 706 979 758 Apo-

253 763 393 805 Stolos
417 768 518 805 tuos
543 762 600 804 ad
626 762 893 813 agnitionem
918 761 982 803 tui

148 820 337 862 nominis
361 821 510 861 venire
534 818 738 861 tribuisti:
771 817 828 859 da
852 817 981 859 nobis

149 878 302 917 eorum
350 875 536 926 gloriam
581 875 893 926 sempiternam
938 877 982 914 et

148 930 422 984 proficiendo
443 931 679 980 celebrare,
699 935 742 972 et
761 929 981 972 celebran-

149 986 208 1029 do
227 988 454 1040 proficere.
481 988 567 1028 Per
585 986 834 1028 Dominum.

202 1056 246 1091 In
278 1056 304 1090 Ι.
334 1056 534 1091 Nocturno
567 1056 771 1091 Lectiones
805 1055 851 1089 de
884 1054 982 1088 Seri-

151 1108 264 1148 ptura
289 1110 522 1140 occurrente.

385 1166 434 1205 In
457 1166 508 1205 II.
532 1165 756 1205 Nocturno.

202 1227 267 1266 De
295 1224 507 1266 Sermone
536 1222 677 1264 sancti
703 1222 936 1273 Augustini

456 1279 680 1332 Episcopi.

336 1342 468 1377 Sermo
492 1342 544 1376 43.
570 1341 617 1376 de
642 1340 804 1376 Sanctis.

459 1394 494 1434 L
498 1394 611 1434 ectio
632 1393 684 1432 iv

161 1454 198 1502 {51
273 1448 329 1490 sti
354 1452 455 1489 sunt
479 1448 556 1489 lux
580 1446 746 1488 mundi:
774 1447 877 1498 quia
902 1459 983 1499 per

160 1507 194 1556 ξι
222 1504 259 1556 2,
287 1505 410 1557 ipsos
445 1504 593 1545 lumen
629 1502 751 1552 fidei,
789 1508 833 1544 et
865 1515 984 1544 verae

163 1571 176 1578 ⁶
223 1559 252 1575 ’“
289 1560 483 1602 scientiae
534 1559 723 1612 primum
768 1559 983 1600 Dominus

149 1616 252 1658 huic
275 1616 440 1658 mundo
468 1614 669 1666 tradidit,
702 1621 746 1657 et
778 1615 833 1657 ab
867 1617 982 1656 erro-

150 1685 247 1714 rum
271 1685 322 1714 ac
346 1674 632 1725 peccatorum
655 1671 849 1713 tenebris
869 1671 982 1712 Gen-

151 1733 218 1770 tes
245 1732 290 1770 et
315 1729 509 1782 populos
535 1728 657 1769 eruit.
690 1728 772 1769 Isti
795 1732 896 1769 sunt
919 1727 984 1768 sal

150 1789 297 1827 terrae·
318 1785 420 1837 quia
437 1797 518 1837 per
537 1797 614 1826 eos
634 1786 868 1834 terrigenae
884 1795 984 1824 con-

152 1840 395 1882 dimentum
440 1840 612 1893 saporis
657 1839 760 1881 vitae
807 1841 984 1880 aeternae

150 1898 461 1950 perceperunt,
486 1900 534 1938 ut
556 1897 871 1946 restringerent
894 1907 984 1936 car-

151 1953 218 1994 nis
242 1952 486 2002 lasciviam,
511 1955 556 1993 et
579 1964 606 1992 a
629 1950 862 2003 putredine
885 1963 985 2003 pec-

153 2010 353 2050 catorum
372 2013 416 2050 et
434 1983 641 2049 vi’tiorum
657 2006 880 2049 vermibus
898 2019 985 2047 ser-

152 2066 359 2106 varentur
388 2063 526 2105 illaesi.
570 2063 650 2105 Isti
681 2067 783 2103 sunt
813 2062 985 2114 lapides

153 2121 348 2174 pretiosi,
368 2132 480 2173 quos
494 2120 540 2160 in
553 2118 839 2161 fundamento
858 2117 985 2159 coele-

154 2177 233 2218 stis
276 2176 453 2218 aedificii
494 2175 667 2228 positos
707 2175 732 2215 J
735 2176 901 2215 oannes
942 2174 986 2214 in

154 2232 429 2285 Apocalypsi
478 2244 558 2273 sua
607 2230 831 2273 describit:
885 2230 987 2281 quia

154 2287 414 2341 praedicatio
434 2289 586 2330 eorum
604 2286 816 2328 Ecclesiae
836 2285 986 2327 funda-

154 2346 303 2386 menta
319 2344 495 2387 locavit.
523 2343 651 2386 Unde
673 2347 716 2384 et
731 2342 893 2383 Paulus
914 2342 987 2383 ait:

154 2400 251 2442 Vos
278 2401 384 2443 estis
411 2401 530 2442 cives
555 2400 816 2441 Sanctorum
843 2403 887 2439 et
912 2397 986 2439 do-

155 2456 327 2497 mestici
352 2456 452 2506 Dei,
485 2454 827 2509 superaedificati
855 2465 987 2505 super

156 2511 487 2553 fundamentum
496 2510 819 2564 Apostolorum
833 2514 877 2551 et
891 2509 990 2550 Pro·

156 2566 401 2618 phetarum.

214 2623 264 2673 R.
278 2622 385 2664 Vidi
403 2624 660 2675 conjunctos
679 2622 808 2671 viros,
828 2621 987 2662 haben-

158 2683 226 2719 tes
251 2677 506 2730 splendidas
531 2683 696 2727 vestes,
725 2683 769 2720 et
792 2676 988 2727 Angelus

158 2733 337 2776 Domini
354 2734 530 2776 locutus
550 2739 618 2776 est
636 2733 694 2776 ad
711 2746 797 2783 me,
825 2732 989 2774 dicens:

317 2874 381 2899 Pars
397 2874 531 2898 Hiemalis.

1224 233 1437 275 Apostolis.

1033 330 1055 352 *
1082 327 1162 368 Isti
1195 331 1295 367 sunt
1326 326 1409 367 viri
1437 325 1577 367 sancti
1604 325 1708 366 facti
1735 324 1863 365 amici

1030 383 1125 424 Dei.
1159 380 1204 430 V.
1222 382 1328 424 Vidi
1346 382 1565 432 Angelum
1583 381 1668 422 Dei
1690 381 1862 429 fortem,

1031 439 1256 480 volantem
1274 451 1354 490 per
1373 437 1566 479 medium
1586 437 1764 487 coelum,
1789 449 1863 478 vo-

1032 508 1083 537 ce
1105 507 1265 546 magna
1286 494 1550 535 clamantem
1570 499 1614 535 et
1633 493 1863 535 dicentem.

1031 551 1112 593 Isti
1134 556 1235 592 sunt
1253 550 1345 591 viri.

1348 625 1497 664 Lectio
1519 638 1554 662 v.

1035 682 1183 787 Hoc
1203 702 1308 741 ergo
1336 688 1682 738 considerantes,
1707 688 1864 730 fratres

1146 746 1370 796 carissimi,
1391 758 1490 798 quae
1509 745 1619 786 tanti
1635 744 1768 786 duces
1787 747 1864 797 po-

1033 801 1127 854 puli
1145 815 1228 843 nos
1248 802 1509 850 docuerunt,
1533 800 1787 842 studeamus
1807 801 1864 841 fa-

1034 858 1117 899 ctis
1156 858 1357 910 implere,
1405 870 1503 910 quae
1539 857 1602 898 illi
1637 857 1865 909 jusserunt.

1033 914 1267 955 Discamus
1301 917 1455 955 eorum
1484 913 1687 965 exemplo
1714 913 1867 954 mundi

1035 969 1210 1011 divitias
1228 972 1520 1018 contemnere,
1539 969 1769 1021 praesentis
1789 971 1866 1009 sae-

1035 1026 1122 1067 culi
1131 1026 1407 1078 voluptatem
1417 1038 1505 1067 non
1514 1027 1673 1074 amare,
1684 1038 1866 1076 regnum
1916 1062 1918 1068 ,

1035 1082 1215 1123 coeleste
1249 1081 1522 1131 desiderare,
1555 1081 1729 1122 Christo
1762 1080 1867 1121 nihil
1916 1123 1918 1127 ,

1034 1140 1314 1190 praeponere,
1347 1138 1427 1179 sed
1458 1139 1549 1190 ejus
1577 1137 1797 1177 mandatis
1823 1137 1867 1177 in

1035 1194 1238 1235 omnibus
1298 1193 1499 1244 obedire,
1558 1195 1867 1246 paupertatem

1034 1250 1318 1302 praesentium
1341 1262 1487 1291 rerum
1511 1249 1708 1300 diligere,
1734 1249 1866 1289 virtu-

1034 1313 1130 1346 tum
1149 1305 1324 1347 divitias
1339 1305 1513 1354 habere,
1533 1305 1761 1357 sapientiae
1776 1304 1866 1345 the-

1036 1365 1214 1402 saurum
1249 1364 1476 1414 appetere,
1511 1361 1730 1414 spiritales
1764 1360 1867 1401 deli-

1036 1418 1127 1458 cias
1156 1420 1373 1470 quaerere,
1405 1417 1512 1458 nulli
1539 1417 1755 1466 invidere,
1789 1416 1868 1457 sed

1036 1486 1189 1515 omnes
1208 1474 1408 1515 homines
1428 1474 1620 1524 diligere,
1641 1475 1806 1515 amicos
1825 1473 1868 1512 in

1035 1530 1132 1571 Deo
1170 1535 1214 1571 et
1250 1530 1450 1571 inimicos
1486 1535 1671 1582 propter
1707 1529 1868 1578 Deum3

1038 1586 1140 1638 quia
1163 1585 1260 1627 haec
1285 1590 1352 1627 est
1370 1598 1476 1627 vera
1499 1590 1543 1627 et
1566 1584 1661 1626 sola
1680 1583 1869 1625 dilectio.

1092 1647 1141 1698 Ru
1158 1647 1286 1687 Beati
1305 1646 1426 1696 estis,
1446 1659 1546 1687 cum
1563 1644 1870 1687 maledixerint

1035 1702 1164 1744 vobis
1197 1701 1414 1751 11611111155,
1457 1707 1500 1743 et
1534 1701 1757 1754 persecuti
1789 1713 1870 1741 vos

1036 1759 1213 1808 fuerint,
1251 1762 1295 1799 et
1324 1758 1515 1799 dixerint
1548 1770 1676 1798 omne
1707 1755 1868 1797 malum

1036 1814 1272 1855 adversum
1287 1826 1380 1863 vos,
1394 1814 1666 1861 mentientes,
1685 1816 1870 1864 propter

1036 1882 1121 1910 me:
1153 1870 1175 1893 *
1197 1869 1398 1911 Gaudete
1424 1874 1467 1911 et
1493 1868 1730 1917 exsultate,
1764 1869 1868 1930 quo-

1036 1926 1153 1966 niam
1176 1937 1347 1966 merces
1367 1929 1514 1966 vestra
1537 1923 1720 1976 copiosa
1740 1927 1807 1965 est
1826 1923 1870 1963 in

1038 1981 1173 2022 coelis
1218 1973 1267 2023 Y.
1294 1980 1404 2021 Cum
1427 1992 1508 2022 vos
1536 1979 1711 2020 6derint
1733 1978 1869 2019 h6mi-

1037 2049 1130 2087 nes,
1163 2040 1208 2078 et
1240 2048 1339 2077 cum
1366 2035 1669 2088 separaverint
1695 2047 1792 2084 vos,
1828 2038 1871 2075 et

1039 2092 1414 2145 exprobraverint,
1432 2096 1475 2133 et
1490 2090 1696 2143 ejecerint
1710 2103 1870 2131 nomen

1038 2153 1235 2190 vestrum
1257 2153 1483 2200 tamquam
1506 2146 1670 2187 malum
1687 2151 1871 2198 propter

1037 2204 1198 2245 Filium
1216 2203 1416 2245 h6minis.
1446 2201 1660 2244 Gaudete.

1346 2274 1496 2315 Lectio
1519 2274 1571 2313 vi.

1043 2336 1144 2441 Isti
1162 2353 1268 2392 ergo
1283 2341 1511 2394 Principes
1525 2340 1676 2390 nostri,
1696 2340 1740 2380 in
1755 2341 1870 2381 amo-

1102 2410 1150 2438 re
1163 2397 1249 2438 Dei
1266 2397 1586 2450 perfectissimi,
1602 2401 1645 2437 et
1663 2396 1706 2436 in
1725 2397 1870 2448 proxi-

1038 2455 1210 2494 morum
1227 2453 1462 2495 dilectione
1476 2452 1655 2504 impleti,
1674 2451 1774 2492 hinc
1794 2465 1870 2504 po-

1039 2511 1218 2550 tuerunt
1256 2509 1407 2550 mundi
1438 2510 1652 2560 impetum
1683 2510 1870 2556 vincere,

1042 2569 1085 2606 et
1135 2566 1364 2606 cruentum
1412 2563 1623 2605 saeculum
1678 2562 1870 2612 domare,

1042 2621 1143 2672 quia
1176 2620 1283 2661 nihil
1310 2621 1566 2661 amaverunt
1593 2619 1638 2659 in
1667 2618 1784 2660 omni
1811 2630 1869 2667 re,

1040 2677 1124 2716 nisi
1153 2676 1239 2717 Dei
1269 2676 1552 2717 voluntatem.
1604 2675 1673 2715 Ita
1702 2679 1746 2715 et
1777 2685 1870 2721 nos,

1041 2732 1216 2782 fratres,
1244 2731 1476 2782 diligamus
1503 2731 1548 2771 in
1576 2729 1778 2771 omnibus
1805 2741 1869 2770 re-
