2080 2990
706 203 748 237 In
774 203 898 237 Festis
922 203 963 237 B.
989 203 1120 237 Mariae
1145 203 1188 236 V.
1213 212 1283 246 per
1307 212 1456 237 annum.

288 304 443 343 Psalm.
486 301 696 343 Dominus
724 300 932 351 regnavit.
960 316 1056 343 eum

236 360 424 411 reliquis.
447 358 506 398 15.

286 417 322 456 2.
351 416 481 456 Laeva
510 415 601 465 ejus
620 414 644 439 *
669 413 750 454 sub
779 412 923 465 capite
950 422 1060 459 meo,

235 476 278 513 et
301 470 481 512 dextera
504 470 618 511 illius
642 468 961 522 amplexabitur
980 479 1061 507 me.

286 530 322 568 3.
351 527 485 578 Nigra
505 539 617 575 sum,
637 526 661 551 *
681 525 759 567 sed
778 525 985 571 formosa,
1014 522 1060 562 fi-

234 584 305 626 liae
319 584 575 625 Jerusalem:
590 582 690 624 ideo
707 581 858 623 dilexit
872 592 942 621 me
953 580 1061 628 Rex,

236 646 279 682 et
324 640 567 682 introduxit
611 651 681 680 me
724 638 768 679 in
814 635 1061 679 cubiculum

237 710 374 738 suum.

289 755 325 793 4.
365 755 456 794 Jam
487 751 626 793 hiems
653 750 839 800 transiit,
866 749 889 775 *
922 747 1062 789 imber

236 810 352 859 abiit,
374 814 417 851 et
435 808 632 850 recessit:
651 819 779 858 surge
797 808 936 847 amica
954 817 1061 854 mea,

238 872 281 908 et
300 866 410 908 veni.

288 925 325 963 5.
355 922 560 976 Speciosa
582 921 606 946 *
626 920 740 961 facta
768 932 815 961 es
844 924 888 961 et
915 917 1063 958 suavis

222 980 280 1027 ‚in
312 979 479 1021 deliciis
510 978 613 1027 tuiS,
645 981 797 1018 sancta
823 976 906 1018 Dei
934 974 1062 1015 Geni-

237 1036 333 1078 trix.

316 1100 575 1152 Capitulum.
718 1099 848 1140 Ecoli.
864 1100 928 1139 24.
944 1098 983 1138 b.

313 1157 342 1199 b
366 1156 506 1206 initio,
535 1159 579 1196 et
605 1160 705 1197 ante
731 1153 893 1195 saecula
917 1154 1065 1194 creata

350 1226 456 1263 sum,
481 1217 524 1254 et
542 1225 681 1265 usque
700 1211 756 1252 ad
775 1211 967 1252 futurum
987 1211 1065 1250 sa'e-

240 1271 385 1312 culum
412 1282 501 1311 non
527 1269 738 1318 desinam,
766 1272 809 1309 et
832 1267 877 1308 in
901 1265 1065 1307 habita-

238 1328 358 1369 tione
373 1331 525 1368 sancta
540 1339 689 1368 coram
703 1326 800 1378 ipso
814 1322 1065 1364 ministravi.

547 1391 758 1443 Hymnus.

391 1448 583 1499 gloriosa
603 1447 829 1498 virginum,

419 1504 624 1546 Sublimis
643 1505 754 1545 inter
774 1502 928 1551 sidera,

346 1562 430 1611 Qui
448 1566 492 1602 te
511 1561 687 1611 creavit,
705 1559 938 1613 parvulum

343 1617 555 1659 Lactente
573 1618 713 1659 nutris
731 1616 878 1658 ubere.

294 1682 424 1732 Quod
443 1683 570 1724 Heva
587 1682 725 1724 tristis
746 1680 934 1730 abstulit,

344 1739 413 1780 Tu
432 1738 581 1781 reddis
600 1738 715 1780 almo
733 1737 942 1789 germine:

346 1796 516 1837 Intrent
535 1801 582 1837 ut
600 1801 719 1836 astra
739 1794 918 1842 flebileS,

346 1852 457 1894 Coeli
476 1851 667 1894 recludis
687 1851 897 1893 cardines.

295 1917 362 1958 Tu
381 1918 495 1968 regis
515 1917 590 1959 alti
609 1918 747 1969 janua,

346 1974 403 2015 Et
421 1974 520 2015 aula
538 1974 647 2015 lucis
666 1972 845 2025 fulgida:

346 2030 496 2071 Vitam
516 2030 663 2072 datam
681 2042 761 2083 per
779 2029 1004 2080 Virginem

348 2087 514 2129 Gentes
533 2086 774 2139 redemptae
792 2084 1000 2138 plaudite.

302 2152 413 2202 Jesu,
431 2151 510 2193 tibi
529 2152 583 2193 sit
601 2151 751 2202 gloria,

350 2208 434 2260 Qui
452 2215 580 2250 natus
601 2220 647 2249 es
668 2207 722 2249 de
741 2206 933 2258 Virgine,

351 2265 460 2307 Cum
478 2264 620 2313 Patre,
641 2269 684 2305 et
703 2263 818 2304 almo
837 2262 999 2315 Spiritu

349 2321 401 2362 In
420 2320 683 2373 sempiterna
703 2319 874 2361 saecula.
921 2319 1072 2360 Amen.

299 2370 350 2422 V.
389 2377 562 2418 Diffusa
596 2381 663 2417 est
698 2376 837 2426 gratia
873 2376 916 2415 in
946 2374 1073 2417 labiis

248 2435 344 2477 tuis.
400 2433 451 2486 R.
496 2433 737 2485 Propterea
772 2431 996 2473 benedixit
1029 2436 1074 2473 te

248 2491 369 2532 Deus
397 2490 440 2530 in
467 2491 692 2531 aeternum.

302 2551 371 2592 Ad
393 2550 551 2593 Bened.
566 2552 675 2592 ..Ant
701 2551 839 2593 Beata
859 2564 906 2593 es
925 2551 1072 2601 Maria,

250 2612 274 2638 *
308 2623 406 2664 quae
440 2609 679 2653 credidisti:
715 2608 997 2661 perficientur
1032 2608 1075 2648 in

251 2673 310 2718 te,
339 2679 437 2720 quae
462 2666 578 2709 dicta
602 2669 701 2708 sunt
725 2664 804 2706 tibi
827 2677 852 2705 a
874 2664 1075 2714 Domino,

251 2724 433 2776 alleluja.

1443 296 1605 339 Oratio.

1115 357 1354 466 Concede
1373 375 1455 405 nos
1475 362 1661 404 famulos
1680 367 1796 413 tuos,
1823 363 1938 414 quae-

1199 432 1347 460 sumus
1366 420 1554 461 Domine
1573 419 1705 468 Deus,
1723 420 1938 472 perpetua

1112 475 1270 517 mentis
1308 481 1351 517 et
1387 475 1586 528 corporis
1619 475 1805 517 sanitate
1836 487 1938 527 gau-

1114 531 1232 573 dere:
1251 537 1294 574 et
1308 532 1500 583 gloriosa
1514 531 1658 574 beetae
1671 531 1822 573 Mariae
1837 544 1939 573 sem-

1113 601 1192 640 per
1211 588 1403 640 Virginis
1426 587 1756 637 intercessione,
1780 599 1807 629 a
1828 600 1938 640 prae-

1115 645 1225 686 senti
1259 645 1436 686 liberari
1471 644 1661 694 tristitia,
1700 649 1744 686 et
1775 644 1939 685 aetema

1113 701 1277 754 perfrui
1295 701 1459 743 laetitia.
1485 701 1570 742 Per
1588 700 1836 742 Dominum.

1385 780 1453 816 Ad
1474 779 1675 816 Primam.

1167 842 1215 881 In
1236 841 1286 893 R.
1303 840 1366 881 br.
1386 835 1435 887 Y.
1461 840 1545 892 Qui
1563 844 1691 882 natus
1710 851 1757 881 es
1776 837 1832 881 de
1849 838 1938 880 Ma-

1115 899 1179 938 ria
1210 897 1401 949 Virgine.
1437 897 1567 937 etiam
1600 895 1642 936 in
1679 895 1798 936 festis
1830 894 1939 935 infra

1116 954 1266 994 Oetav.
1286 953 1332 993 B.
1351 952 1405 992 M.
1424 952 1475 993 V.

1380 1032 1448 1068 Ad
1470 1031 1672 1068 Tertiam.

1170 1095 1268 1134 Ant.
1296 1094 1428 1134 Laeva
1447 1093 1548 1145 ejus.

1169 1160 1427 1213 Capitulum.
1462 1157 1528 1199 Ab
1547 1156 1682 1198 initio.
1703 1160 1751 1198 ut
1770 1168 1914 1209 supra.

1168 1216 1219 1267 R.
1238 1216 1299 1256 br.
1319 1215 1474 1267 Specie
1492 1219 1569 1255 tua
1587 1212 1610 1237 *
1629 1213 1687 1254 Et
1703 1210 1940 1265 pulchritu-

1118 1271 1217 1314 dine
1235 1275 1320 1312 tua.
1354 1271 1519 1323 Specie.
1551 1263 1603 1316 V.
1619 1266 1819 1317 Intende,
1841 1268 1941 1320 pro·

1119 1341 1246 1381 spere
1273 1327 1481 1381 procede,
1510 1330 1553 1368 et
1579 1337 1724 1377 regna.
1764 1323 1821 1365 Et
1848 1321 1941 1377 pul-

1119 1384 1373 1426 chritudine.
1404 1383 1555 1425 Gloria
1571 1381 1702 1423 Patri.
1729 1379 1895 1433 Specie.

1171 1445 1219 1497 V.
1259 1448 1497 1502 Adiuvabit
1534 1460 1631 1490 eam
1661 1447 1783 1488 Deus
1820 1443 1943 1487 vultu

1120 1519 1210 1548 suo.
1247 1507 1298 1558 Rg.
1322 1506 1444 1547 Deus
1472 1505 1515 1546 in
1542 1503 1688 1546 medio
1717 1503 1823 1555 ejus,
1854 1513 1943 1542 non

1119 1561 1476 1605 commovebitur.

1395 1643 1463 1680 Ad
1486 1643 1672 1680 Sextam.

1174 1708 1274 1746 Ant.
1302 1705 1433 1756 Nigra
1452 1717 1558 1745 sum.

1199 1768 1456 1821 Capitulum.
1603 1767 1733 1809 Eecli.
1747 1767 1812 1808 24.
1827 1765 1867 1807 b.

1201 1837 1218 1873 t
1242 1832 1304 1873 sic
1324 1831 1368 1872 in
1386 1831 1490 1872 Sion
1508 1829 1682 1870 firmata
1700 1839 1811 1876 sum,
1837 1829 1882 1867 et
1899 1825 1944 1866 in

1234 1888 1408 1930 civitate
1443 1884 1714 1928 sanctificata
1749 1882 1946 1924 similiter

1121 1945 1330 1998 requievi,
1355 1948 1399 1986 et
1422 1944 1466 1984 in
1484 1941 1726 1984 Jerusalem
1748 1940 1945 1993 potestas

1121 2015 1229 2044 mea.
1265 2001 1323 2042 Et
1345 1999 1538 2042 radicavi
1559 1999 1603 2039 in
1626 1996 1792 2051 populo
1812 1995 1945 2036 hono-

1122 2059 1308 2107 rificato,
1334 2061 1378 2099 et
1401 2057 1445 2098 in
1462 2059 1588 2109 parte
1606 2054 1690 2096 Dei
1707 2052 1793 2094 mei
1810 2051 1946 2093 haere-

1123 2114 1237 2157 ditas
1263 2114 1394 2163 illius,
1423 2117 1467 2155 et
1488 2113 1532 2153 in
1556 2108 1826 2165 plenitudine
1850 2120 1946 2149 san·

1123 2173 1294 2213 ctorum
1316 2169 1509 2212 detentio
1528 2179 1636 2209 mea.

1175 2233 1226 2286 R*-
1252 2233 1315 2275 br.
1361 2232 1598 2286 Adiuvabit
1634 2243 1730 2274 eam
1767 2232 1790 2256 *
1823 2230 1946 2272 Deus

1124 2292 1246 2334 vultu
1271 2303 1362 2332 suo.
1399 2287 1645 2342 Adiuvabit.
1680 2281 1731 2334 V.
1756 2287 1876 2328 Deus
1902 2286 1946 2327 in

1123 2347 1269 2390 medio
1311 2348 1416 2399 ejuS,
1460 2359 1548 2387 non
1591 2342 1948 2386 commovebitur.

1124 2406 1256 2446 Deus.
1284 2401 1434 2444 Gloria
1451 2402 1581 2443 Patri.
1609 2399 1858 2453 Adjuvabit.

1176 2462 1226 2515 V.
1253 2468 1397 2520 Elegit
1421 2480 1517 2509 eam
1540 2467 1677 2516 Deus,
1703 2470 1746 2507 et
1769 2463 1946 2519 praeele-

1125 2527 1187 2578 git
1203 2539 1308 2567 eam.
1337 2523 1386 2576 Rz.
1403 2525 1454 2565 In
1473 2521 1755 2566 tabernaculo
1775 2534 1855 2564 suo
1875 2521 1946 2562 ha-

1125 2582 1265 2625 bitare
1283 2581 1386 2622 facit
1405 2593 1510 2622 eam.

1400 2657 1467 2694 Ad
1491 2658 1673 2694 Nonam.

1180 2719 1277 2759 Ant.
1304 2718 1524 2771 Speciosa.
