2080 2990
611 202 677 233 lm·
703 202 752 234 21.
779 201 861 233 lam.
909 202 942 233 S,
967 201 1127 239 Agnetis
1158 201 1254 238 Vina.

174 299 297 336 tuum
316 295 435 335 evasi
453 296 591 337 minas
606 296 805 346 sacrilegi
819 295 1001 348 tyranni,

175 355 219 392 et
263 350 404 392 carnis
449 351 680 404 spurcitias
720 350 999 393 immaculato

175 405 284 447 calle
302 408 496 449 transivi:
523 413 566 449 et
591 421 693 450 ecce
713 408 841 450 venio
865 406 922 449 ad
945 412 999 458 te,

175 474 305 514 quem
324 463 481 514 amavi,
504 477 634 516 quem
653 463 850 516 quaesivi,
871 476 1001 515 quem

173 530 347 572 semper
368 520 529 572 optavi.

513 580 585 617 Or
577 580 675 618 itio.

260 634 509 685 mnipotens
555 634 818 687 sempiterne
862 635 999 683 Deus,

277 688 351 740 qui
386 688 557 731 infirma
590 689 741 732 mundi
777 691 916 742 eligis,
952 697 1000 733 ut

172 743 302 786 fortia
321 756 507 797 quaeque
527 746 784 788 confundas:
807 746 999 789 concede

172 801 406 854 propitius3
446 807 511 852 ut,
544 802 619 854 qui
645 802 789 845 beatae
816 803 999 854 Agnetis

173 856 364 908 Virginis
387 862 431 899 et
449 858 654 911 Martyris
677 864 766 901 tuae
790 860 1000 901 solemnia

172 912 372 964 colimus,
405 914 647 968 ejusapud
679 920 723 957 te
754 917 999 969 patrocinia

172 969 420 1011 sentiamus.
446 970 532 1012 Per
550 971 797 1013 Dominum.

228 1030 374 1063 Deinde
400 1030 439 1064 fit
465 1040 657 1065 commem.
684 1032 846 1074 praeced.

228 1082 326 1122 Ant.
370 1082 573 1126 Gaudent
607 1084 650 1125 in
687 1085 811 1126 coelis
843 1085 998 1126 animae

171 1139 437 1189 sanctorum,
492 1140 566 1192 qui
611 1140 771 1184 Christi
815 1142 998 1192 vestigia

172 1199 272 1236 sunt
291 1195 444 1237 secuti:
464 1201 507 1238 et
527 1197 628 1249 quia
646 1211 728 1250 pro
745 1198 835 1250 ejus
851 1201 999 1239 amore

172 1251 426 1301 sanguinem
467 1266 593 1294 suum
628 1254 851 1305 fuderunt,
896 1253 997 1296 ideo

172 1318 271 1347 cum
291 1307 464 1350 Christo
484 1309 703 1352 exsultant
725 1310 816 1352 sine
836 1311 933 1352 fine.

227 1359 274 1409 V.
299 1363 594 1408 Exsultabunt
619 1367 757 1408 sancti
780 1367 824 1407 in
848 1367 998 1418 gloria.

175 1420 223 1470 Rg.
242 1418 527 1463 Laetabuntur
545 1421 590 1463 in
611 1422 826 1465 cubilibus
846 1423 946 1464 suis.

334 1496 422 1537 Ad
448 1497 835 1541 Matutinum.

227 1563 348 1601 lnvit.
391 1564 555 1614 Regem
585 1564 815 1616 Virginum
850 1565 998 1606 Domi—

171 1629 274 1659 num
292 1619 314 1641 ¹⁸¹
335 1618 494 1661 Venite
514 1619 757 1663 adoremus.

225 1672 291 1712 Ps.
324 1673 484 1727 Venite,
504 1675 781 1719 exsultemus.
800 1679 837 1719 2.

484 1740 694 1792 Hymnus.

261 1795 410 1848 irginis
437 1797 606 1850 Proles,
635 1799 882 1852 Opifexque
909 1800 998 1841 Ma-

378 1853 469 1904 tris,

222 1908 360 1960 Virgo
376 1922 523 2007 xquem
553 1910 703 1962 gessit,
738 1914 997 1965 peperitque

421 1979 533 2018 1rg03

221 2021 415 2073 Virginis
438 2027 591 2075 partos
617 2023 812 2065 canimus
837 2023 998 2066 decora

326 2079 469 2121 Morte
488 2079 746 2133 triumphos.

174 2147 283 2189 Haec
303 2148 419 2190 enim
435 2149 595 2202 palmae
616 2149 803 2202 duplicis
822 2149 953 2192 beata

222 2204 367 2255 Sorte,
400 2205 505 2247 dum
535 2207 667 2257 gestit
697 2206 896 2258 fragilem
923 2207 998 2249 do-

225 2275 615 2370 Comofflaggxm,
631 2319 799 2362 demuit
818 2321 999 2362 cruentfi

328 2373 461 2417 Caede
480 2378 722 2428 tyrannum.

181 2435 301 2479 Unde
318 2452 399 2481 nec
417 2446 614 2492 mortem,
629 2455 710 2484 nec
729 2444 869 2484 amica
885 2454 997 2483 mor-

379 2497 436 2537 tis

224 2549 343 2592 Mille
370 2555 601 2604 poenarum
627 2555 787 2605 genera
815 2555 998 2606 expave-

380 2620 517 2659 scens,

226 2662 443 2714 Sanguine
463 2665 602 2707 effuso
623 2667 781 2708 meruit
800 2668 1000 2708 serenum

329 2719 549 2763 Scandere
568 2722 738 2764 coelum.

1282 209 1312 233 ct
1344 201 1446 233 Mauri,

1059 295 1192 347 liujus
1212 297 1338 337 oratu
1355 296 1476 337 Deus
1496 295 1607 337 alme
1625 295 1752 338 nobis

1106 351 1290 393 Debitas
1300 365 1455 405 poenas
1469 352 1682 394 scelerum
1693 354 1879 401 remitte3

1105 407 1165 450 Ut
1182 408 1262 450 tibi
1280 422 1392 461 puro
1411 411 1664 451 resonemus
1684 409 1845 450 almum

1207 465 1392 506 Pectore
1413 478 1598 507 carmen.

1055 530 1121 570 Sit
1139 528 1273 571 decus
1292 530 1421 580 Patri,
1440 530 1686 582 genitaeque
1704 531 1834 581 Proli,

1108 586 1165 628 Et
1188 586 1268 628 tibi
1292 599 1471 640 compar
1493 587 1719 639 utri1'1sque
1742 588 1878 629 virtus

1104 643 1292 695 Spiritus
1325 657 1514 709 semper,
1547 644 1668 685 Deus
1695 657 1806 685 unus
1835 657 1878 685 o-

1205 713 1438 810 Tgnlgoris
1459 771 1567 800 aevo,
1594 757 1746 798 Amen.

1292 831 1338 869 In
1365 832 1392 869 Ι.
1418 832 1637 869 Nocturno.

1105 895 1199 933 Ant.
1224 892 1409 934 Discede
1429 906 1454 934 a
1467 905 1537 934 me
1551 892 1762 946 pabulum
1776 905 1881 933 mor-

1052 949 1123 999 tis,
1148 949 1250 1001 quia
1271 950 1356 1001 jam
1375 949 1429 991 ab
1450 949 1535 991 alio
1556 952 1750 991 amatore
1769 962 1878 1001 prae-

1052 1007 1183 1047 venta
1204 1019 1311 1048 sum.

1345 1073 1374 1111 Ι
1377 1073 1538 1112 salmus
1562 1075 1587 1111 l.

1056 1141 1151 1187 'siff‘
1164 1139 1288 1179 eatus
1303 1137 1378 1187 vir,
1391 1137 1473 1205 'qui
1490 1149 1578 1178 non
1595 1136 1731 1178 abiit
1720 1149 1764 1176 m
1779 1148 1877 1177 con-

1063 1200 1120 1230 ³
1087 1211 1154 1256 J
1180 1194 1308 1235 silio
1297 1193 1540 1246 impiorum,
1566 1197 1609 1234 et
1627 1193 1672 1233 in
1690 1192 1761 1233 via
1779 1205 1877 1244 pec-

1064 1249 1071 1261 ''
1180 1252 1379 1292 catorum
1409 1263 1498 1291 non
1530 1249 1667 1298 stetit,
1699 1249 1722 1274 *
1754 1253 1797 1290 et
1834 1248 1877 1288 in

1052 1306 1259 1348 cathedra
1277 1306 1540 1359 pestilentiae
1559 1319 1647 1347 non
1667 1304 1794 1346 sedit:

1102 1363 1215 1405 Sed
1205 1377 1248 1404 m
1262 1363 1358 1415 lege
1368 1363 1545 1404 Domini
1554 1362 1759 1404 voluntas
1775 1361 1875 1413 ejus,

1051 1420 1075 1446 *
1103 1425 1146 1461 et
1178 1420 1222 1460 in
1250 1419 1346 1471 lege
1377 1420 1467 1472 ejus
1494 1417 1776 1461 meditabitur
1805 1416 1877 1458 die

1051 1489 1102 1517 ac
1120 1481 1261 1518 noete.

1102 1533 1159 1574 Et
1186 1533 1267 1574 erit
1293 1537 1517 1584 tamquam
1543 1531 1726 1582 lignum,
1757 1529 1877 1582 quod

1051 1588 1296 1642 plantatum
1308 1593 1374 1630 est
1385 1601 1511 1629 secus
1523 1587 1734 1629 decursus
1746 1587 1875 1638 aqua-

1051 1646 1192 1695 rum‚*
1204 1645 1323 1698 quod
1342 1645 1530 1686 fructum
1549 1657 1674 1686 suum
1694 1642 1815 1684 dabit
1834 1642 1877 1682 in

1051 1703 1252 1755 tempore
1273 1714 1367 1743 suo:

1103 1759 1159 1800 Et
1184 1758 1336 1799 folium
1361 1758 1452 1809 eius
1476 1769 1564 1798 non
1590 1755 1769 1797 defluet:
1788 1755 1812 1782 *
1832 1759 1876 1796 et

1052 1814 1197 1855 emnia
1217 1816 1504 1866 quaecumque
1523 1812 1669 1862 faciet,
1693 1823 1874 1864 prospe-

1051 1870 1274 1912 rabuntur.

1101 1926 1203 1968 Non
1221 1927 1283 1967 sie
1301 1926 1433 1979 impii,
1451 1938 1540 1967 non
1555 1925 1630 1966 sic:
1641 1923 1756 1965 *sed
1768 1927 1874 1964 tam-

1053 1996 1183 2035 quam
1200 1982 1359 2035 pulvis,
1380 1994 1510 2035 quem
1527 1981 1700 2034 prejicit
1719 1983 1875 2021 ventus

1052 2052 1078 2080 a
1095 2039 1205 2080 facie
1223 2043 1364 2080 terrae.

1102 2095 1210 2137 Ideo
1235 2108 1324 2137 non
1350 2098 1579 2146 resurgent
1604 2093 1726 2146 impii
1750 2093 1794 2133 in
1819 2093 1876 2143 ju—

1052 2151 1181 2193 dicio:
1206 2153 1231 2179 *
1254 2164 1398 2203 neque
1422 2151 1680 2204 peccateres
1706 2149 1750 2190 in
1776 2160 1875 2190 con-

1051 2208 1151 2250 cilio
1169 2208 1393 2260 justorum.

1103 2264 1318 2314 Quoniam
1339 2265 1463 2306 novit
1485 2263 1579 2304 Dfls
1604 2263 1720 2303 viam
1743 2262 1874 2314 justo—

1051 2333 1163 2362 rum:
1186 2322 1210 2348 *
1236 2325 1280 2362 et
1302 2321 1384 2362 iter
1408 2320 1641 2373 impiorum
1663 2316 1833 2371 peribit.

1106 2381 1202 2421 Ant.
1220 2380 1410 2423 Discede
1427 2394 1453 2422 a
1465 2393 1535 2422 me
1549 2378 1760 2432 pabulum
1771 2388 1878 2417 mor-

1049 2437 1120 2487 tis,
1148 2437 1250 2489 quia
1266 2438 1352 2490 jam
1370 2436 1425 2479 ab
1446 2436 1531 2478 alio
1551 2437 1745 2477 amatore
1765 2445 1874 2486 prae-

1050 2494 1182 2535 venta
1199 2507 1306 2535 sum.

1107 2555 1203 2594 Ant.
1233 2555 1468 2596 Dexteram
1489 2563 1632 2593 meam
1655 2556 1699 2592 et
1717 2549 1876 2592 collum

1050 2621 1196 2651 meum
1232 2610 1365 2652 cinxit
1400 2607 1622 2661 lapidibus
1653 2606 1877 2660 pretiosis,

1050 2665 1230 2708 tradidit
1275 2665 1452 2707 auribus
1497 2663 1605 2705 meis
1646 2661 1875 2703 inaestima-

1050 2721 1161 2764 biles
1179 2723 1447 2773 margaritas.
