2040 2990
545 216 614 250 Die
638 217 670 249 8.
696 216 782 250 Dec.
830 217 1020 250 Immacul.
1045 217 1224 260 Concept.
1252 218 1289 251 B.
1316 218 1359 251 M.
1387 218 1425 250 Υ.

339 316 406 355 De
427 311 540 354 libro
561 313 752 354 Genesis.

240 384 389 424 Lectio
417 384 437 423 i.
697 386 797 436 Cap.
818 386 852 424 3.

147 454 395 503 a,
432 456 525 493 erat
561 450 758 492 callidior
792 451 956 491 cunctis

170 531 233 563 Ὗ
256 507 545 548 animantibus
570 514 699 548 terrae
725 519 823 558 quae
847 506 956 547 fece-

168 567 181 588 ’ἓ
203 564 234 588 22²³*
257 568 324 604 rat
343 563 556 604 Dominus
575 563 706 604 Deus.
743 563 826 613 Qui
850 562 958 603 dixit

138 620 193 661 ad
217 619 457 661 mulierem:
486 619 571 660 Cur
596 619 807 671 praecepit
831 618 957 660 vobis

137 677 257 717 Deus
276 681 324 717 ut
346 689 433 717 non
457 675 747 717 comederetis
767 674 821 716 de
843 675 958 715 omni

137 732 254 783 ligno
274 730 486 784 paradisi?
525 732 604 773 Cui
624 730 850 784 respondit
868 734 957 771 mu-

137 789 230 830 lier:
250 789 317 830 De
336 789 479 830 fructu
497 788 721 839 lignorum,
743 801 839 839 quae
860 792 958 828 sunt

137 845 181 885 in
209 844 434 897 paradiso,
467 844 699 885 vescimur:
734 843 788 885 de
816 843 959 884 fructu

138 913 242 942 vero
268 901 387 951 ligni,
416 900 534 952 quod
558 905 625 942 est
649 901 693 940 in
717 899 861 941 medio
886 912 958 952 pa-

138 956 289 1007 radisi,
331 957 542 1009 praecepit
582 956 709 998 nobis
744 956 864 998 Deus
904 968 958 997 ne

139 1013 485 1055 comederemus:
522 1018 565 1054 et
598 1025 651 1054 ne
683 1014 958 1063 tangeremus

138 1069 254 1120 illud,
274 1082 327 1111 ne
343 1070 455 1110 forte
474 1069 719 1110 moriamur.
746 1069 868 1109 Dixit
887 1081 957 1109 au-

138 1130 228 1168 tem
249 1139 429 1179 serpens
449 1125 505 1167 ad
522 1126 760 1167 mulierem:
786 1125 957 1177 Nequa-

140 1195 270 1235 quam
287 1187 429 1224 morte
447 1182 701 1223 moriemini.
736 1181 826 1223 Scit
846 1181 958 1222 enim

138 1239 258 1279 Deus
275 1238 392 1291 quod
407 1238 450 1279 in
467 1241 740 1290 quocumque
756 1237 826 1278 die
846 1249 958 1278 com-

140 1294 315 1336 ederitis
352 1307 406 1336 ex
443 1307 516 1344 eo,
561 1294 809 1347 aperientur
846 1293 959 1334 oculi

139 1351 289 1392 vestri:
318 1355 361 1392 et
388 1351 507 1392 eritis
535 1351 646 1392 sicut
671 1350 745 1400 dii,
774 1350 958 1391 scientes

138 1407 302 1449 bonum
322 1412 363 1449 et
381 1407 552 1448 malum.

190 1475 240 1526 R».
276 1472 359 1512 Per
392 1485 525 1512 unum
556 1471 775 1512 hominem
807 1473 959 1523 pecca-

140 1531 232 1568 tum
258 1528 301 1568 in
324 1527 438 1569 hunc
464 1526 674 1569 mundum
700 1527 889 1576 intravit,
916 1527 959 1567 in

142 1596 228 1635 quo
257 1597 407 1625 omnes
434 1586 734 1636 peccaverunt.
764 1586 784 1606 *
815 1583 882 1625 Ne
910 1586 959 1624 ti-

139 1652 260 1681 meas
271 1640 417 1691 Maria,
431 1640 632 1681 invenisti
646 1640 829 1691 gratiam
842 1638 960 1692 apud

140 1695 293 1737 Deum.
336 1692 385 1743 V.
424 1697 594 1749 Eripuit
624 1696 837 1737 Dominus
873 1697 957 1737 ani-

140 1765 256 1793 mam
283 1757 410 1794 ·tuam
445 1752 499 1794 de
534 1758 695 1803 morte,
731 1757 774 1794 et
809 1758 959 1794 contra

140 1808 360 1849 inimicum
372 1809 512 1850 factus
532 1814 598 1851 est
612 1810 835 1862 protector
848 1814 959 1850 tuus.

139 1863 207 1906 Ne
225 1866 389 1906 timeas.

439 1937 589 1978 Lectio
609 1938 647 1976 ii.

139 1997 310 2104 Vidit
331 1999 460 2051 igitur
483 1999 637 2040 mulier
658 1997 777 2050 quod
795 1998 959 2039 bonum

249 2062 364 2097 esset
400 2056 562 2106 lignum
598 2054 654 2096 ad
685 2053 958 2103 vescendum,

142 2116 184 2153 et
222 2111 451 2164 pulchrum
492 2111 649 2161 oculis,
691 2113 959 2163 aspectuque

142 2167 413 2210 delectabile:
433 2173 476 2210 et
493 2167 590 2209 tulit
606 2167 660 2208 de
676 2167 817 2207 fructu
835 2166 958 2215 illius,

142 2228 185 2265 et
203 2223 408 2266 comedit:
432 2224 638 2276 deditque
658 2223 751 2264 viro
772 2235 863 2271 suo,
887 2223 959 2274 qui

142 2280 340 2322 comedit.
377 2281 433 2321 Et
455 2281 593 2332 aperti
617 2284 718 2320 sunt
741 2278 853 2320 oculi
874 2291 958 2319 am-

141 2334 314 2376 borum:
353 2349 536 2388 cumque
575 2337 880 2387 cognovissent
913 2347 959 2375 se

143 2403 239 2432 esse
255 2391 412 2442 nudos,
436 2394 702 2433 consuerunt
720 2391 821 2431 folia
842 2391 958 2438 ficus,

143 2450 186 2487 et
221 2447 414 2489 fecerunt
455 2448 537 2489 sibi
574 2448 851 2500 perizomata.
904 2447 959 2487 Et

144 2515 241 2542 cum
264 2503 485 2545 audissent
509 2517 663 2545 vocem
683 2503 858 2544 Domini
877 2503 958 2543 Dei

143 2557 458 2601 deambulantis
490 2560 533 2600 in
565 2558 768 2612 paradiso
801 2559 857 2599 ad
887 2571 957 2599 au-

142 2626 234 2654 ram
262 2620 364 2666 post
389 2616 627 2665 meridiem,
656 2613 884 2656 abscondit
912 2627 957 2655 se

142 2669 285 2710 Adam
305 2675 348 2711 et
369 2683 478 2712 uxor
500 2673 589 2723 ejus
609 2685 634 2712 a
657 2671 765 2712 facie
784 2670 958 2711 Domini

142 2726 225 2766 Dei
243 2726 285 2765 in
305 2726 447 2767 medio
467 2727 569 2779 ligni
587 2727 788 2780 paradisi.

1062 318 1110 368 R.
1145 313 1345 355 Transite
1380 312 1436 354 ad
1467 325 1536 353 me
1571 324 1721 352 omnes
1755 310 1829 362 qui

1009 369 1315 421 concupiscitis
1355 382 1444 410 me:
1486 375 1505 397 *
1543 368 1599 408 Et
1640 366 1827 408 narrabo

1009 425 1135 466 vobis
1179 430 1339 477 quanta
1379 425 1481 466 fecit
1516 424 1635 464 Deus
1673 423 1828 464 animae

1008 494 1129 522 meae.
1164 480 1212 529 V.
1238 481 1359 522 Vivit
1378 480 1600 528 Dominus,
1624 479 1829 531 quoniam

1010 537 1263 590 adimplevit
1302 538 1346 578 in
1382 549 1451 578 me
1486 534 1830 576 misericordiam

1011 607 1143 634 suam.
1176 594 1233 635 Et
1255 593 1455 634 narrabo.

1310 683 1459 723 Lectio
1481 684 1532 722 iii.

1101 756 1331 804 ocavitque
1367 753 1580 794 Dominus
1618 753 1736 794 Deus
1772 753 1828 793 A·

1118 809 1234 859 dam,
1263 814 1306 851 et
1330 809 1437 851 dixit
1461 810 1515 850 ei:
1538 809 1623 850 Ubi
1648 808 1715 850 es?
1749 810 1831 859 Qui

1011 867 1087 908 ait:
1119 866 1288 907 Vocem
1314 870 1434 907 tuam
1461 865 1606 906 audivi
1639 866 1682 905 in
1709 878 1830 916 para-

1012 923 1124 964 diso:
1153 927 1196 963 et
1219 922 1357 970 timui,
1383 934 1436 963 eo
1462 920 1580 973 quod
1604 921 1744 962 nudus
1769 934 1830 962 es-

1011 992 1121 1029 sem,
1154 983 1197 1020 et
1228 977 1437 1019 abscondi
1466 990 1546 1018 me.
1601 977 1680 1018 Cui
1709 977 1831 1018 dixit:

1012 1036 1116 1085 Quis
1142 1035 1256 1076 enim
1280 1033 1487 1075 indicavit
1512 1033 1590 1075 tibi
1615 1032 1733 1085 quod
1757 1047 1830 1074 nu—

1012 1091 1092 1133 dus
1121 1103 1259 1140 esses,
1291 1090 1374 1131 nisi
1402 1090 1521 1142 quod
1549 1103 1603 1131 ex
1629 1090 1746 1140 ligno
1776 1089 1830 1131 de

1013 1160 1098 1200 quo
1126 1149 1423 1200 praeceperam
1450 1146 1528 1187 tibi
1553 1159 1607 1187 ne
1633 1145 1829 1187 comede-

1010 1217 1100 1253 res,
1134 1202 1386 1244 comedisti?
1436 1203 1643 1253 Dixitque
1671 1201 1829 1242 Adam:

1010 1260 1180 1309 Mulier,
1204 1272 1333 1310 quam
1354 1257 1513 1300 dedisti
1531 1258 1635 1298 mihi
1656 1258 1829 1307 sociam,

1012 1315 1133 1357 dedit
1150 1315 1254 1356 mihi
1273 1315 1327 1356 de
1345 1315 1477 1365 ligno,
1503 1319 1545 1355 et
1565 1313 1745 1355 comedi.
1774 1314 1830 1354 Et

1011 1372 1119 1414 dixit
1139 1372 1351 1412 Dominus
1370 1371 1490 1412 Deus
1514 1370 1570 1411 ad
1592 1369 1830 1410 mulierem:

1011 1429 1154 1478 Quare
1170 1427 1253 1468 hoc
1272 1426 1434 1468 fecisti?
1462 1427 1569 1476 Quae
1589 1425 1830 1478 respondit:

1011 1485 1197 1536 Serpens
1214 1483 1387 1536 decepit
1405 1496 1485 1531 me,
1505 1487 1548 1524 et
1568 1481 1748 1523 comedi.
1775 1482 1831 1522 Et

1011 1541 1070 1582 ait
1098 1541 1309 1582 Dominus
1336 1540 1456 1581 Deus
1485 1539 1540 1580 ad
1568 1540 1830 1590 serpentem:

1012 1598 1123 1647 Quia
1146 1596 1286 1638 fecisti
1303 1596 1401 1645 hoc,
1424 1594 1681 1636 maledictus
1706 1606 1752 1635 es
1771 1594 1830 1634 in-

1010 1658 1078 1695 ter
1113 1653 1257 1694 omnia
1293 1652 1545 1701 animantia,
1590 1655 1633 1692 et
1668 1649 1830 1691 bestias

1011 1715 1156 1752 terrae:
1185 1721 1315 1761 super
1338 1714 1492 1761 pectus
1516 1712 1639 1748 tuum
1664 1705 1830 1757 gradie-

1010 1768 1080 1815 ris,
1100 1771 1143 1808 et
1159 1770 1321 1807 terram
1338 1763 1541 1806 comedes
1562 1762 1727 1804 cunctis
1743 1761 1829 1802 die-

1010 1823 1092 1864 bus
1120 1822 1220 1863 vitae
1247 1826 1346 1862 tuae.
1391 1819 1642 1860 Inimicitias
1669 1830 1829 1870 ponam

1010 1879 1122 1920 inter
1140 1882 1184 1919 te
1208 1882 1251 1918 et
1270 1876 1508 1924 mulierem,
1533 1880 1576 1916 et
1598 1886 1747 1916 semen
1764 1874 1828 1914 tu'-

1009 1947 1083 1975 um
1110 1938 1153 1975 et
1181 1945 1328 1974 semen
1354 1931 1483 1972 illius:
1511 1931 1606 1983 ipsa
1634 1932 1829 1971 conteret

1011 1994 1143 2042 caput
1161 1994 1298 2036 tuum,
1323 1992 1366 2028 et
1385 1993 1433 2029 tu
1455 1985 1727 2028 insidiaberis
1746 1984 1827 2026 cal-

1011 2048 1146 2087 caneo
1167 2045 1267 2096 ejus.

1063 2121 1111 2171 R.
1137 2118 1288 2159 Electa
1306 2129 1402 2158 mea
1422 2115 1606 2158 eandida
1626 2115 1737 2156 sicut
1755 2114 1828 2154 nix

1010 2176 1053 2215 in
1068 2174 1250 2224 Libano;
1269 2173 1380 2214 sicut
1398 2173 1520 2214 favus
1541 2169 1752 2213 distillans
1770 2170 1828 2210 la-

1010 2231 1080 2272 bia
1109 2231 1214 2281 ejus:
1245 2234 1264 2254 ¹·
1298 2229 1385 2270 Mel
1412 2234 1455 2271 et
1481 2228 1548 2269 lac
1576 2226 1655 2268 sub
1683 2226 1828 2276 lingua

1009 2286 1134 2327 illius.
1169 2283 1218 2333 V.
1251 2286 1364 2328 Veni
1387 2284 1442 2327 de
1463 2284 1643 2332 Libano,
1668 2294 1828 2334 sponsa

1010 2355 1117 2391 mea,
1136 2342 1236 2382 veni
1255 2341 1535 2383 coronaberis
1555 2340 1716 2380 corona
1734 2349 1826 2387 gra-

1010 2398 1176 2439 tiarum.
1217 2397 1303 2439 Mel
1333 2402 1376 2439 et
1402 2397 1479 2438 lac.
1523 2394 1672 2435 Gloria
1699 2393 1827 2433 Patri.

1010 2453 1097 2495 Mel
1115 2458 1158 2494 et
1175 2453 1253 2494 lac.

1240 2544 1286 2582 In
1308 2545 1355 2583 II.
1377 2544 1595 2582 Nocturno.

1061 2615 1158 2654 Ant.
1184 2611 1351 2653 Diffusa
1371 2615 1437 2652 est
1456 2610 1594 2661 gratia
1612 2610 1635 2635 *
1654 2608 1697 2648 in
1717 2607 1824 2647 Con—

999 2669 1212 2721 ‚ceptione
1231 2668 1331 2718 ejus,
1353 2671 1395 2708 et
1414 2666 1612 2718 speciosa
1626 2661 1825 2716 apparuit

1008 2725 1118 2766 inter
1137 2723 1248 2764 filias
1266 2723 1498 2764 hominum.
