2080 2990
860 212 1069 245 (Iommunc
1099 211 1316 244 Doctorum.

230 307 319 347 rius
344 306 514 358 frugem
540 305 644 347 boni
665 306 812 359 operis
835 306 1059 348 reddimus

232 363 335 404 dum
365 374 447 415 per
478 375 615 404 sacrae
648 362 908 405 eruditic'mis
940 363 1059 404 flam-

230 432 346 460 mam
383 419 427 460 in
465 418 601 461 corde
643 419 803 461 clarius
844 419 1059 461 ardemus.

229 476 435 528 Dumque
467 489 548 529 per
581 488 657 518 eos
690 476 846 518 diebus
877 475 1059 528 singulis

230 532 370 583 magis
398 535 626 585 magisque
655 533 836 574 scientia
864 531 1059 574 coelestis

231 588 494 639 ostenditur,
524 590 649 642 quasi
666 590 825 631 interni
844 589 973 631 nobis
997 588 1059 630 lu-

230 646 360 687 minis
404 659 587 688 vernum
627 651 803 699 tempus
845 648 1059 699 aperitur:

230 707 279 744 ut
323 715 463 745 novus
511 703 579 745 sol
624 703 787 745 nostris
839 701 1059 744 mentibus

230 759 393 809 rutilet,
411 765 454 802 et
474 762 627 802 eorum
644 760 792 802 verbis
811 758 940 800 nobis
960 760 1059 810 cog-

230 817 347 858 nitus
368 819 515 870 seipso
533 816 729 869 quotidie
745 816 904 857 clarior
917 815 1059 857 micet.

231 873 426 925 Urgente
458 874 620 915 etenim
655 872 808 914 mundi
844 872 950 922 fine,
991 885 1059 913 su-

230 931 368 982 perna
395 930 578 971 scientia
604 929 796 983 proficit,
826 933 870 971 et
897 928 1059 980 largius

231 999 331 1028 cum
358 988 559 1039 tempore
588 986 813 1028 excrescit.

363 1059 445 1098 Pro
477 1060 668 1100 Doctorc
700 1059 921 1100 pontifice.

286 1119 334 1171 Rg.
360 1118 453 1160 Iste
472 1122 549 1160 est.
577 1117 661 1170 [54]

310 1190 392 1228 l'ro
422 1190 616 1231 Doctore
646 1203 732 1231 non
764 1190 986 1231 Pontifiee.

287 1252 334 1302 leg.
360 1250 451 1292 Iste
469 1249 615 1292 homo.
643 1248 723 1302 [72]

445 1321 494 1361 In
522 1322 592 1360 ΙΙΙ.
621 1322 845 1361 Nocturno.

235 1381 385 1422 Lectio
409 1381 550 1423 sancti
567 1381 795 1433 Evangelii
819 1380 1061 1423 secundum

513 1438 782 1480 Matthaeum.

337 1495 486 1536 Lectio
508 1496 575 1535 vii.
748 1497 849 1548 Cap.
865 1498 901 1537 5.
918 1496 956 1537 b.

232 1546 308 1652 In
328 1551 403 1592 illo
419 1553 633 1604 tempore:
651 1552 776 1594 Dixit
790 1552 814 1593 J
817 1565 918 1594 esus
934 1551 1061 1593 disci-

308 1607 423 1660 pulis
448 1608 553 1649 suis:
579 1608 675 1650 Vos
699 1609 804 1651 estis
831 1608 897 1650 sal
920 1613 1062 1650 terrae.

234 1664 366 1714 Quod
391 1664 428 1706 si
454 1664 519 1706 sal
545 1666 788 1716 evanuerit,
816 1666 861 1706 in
885 1677 972 1717 quo
997 1677 1061 1706 sa-

233 1719 385 1763 lietur?
413 1721 470 1763 Et
488 1721 667 1773 reliqua.

237 1789 426 1832 Homilia
441 1791 581 1832 sancti
591 1790 826 1842 Augustini
839 1790 1062 1844 Episcopi.

287 1854 365 1887 Lib.
391 1854 417 1887 1.
436 1853 483 1887 dc
501 1853 618 1887 Scrm.
640 1853 796 1888 Domini
815 1853 853 1887 in
870 1858 1009 1887 monte.

484 1904 578 1945 Cup.
596 1905 625 1936 Γ».
649 1902 757 1936 Tom.
774 1903 803 1936 4,

238 1956 311 2005 ἷῖἶῖ
321 1951 513 2013 stendit
530 1952 762 2002 Dominus,
796 1952 941 1994 fatuos
967 1965 1063 1995 esse

269 2006 344 2054 15:²⁸1
367 2008 634 2060 judicandos,
662 2009 734 2062 qui
753 2009 1063 2062 temporalium

367 2065 585 2107 bonorum
604 2065 674 2107 vel
698 2066 874 2118 copiam
896 2068 1063 2108 sectan-

235 2128 319 2173 tes,
347 2122 417 2164 vel
435 2122 630 2175 inepiam
650 2124 913 2174 metuentes,
942 2125 1064 2165 amit-

235 2183 334 2221 tunt
353 2180 527 2228 aeterna,
550 2191 648 2231 quae
663 2191 745 2221 nec
763 2178 858 2221 dari
876 2185 1065 2233 possunt

236 2235 292 2278 ab
311 2234 572 2285 hominibus,
599 2248 682 2277 nec
701 2236 873 2277 auferri.
908 2237 1064 2289 Itaque

237 2292 274 2334 si
310 2291 375 2334 sal
406 2291 666 2333 infatuatum
701 2292 852 2343 fuerit,
893 2293 937 2334 in
975 2306 1063 2347 quo

237 2346 441 2390 salietur?
486 2347 540 2390 Id
559 2353 641 2398 est,
670 2348 707 2389 si
730 2362 827 2399 vos,
854 2362 934 2402 per
954 2363 1065 2403 quos

237 2404 473 2448 condiendi
500 2409 601 2446 sunt
630 2404 959 2457 quodammodo
987 2409 1064 2460 po-

237 2462 341 2516 puli,
368 2467 490 2504 metu
516 2462 873 2515 persecutiOnum
896 2468 1065 2517 tempo-

237 2519 392 2561 ralium
419 2518 652 2560 amiseritis
680 2531 814 2570 regna
836 2520 1064 2572 coelorum3

239 2576 314 2628 qui
350 2581 478 2618 erunt
514 2575 732 2624 homineS,
775 2588 855 2627 per
893 2590 1004 2629 quos
1041 2590 1067 2619 a

242 2632 368 2675 vobis
406 2644 528 2674 error
565 2632 806 2681 auferatur,
849 2645 949 2674 cum
986 2646 1066 2675 vos

240 2690 421 2742 elegerit
447 2690 586 2740 Deus,
622 2702 702 2742 per
729 2701 841 2742 quos
870 2692 1066 2733 errorem

239 2747 408 2789 auferat
436 2745 707 2789 ceterorum?

1247 306 1329 345 Pro
1361 306 1555 346 Doctorc
1585 304 1806 345 Pontifice.

1169 362 1217 412 Ra
1255 361 1434 403 Amavit
1476 374 1576 403 eum
1617 361 1853 410 Dominus,
1896 364 1940 402 et

1113 418 1284 460 ornavit
1303 431 1421 459 eum:
1448 417 1608 460 stolam
1625 417 1779 469 gloriae
1800 416 1941 458 induit

1113 488 1223 525 eum,
1239 478 1260 501 *
1283 475 1339 517 Et
1359 475 1416 517 ad
1433 480 1587 528 portas
1606 473 1799 528 parad1si
1816 486 1939 516 coro-

1112 532 1233 574 navit
1251 545 1360 574 eum.
1384 531 1434 580 V.
1446 531 1595 574 Induit
1613 544 1713 574 eum
1724 531 1940 572 Dominus

1112 588 1294 631 loricam
1312 589 1427 639 fidei,
1456 594 1500 631 et
1518 588 1691 631 ornavit
1710 600 1821 630 eum.
1847 587 1915 630 Et.

1189 651 1274 691 Pro
1308 651 1499 691 Doctore
1530 662 1614 690 non
1643 648 1868 690 Pontifice.

1167 709 1215 760 leg.
1242 707 1333 748 Iste
1362 711 1428 748 est
1459 707 1534 759 qui
1561 710 1663 748 ante
1682 706 1826 747 Deum
1853 718 1940 746 ma-

1112 775 1218 813 gnas
1246 763 1432 805 virtutes
1461 765 1671 816 operatus
1699 766 1782 812 est,
1818 766 1862 804 et
1886 761 1942 803 de

1113 819 1231 861 omni
1270 819 1405 862 corde
1447 833 1528 862 suo
1564 818 1760 862 laudavit
1792 818 1940 860 Domi-

1112 890 1235 918 num:
1266 880 1287 902 *
1320 877 1422 930 Ipse
1454 875 1698 919 intercedat
1724 889 1807 929 pro
1841 887 1940 928 pec-

1114 934 1222 975 catis
1243 934 1436 976 emnium
1455 934 1732 988 populorum.
1758 930 1808 981 Y.
1823 932 1941 973 Ecce

1113 990 1246 1032 homo
1267 991 1361 1033 sine
1381 991 1570 1043 querela,
1599 1003 1730 1032 verus
1749 989 1834 1031 Dei
1854 988 1941 1030 cul-

1112 1053 1198 1098 tor,
1235 1046 1461 1090 abstinens
1494 1061 1542 1090 se
1570 1047 1626 1090 ab
1654 1046 1774 1089 omni
1806 1047 1942 1099 epere

1031 1112 1034 1116 '
1112 1104 1245 1155 malo,
1274 1109 1318 1147 et
1342 1106 1606 1158 permanens
1630 1105 1675 1146 in
1693 1101 1943 1146 innocentia

1113 1174 1201 1203 sua.
1236 1162 1351 1215 Ipse.

1400 1212 1551 1253 Lectio
1573 1211 1658 1253 viii.

1199 1283 1279 1322 rgo
1308 1271 1364 1313 ad
1391 1269 1575 1312 nihilum
1602 1269 1719 1311 valet
1748 1268 1814 1311 sal
1838 1268 1943 1310 infa-

1216 1330 1402 1378 tuatum,
1430 1328 1514 1369 nisi
1531 1331 1580 1370 ut
1596 1327 1795 1369 mittatur
1814 1325 1943 1378 foras,

1114 1389 1158 1427 et
1177 1385 1369 1427 calcetur
1384 1384 1440 1427 ab
1458 1384 1721 1426 hominibus.
1747 1383 1852 1425 Non
1865 1385 1942 1424 ita-

1115 1454 1200 1494 que
1237 1441 1434 1484 calcatur
1469 1441 1524 1483 ab
1561 1439 1828 1491 hominibus,
1870 1438 1944 1492 qui

1113 1498 1279 1551 patitur
1319 1498 1692 1552 persecutienem:
1745 1495 1826 1539 sed
1871 1495 1946 1548 qui

1113 1555 1467 1608 persecutiOnem
1481 1553 1677 1596 timendo
1696 1553 1946 1595 infatuatur.

1116 1611 1286 1663 Calcari
1323 1612 1439 1653 enim
1471 1623 1560 1653 non
1591 1615 1743 1664 potest
1774 1609 1859 1650 nisi
1884 1609 1945 1650 in-

1115 1668 1266 1710 ferior:
1307 1667 1388 1710 sed
1418 1668 1598 1709 inferior
1625 1679 1713 1708 non
1742 1670 1828 1716 est,
1870 1664 1946 1718 qui

1116 1725 1315 1778 quamvis
1353 1727 1542 1778 corpore
1578 1724 1716 1766 multa
1750 1723 1796 1764 in
1827 1726 1947 1764 terra

1115 1785 1349 1834 sustineat,
1394 1781 1530 1825 corde
1565 1787 1715 1824 tamen
1750 1780 1865 1822 fixus
1900 1779 1946 1820 in

1116 1839 1231 1882 coelo
1261 1844 1339 1882 est.

1169 1899 1219 1950 R.
1253 1897 1305 1938 In
1341 1896 1489 1939 medio
1525 1895 1738 1938 Ecclesiae
1774 1893 1947 1948 aperuit

1116 1966 1167 1995 os
1195 1954 1297 2006 ejus,
1323 1955 1345 1978 *
1373 1954 1429 1996 Et
1455 1953 1655 2006 implevit
1679 1965 1780 1994 eum
1796 1949 1946 1993 Domi-

1115 2023 1197 2052 nus
1238 2010 1396 2082 spiritu
1436 2009 1664 2063 sapientiae
1701 2014 1746 2050 et
1781 2006 1946 2050 intelle-

1116 2072 1225 2109 ctus.
1259 2067 1308 2113 .V.
1339 2067 1363 2108 J
1366 2067 1668 2109 ueunditatem
1691 2069 1735 2108 et
1759 2063 1946 2107 exsulta-

1115 2124 1281 2167 ti6nem
1315 2123 1630 2166 thesaurizavit
1666 2134 1799 2174 super
1836 2133 1947 2163 eum.

1116 2182 1173 2223 Et
1196 2180 1404 2234 implevit.
1440 2179 1594 2221 Gldria
1617 2179 1749 2221 Patri.
1786 2178 1854 2220 Et.

1418 2236 1570 2277 Lectio
1588 2234 1642 2275 ix.

1208 2306 1259 2336 os
1279 2293 1385 2335 estis
1404 2292 1550 2334 lumen
1566 2291 1728 2334 mundi.
1756 2292 1947 2342 Quomo-

1215 2349 1274 2392 do
1294 2349 1403 2392 dixit
1420 2349 1621 2402 superius
1638 2348 1863 2399 salterrae,
1884 2349 1947 2390 sic

1116 2420 1232 2449 nunc
1251 2406 1358 2449 dicit
1375 2406 1522 2448 lumen
1543 2405 1705 2447 mundi.
1740 2405 1856 2447 Nam
1875 2419 1947 2447 ne-

1118 2477 1204 2518 que
1223 2463 1423 2516 superius
1446 2463 1531 2504 ista
1555 2467 1672 2504 terra
1692 2461 1948 2515 accipienda

1118 2526 1196 2571 est,
1216 2533 1347 2573 quam
1366 2519 1553 2573 pedibus
1568 2519 1796 2572 corporeis
1811 2518 1947 2561 calca·

1116 2591 1230 2619 mus:
1256 2576 1335 2619 sed
1359 2576 1558 2618 homines
1583 2577 1657 2628 qui
1675 2576 1719 2617 in
1738 2581 1857 2618 terra
1874 2575 1948 2616 ha-

1118 2634 1273 2684 bitant,
1300 2633 1370 2676 vel
1390 2633 1522 2674 etiam
1539 2635 1816 2686 peccatores,
1843 2644 1948 2685 quo-

1118 2704 1214 2732 rum
1246 2689 1503 2732 condiendis
1539 2694 1582 2731 et
1620 2687 1948 2741 exstinguendis

1118 2747 1350 2801 puteribus
1379 2747 1674 2800 apostolicum
1697 2746 1835 2788 salem
1860 2745 1948 2787 Do-
