2080 2990
580 206 681 240 Infra
707 206 891 241 Octavam
916 207 1182 241 Dedicationis
1209 207 1402 241 Ecclesiae.

140 296 295 350 inquit,
322 309 484 338 novum
512 297 570 339 do
598 298 735 340 vobis.
780 298 965 340 Veteres

142 353 255 395 enim
275 354 421 403 eratis,
450 354 629 396 domum
648 354 753 395 mihi
770 354 966 396 nondum

140 409 382 460 faciebatis,
411 411 454 451 in
479 416 626 452 vestra
651 414 775 453 ruina
799 411 965 463 jaceba-

140 466 208 522 tis.
258 466 377 518 Ergo
413 472 462 508 ut
498 468 708 509 eruamini
745 481 771 509 a
806 472 965 509 vestrae

140 525 276 564 ruinae
286 525 515 574 vetustate,
526 536 605 565 vos
616 524 800 566 invicem
811 526 964 566 amate.

192 586 243 638 R,
261 579 298 620 O
320 593 450 632 quam
467 580 738 623 metuendus.
755 580 852 633 [118]
876 581 891 633 ξ

440 651 592 692 Lectio
611 651 665 691 vi.

216 702 438 745 onsideret
474 715 578 754 ergo
615 703 773 744 caritas
809 708 965 754 vestra,

233 759 442 800 aedificari
465 759 608 801 adhuc
632 759 761 800 istam
787 759 965 801 domum

141 820 254 865 toto,
283 816 395 857 sicut
422 815 683 869 praedictum
707 820 774 857 est
799 821 842 857 et
866 830 964 869 pro-

140 876 331 922 missum,
352 872 459 914 orbe
476 874 702 914 terrarum.
727 873 835 914 Cum
852 873 964 914 enim

141 929 384 972 aedificatur
416 928 571 970 domus
602 932 705 980 post
741 929 964 981 captivita-

139 991 239 1036 tem,
259 986 372 1027 sicut
390 984 523 1026 habet
542 984 651 1026 alius
669 985 879 1035 Psalmus,
905 985 964 1027 di-

141 1043 266 1084 citur:
302 1041 485 1083 Cantate
520 1041 712 1083 Domino
749 1042 965 1083 canticum

139 1112 315 1141 novum:
369 1100 541 1140 cantate
586 1098 776 1140 Demino
824 1099 964 1140 omnis

139 1161 266 1198 terra.
320 1154 450 1205 Quod
480 1155 541 1197 ibi
573 1155 698 1205 dixit,
739 1155 965 1196 Canticum

138 1225 315 1262 novum3
348 1211 432 1253 hoc
455 1212 670 1253 Dominus
694 1211 817 1262 dixit,
846 1212 964 1252 Man-

139 1268 290 1310 datum
320 1281 493 1310 novum.
539 1268 653 1319 Quid
686 1268 801 1310 enim
832 1268 965 1310 habet

139 1325 358 1367 canticum
375 1337 554 1375 novum,
575 1325 657 1366 nisi
676 1326 871 1366 amarem
889 1337 965 1366 no—

137 1379 262 1422 vum?
306 1381 493 1423 Cantare
525 1381 713 1423 amantis
745 1385 821 1422 est.
861 1381 964 1422 Vox

138 1437 263 1490 hujus
295 1438 503 1488 cantoris,
547 1437 692 1479 fervor
729 1442 795 1479 est
826 1438 964 1479 sancti

139 1494 309 1535 ameris.
343 1494 570 1544 Amemus,
595 1494 730 1545 gratis
754 1495 964 1535 amemus:

139 1550 375 1593 Deminum
394 1551 508 1592 enim
528 1553 734 1600 amamus,
756 1563 842 1603 quo
858 1550 964 1591 nihil

139 1607 293 1648 melius
316 1607 574 1649 invenimus:
600 1607 744 1660 ipsum
770 1609 964 1648 amemus

138 1668 318 1716 propter
343 1663 503 1716 ipsum,
533 1669 576 1706 et
594 1676 676 1705 nos
700 1664 743 1704 in
759 1664 875 1716 ipso,
902 1668 963 1705 ta-

137 1733 238 1762 men
256 1723 440 1773 propter
458 1720 614 1773 ipsum.

189 1778 241 1829 R.
266 1777 395 1818 Mane
415 1789 607 1828 surgens.
635 1776 731 1829 [118]

347 1857 397 1896 In
424 1856 494 1895 ΠΙ.
522 1857 557 1896 Ν
559 1858 744 1897 octurno.

139 1915 293 1957 Lectio
318 1914 700 2012 sanctillilvangehi
724 1915 963 1957 secundum

501 1983 638 2012 ucam.

239 2033 389 2074 Lectio
412 2034 478 2074 vii.
682 2033 783 2086 Cap.
800 2035 857 2074 19.

136 2083 213 2191 In
235 2088 310 2130 illo
340 2090 554 2141 tempore:
582 2088 812 2139 Ingressus
835 2089 860 2130 J
863 2102 962 2130 esus

203 2144 537 2198 perambulabat
559 2144 743 2186 Jericho.
779 2145 836 2186 Et
861 2158 962 2187 0000

139 2201 204 2242 vir
227 2202 402 2244 nemine
427 2201 655 2243 Zachaeus:
687 2206 730 2243 et
753 2201 823 2243 hic
847 2202 962 2254 prin-

139 2270 243 2310 ceps
258 2263 352 2299 erat
365 2257 707 2310 publicanerum,
728 2262 771 2300 et
788 2258 883 2311 ipse
903 2258 962 2299 di-

139 2326 224 2355 ves.
254 2314 312 2356 Et
330 2313 508 2366 reliqua.

203 2382 270 2423 De
298 2383 490 2425 Homilia
517 2384 654 2425 sancti
680 2383 903 2425 Ambr6sii

442 2440 662 2493 Episcopi.

211 2498 268 2532 Ex
293 2499 356 2536 lib.
381 2501 414 2535 8.
439 2501 478 2535 1'n
502 2500 602 2544 Luc„
626 2511 747 2544 prope
773 2500 893 2534 finem.

144 2557 166 2584 ¹²
176 2556 333 2620 gaf-*uae
353 2557 499 2595 autem
517 2528 661 2604 turba,
685 2555 767 2596 nisi
790 2555 962 2607 imperi-

170 2609 227 2660 ,ςρ««*““
253 2655 261 2666 ἢ
278 2614 336 2650 tae
347 2609 544 2652 confusio
555 2611 853 2661 multitudinis
866 2625 962 2663 quae

153 2674 166 2682 ²
181 2664 224 2687 ³*
278 2666 487 2707 verticem
526 2668 678 2719 nequit
713 2667 862 2709 videre
899 2681 962 2708 sa-

139 2719 337 2774 pientiae?
369 2722 488 2774 Ergo
514 2723 727 2765 Zachaeus
756 2722 963 2776 quamdiu

1750 202 1841 246 [125]

1016 297 1060 337 in
1084 296 1213 338 turba
1240 301 1322 351 est,
1349 310 1437 339 non
1461 297 1580 340 videt
1606 298 1842 340 Christum:

1017 365 1151 406 supra
1181 352 1355 394 turbam
1392 354 1603 405 ascendit,
1645 360 1688 397 et
1718 354 1842 397 vidit:

1016 409 1102 452 hoc
1134 414 1217 459 est,
1257 409 1397 462 plebis
1429 411 1512 462 jam
1543 413 1840 463 transgressus

1016 466 1248 516 inscitiam,
1280 467 1438 508 meruit
1466 480 1595 519 quem
1623 467 1840 510 desidera-

1016 523 1106 573 bat,
1135 525 1342 575 aspicere.
1381 523 1568 566 Pulchre
1595 530 1741 566 autem
1769 524 1840 566 ad-

950 625 961 630 „
1020 579 1146 621 didit:
1166 579 1277 629 Quia
1295 579 1369 620 illa
1386 584 1511 631 parte
1531 585 1623 622 erat
1641 581 1841 622 transitu-

1017 649 1091 677 rus
1117 636 1347 677 Deminus:
1376 635 1446 677 vel
1473 636 1547 678 ubi
1575 639 1841 688 sycomorus,

1017 692 1086 734 vel
1102 692 1177 744 ubi
1192 691 1453 734 crediturus:
1471 698 1518 734 ut
1533 697 1576 734 et
1590 694 1842 745 mysterium

1017 751 1223 799 servaret,
1243 754 1286 790 et
1300 749 1486 801 gratiam
1500 750 1744 791 seminaret.
1771 751 1842 792 Sic

1018 806 1131 847 enim
1146 807 1336 854 venerat,
1355 811 1403 847 ut
1417 818 1496 858 per
1511 806 1535 846 J
1538 805 1689 847 udaeos
1706 811 1841 848 trans-

1017 864 1100 904 iret
1118 862 1175 903 ad
1195 862 1370 903 Gentes.

1067 925 1117 976 R„
1147 919 1318 960 Domus
1337 931 1445 960 mea.
1472 918 1580 971 [120]

1301 980 1451 1021 Lectio
1472 980 1555 1020 viii.

1014 1032 1186 1139 Vidit
1216 1037 1364 1088 itaque
1392 1035 1627 1077 Zachaeum
1660 1049 1842 1078 sursum.

1123 1092 1148 1132 J
1151 1105 1220 1133 am
1266 1092 1381 1134 enim
1426 1092 1694 1134 sublimitate
1739 1093 1842 1134 fidei

1016 1149 1127 1190 inter
1172 1149 1337 1190 fructus
1381 1151 1597 1194 novorum
1642 1152 1841 1202 operum,

1016 1205 1136 1246 velut
1165 1204 1383 1246 foect'mdae
1412 1205 1640 1247 altitudine
1672 1206 1865 1247 arboris·

1018 1261 1245 1303 eminebat.
1281 1262 1337 1302 Et
1356 1262 1563 1314 quoniam
1582 1262 1637 1304 de
1657 1267 1765 1315 typo
1785 1263 1841 1304 ad

1015 1318 1199 1359 moralia
1218 1317 1491 1367 defleximus,
1521 1318 1633 1360 inter
1661 1323 1729 1360 tot
1752 1332 1841 1360 cre-

1017 1374 1211 1416 dentium
1237 1374 1488 1427 voluptates
1511 1375 1743 1416 Dominica
1772 1375 1842 1417 die

1015 1431 1213 1472 relaxare
1233 1431 1438 1481 animum,
1463 1430 1743 1473 festivitatem
1769 1431 1841 1473 ad-

1015 1487 1198 1529 miscere
1225 1487 1427 1529 delectat.
1463 1487 1678 1529 Zachaeus
1705 1488 1748 1528 in
1776 1501 1841 1540 sy-

1016 1546 1208 1594 comoro,
1221 1556 1386 1585 novum
1400 1543 1605 1585 videlicet
1619 1544 1722 1585 novi
1736 1546 1840 1585 tem-

1014 1600 1135 1652 poris
1163 1613 1362 1652 pomum,
1395 1604 1443 1641 ut
1474 1600 1518 1640 in
1548 1599 1634 1642 1100
1667 1612 1842 1652 quoque

1016 1656 1310 1709 compleretur
1329 1655 1451 1698 illud:
1479 1656 1627 1698 Arbor
1650 1657 1721 1698 fici
1744 1670 1841 1710 pro-

1015 1712 1140 1754 duxit
1158 1725 1338 1764 grossos
1359 1725 1473 1754 suos.

1066 1773 1116 1824 K.
1146 1769 1338 1822 Lapides
1357 1769 1549 1822 pretiosi.
1575 1769 1670 1821 [121]

1315 1833 1466 1874 Lectio
1486 1834 1538 1873 ix.

1086 1886 1115 1927 d
1132 1886 1217 1927 hoc
1238 1885 1352 1927 enim
1370 1884 1570 1927 Christus
1589 1885 1775 1935 advenit,
1794 1890 1842 1927 ut

1119 1955 1173 1983 ex
1191 1941 1319 1993 lignis
1338 1954 1425 1982 non
1444 1954 1588 1994 poma,
1608 1941 1688 1983 sed
1706 1941 1840 1983 homi-

1014 2011 1091 2040 nes
1126 1999 1419 2040 nascerentur.
1472 1997 1678 2049 Legimus
1721 1998 1841 2040 alibi:

1016 2055 1125 2096 Cum
1146 2067 1266 2096 esses
1286 2054 1367 2096 sub
1391 2054 1548 2096 arbore
1566 2054 1653 2105 fici,
1678 2054 1768 2096 vidi
1786 2059 1842 2096 te.

1014 2112 1133 2162 Ergo
1160 2110 1405 2153 Nathanael
1433 2110 1514 2152 sub
1544 2110 1721 2161 arbore,
1756 2110 1841 2153 hoc

1015 2172 1093 2218 est,
1131 2180 1263 2220 supra
1299 2166 1511 2217 radicem,
1558 2167 1658 2219 quia
1691 2168 1839 2219 justus.

1014 2199 1160 2275 Ra⁷d1x
1180 2224 1293 2265 enim
1312 2228 1473 2265 sancta.
1500 2224 1589 2266 Sub
1609 2223 1766 2266 arbore
1779 2229 1839 2265 ta-

1014 2293 1114 2322 men
1131 2279 1388 2330 Nathanael,
1409 2280 1510 2332 quia
1529 2280 1610 2322 sub
1628 2280 1740 2332 lege:
1759 2281 1838 2320 Za-

1015 2336 1162 2378 chaeus
1186 2349 1320 2389 supra
1344 2335 1562 2386 arborem,
1589 2337 1690 2388 quia
1708 2349 1840 2388 supra

1014 2393 1167 2444 legem.
1196 2392 1275 2434 Ille
1290 2393 1469 2434 Demini
1483 2392 1681 2434 occultus
1696 2391 1839 2434 defen-

1015 2462 1104 2499 sor,
1128 2449 1198 2491 hic
1221 2448 1424 2501 publicus
1442 2448 1719 2501 praedicator.
1759 2447 1839 2489 Ille
1917 2469 1921 2475 ·

1015 2505 1158 2547 adhuc
1174 2505 1394 2547 Christum
1413 2518 1466 2546 ex
1484 2504 1580 2556 lege
1602 2504 1839 2557 quaerebat:

1014 2562 1096 2604 iste
1124 2563 1208 2614 jam
1237 2574 1370 2614 supra
1397 2561 1538 2612 legem
1567 2560 1840 2613 relinquebat

1016 2631 1103 2668 sua,
1124 2623 1167 2660 et
1185 2618 1422 2659 Deminum
1441 2616 1716 2668 sequebatur.

1070 2673 1134 2716 Te
1152 2675 1296 2716 Deum
1315 2673 1555 2714 laudamus.
1574 2674 1632 2713 14.

1275 2757 1369 2760 .....
1385 2744 1462 2773 ω
1514 2758 1519 2760 ,
1550 2758 1574 2760 1
