2080 2990
593 200 700 234 Dom.
726 199 769 233 ΙΙ.
795 206 883 242 post
907 200 1043 242 Epiph.
1069 199 1124 233 Ss.
1150 199 1325 233 Nominis
1350 200 1452 234 Jesu.

177 292 292 343 Quid
318 291 402 333 sibi
424 291 519 333 vult
537 291 621 332 ista
643 290 879 332 connexio?
910 291 997 332 Cir-

177 348 384 390 cumcisio
420 360 578 400 nempe
614 348 752 398 magis
790 347 998 397 salvandi,

179 417 309 457 quam
339 404 576 446 Salvatoris
609 416 704 445 esse
737 403 922 445 videtur:
955 408 998 445 et

176 461 448 503 Salvaterem
495 460 805 502 circumcidere
849 460 996 512 potius

176 517 321 567 decet,
385 530 516 569 quam
573 515 833 558 circumcidi.
910 516 997 558 Sed

176 576 364 625 agnesce
397 573 684 615 mediatorem
715 573 800 614 Dei
840 576 883 614 et
922 572 997 614 ho-

174 630 355 680 minum,
401 631 475 682 qui
520 630 574 671 ab
619 630 717 682 ipso
759 629 997 670 nativitatis

175 700 266 728 suae
302 686 483 728 exordio
519 685 675 727 divinis
709 685 899 726 humana
930 688 997 726 so-

176 743 273 792 ciat,
291 743 377 783 ima
396 742 584 783 summis.
610 741 816 783 Nascitur
836 754 890 782 ex
908 754 997 782 mu·

174 798 296 848 licre,
326 798 404 840 sed
429 798 498 839 cui
515 796 813 839 foecunditatis
831 797 998 839 fructus

174 855 238 896 sic
271 854 469 903 accedat,
508 858 558 895 ut
588 865 677 894 non
709 853 884 895 decidat
914 853 997 895 flos

174 910 444 962 virginitatis.
469 910 629 960 Pannis
647 909 895 951 involvitur:
919 909 998 951 sed

173 967 306 1019 panni
338 967 424 1019 ipsi
455 965 662 1016 angelicis
692 965 895 1007 laudibus
922 966 996 1007 ho-

173 1024 394 1064 norantur.
437 1021 737 1064 Absconditur
768 1022 812 1062 in
838 1024 997 1075 praese-

173 1079 264 1132 pio:
296 1078 376 1120 sed
407 1078 611 1131 proditur
642 1078 840 1120 radiante
872 1078 998 1120 stella

173 1134 228 1177 de
255 1134 379 1176 coelo.
419 1135 489 1176 Sic
518 1139 562 1176 et
589 1135 861 1176 circumcisio
889 1135 997 1177 veri-

173 1194 311 1233 tatem
335 1193 553 1244 susceptae
575 1190 737 1244 probat
759 1190 997 1233 humanita-

172 1248 243 1290 tis:
264 1253 307 1290 et
319 1260 490 1298 nomen,
507 1247 627 1300 quod
642 1252 709 1289 est
723 1260 854 1300 super
870 1261 998 1290 omne

174 1317 350 1354 nomen,
369 1304 552 1355 gloriam
570 1303 734 1346 indicat
750 1305 998 1355 majestatis.

175 1360 506 1402 Circumciditur
532 1365 757 1413 tamquam
783 1373 913 1402 verus
941 1362 997 1402 A-

173 1416 323 1458 brahae
351 1417 481 1458 filius:
515 1417 541 1458 J
544 1430 643 1458 esus
676 1419 859 1459 vocatur
891 1421 997 1458 tam-

177 1486 307 1525 quam
326 1486 456 1515 verus
476 1473 612 1514 Filius
630 1473 723 1515 Dei.

230 1537 639 1593 13..Tribu1ati‹5nem
659 1542 703 1579 et
722 1537 921 1579 dolerem
938 1539 997 1579 in-

174 1594 287 1636 veni:
307 1598 330 1622 *
348 1594 406 1635 Et
419 1607 578 1635 nomen
591 1594 769 1635 Domini
787 1594 998 1635 invocavi.

179 1646 228 1699 V.
263 1650 415 1691 Turris
452 1650 689 1691 fortissima
719 1663 879 1692 nomen
910 1650 998 1692 Do-

173 1706 295 1757 mini,
325 1706 369 1747 in
400 1706 498 1759 ipso
531 1706 719 1759 speravi,
752 1711 797 1748 et
824 1706 996 1758 adjutus

175 1775 281 1804 sum.
307 1762 365 1804 Et
382 1775 553 1805 nomen.

229 1829 390 1871 Bened.
419 1827 623 1869 Divinum
641 1826 859 1868 auxilium.

202 1967 205 1969 -
462 1914 611 1955 Lectio
632 1914 715 1954 viii.

270 1991 381 2032 eque
415 1978 529 2021 enim
557 1978 614 2020 ad
639 1978 776 2020 instar
801 1978 998 2030 priorum

287 2049 412 2078 meus
451 2035 534 2077 iste
569 2035 696 2076 Jesus
731 2047 891 2076 nomen
925 2037 997 2076 va-

176 2105 305 2134 cuum
323 2096 398 2134 aut
415 2092 543 2133 inane
561 2095 721 2144 portat.
748 2091 849 2133 Non
869 2095 935 2133 est
954 2091 997 2132 in

177 2161 230 2190 eo
254 2148 401 2199 magni
424 2148 611 2189 neminis
634 2147 803 2197 umbra,
831 2147 911 2189 sed
929 2149 998 2188 ve-

176 2205 293 2247 ritas.
349 2204 531 2246 Co'elitus
570 2203 786 2256 siquidem
812 2203 999 2245 inditum

176 2273 336 2302 nomen
353 2260 634 2311 Evangelista
652 2262 855 2310 testatur,
881 2259 999 2312 quod

176 2319 380 2359 vocatum
396 2321 462 2358 est
477 2316 532 2358 ab
547 2316 729 2367 Angelo‚
744 2316 999 2368 priusquam

175 2373 219 2414 in
243 2376 369 2415 utero
395 2373 709 2425 conciperetur.
741 2372 798 2413 Et
822 2372 998 2414 attende

176 2429 300 2470 verbi
347 2429 707 2482 profunditatem:
759 2430 999 2481 Postquam

177 2490 305 2527 natus
329 2490 395 2527 est
414 2486 438 2526 J
442 2499 551 2527 esus.
584 2486 711 2527 Jesus
734 2487 918 2527 vocatur
943 2485 997 2527 ab

175 2541 432 2592 hominibus,
457 2543 530 2595 qui
547 2544 732 2584 vocatus
753 2547 820 2584 est
839 2541 892 2583 ab
912 2542 998 2582 An-

175 2597 290 2648 gelo,
316 2598 571 2651 priusquam
593 2599 636 2639 in
655 2602 781 2640 utero
802 2598 998 2650 concipe-

176 2656 306 2695 retur.
338 2653 462 2695 Idem
486 2655 649 2707 quippe
673 2660 716 2696 et
735 2654 892 2705 Angeli
911 2653 998 2694 Sal-

114 2723 115 2726 *
175 2712 319 2760 vator,
348 2714 392 2752 et
410 2709 612 2752 hominis:
639 2710 718 2752 sed
736 2710 923 2752 heminis
942 2709 996 2751 ab

1805 194 1871 230 417

1050 290 1360 340 incarnatione,
1375 290 1533 342 Angeli
1548 290 1601 332 ab
1616 291 1739 332 initio
1756 303 1871 332 crea-

1049 349 1171 388 turae.
1223 347 1444 388 Vocatum
1482 351 1565 396 est,
1600 347 1677 396 ait,
1713 359 1871 388 nomen

1051 403 1140 454 ejus
1167 403 1192 443 J
1195 415 1312 452 esuS,
1346 403 1464 455 quod
1490 405 1695 444 vocatum
1723 408 1789 444 est
1816 403 1870 445 ab

1051 459 1232 510 Angelo.
1272 460 1322 499 In
1351 472 1427 500 ore
1455 471 1559 510 ergo
1589 459 1774 501 duorum
1802 459 1872 501 vel

1050 516 1179 557 trium
1204 515 1382 557 testium
1410 520 1496 556 stat
1524 528 1652 556 omne
1675 516 1872 557 verbum:

1051 576 1095 613 et
1111 572 1266 624 ipsum,
1287 571 1407 624 quod
1425 572 1469 612 in
1484 571 1707 624 Propheta
1721 571 1871 613 abbre-

1050 628 1229 678 viatum,
1261 628 1531 669 manifestius
1562 628 1606 668 in
1633 628 1871 679 Evangelio

1051 685 1208 736 legitur
1227 697 1328 726 caro
1347 685 1522 726 factum.

1104 757 1153 808 R.
1170 753 1451 806 Exspectabo
1470 765 1628 794 nomen
1648 757 1771 794 tuum
1785 753 1872 794 Do—

1050 810 1175 861 mine,
1187 815 1209 838 *
1226 810 1441 860 Queniam
1455 809 1619 851 bonum
1635 814 1701 850 est
1715 810 1758 850 in
1774 822 1872 850 con-

1051 868 1205 919 spectu
1233 868 1483 907 sanctorum
1510 868 1696 907 tuarum.
1737 867 1785 918 Y,
1814 865 1873 907 Ut

1051 923 1335 965 confiteamur
1353 923 1517 964 nomini
1536 926 1688 963 sancto
1708 927 1801 971 tuo,
1831 926 1873 963 et

1049 979 1284 1030 gloriemur
1306 980 1350 1020 in
1373 979 1501 1020 laude
1524 984 1610 1020 tua.
1647 978 1872 1028 Quoniam.

1052 1036 1202 1078 Gloria
1220 1036 1347 1078 Patri.
1377 1036 1602 1086 Queniam.

1105 1118 1233 1152 Lectio
1257 1118 1305 1152 ix.
1331 1118 1377 1152 de
1403 1119 1511 1152 Hom.
1538 1119 1687 1153 Domin.
1716 1121 1758 1154 II.
1784 1127 1873 1163 post

1052 1166 1189 1220 Epiph.
1249 1166 1289 1201 Si
1333 1167 1599 1202 transferatur.
1649 1168 1696 1202 ix.
1743 1170 1871 1203 Lectio

1052 1220 1122 1248 Cl‘lt
1147 1224 1320 1257 sequens.

1352 1282 1501 1323 Lectio
1522 1283 1573 1322 ix.

1154 1350 1263 1392 erito
1284 1362 1403 1399 sane,
1429 1349 1533 1391 dum
1551 1349 1874 1391 circumciditur

1170 1419 1290 1459 puer,
1311 1406 1385 1458 qui
1403 1411 1531 1447 natus
1548 1410 1614 1448 est
1628 1405 1766 1455 nobis,
1785 1405 1872 1447 Sal-

1050 1464 1176 1504 vator
1203 1465 1398 1504 vocatur:
1441 1462 1560 1514 quod
1587 1461 1792 1503 videlicet
1819 1475 1873 1503 ex

1050 1519 1136 1561 hoc
1159 1520 1244 1571 iam
1274 1519 1459 1571 co'eperit
1488 1519 1664 1571 operari
1689 1518 1874 1559 salutem

1050 1580 1263 1626 nostram,
1291 1575 1618 1616 immaculatum
1644 1574 1766 1616 illum
1791 1587 1872 1626 pro

1050 1631 1178 1674 nobis
1204 1632 1458 1682 sanguinem
1485 1631 1682 1673 fundens.
1718 1631 1874 1682 Neque

1051 1688 1166 1729 enim
1188 1689 1273 1740 jam
1297 1690 1493 1739 quaerere
1518 1692 1585 1729 est
1609 1687 1874 1736 Christianis,

1050 1757 1127 1785 cur
1146 1744 1332 1785 voluerit
1350 1745 1563 1785 Dominus
1579 1743 1775 1784 Christus
1796 1744 1873 1784 cir-

1051 1800 1247 1842 cumcidi.
1308 1801 1496 1852 Propter
1536 1800 1621 1841 hoc
1657 1799 1874 1851 siquidem

1051 1857 1331 1898 circumcisus
1355 1862 1435 1907 est,
1461 1861 1642 1910 propter
1664 1855 1783 1908 quod
1801 1869 1872 1897 na-

1050 1918 1135 1962 tus,
1166 1917 1350 1965 propter
1384 1913 1502 1965 quod
1534 1925 1701 1965 passus.
1753 1912 1873 1953 Nihil

1013 1985 1018 1987 >
1050 1969 1204 2010 horum
1222 1973 1406 2022 propter
1425 1982 1487 2019 se,
1513 1968 1591 2010 sed
1611 1969 1755 2010 omnia
1772 1982 1872 2021 pro-

1050 2030 1148 2078 pter
1167 2025 1341 2067 electos.
1374 2025 1469 2067 Nec
1490 2025 1535 2066 in
1555 2027 1739 2078 peccato
1759 2026 1872 2077 geni-

1049 2086 1130 2131 tus,
1147 2094 1228 2123 nec
1242 2095 1268 2123 a
1281 2084 1466 2134 peccato
1483 2082 1773 2133 circumcisus,
1792 2095 1873 2123 nec

1051 2140 1248 2179 mortuus
1269 2143 1336 2180 est
1353 2151 1434 2191 pro
1453 2141 1639 2191 peccato
1664 2151 1759 2179 suo:
1785 2151 1872 2178 ma-

1050 2195 1117 2245 gis
1145 2199 1290 2236 autem
1315 2200 1498 2248 propter
1526 2194 1685 2237 delicta
1714 2199 1873 2236 nostra.

1052 2250 1181 2300 Quod
1199 2253 1404 2293 vocatum
1423 2256 1505 2302 est,
1530 2252 1687 2304 inquit,
1712 2250 1765 2292 ab
1786 2252 1871 2291 An-

1050 2307 1164 2357 gelo,
1188 2307 1445 2360 priusquam
1463 2308 1507 2348 in
1525 2311 1652 2349 utero
1672 2307 1871 2359 concipe—

1050 2365 1180 2405 retur.
1215 2363 1434 2405 Vocatum
1457 2363 1600 2416 plane,
1628 2375 1714 2404 non
1736 2363 1871 2415 impo-

1051 2419 1192 2461 situm.
1231 2420 1404 2473 Nempe
1434 2420 1520 2462 hoc
1553 2420 1593 2461 ei
1618 2432 1778 2460 nomen
1806 2423 1872 2460 est

1051 2475 1105 2517 ab
1131 2478 1308 2518 aeterno.
1350 2478 1392 2518 A
1417 2480 1573 2518 natura
1594 2476 1775 2528 prepria
1800 2475 1871 2516 ha-

1050 2532 1136 2582 bet,
1156 2537 1205 2574 ut
1225 2533 1281 2574 sit
1300 2533 1515 2575 Salvator:
1535 2533 1729 2574 innatum
1749 2536 1814 2573 est
1833 2531 1871 2572 ei

1050 2602 1209 2630 nomen
1226 2589 1325 2639 hoc,
1344 2602 1431 2630 non
1448 2588 1633 2630 inditum
1652 2588 1707 2630 ab
1726 2588 1871 2629 huma-

1050 2658 1116 2694 na,
1134 2645 1205 2687 vel
1223 2645 1419 2696 angelica
1438 2648 1648 2687 creatura.

1102 2709 1166 2751 Te
1183 2710 1326 2751 Deum
1344 2709 1584 2751 laudamus.
1601 2710 1659 2749 14.
