2040 2990
631 227 733 261 Infra
758 228 1049 261 Hebdomadam
1074 228 1343 270 Sexagcsimac.

149 324 386 366 imminutae
411 330 511 366 sunt
534 337 677 377 aquae:
694 326 717 351 *
746 324 802 365 Et
826 322 969 394 prohi-

149 379 258 422 bitae'
276 386 376 422 sunt
397 381 558 434 pluviae
578 380 633 422 de
657 380 790 422 coelis.
813 380 859 426 Y.
886 380 969 421 Re-

149 439 376 490 versaeque
397 443 497 479 sunt
515 450 641 490 aquae
661 436 715 478 de
733 442 850 478 terra
869 439 968 477 eun-

148 497 214 534 tes
238 498 282 535 et
305 494 552 543 redeuntes,
578 499 621 535 et
645 494 872 545 coeperunt
894 495 968 533 mi-

148 549 222 590 nui
235 555 338 602 post
353 555 526 592 centum
541 550 851 603 quinquaginta
865 548 968 590 dies.

148 606 204 648 Et
221 606 465 659 prohibitae.

439 663 590 703 Lectio
611 662 665 703 iii.

194 733 222 760 n
242 720 422 761 articulo
437 719 523 761 diei
538 719 652 760 illius
666 719 887 770 ingressus
902 725 968 762 est

207 776 317 826 Noe,
332 781 376 817 et
386 776 497 822 Sem,
511 780 554 817 et
566 774 713 825 Cham,
728 781 771 817 et
780 776 804 816 J
806 775 966 828 apheth

146 832 225 873 filii
244 833 349 884 ejus:
367 845 477 874 uxor
497 832 620 881 illius,
640 837 683 873 et
700 837 789 873 tres
807 834 966 874 uxores

145 888 334 930 filiurum
353 889 442 941 ejus
457 901 555 930 cum
570 889 631 930 eis
647 888 691 928 in
706 901 864 930 arcam:
882 888 966 941 ipsi

145 950 189 986 et
215 958 344 986 omne
376 944 535 986 animal
563 944 803 987 secundum
829 959 965 996 genus

145 1014 284 1051 suum,
307 1002 596 1054 universaque
619 1002 808 1054 jumenta
830 1003 873 1043 in
895 1005 964 1054 ge-

143 1070 246 1099 nere
273 1071 370 1107 suo,
398 1063 442 1100 et
468 1071 596 1099 omne
622 1058 742 1110 quod
766 1062 966 1101 movetur

144 1127 277 1167 super
300 1119 462 1156 terram
485 1115 529 1155 in
557 1116 714 1166 genere
740 1128 837 1165 suo,
865 1129 965 1157 cun-

143 1174 349 1223 ctumque
371 1171 548 1212 volatile
572 1171 811 1213 secundum
828 1185 964 1223 genus

142 1239 279 1268 suum.
336 1228 606 1280 Factumque
649 1233 715 1269 est
756 1228 965 1270 diluvium

144 1284 431 1336 quadraginta
455 1282 608 1326 diebus
634 1297 765 1337 super
787 1290 964 1326 terram:

142 1345 186 1382 et
206 1340 506 1393 multiplicatae
530 1346 630 1382 sunt
653 1354 795 1393 aquae,
819 1347 862 1383 et
881 1342 963 1384 ele-

141 1399 352 1438 vaverunt
370 1409 516 1438 arcam
534 1397 578 1438 in
597 1397 781 1439 sublime
795 1411 821 1439 a
836 1403 963 1440 terra.

191 1454 242 1505 Rz.
277 1453 572 1505 Quadraginta
605 1453 698 1496 dies
732 1459 776 1495 et
810 1460 963 1497 noctes

140 1510 279 1562 aperti
303 1514 403 1551 sunt
421 1510 537 1559 coeli,
563 1515 606 1552 et
624 1523 678 1552 ex
699 1511 816 1552 omni
835 1524 963 1554 carne

139 1565 326 1608 habente
375 1566 574 1619 spiritum
620 1567 722 1608 vitae
767 1567 963 1618 ingressa

140 1626 240 1664 sunt
261 1623 304 1664 in
328 1635 489 1664 arcam:
513 1624 536 1650 *
555 1623 612 1665 Et
635 1624 790 1665 clausit
812 1637 837 1665 a
857 1624 962 1666 foris

141 1679 301 1721 ostium
331 1679 556 1721 Duminus.
610 1672 660 1725 V.
691 1681 742 1721 In
778 1681 961 1723 articulo

139 1733 226 1776 diei
247 1735 363 1776 illius
386 1736 607 1787 ingressus
632 1741 699 1778 est
715 1736 814 1778 Noe
835 1737 879 1778 in
898 1750 961 1778 ar-

139 1803 249 1841 cam,
274 1796 318 1833 et
338 1792 416 1833 filii
440 1793 545 1844 eius,
570 1797 614 1834 et
632 1805 743 1834 uxor
765 1793 894 1843 illius,
918 1799 962 1835 et

138 1849 299 1890 uxures
331 1848 520 1890 filiorum
554 1849 655 1901 ejus.
708 1850 765 1890 Et
797 1849 961 1891 clausit.

140 1900 290 1946 Gloria
307 1905 437 1946 Patri.
466 1905 523 1946 Et
541 1904 704 1946 clausit.

191 1957 263 1999 Ad
298 1957 470 2009 Magnis.
507 1958 606 1999 Ant.
648 1957 693 2001 Si
729 1961 900 2003 culmen
937 1963 960 1989 *

138 2017 230 2058 veri
268 2016 447 2058 honoris
489 2017 701 2069 quaeritiS‚
746 2017 802 2058 ad
842 2017 959 2058 illam

138 2073 362 2115 coelestem
379 2073 565 2126 patriam
585 2073 842 2125 quantocius
860 2086 959 2126 pro-

136 2131 299 2181 perate.

352 2233 512 2269 Feria
545 2233 744 2270 Tertia.

323 2289 391 2331 De
427 2289 539 2331 libro
577 2291 769 2332 Genesis.

244 2350 393 2391 Lectio
414 2351 437 2390 i.
702 2350 803 2401 Cap.
820 2352 856 2389 8.

135 2411 462 2513 -ecordatus
507 2417 652 2454 autem
689 2413 809 2454 Deus
845 2412 956 2461 Noe,

246 2471 588 2520 cunctorumque
606 2469 897 2518 animantium,
914 2473 957 2509 et

138 2523 327 2564 Omnium
358 2524 667 2575 jumentorum,
704 2538 802 2576 quae
836 2528 957 2565 erant

137 2590 237 2618 cum
261 2591 314 2620 eo
339 2579 384 2620 in
407 2593 524 2630 arca,
549 2580 732 2622 adduxit
758 2581 956 2633 spiritum

137 2646 268 2686 super
297 2639 479 2685 terram,
515 2641 558 2677 et
587 2637 825 2677 imminutae
858 2641 957 2677 sunt

137 2702 274 2742 aquae.
300 2691 357 2732 Et
374 2691 508 2733 clausi
524 2697 624 2733 sunt
641 2692 782 2734 fontes
800 2692 955 2743 abyssi,

138 2751 181 2787 et
217 2749 447 2789 cataractae
483 2749 602 2789 coeli:
646 2753 690 2790 et
723 2748 955 2800 prohibitae

1775 237 1842 273 339

1023 330 1122 366 sunt
1141 326 1301 378 pluviae
1321 327 1375 369 de
1395 328 1518 370 coelo.
1546 330 1839 384 Reversaeque

1022 386 1121 423 sunt
1145 395 1270 434 aquae
1290 383 1344 425 de
1367 389 1484 426 terra
1507 388 1657 427 euntes
1682 392 1724 429 et
1746 388 1838 430 red-

1023 441 1192 480 euntes:
1231 444 1274 480 et
1310 443 1535 493 coeperunt
1568 444 1702 484 minui
1737 450 1839 496 post

1022 499 1195 536 centum
1240 496 1552 549 quinquaginta
1596 498 1698 540 dies.
1756 501 1837 542 Re-

1022 551 1274 604 quievitque
1315 565 1415 594 arca
1452 567 1600 596 mense
1641 557 1837 608 septimo,

1020 607 1229 658 vigesimo
1263 610 1447 662 septimo
1481 610 1550 652 die
1582 613 1741 654 mensis
1770 627 1836 655 su-

1009 662 1099 716 'per
1116 670 1286 706 montes
1305 666 1533 708 Armeniae.

1067 721 1117 773 R.
1148 721 1399 764 AEdificavit
1416 723 1522 764 Noe.
1549 725 1642 766 335.

1323 778 1472 818 Lectio
1494 778 1531 817 ii.

1091 839 1109 875 t
1129 847 1232 876 vero
1253 847 1378 886 aquae
1397 835 1530 886 ibant,
1555 841 1599 878 et
1617 837 1836 879 decresce-

1124 890 1229 932 bant
1252 904 1390 944 usque
1415 892 1470 933 ad
1490 892 1703 934 decimum
1722 907 1836 935 men-

1018 959 1127 987 sem:
1161 947 1330 989 decimo
1360 949 1475 990 enim
1501 962 1667 999 mense,
1698 951 1837 1002 prima

1018 1002 1088 1044 die
1106 1005 1278 1054 mensis,
1299 1007 1594 1057 apparuerunt
1615 1008 1837 1048 cacumina

1017 1060 1239 1101 montium.
1255 1061 1451 1113 Cumque
1465 1064 1721 1104 transissent
1736 1076 1836 1115 qua—

1018 1115 1215 1167 draginta
1242 1117 1354 1166 dies,
1382 1118 1580 1170 aperiens
1604 1118 1700 1159 Noe
1724 1119 1835 1160 fene-

1018 1177 1152 1213 stram
1171 1186 1299 1222 arcae,
1326 1186 1455 1225 quam
1474 1174 1650 1224 fecerat,
1674 1175 1836 1217 dimisit

1017 1240 1209 1270 corvum:
1239 1230 1313 1282 qui
1337 1229 1655 1280 egrediebatur,
1682 1236 1725 1272 et
1748 1245 1835 1273 non

1017 1285 1339 1334 revertebatur,
1388 1286 1527 1327 donec
1574 1287 1836 1329 siccarentur

1016 1354 1142 1393 aquae
1170 1355 1301 1395 super
1328 1347 1500 1384 terram.
1546 1343 1702 1384 Emisit
1731 1356 1834 1395 quo-

1017 1411 1101 1450 que
1126 1399 1373 1440 columbam
1390 1403 1492 1452 post
1512 1412 1625 1448 eum,
1650 1404 1697 1441 ut
1719 1400 1834 1441 vide-

1015 1459 1082 1495 ret
1109 1455 1145 1495 si
1170 1455 1253 1506 jam
1281 1458 1527 1497 cessassent
1554 1468 1679 1507 aquae
1704 1469 1835 1508 super

1014 1510 1169 1552 faciem
1188 1516 1328 1553 terrae.
1366 1513 1473 1562 Quae
1497 1524 1595 1553 cum
1613 1525 1702 1553 non
1719 1512 1833 1553 inve-

1014 1568 1150 1608 nisset
1185 1567 1259 1609 ubi
1294 1569 1588 1620 requiesceret
1619 1581 1698 1620 pes
1734 1568 1834 1620 ejus,

1014 1625 1190 1665 reversa
1209 1630 1275 1666 est
1294 1624 1350 1666 ad
1370 1637 1468 1666 eum
1487 1625 1531 1664 in
1550 1637 1705 1666 arcam.

1065 1679 1117 1731 R».
1142 1681 1308 1722 Ponam
1328 1694 1487 1722 arcum.
1515 1682 1608 1722 335.

1311 1738 1461 1779 Lectio
1482 1739 1536 1778 iii.

1100 1794 1341 1846 xspectatis
1359 1798 1504 1834 autem
1527 1793 1640 1834 ultra
1665 1798 1833 1845 septem

1113 1849 1265 1891 diebus
1307 1849 1421 1899 aliis,
1461 1862 1631 1890 rursum
1670 1849 1833 1891 dimisit

1013 1905 1260 1948 columbam
1287 1918 1342 1947 ex
1369 1918 1480 1946 arca.
1528 1905 1588 1947 At
1615 1905 1688 1946 illa
1715 1906 1832 1948 venit

1012 1963 1068 2004 ad
1091 1975 1189 2004 eum
1213 1961 1270 2003 ad
1291 1963 1534 2014 vesperam,
1563 1966 1743 2014 portans
1767 1971 1849 2003 ra-·

1010 2031 1130 2060 mum
1151 2018 1278 2059 olivae
1299 2017 1538 2059 virentibus
1557 2017 1673 2059 foliis
1691 2018 1735 2059 in
1755 2031 1831 2060 ore

1011 2087 1101 2116 suo.
1128 2074 1347 2116 Intellexit
1366 2087 1469 2125 ergo
1486 2074 1583 2115 Noe
1603 2073 1723 2126 quod
1741 2087 1830 2116 ces-

1010 2133 1181 2172 sassent
1208 2143 1334 2182 aquae
1363 2143 1494 2183 super
1522 2135 1695 2172 terram.
1747 2131 1829 2172 Ex-

1010 2189 1312 2240 spectavitque
1348 2187 1625 2228 nihilominus
1661 2191 1829 2239 septem

1009 2243 1118 2284 alios
1155 2243 1267 2284 dies:
1309 2247 1353 2284 et
1391 2243 1534 2284 emisit
1571 2242 1827 2292 columbam,

1011 2312 1108 2351 quae
1127 2312 1215 2341 non
1234 2303 1301 2340 est
1320 2301 1495 2341 reversa
1513 2299 1626 2340 ultra
1644 2298 1700 2340 ad
1720 2311 1828 2340 eum.

1009 2356 1145 2406 Igitur
1181 2355 1499 2397 sexcentesimo
1530 2355 1672 2407 primo
1705 2367 1828 2404 anno,

1008 2411 1148 2463 primo
1185 2425 1355 2460 mense,
1390 2412 1531 2464 prima
1564 2411 1634 2452 die
1666 2411 1827 2452 mensis

1008 2467 1200 2508 iminutae
1220 2473 1320 2509 sunt
1338 2481 1463 2519 aquae
1483 2480 1613 2519 super
1631 2472 1800 2508 terram.

1062 2522 1113 2574 R.
1135 2524 1220 2565 Per
1238 2526 1551 2576 memetipsum.
1578 2525 1671 2564 336.

1062 2578 1134 2619 Ad
1168 2579 1338 2629 Magnif.
1374 2581 1471 2619 Ant.
1508 2578 1664 2620 Semen
1701 2583 1767 2620 est
1802 2578 1825 2603 *

1008 2635 1188 2677 verbum
1202 2636 1294 2685 Dei,
1315 2640 1434 2676 sator
1454 2639 1597 2676 autem
1614 2634 1825 2675 Christus:

1008 2692 1147 2732 omnis
1168 2692 1242 2743 qui
1259 2691 1422 2732 invenit
1441 2703 1553 2739 eum,
1575 2689 1764 2731 manebit
1781 2689 1823 2728 in

1007 2749 1230 2788 aeternum.
