<?xml version="1.0" encoding="UTF-8"?>
<!DOCTYPE html PUBLIC "-//W3C//DTD XHTML 1.0 Transitional//EN"
    "http://www.w3.org/TR/xhtml1/DTD/xhtml1-transitional.dtd">
<html xmlns="http://www.w3.org/1999/xhtml" xml:lang="en" lang="en">
 <head>
  <title>
</title>
<meta http-equiv="Content-Type" content="text/html;charset=utf-8" />
  <meta name='ocr-system' content='tesseract 3.04.00' />
  <meta name='ocr-capabilities' content='ocr_page ocr_carea ocr_par ocr_line ocrx_word'/>
</head>
<body>
  <div class='ocr_page' id='page_1' title='image "./p1breviariumroma00cathuoft_0889.png"; bbox 0 0 2080 2990; ppageno 0'>
   <div class='ocr_carea' id='block_1_1' title="bbox 736 203 1235 247">
    <p class='ocr_par' dir='ltr' id='par_1_1' title="bbox 736 203 1235 247">
     <span class='ocr_line' id='line_1_1' title="bbox 736 203 1235 247; baseline 0.002 -10"><span class='ocrx_word' id='word_1_1' title='bbox 736 203 972 247; x_wconf 60' lang='lat' dir='ltr'>Praeparatio</span> <span class='ocrx_word' id='word_1_2' title='bbox 998 204 1046 237; x_wconf 85' lang='lat' dir='ltr'>ad</span> <span class='ocrx_word' id='word_1_3' title='bbox 1071 204 1235 238; x_wconf 86' lang='lat' dir='ltr'>Missam.</span> 
     </span>
    </p>
   </div>
   <div class='ocr_carea' id='block_1_2' title="bbox 112 296 957 1685">
    <p class='ocr_par' dir='ltr' id='par_1_2' title="bbox 112 296 957 1685">
     <span class='ocr_line' id='line_1_2' title="bbox 140 296 957 341; baseline -0.004 -8"><span class='ocrx_word' id='word_1_4' title='bbox 140 298 241 341; x_wconf 89' lang='lat' dir='ltr'>ficis,</span> <span class='ocrx_word' id='word_1_5' title='bbox 272 300 309 332; x_wconf 90' lang='lat' dir='ltr'>et</span> <span class='ocrx_word' id='word_1_6' title='bbox 330 306 538 340; x_wconf 88' lang='lat' dir='ltr'>numquam</span> <span class='ocrx_word' id='word_1_7' title='bbox 559 296 599 330; x_wconf 89' lang='lat' dir='ltr'>in</span> <span class='ocrx_word' id='word_1_8' title='bbox 621 300 658 331; x_wconf 91' lang='lat' dir='ltr'>te</span> <span class='ocrx_word' id='word_1_9' title='bbox 682 296 827 331; x_wconf 86' lang='lat' dir='ltr'>deficis:</span> <span class='ocrx_word' id='word_1_10' title='bbox 859 297 957 330; x_wconf 90' lang='lat' dir='ltr'>com—</span> 
     </span>
     <span class='ocr_line' id='line_1_3' title="bbox 141 346 957 390; baseline -0.002 -8"><span class='ocrx_word' id='word_1_11' title='bbox 141 347 230 382; x_wconf 90' lang='lat' dir='ltr'>edat</span> <span class='ocrx_word' id='word_1_12' title='bbox 251 350 288 382; x_wconf 89' lang='lat' dir='ltr'>te</span> <span class='ocrx_word' id='word_1_13' title='bbox 311 356 378 381; x_wconf 93' lang='lat' dir='ltr'>cor</span> <span class='ocrx_word' id='word_1_14' title='bbox 399 356 539 389; x_wconf 89' lang='lat' dir='ltr'>meum,</span> <span class='ocrx_word' id='word_1_15' title='bbox 564 350 600 380; x_wconf 91' lang='lat' dir='ltr'>et</span> <span class='ocrx_word' id='word_1_16' title='bbox 623 346 823 381; x_wconf 90' lang='lat' dir='ltr'>dulcedine</span> <span class='ocrx_word' id='word_1_17' title='bbox 847 347 957 390; x_wconf 87' lang='lat' dir='ltr'>sapo-</span> 
     </span>
     <span class='ocr_line' id='line_1_4' title="bbox 139 396 956 440; baseline -0.002 -8"><span class='ocrx_word' id='word_1_18' title='bbox 139 397 192 432; x_wconf 90' lang='lat' dir='ltr'>ris</span> <span class='ocrx_word' id='word_1_19' title='bbox 215 397 272 432; x_wconf 86' lang='lat' dir='ltr'>tui</span> <span class='ocrx_word' id='word_1_20' title='bbox 293 396 511 440; x_wconf 69' lang='lat' dir='ltr'>repleantur</span> <span class='ocrx_word' id='word_1_21' title='bbox 530 396 679 431; x_wconf 86' lang='lat' dir='ltr'>viscera</span> <span class='ocrx_word' id='word_1_22' title='bbox 699 396 835 430; x_wconf 83' lang='lat' dir='ltr'>animae</span> <span class='ocrx_word' id='word_1_23' title='bbox 850 406 956 430; x_wconf 88' lang='lat' dir='ltr'>meae.</span> 
     </span>
     <span class='ocr_line' id='line_1_5' title="bbox 138 445 956 489; baseline -0.002 -7"><span class='ocrx_word' id='word_1_24' title='bbox 138 447 344 482; x_wconf 87' lang='lat' dir='ltr'>Manducat</span> <span class='ocrx_word' id='word_1_25' title='bbox 366 450 402 481; x_wconf 92' lang='lat' dir='ltr'>te</span> <span class='ocrx_word' id='word_1_26' title='bbox 418 445 592 489; x_wconf 85' lang='lat' dir='ltr'>Angelus</span> <span class='ocrx_word' id='word_1_27' title='bbox 615 456 679 481; x_wconf 94' lang='lat' dir='ltr'>ore</span> <span class='ocrx_word' id='word_1_28' title='bbox 699 446 830 489; x_wconf 88' lang='lat' dir='ltr'>pleno:</span> <span class='ocrx_word' id='word_1_29' title='bbox 853 456 956 481; x_wconf 90' lang='lat' dir='ltr'>man-</span> 
     </span>
     <span class='ocr_line' id='line_1_6' title="bbox 140 496 955 541; baseline -0.002 -9"><span class='ocrx_word' id='word_1_30' title='bbox 140 498 253 533; x_wconf 88' lang='lat' dir='ltr'>ducet</span> <span class='ocrx_word' id='word_1_31' title='bbox 275 501 311 532; x_wconf 92' lang='lat' dir='ltr'>te</span> <span class='ocrx_word' id='word_1_32' title='bbox 334 496 558 541; x_wconf 88' lang='lat' dir='ltr'>peregrinus</span> <span class='ocrx_word' id='word_1_33' title='bbox 579 496 695 531; x_wconf 92' lang='lat' dir='ltr'>homo</span> <span class='ocrx_word' id='word_1_34' title='bbox 712 506 782 539; x_wconf 91' lang='lat' dir='ltr'>pro</span> <span class='ocrx_word' id='word_1_35' title='bbox 799 496 955 531; x_wconf 90' lang='lat' dir='ltr'>modulo</span> 
     </span>
     <span class='ocr_line' id='line_1_7' title="bbox 139 545 955 592; baseline -0.002 -9"><span class='ocrx_word' id='word_1_36' title='bbox 139 558 221 592; x_wconf 93' lang='lat' dir='ltr'>suo,</span> <span class='ocrx_word' id='word_1_37' title='bbox 244 557 291 582; x_wconf 92' lang='lat' dir='ltr'>ne</span> <span class='ocrx_word' id='word_1_38' title='bbox 315 546 478 581; x_wconf 82' lang='lat' dir='ltr'>deficere</span> <span class='ocrx_word' id='word_1_39' title='bbox 499 546 625 590; x_wconf 88' lang='lat' dir='ltr'>possit</span> <span class='ocrx_word' id='word_1_40' title='bbox 647 546 686 579; x_wconf 92' lang='lat' dir='ltr'>in</span> <span class='ocrx_word' id='word_1_41' title='bbox 706 545 786 589; x_wconf 88' lang='lat' dir='ltr'>via,</span> <span class='ocrx_word' id='word_1_42' title='bbox 809 546 878 580; x_wconf 90' lang='lat' dir='ltr'>tali</span> <span class='ocrx_word' id='word_1_43' title='bbox 900 557 955 581; x_wconf 92' lang='lat' dir='ltr'>re-</span> 
     </span>
     <span class='ocr_line' id='line_1_8' title="bbox 139 595 954 640; baseline -0.004 -6"><span class='ocrx_word' id='word_1_44' title='bbox 139 600 287 633; x_wconf 85' lang='lat' dir='ltr'>creatus</span> <span class='ocrx_word' id='word_1_45' title='bbox 318 597 471 633; x_wconf 87' lang='lat' dir='ltr'>viatico.</span> <span class='ocrx_word' id='word_1_46' title='bbox 515 595 633 630; x_wconf 89' lang='lat' dir='ltr'>Panis</span> <span class='ocrx_word' id='word_1_47' title='bbox 665 599 811 639; x_wconf 89' lang='lat' dir='ltr'>sancte,</span> <span class='ocrx_word' id='word_1_48' title='bbox 842 597 954 640; x_wconf 89' lang='lat' dir='ltr'>panis</span> 
     </span>
     <span class='ocr_line' id='line_1_9' title="bbox 137 645 954 692; baseline -0.004 -8"><span class='ocrx_word' id='word_1_49' title='bbox 137 649 237 692; x_wconf 87' lang='lat' dir='ltr'>vive,</span> <span class='ocrx_word' id='word_1_50' title='bbox 259 647 373 692; x_wconf 87' lang='lat' dir='ltr'>panis</span> <span class='ocrx_word' id='word_1_51' title='bbox 389 645 539 689; x_wconf 86' lang='lat' dir='ltr'>munde,</span> <span class='ocrx_word' id='word_1_52' title='bbox 564 645 630 690; x_wconf 93' lang='lat' dir='ltr'>qui</span> <span class='ocrx_word' id='word_1_53' title='bbox 654 645 887 680; x_wconf 80' lang='lat' dir='ltr'>descendisti</span> <span class='ocrx_word' id='word_1_54' title='bbox 908 646 954 681; x_wconf 93' lang='lat' dir='ltr'>de</span> 
     </span>
     <span class='ocr_line' id='line_1_10' title="bbox 138 694 956 741; baseline -0.004 -8"><span class='ocrx_word' id='word_1_55' title='bbox 138 698 249 741; x_wconf 88' lang='lat' dir='ltr'>coelo,</span> <span class='ocrx_word' id='word_1_56' title='bbox 272 700 310 732; x_wconf 88' lang='lat' dir='ltr'>et</span> <span class='ocrx_word' id='word_1_57' title='bbox 325 697 395 731; x_wconf 90' lang='lat' dir='ltr'>das</span> <span class='ocrx_word' id='word_1_58' title='bbox 412 696 532 731; x_wconf 87' lang='lat' dir='ltr'>vitam</span> <span class='ocrx_word' id='word_1_59' title='bbox 547 694 701 737; x_wconf 89' lang='lat' dir='ltr'>mundo,</span> <span class='ocrx_word' id='word_1_60' title='bbox 723 695 813 729; x_wconf 85' lang='lat' dir='ltr'>veni</span> <span class='ocrx_word' id='word_1_61' title='bbox 829 695 869 729; x_wconf 89' lang='lat' dir='ltr'>in</span> <span class='ocrx_word' id='word_1_62' title='bbox 890 705 956 730; x_wconf 91' lang='lat' dir='ltr'>cor</span> 
     </span>
     <span class='ocr_line' id='line_1_11' title="bbox 136 745 954 791; baseline -0.005 -8"><span class='ocrx_word' id='word_1_63' title='bbox 136 758 278 791; x_wconf 91' lang='lat' dir='ltr'>meum,</span> <span class='ocrx_word' id='word_1_64' title='bbox 312 751 350 782; x_wconf 87' lang='lat' dir='ltr'>et</span> <span class='ocrx_word' id='word_1_65' title='bbox 379 746 521 781; x_wconf 89' lang='lat' dir='ltr'>munda</span> <span class='ocrx_word' id='word_1_66' title='bbox 548 755 607 780; x_wconf 90' lang='lat' dir='ltr'>me</span> <span class='ocrx_word' id='word_1_67' title='bbox 633 746 681 780; x_wconf 88' lang='lat' dir='ltr'>ab</span> <span class='ocrx_word' id='word_1_68' title='bbox 706 745 809 779; x_wconf 90' lang='lat' dir='ltr'>omni</span> <span class='ocrx_word' id='word_1_69' title='bbox 832 745 954 789; x_wconf 92' lang='lat' dir='ltr'>inqui-</span> 
     </span>
     <span class='ocr_line' id='line_1_12' title="bbox 136 795 955 840; baseline -0.005 -7"><span class='ocrx_word' id='word_1_70' title='bbox 136 799 313 833; x_wconf 89' lang='lat' dir='ltr'>namento</span> <span class='ocrx_word' id='word_1_71' title='bbox 343 797 469 832; x_wconf 90' lang='lat' dir='ltr'>carnis</span> <span class='ocrx_word' id='word_1_72' title='bbox 502 800 538 831; x_wconf 90' lang='lat' dir='ltr'>et</span> <span class='ocrx_word' id='word_1_73' title='bbox 568 795 735 840; x_wconf 86' lang='lat' dir='ltr'>spirituS.</span> <span class='ocrx_word' id='word_1_74' title='bbox 781 795 885 830; x_wconf 87' lang='lat' dir='ltr'>Intra</span> <span class='ocrx_word' id='word_1_75' title='bbox 915 796 955 830; x_wconf 88' lang='lat' dir='ltr'>in</span> 
     </span>
     <span class='ocr_line' id='line_1_13' title="bbox 137 844 954 889; baseline -0.006 -6"><span class='ocrx_word' id='word_1_76' title='bbox 137 848 302 883; x_wconf 87' lang='lat' dir='ltr'>animam</span> <span class='ocrx_word' id='word_1_77' title='bbox 323 857 457 889; x_wconf 89' lang='lat' dir='ltr'>meam,</span> <span class='ocrx_word' id='word_1_78' title='bbox 481 856 576 881; x_wconf 89' lang='lat' dir='ltr'>sana</span> <span class='ocrx_word' id='word_1_79' title='bbox 600 849 636 879; x_wconf 92' lang='lat' dir='ltr'>et</span> <span class='ocrx_word' id='word_1_80' title='bbox 655 844 798 879; x_wconf 86' lang='lat' dir='ltr'>munda</span> <span class='ocrx_word' id='word_1_81' title='bbox 820 855 879 879; x_wconf 92' lang='lat' dir='ltr'>me</span> <span class='ocrx_word' id='word_1_82' title='bbox 901 845 954 879; x_wconf 91' lang='lat' dir='ltr'>in-</span> 
     </span>
     <span class='ocr_line' id='line_1_14' title="bbox 136 896 955 938; baseline -0.001 -6"><span class='ocrx_word' id='word_1_83' title='bbox 136 897 254 932; x_wconf 87' lang='lat' dir='ltr'>terius</span> <span class='ocrx_word' id='word_1_84' title='bbox 286 901 323 932; x_wconf 90' lang='lat' dir='ltr'>et</span> <span class='ocrx_word' id='word_1_85' title='bbox 354 897 530 932; x_wconf 87' lang='lat' dir='ltr'>exterius.</span> <span class='ocrx_word' id='word_1_86' title='bbox 575 896 669 930; x_wconf 93' lang='lat' dir='ltr'>Esto</span> <span class='ocrx_word' id='word_1_87' title='bbox 702 897 885 938; x_wconf 87' lang='lat' dir='ltr'>tutamen,</span> <span class='ocrx_word' id='word_1_88' title='bbox 918 900 955 931; x_wconf 89' lang='lat' dir='ltr'>et</span> 
     </span>
     <span class='ocr_line' id='line_1_15' title="bbox 137 946 953 989; baseline -0.004 -7"><span class='ocrx_word' id='word_1_89' title='bbox 137 947 315 982; x_wconf 89' lang='lat' dir='ltr'>continua</span> <span class='ocrx_word' id='word_1_90' title='bbox 338 947 442 982; x_wconf 91' lang='lat' dir='ltr'>salus</span> <span class='ocrx_word' id='word_1_91' title='bbox 467 946 603 981; x_wconf 85' lang='lat' dir='ltr'>animae</span> <span class='ocrx_word' id='word_1_92' title='bbox 625 949 661 980; x_wconf 93' lang='lat' dir='ltr'>et</span> <span class='ocrx_word' id='word_1_93' title='bbox 680 946 852 989; x_wconf 88' lang='lat' dir='ltr'>corporis</span> <span class='ocrx_word' id='word_1_94' title='bbox 869 946 953 980; x_wconf 92' lang='lat' dir='ltr'>mei.</span> 
     </span>
     <span class='ocr_line' id='line_1_16' title="bbox 136 995 952 1042; baseline -0.004 -10"><span class='ocrx_word' id='word_1_95' title='bbox 136 997 292 1042; x_wconf 89' lang='lat' dir='ltr'>Repelle</span> <span class='ocrx_word' id='word_1_96' title='bbox 316 1007 338 1032; x_wconf 86' lang='lat' dir='ltr'>a</span> <span class='ocrx_word' id='word_1_97' title='bbox 360 1006 420 1032; x_wconf 90' lang='lat' dir='ltr'>me</span> <span class='ocrx_word' id='word_1_98' title='bbox 442 995 670 1031; x_wconf 65' lang='lat' dir='ltr'>insidiantes</span> <span class='ocrx_word' id='word_1_99' title='bbox 690 995 785 1029; x_wconf 89' lang='lat' dir='ltr'>mihi</span> <span class='ocrx_word' id='word_1_100' title='bbox 805 995 952 1030; x_wconf 87' lang='lat' dir='ltr'>hostes:</span> 
     </span>
     <span class='ocr_line' id='line_1_17' title="bbox 112 1046 954 1093; baseline -0.004 -10"><span class='ocrx_word' id='word_1_101' title='bbox 112 1086 120 1093; x_wconf 62' lang='lat'>‚</span> <span class='ocrx_word' id='word_1_102' title='bbox 135 1048 315 1083; x_wconf 86' lang='lat' dir='ltr'>recedant</span> <span class='ocrx_word' id='word_1_103' title='bbox 339 1046 475 1091; x_wconf 91' lang='lat' dir='ltr'>procul</span> <span class='ocrx_word' id='word_1_104' title='bbox 498 1056 520 1080; x_wconf 88' lang='lat' dir='ltr'>a</span> <span class='ocrx_word' id='word_1_105' title='bbox 542 1046 749 1090; x_wconf 86' lang='lat' dir='ltr'>praesentia</span> <span class='ocrx_word' id='word_1_106' title='bbox 771 1046 954 1089; x_wconf 88' lang='lat' dir='ltr'>potentiae</span> 
     </span>
     <span class='ocr_line' id='line_1_18' title="bbox 136 1096 952 1141; baseline -0.004 -8"><span class='ocrx_word' id='word_1_107' title='bbox 136 1101 227 1141; x_wconf 89' lang='lat' dir='ltr'>tuae,</span> <span class='ocrx_word' id='word_1_108' title='bbox 258 1101 299 1132; x_wconf 92' lang='lat' dir='ltr'>ut</span> <span class='ocrx_word' id='word_1_109' title='bbox 321 1097 415 1132; x_wconf 87' lang='lat' dir='ltr'>foris</span> <span class='ocrx_word' id='word_1_110' title='bbox 440 1100 477 1131; x_wconf 87' lang='lat' dir='ltr'>et</span> <span class='ocrx_word' id='word_1_111' title='bbox 499 1096 602 1130; x_wconf 90' lang='lat' dir='ltr'>intus</span> <span class='ocrx_word' id='word_1_112' title='bbox 626 1106 695 1140; x_wconf 93' lang='lat' dir='ltr'>per</span> <span class='ocrx_word' id='word_1_113' title='bbox 716 1100 752 1130; x_wconf 86' lang='lat' dir='ltr'>te</span> <span class='ocrx_word' id='word_1_114' title='bbox 776 1096 952 1139; x_wconf 87' lang='lat' dir='ltr'>munitus,</span> 
     </span>
     <span class='ocr_line' id='line_1_19' title="bbox 134 1146 953 1190; baseline -0.004 -7"><span class='ocrx_word' id='word_1_115' title='bbox 134 1151 239 1183; x_wconf 88' lang='lat' dir='ltr'>recto</span> <span class='ocrx_word' id='word_1_116' title='bbox 262 1147 411 1182; x_wconf 88' lang='lat' dir='ltr'>tramite</span> <span class='ocrx_word' id='word_1_117' title='bbox 435 1146 485 1181; x_wconf 93' lang='lat' dir='ltr'>ad</span> <span class='ocrx_word' id='word_1_118' title='bbox 511 1150 617 1181; x_wconf 89' lang='lat' dir='ltr'>tuum</span> <span class='ocrx_word' id='word_1_119' title='bbox 640 1156 799 1189; x_wconf 89' lang='lat' dir='ltr'>regnum</span> <span class='ocrx_word' id='word_1_120' title='bbox 821 1147 953 1190; x_wconf 85' lang='lat' dir='ltr'>perve-</span> 
     </span>
     <span class='ocr_line' id='line_1_20' title="bbox 134 1196 953 1241; baseline -0.004 -8"><span class='ocrx_word' id='word_1_121' title='bbox 134 1198 252 1233; x_wconf 88' lang='lat' dir='ltr'>niam:</span> <span class='ocrx_word' id='word_1_122' title='bbox 282 1198 348 1233; x_wconf 90' lang='lat' dir='ltr'>ubi</span> <span class='ocrx_word' id='word_1_123' title='bbox 376 1207 454 1232; x_wconf 93' lang='lat' dir='ltr'>non</span> <span class='ocrx_word' id='word_1_124' title='bbox 483 1196 523 1231; x_wconf 92' lang='lat' dir='ltr'>in</span> <span class='ocrx_word' id='word_1_125' title='bbox 551 1196 760 1241; x_wconf 73' lang='lat' dir='ltr'>mysteriis,</span> <span class='ocrx_word' id='word_1_126' title='bbox 793 1196 891 1230; x_wconf 85' lang='lat' dir='ltr'>sicut</span> <span class='ocrx_word' id='word_1_127' title='bbox 913 1196 953 1230; x_wconf 89' lang='lat' dir='ltr'>in</span> 
     </span>
     <span class='ocr_line' id='line_1_21' title="bbox 134 1246 952 1292; baseline -0.005 -9"><span class='ocrx_word' id='word_1_128' title='bbox 134 1248 209 1283; x_wconf 92' lang='lat' dir='ltr'>hoc</span> <span class='ocrx_word' id='word_1_129' title='bbox 229 1249 399 1292; x_wconf 88' lang='lat' dir='ltr'>tempore</span> <span class='ocrx_word' id='word_1_130' title='bbox 423 1247 564 1291; x_wconf 84' lang='lat' dir='ltr'>agitur,</span> <span class='ocrx_word' id='word_1_131' title='bbox 598 1246 668 1281; x_wconf 93' lang='lat' dir='ltr'>sed</span> <span class='ocrx_word' id='word_1_132' title='bbox 696 1246 792 1280; x_wconf 85' lang='lat' dir='ltr'>facie</span> <span class='ocrx_word' id='word_1_133' title='bbox 822 1246 871 1280; x_wconf 87' lang='lat' dir='ltr'>ad</span> <span class='ocrx_word' id='word_1_134' title='bbox 899 1246 952 1280; x_wconf 81' lang='lat' dir='ltr'>fa-</span> 
     </span>
     <span class='ocr_line' id='line_1_22' title="bbox 135 1296 952 1340; baseline -0.004 -7"><span class='ocrx_word' id='word_1_135' title='bbox 135 1298 231 1334; x_wconf 87' lang='lat' dir='ltr'>ciem</span> <span class='ocrx_word' id='word_1_136' title='bbox 254 1302 291 1333; x_wconf 91' lang='lat' dir='ltr'>te</span> <span class='ocrx_word' id='word_1_137' title='bbox 311 1297 539 1340; x_wconf 89' lang='lat' dir='ltr'>videbimus,</span> <span class='ocrx_word' id='word_1_138' title='bbox 562 1307 648 1331; x_wconf 91' lang='lat' dir='ltr'>cum</span> <span class='ocrx_word' id='word_1_139' title='bbox 669 1296 873 1331; x_wconf 80' lang='lat' dir='ltr'>tradideris</span> <span class='ocrx_word' id='word_1_140' title='bbox 896 1306 952 1330; x_wconf 91' lang='lat' dir='ltr'>re-</span> 
     </span>
     <span class='ocr_line' id='line_1_23' title="bbox 134 1345 952 1392; baseline -0.005 -9"><span class='ocrx_word' id='word_1_141' title='bbox 134 1358 250 1392; x_wconf 88' lang='lat' dir='ltr'>gnum</span> <span class='ocrx_word' id='word_1_142' title='bbox 264 1347 348 1383; x_wconf 90' lang='lat' dir='ltr'>Deo</span> <span class='ocrx_word' id='word_1_143' title='bbox 365 1351 402 1382; x_wconf 90' lang='lat' dir='ltr'>et</span> <span class='ocrx_word' id='word_1_144' title='bbox 416 1346 532 1391; x_wconf 89' lang='lat' dir='ltr'>Patri,</span> <span class='ocrx_word' id='word_1_145' title='bbox 556 1350 592 1381; x_wconf 88' lang='lat' dir='ltr'>et</span> <span class='ocrx_word' id='word_1_146' title='bbox 612 1346 687 1381; x_wconf 92' lang='lat' dir='ltr'>eris</span> <span class='ocrx_word' id='word_1_147' title='bbox 703 1345 808 1380; x_wconf 91' lang='lat' dir='ltr'>Deus</span> <span class='ocrx_word' id='word_1_148' title='bbox 825 1346 952 1380; x_wconf 90' lang='lat' dir='ltr'>omnia</span> 
     </span>
     <span class='ocr_line' id='line_1_24' title="bbox 133 1394 952 1434; baseline -0.005 0"><span class='ocrx_word' id='word_1_149' title='bbox 133 1399 174 1434; x_wconf 89' lang='lat' dir='ltr'>in</span> <span class='ocrx_word' id='word_1_150' title='bbox 196 1394 382 1434; x_wconf 84' lang='lat' dir='ltr'>omnibus.</span> <span class='ocrx_word' id='word_1_151' title='bbox 424 1397 531 1432; x_wconf 88' lang='lat' dir='ltr'>Tunc</span> <span class='ocrx_word' id='word_1_152' title='bbox 555 1397 656 1432; x_wconf 91' lang='lat' dir='ltr'>enim</span> <span class='ocrx_word' id='word_1_153' title='bbox 678 1406 737 1431; x_wconf 92' lang='lat' dir='ltr'>me</span> <span class='ocrx_word' id='word_1_154' title='bbox 762 1396 809 1430; x_wconf 90' lang='lat' dir='ltr'>de</span> <span class='ocrx_word' id='word_1_155' title='bbox 832 1400 869 1430; x_wconf 87' lang='lat' dir='ltr'>te</span> <span class='ocrx_word' id='word_1_156' title='bbox 894 1406 952 1430; x_wconf 93' lang='lat' dir='ltr'>sa-</span> 
     </span>
     <span class='ocr_line' id='line_1_25' title="bbox 133 1447 951 1489; baseline -0.005 -5"><span class='ocrx_word' id='word_1_157' title='bbox 133 1449 248 1484; x_wconf 87' lang='lat' dir='ltr'>tiabis</span> <span class='ocrx_word' id='word_1_158' title='bbox 266 1448 441 1483; x_wconf 88' lang='lat' dir='ltr'>satietate</span> <span class='ocrx_word' id='word_1_159' title='bbox 456 1447 630 1489; x_wconf 85' lang='lat' dir='ltr'>mirifica,</span> <span class='ocrx_word' id='word_1_160' title='bbox 654 1447 707 1481; x_wconf 91' lang='lat' dir='ltr'>ita</span> <span class='ocrx_word' id='word_1_161' title='bbox 724 1450 765 1481; x_wconf 90' lang='lat' dir='ltr'>ut</span> <span class='ocrx_word' id='word_1_162' title='bbox 781 1456 851 1481; x_wconf 91' lang='lat' dir='ltr'>nec</span> <span class='ocrx_word' id='word_1_163' title='bbox 869 1448 951 1481; x_wconf 90' lang='lat' dir='ltr'>esu-</span> 
     </span>
     <span class='ocr_line' id='line_1_26' title="bbox 132 1496 950 1543; baseline -0.005 -9"><span class='ocrx_word' id='word_1_164' title='bbox 132 1499 243 1543; x_wconf 84' lang='lat' dir='ltr'>riam,</span> <span class='ocrx_word' id='word_1_165' title='bbox 266 1508 338 1533; x_wconf 88' lang='lat' dir='ltr'>nec</span> <span class='ocrx_word' id='word_1_166' title='bbox 353 1498 479 1533; x_wconf 90' lang='lat' dir='ltr'>sitiam</span> <span class='ocrx_word' id='word_1_167' title='bbox 495 1497 535 1531; x_wconf 90' lang='lat' dir='ltr'>in</span> <span class='ocrx_word' id='word_1_168' title='bbox 551 1498 742 1532; x_wconf 87' lang='lat' dir='ltr'>aeternum.</span> <span class='ocrx_word' id='word_1_169' title='bbox 777 1496 850 1537; x_wconf 91' lang='lat' dir='ltr'>Qui</span> <span class='ocrx_word' id='word_1_170' title='bbox 866 1506 950 1530; x_wconf 90' lang='lat' dir='ltr'>cum</span> 
     </span>
     <span class='ocr_line' id='line_1_27' title="bbox 134 1546 950 1590; baseline -0.004 -6"><span class='ocrx_word' id='word_1_171' title='bbox 134 1549 268 1584; x_wconf 91' lang='lat' dir='ltr'>eodem</span> <span class='ocrx_word' id='word_1_172' title='bbox 303 1548 387 1583; x_wconf 91' lang='lat' dir='ltr'>Deo</span> <span class='ocrx_word' id='word_1_173' title='bbox 421 1547 534 1582; x_wconf 87' lang='lat' dir='ltr'>Patre</span> <span class='ocrx_word' id='word_1_174' title='bbox 569 1550 605 1582; x_wconf 89' lang='lat' dir='ltr'>et</span> <span class='ocrx_word' id='word_1_175' title='bbox 636 1546 781 1590; x_wconf 86' lang='lat' dir='ltr'>Spiritu</span> <span class='ocrx_word' id='word_1_176' title='bbox 818 1550 950 1581; x_wconf 86' lang='lat' dir='ltr'>sancto</span> 
     </span>
     <span class='ocr_line' id='line_1_28' title="bbox 132 1596 951 1642; baseline -0.004 -8"><span class='ocrx_word' id='word_1_177' title='bbox 132 1599 235 1635; x_wconf 84' lang='lat' dir='ltr'>vivis</span> <span class='ocrx_word' id='word_1_178' title='bbox 253 1603 290 1633; x_wconf 91' lang='lat' dir='ltr'>et</span> <span class='ocrx_word' id='word_1_179' title='bbox 303 1608 458 1642; x_wconf 88' lang='lat' dir='ltr'>regnas,</span> <span class='ocrx_word' id='word_1_180' title='bbox 481 1607 551 1641; x_wconf 91' lang='lat' dir='ltr'>per</span> <span class='ocrx_word' id='word_1_181' title='bbox 573 1597 700 1632; x_wconf 84' lang='lat' dir='ltr'>omnia</span> <span class='ocrx_word' id='word_1_182' title='bbox 721 1596 863 1631; x_wconf 86' lang='lat' dir='ltr'>sa&#39;ecula</span> <span class='ocrx_word' id='word_1_183' title='bbox 882 1607 951 1631; x_wconf 87' lang='lat' dir='ltr'>sae-</span> 
     </span>
     <span class='ocr_line' id='line_1_29' title="bbox 133 1649 490 1685; baseline -0.008 0"><span class='ocrx_word' id='word_1_184' title='bbox 133 1649 313 1685; x_wconf 88' lang='lat' dir='ltr'>culorum.</span> <span class='ocrx_word' id='word_1_185' title='bbox 357 1649 490 1683; x_wconf 91' lang='lat' dir='ltr'>Amen.</span> 
     </span>
    </p>
   </div>
   <div class='ocr_carea' id='block_1_3' title="bbox 252 1763 834 1857">
    <p class='ocr_par' dir='ltr' id='par_1_3' title="bbox 252 1763 834 1857">
     <span class='ocr_line' id='line_1_30' title="bbox 252 1763 834 1806; baseline -0.005 0"><span class='ocrx_word' id='word_1_186' title='bbox 252 1766 348 1806; x_wconf 87' lang='lat' dir='ltr'>Alia</span> <span class='ocrx_word' id='word_1_187' title='bbox 371 1765 514 1806; x_wconf 79' lang='lat' dir='ltr'>Oratio</span> <span class='ocrx_word' id='word_1_188' title='bbox 535 1765 634 1804; x_wconf 83' lang='lat' dir='ltr'>ante</span> <span class='ocrx_word' id='word_1_189' title='bbox 654 1763 834 1804; x_wconf 83' lang='lat' dir='ltr'>Missam.</span> 
     </span>
     <span class='ocr_line' id='line_1_31' title="bbox 394 1824 692 1857; baseline 0 -7"><span class='ocrx_word' id='word_1_190' title='bbox 394 1824 499 1857; x_wconf 83' lang='lat' dir='ltr'>Indulg.</span> <span class='ocrx_word' id='word_1_191' title='bbox 516 1825 565 1850; x_wconf 81' lang='lat'>100</span> <span class='ocrx_word' id='word_1_192' title='bbox 578 1824 692 1850; x_wconf 84' lang='lat' dir='ltr'>dierum.</span> 
     </span>
    </p>
   </div>
   <div class='ocr_carea' id='block_1_4' title="bbox 129 1867 950 2762">
    <p class='ocr_par' dir='ltr' id='par_1_4' title="bbox 320 1867 765 1894">
     <span class='ocr_line' id='line_1_32' title="bbox 320 1867 765 1894; baseline -0.002 0"><span class='ocrx_word' id='word_1_193' title='bbox 320 1867 376 1894; x_wconf 82' lang='lat' dir='ltr'>Leo</span> <span class='ocrx_word' id='word_1_194' title='bbox 391 1867 446 1894; x_wconf 88' lang='grc' dir='ltr'>ΡΡ.</span> <span class='ocrx_word' id='word_1_195' title='bbox 462 1867 539 1894; x_wconf 87' lang='lat' dir='ltr'><strong>XIII.</strong></span> <span class='ocrx_word' id='word_1_196' title='bbox 555 1868 595 1894; x_wconf 72' lang='lat'>20.</span> <span class='ocrx_word' id='word_1_197' title='bbox 612 1868 676 1894; x_wconf 83' lang='lat' dir='ltr'>Dec.</span> <span class='ocrx_word' id='word_1_198' title='bbox 694 1868 765 1893; x_wconf 57' lang='lat'>1884,</span> 
     </span>
    </p>

    <p class='ocr_par' dir='ltr' id='par_1_5' title="bbox 185 1916 949 1959">
     <span class='ocr_line' id='line_1_33' title="bbox 185 1916 949 1959; baseline -0.003 -7"><span class='ocrx_word' id='word_1_199' title='bbox 185 1918 211 1953; x_wconf 94' lang='lat' dir='ltr'>d</span> <span class='ocrx_word' id='word_1_200' title='bbox 243 1928 415 1953; x_wconf 89' lang='lat' dir='ltr'>mensam</span> <span class='ocrx_word' id='word_1_201' title='bbox 448 1916 660 1953; x_wconf 88' lang='lat' dir='ltr'>dulcissimi</span> <span class='ocrx_word' id='word_1_202' title='bbox 689 1916 857 1951; x_wconf 84' lang='lat' dir='ltr'>convivii</span> <span class='ocrx_word' id='word_1_203' title='bbox 883 1916 949 1959; x_wconf 84' lang='lat' dir='ltr'>tui,</span> 
     </span>
    </p>

    <p class='ocr_par' dir='ltr' id='par_1_6' title="bbox 129 1967 950 2762">
     <span class='ocr_line' id='line_1_34' title="bbox 201 1967 949 2012; baseline -0.004 -9"><span class='ocrx_word' id='word_1_204' title='bbox 201 1968 265 2012; x_wconf 90' lang='lat' dir='ltr'>pie</span> <span class='ocrx_word' id='word_1_205' title='bbox 285 1967 447 2003; x_wconf 87' lang='lat' dir='ltr'>Domine</span> <span class='ocrx_word' id='word_1_206' title='bbox 462 1967 557 2003; x_wconf 86' lang='lat' dir='ltr'>Jesu</span> <span class='ocrx_word' id='word_1_207' title='bbox 581 1967 743 2010; x_wconf 88' lang='lat' dir='ltr'>Christe,</span> <span class='ocrx_word' id='word_1_208' title='bbox 769 1976 840 2010; x_wconf 90' lang='lat' dir='ltr'>ego</span> <span class='ocrx_word' id='word_1_209' title='bbox 863 1976 949 2010; x_wconf 91' lang='lat' dir='ltr'>pec-</span> 
     </span>
     <span class='ocr_line' id='line_1_35' title="bbox 133 2016 950 2062; baseline -0.004 -9"><span class='ocrx_word' id='word_1_210' title='bbox 133 2020 239 2053; x_wconf 88' lang='lat' dir='ltr'>cator</span> <span class='ocrx_word' id='word_1_211' title='bbox 270 2018 317 2053; x_wconf 94' lang='lat' dir='ltr'>de</span> <span class='ocrx_word' id='word_1_212' title='bbox 350 2018 518 2062; x_wconf 89' lang='lat' dir='ltr'>propriis</span> <span class='ocrx_word' id='word_1_213' title='bbox 551 2018 646 2053; x_wconf 91' lang='lat' dir='ltr'>meis</span> <span class='ocrx_word' id='word_1_214' title='bbox 679 2017 822 2052; x_wconf 88' lang='lat' dir='ltr'>meritis</span> <span class='ocrx_word' id='word_1_215' title='bbox 853 2016 950 2050; x_wconf 90' lang='lat' dir='ltr'>nihil</span> 
     </span>
     <span class='ocr_line' id='line_1_36' title="bbox 131 2067 949 2112; baseline -0.004 -9"><span class='ocrx_word' id='word_1_216' title='bbox 131 2069 385 2112; x_wconf 78' lang='lat' dir='ltr'>praesumens,</span> <span class='ocrx_word' id='word_1_217' title='bbox 409 2068 479 2103; x_wconf 89' lang='lat' dir='ltr'>sed</span> <span class='ocrx_word' id='word_1_218' title='bbox 502 2068 549 2103; x_wconf 92' lang='lat' dir='ltr'>de</span> <span class='ocrx_word' id='word_1_219' title='bbox 572 2071 638 2102; x_wconf 88' lang='lat' dir='ltr'>tua</span> <span class='ocrx_word' id='word_1_220' title='bbox 660 2067 858 2102; x_wconf 82' lang='lat' dir='ltr'>confidens</span> <span class='ocrx_word' id='word_1_221' title='bbox 882 2067 949 2100; x_wconf 92' lang='lat' dir='ltr'>mi-</span> 
     </span>
     <span class='ocr_line' id='line_1_37' title="bbox 132 2117 948 2162; baseline -0.001 -10"><span class='ocrx_word' id='word_1_222' title='bbox 132 2117 342 2153; x_wconf 86' lang='lat' dir='ltr'>sericordia</span> <span class='ocrx_word' id='word_1_223' title='bbox 359 2122 395 2153; x_wconf 87' lang='lat' dir='ltr'>et</span> <span class='ocrx_word' id='word_1_224' title='bbox 410 2118 592 2162; x_wconf 84' lang='lat' dir='ltr'>bonitate,</span> <span class='ocrx_word' id='word_1_225' title='bbox 608 2117 788 2153; x_wconf 81' lang='lat' dir='ltr'>accedere</span> <span class='ocrx_word' id='word_1_226' title='bbox 803 2118 948 2160; x_wconf 81' lang='lat' dir='ltr'>vereor,</span> 
     </span>
     <span class='ocr_line' id='line_1_38' title="bbox 132 2167 948 2210; baseline -0.004 -7"><span class='ocrx_word' id='word_1_227' title='bbox 132 2171 169 2203; x_wconf 83' lang='lat' dir='ltr'>et</span> <span class='ocrx_word' id='word_1_228' title='bbox 202 2168 462 2203; x_wconf 87' lang='lat' dir='ltr'>contremisco.</span> <span class='ocrx_word' id='word_1_229' title='bbox 511 2167 612 2202; x_wconf 88' lang='lat' dir='ltr'>Nam</span> <span class='ocrx_word' id='word_1_230' title='bbox 643 2177 709 2202; x_wconf 91' lang='lat' dir='ltr'>cor</span> <span class='ocrx_word' id='word_1_231' title='bbox 741 2170 778 2201; x_wconf 90' lang='lat' dir='ltr'>et</span> <span class='ocrx_word' id='word_1_232' title='bbox 807 2176 948 2210; x_wconf 90' lang='lat' dir='ltr'>corpus</span> 
     </span>
     <span class='ocr_line' id='line_1_39' title="bbox 130 2217 947 2259; baseline -0.004 -6"><span class='ocrx_word' id='word_1_233' title='bbox 130 2217 255 2253; x_wconf 89' lang='lat' dir='ltr'>habeo</span> <span class='ocrx_word' id='word_1_234' title='bbox 288 2218 418 2253; x_wconf 90' lang='lat' dir='ltr'>multis</span> <span class='ocrx_word' id='word_1_235' title='bbox 454 2218 675 2253; x_wconf 86' lang='lat' dir='ltr'>criminibus</span> <span class='ocrx_word' id='word_1_236' title='bbox 707 2217 947 2259; x_wconf 89' lang='lat' dir='ltr'>maculatum,</span> 
     </span>
     <span class='ocr_line' id='line_1_40' title="bbox 130 2268 947 2312; baseline -0.001 -10"><span class='ocrx_word' id='word_1_237' title='bbox 130 2271 306 2310; x_wconf 89' lang='lat' dir='ltr'>mentem,</span> <span class='ocrx_word' id='word_1_238' title='bbox 337 2272 374 2303; x_wconf 88' lang='lat' dir='ltr'>et</span> <span class='ocrx_word' id='word_1_239' title='bbox 396 2268 567 2312; x_wconf 88' lang='lat' dir='ltr'>linguam</span> <span class='ocrx_word' id='word_1_240' title='bbox 588 2278 667 2303; x_wconf 92' lang='lat' dir='ltr'>non</span> <span class='ocrx_word' id='word_1_241' title='bbox 691 2271 799 2302; x_wconf 89' lang='lat' dir='ltr'>caute</span> <span class='ocrx_word' id='word_1_242' title='bbox 824 2271 947 2302; x_wconf 91' lang='lat' dir='ltr'>custo-</span> 
     </span>
     <span class='ocr_line' id='line_1_41' title="bbox 132 2316 947 2362; baseline -0.002 -10"><span class='ocrx_word' id='word_1_243' title='bbox 132 2316 258 2352; x_wconf 85' lang='lat' dir='ltr'>ditam.</span> <span class='ocrx_word' id='word_1_244' title='bbox 301 2317 414 2362; x_wconf 86' lang='lat' dir='ltr'>Ergo,</span> <span class='ocrx_word' id='word_1_245' title='bbox 438 2328 461 2354; x_wconf 96' lang='lat' dir='ltr'>o</span> <span class='ocrx_word' id='word_1_246' title='bbox 485 2318 551 2362; x_wconf 89' lang='lat' dir='ltr'>pia</span> <span class='ocrx_word' id='word_1_247' title='bbox 570 2317 718 2361; x_wconf 83' lang='lat' dir='ltr'>DeitaS,</span> <span class='ocrx_word' id='word_1_248' title='bbox 743 2327 766 2352; x_wconf 94' lang='lat' dir='ltr'>o</span> <span class='ocrx_word' id='word_1_249' title='bbox 789 2318 947 2351; x_wconf 86' lang='lat' dir='ltr'>tremen-</span> 
     </span>
     <span class='ocr_line' id='line_1_42' title="bbox 131 2366 946 2412; baseline -0.002 -10"><span class='ocrx_word' id='word_1_250' title='bbox 131 2367 182 2402; x_wconf 89' lang='lat' dir='ltr'>da</span> <span class='ocrx_word' id='word_1_251' title='bbox 194 2367 390 2411; x_wconf 87' lang='lat' dir='ltr'>Majestas‚</span> <span class='ocrx_word' id='word_1_252' title='bbox 413 2378 484 2412; x_wconf 89' lang='lat' dir='ltr'>ego</span> <span class='ocrx_word' id='word_1_253' title='bbox 502 2368 619 2402; x_wconf 84' lang='lat' dir='ltr'>miser</span> <span class='ocrx_word' id='word_1_254' title='bbox 634 2367 733 2402; x_wconf 88' lang='lat' dir='ltr'>inter</span> <span class='ocrx_word' id='word_1_255' title='bbox 749 2366 946 2410; x_wconf 78' lang='lat' dir='ltr'>angustias</span> 
     </span>
     <span class='ocr_line' id='line_1_43' title="bbox 131 2416 946 2462; baseline -0.002 -10"><span class='ocrx_word' id='word_1_256' title='bbox 131 2418 407 2462; x_wconf 90' lang='lat' dir='ltr'>deprehensus,</span> <span class='ocrx_word' id='word_1_257' title='bbox 437 2419 487 2454; x_wconf 87' lang='lat' dir='ltr'>ad</span> <span class='ocrx_word' id='word_1_258' title='bbox 508 2422 545 2453; x_wconf 82' lang='lat' dir='ltr'>te</span> <span class='ocrx_word' id='word_1_259' title='bbox 569 2418 713 2453; x_wconf 86' lang='lat' dir='ltr'>fontem</span> <span class='ocrx_word' id='word_1_260' title='bbox 735 2416 946 2451; x_wconf 89' lang='lat' dir='ltr'>misericor-</span> 
     </span>
     <span class='ocr_line' id='line_1_44' title="bbox 131 2466 945 2512; baseline -0.002 -10"><span class='ocrx_word' id='word_1_261' title='bbox 131 2468 207 2502; x_wconf 88' lang='lat' dir='ltr'>diae</span> <span class='ocrx_word' id='word_1_262' title='bbox 229 2470 401 2512; x_wconf 78' lang='lat' dir='ltr'>recurro,</span> <span class='ocrx_word' id='word_1_263' title='bbox 436 2469 486 2503; x_wconf 89' lang='lat' dir='ltr'>ad</span> <span class='ocrx_word' id='word_1_264' title='bbox 513 2473 550 2504; x_wconf 88' lang='lat' dir='ltr'>te</span> <span class='ocrx_word' id='word_1_265' title='bbox 578 2468 716 2503; x_wconf 89' lang='lat' dir='ltr'>festino</span> <span class='ocrx_word' id='word_1_266' title='bbox 741 2466 945 2509; x_wconf 85' lang='lat' dir='ltr'>sanandus,</span> 
     </span>
     <span class='ocr_line' id='line_1_45' title="bbox 131 2517 947 2562; baseline -0.001 -11"><span class='ocrx_word' id='word_1_267' title='bbox 131 2517 202 2552; x_wconf 91' lang='lat' dir='ltr'>sub</span> <span class='ocrx_word' id='word_1_268' title='bbox 225 2521 329 2552; x_wconf 88' lang='lat' dir='ltr'>tuam</span> <span class='ocrx_word' id='word_1_269' title='bbox 347 2518 622 2562; x_wconf 87' lang='lat' dir='ltr'>protectionem</span> <span class='ocrx_word' id='word_1_270' title='bbox 637 2517 757 2561; x_wconf 81' lang='lat' dir='ltr'>fugio:</span> <span class='ocrx_word' id='word_1_271' title='bbox 783 2520 819 2551; x_wconf 89' lang='lat' dir='ltr'>et</span> <span class='ocrx_word' id='word_1_272' title='bbox 835 2526 947 2560; x_wconf 90' lang='lat' dir='ltr'>quem</span> 
     </span>
     <span class='ocr_line' id='line_1_46' title="bbox 129 2566 946 2612; baseline -0.002 -11"><span class='ocrx_word' id='word_1_273' title='bbox 129 2566 306 2602; x_wconf 86' lang='lat' dir='ltr'>Judicem</span> <span class='ocrx_word' id='word_1_274' title='bbox 325 2568 511 2603; x_wconf 87' lang='lat' dir='ltr'>sustinere</span> <span class='ocrx_word' id='word_1_275' title='bbox 526 2569 686 2612; x_wconf 81' lang='lat' dir='ltr'>nequeo,</span> <span class='ocrx_word' id='word_1_276' title='bbox 709 2567 946 2602; x_wconf 80' lang='lat' dir='ltr'>Salvatorem</span> 
     </span>
     <span class='ocr_line' id='line_1_47' title="bbox 130 2616 944 2665; baseline 0.001 -15"><span class='ocrx_word' id='word_1_277' title='bbox 130 2616 270 2652; x_wconf 90' lang='lat' dir='ltr'>habere</span> <span class='ocrx_word' id='word_1_278' title='bbox 294 2618 456 2665; x_wconf 81' lang='lat' dir='ltr'>suspiro.</span> <span class='ocrx_word' id='word_1_279' title='bbox 510 2617 599 2653; x_wconf 87' lang='lat' dir='ltr'>Tibi</span> <span class='ocrx_word' id='word_1_280' title='bbox 621 2617 783 2653; x_wconf 79' lang='lat' dir='ltr'>Domine</span> <span class='ocrx_word' id='word_1_281' title='bbox 808 2617 944 2661; x_wconf 84' lang='lat' dir='ltr'>plagas</span> 
     </span>
     <span class='ocr_line' id='line_1_48' title="bbox 129 2667 945 2703; baseline 0 -2"><span class='ocrx_word' id='word_1_282' title='bbox 129 2676 234 2701; x_wconf 90' lang='lat' dir='ltr'>meas</span> <span class='ocrx_word' id='word_1_283' title='bbox 251 2667 427 2703; x_wconf 85' lang='lat' dir='ltr'>ostendo:</span> <span class='ocrx_word' id='word_1_284' title='bbox 451 2667 522 2703; x_wconf 89' lang='lat' dir='ltr'>tibi</span> <span class='ocrx_word' id='word_1_285' title='bbox 537 2667 807 2703; x_wconf 85' lang='lat' dir='ltr'>verecundiam</span> <span class='ocrx_word' id='word_1_286' title='bbox 822 2676 945 2701; x_wconf 88' lang='lat' dir='ltr'>meam</span> 
     </span>
     <span class='ocr_line' id='line_1_49' title="bbox 130 2716 943 2762; baseline -0.001 -11"><span class='ocrx_word' id='word_1_287' title='bbox 130 2717 277 2760; x_wconf 87' lang='lat' dir='ltr'>detego.</span> <span class='ocrx_word' id='word_1_288' title='bbox 304 2716 392 2752; x_wconf 91' lang='lat' dir='ltr'>Scio</span> <span class='ocrx_word' id='word_1_289' title='bbox 410 2720 568 2762; x_wconf 86' lang='lat' dir='ltr'>peccata</span> <span class='ocrx_word' id='word_1_290' title='bbox 582 2729 667 2753; x_wconf 90' lang='lat' dir='ltr'>mea</span> <span class='ocrx_word' id='word_1_291' title='bbox 682 2717 800 2752; x_wconf 88' lang='lat' dir='ltr'>multa</span> <span class='ocrx_word' id='word_1_292' title='bbox 816 2721 853 2752; x_wconf 87' lang='lat' dir='ltr'>et</span> <span class='ocrx_word' id='word_1_293' title='bbox 867 2727 943 2751; x_wconf 87' lang='lat' dir='ltr'>ma-</span> 
     </span>
    </p>
   </div>
   <div class='ocr_carea' id='block_1_5' title="bbox 1733 203 1841 251">
    <p class='ocr_par' dir='ltr' id='par_1_7' title="bbox 1733 203 1841 251">
     <span class='ocr_line' id='line_1_50' title="bbox 1733 203 1841 251; baseline 0.009 -2"><span class='ocrx_word' id='word_1_294' title='bbox 1733 203 1841 251; x_wconf 28' lang='lat'>[327]-</span> 
     </span>
    </p>
   </div>
   <div class='ocr_carea' id='block_1_6' title="bbox 1002 297 1823 1886">
    <p class='ocr_par' dir='ltr' id='par_1_8' title="bbox 1002 297 1823 1886">
     <span class='ocr_line' id='line_1_51' title="bbox 1010 297 1823 344; baseline 0.005 -14"><span class='ocrx_word' id='word_1_295' title='bbox 1010 305 1099 340; x_wconf 87' lang='lat' dir='ltr'>gna,</span> <span class='ocrx_word' id='word_1_296' title='bbox 1122 307 1192 340; x_wconf 91' lang='lat' dir='ltr'>pro</span> <span class='ocrx_word' id='word_1_297' title='bbox 1217 297 1356 341; x_wconf 93' lang='lat' dir='ltr'>quibus</span> <span class='ocrx_word' id='word_1_298' title='bbox 1380 299 1503 334; x_wconf 90' lang='lat' dir='ltr'>timeo.</span> <span class='ocrx_word' id='word_1_299' title='bbox 1549 299 1669 344; x_wconf 89' lang='lat' dir='ltr'>Spero</span> <span class='ocrx_word' id='word_1_300' title='bbox 1694 300 1733 334; x_wconf 90' lang='lat' dir='ltr'>in</span> <span class='ocrx_word' id='word_1_301' title='bbox 1756 300 1823 334; x_wconf 90' lang='lat' dir='ltr'>mi-</span> 
     </span>
     <span class='ocr_line' id='line_1_52' title="bbox 1010 346 1822 393; baseline 0.006 -13"><span class='ocrx_word' id='word_1_302' title='bbox 1010 346 1239 381; x_wconf 87' lang='lat' dir='ltr'>sericordias</span> <span class='ocrx_word' id='word_1_303' title='bbox 1263 351 1365 392; x_wconf 85' lang='lat' dir='ltr'>tuas,</span> <span class='ocrx_word' id='word_1_304' title='bbox 1394 359 1554 393; x_wconf 90' lang='lat' dir='ltr'>quarum</span> <span class='ocrx_word' id='word_1_305' title='bbox 1576 359 1654 384; x_wconf 94' lang='lat' dir='ltr'>non</span> <span class='ocrx_word' id='word_1_306' title='bbox 1678 354 1735 385; x_wconf 91' lang='lat' dir='ltr'>est</span> <span class='ocrx_word' id='word_1_307' title='bbox 1756 352 1822 384; x_wconf 89' lang='lat' dir='ltr'>nu-</span> 
     </span>
     <span class='ocr_line' id='line_1_53' title="bbox 1008 397 1823 442; baseline 0.006 -12"><span class='ocrx_word' id='word_1_308' title='bbox 1008 407 1146 431; x_wconf 89' lang='lat' dir='ltr'>merus.</span> <span class='ocrx_word' id='word_1_309' title='bbox 1177 397 1338 442; x_wconf 86' lang='lat' dir='ltr'>Respice</span> <span class='ocrx_word' id='word_1_310' title='bbox 1363 409 1452 442; x_wconf 86' lang='lat' dir='ltr'>ergo</span> <span class='ocrx_word' id='word_1_311' title='bbox 1478 400 1517 434; x_wconf 91' lang='lat' dir='ltr'>in</span> <span class='ocrx_word' id='word_1_312' title='bbox 1539 411 1598 435; x_wconf 91' lang='lat' dir='ltr'>me</span> <span class='ocrx_word' id='word_1_313' title='bbox 1618 401 1740 435; x_wconf 89' lang='lat' dir='ltr'>oculis</span> <span class='ocrx_word' id='word_1_314' title='bbox 1756 401 1823 434; x_wconf 90' lang='lat' dir='ltr'>mi-</span> 
     </span>
     <span class='ocr_line' id='line_1_54' title="bbox 1010 446 1821 493; baseline 0.004 -12"><span class='ocrx_word' id='word_1_315' title='bbox 1010 446 1230 482; x_wconf 86' lang='lat' dir='ltr'>sericordiae</span> <span class='ocrx_word' id='word_1_316' title='bbox 1254 451 1344 491; x_wconf 85' lang='lat' dir='ltr'>tuae,</span> <span class='ocrx_word' id='word_1_317' title='bbox 1367 448 1528 483; x_wconf 90' lang='lat' dir='ltr'>Domine</span> <span class='ocrx_word' id='word_1_318' title='bbox 1550 449 1644 484; x_wconf 90' lang='lat' dir='ltr'>Jesu</span> <span class='ocrx_word' id='word_1_319' title='bbox 1660 450 1821 493; x_wconf 90' lang='lat' dir='ltr'>Christe,</span> 
     </span>
     <span class='ocr_line' id='line_1_55' title="bbox 1008 496 1821 542; baseline 0.004 -11"><span class='ocrx_word' id='word_1_320' title='bbox 1008 496 1091 531; x_wconf 86' lang='lat' dir='ltr'>Rex</span> <span class='ocrx_word' id='word_1_321' title='bbox 1108 498 1257 540; x_wconf 89' lang='lat' dir='ltr'>aeterne,</span> <span class='ocrx_word' id='word_1_322' title='bbox 1280 497 1384 532; x_wconf 92' lang='lat' dir='ltr'>Deus</span> <span class='ocrx_word' id='word_1_323' title='bbox 1408 502 1444 533; x_wconf 89' lang='lat' dir='ltr'>et</span> <span class='ocrx_word' id='word_1_324' title='bbox 1466 499 1592 542; x_wconf 85' lang='lat' dir='ltr'>homo,</span> <span class='ocrx_word' id='word_1_325' title='bbox 1617 499 1821 534; x_wconf 85' lang='lat' dir='ltr'>crucifixus</span> 
     </span>
     <span class='ocr_line' id='line_1_56' title="bbox 1007 547 1821 593; baseline 0.004 -12"><span class='ocrx_word' id='word_1_326' title='bbox 1007 551 1165 591; x_wconf 87' lang='lat' dir='ltr'>propter</span> <span class='ocrx_word' id='word_1_327' title='bbox 1187 547 1389 582; x_wconf 88' lang='lat' dir='ltr'>hominem.</span> <span class='ocrx_word' id='word_1_328' title='bbox 1425 548 1577 583; x_wconf 82' lang='lat' dir='ltr'>Exaudi</span> <span class='ocrx_word' id='word_1_329' title='bbox 1592 559 1651 584; x_wconf 89' lang='lat' dir='ltr'>me</span> <span class='ocrx_word' id='word_1_330' title='bbox 1669 551 1821 593; x_wconf 91' lang='lat' dir='ltr'>speran-</span> 
     </span>
     <span class='ocr_line' id='line_1_57' title="bbox 1007 597 1820 642; baseline 0.002 -11"><span class='ocrx_word' id='word_1_331' title='bbox 1007 601 1083 631; x_wconf 90' lang='lat' dir='ltr'>tem</span> <span class='ocrx_word' id='word_1_332' title='bbox 1106 597 1146 631; x_wconf 91' lang='lat' dir='ltr'>in</span> <span class='ocrx_word' id='word_1_333' title='bbox 1168 601 1219 632; x_wconf 92' lang='lat' dir='ltr'>te:</span> <span class='ocrx_word' id='word_1_334' title='bbox 1243 597 1422 632; x_wconf 90' lang='lat' dir='ltr'>miserere</span> <span class='ocrx_word' id='word_1_335' title='bbox 1440 599 1515 633; x_wconf 91' lang='lat' dir='ltr'>mei</span> <span class='ocrx_word' id='word_1_336' title='bbox 1533 599 1638 642; x_wconf 91' lang='lat' dir='ltr'>pleni</span> <span class='ocrx_word' id='word_1_337' title='bbox 1656 599 1820 633; x_wconf 89' lang='lat' dir='ltr'>miseriis</span> 
     </span>
     <span class='ocr_line' id='line_1_58' title="bbox 1008 647 1820 691; baseline 0.001 -9"><span class='ocrx_word' id='word_1_338' title='bbox 1008 651 1045 681; x_wconf 86' lang='lat' dir='ltr'>et</span> <span class='ocrx_word' id='word_1_339' title='bbox 1060 647 1244 691; x_wconf 85' lang='lat' dir='ltr'>peccatis,</span> <span class='ocrx_word' id='word_1_340' title='bbox 1267 651 1307 682; x_wconf 93' lang='lat' dir='ltr'>tu</span> <span class='ocrx_word' id='word_1_341' title='bbox 1327 648 1393 691; x_wconf 89' lang='lat' dir='ltr'>qui</span> <span class='ocrx_word' id='word_1_342' title='bbox 1408 648 1550 683; x_wconf 86' lang='lat' dir='ltr'>fontem</span> <span class='ocrx_word' id='word_1_343' title='bbox 1564 649 1820 683; x_wconf 83' lang='lat' dir='ltr'>miserationis</span> 
     </span>
     <span class='ocr_line' id='line_1_59' title="bbox 1006 697 1821 741; baseline 0.001 -10"><span class='ocrx_word' id='word_1_344' title='bbox 1006 707 1213 741; x_wconf 87' lang='lat' dir='ltr'>numquam</span> <span class='ocrx_word' id='word_1_345' title='bbox 1230 699 1383 732; x_wconf 84' lang='lat' dir='ltr'>manare</span> <span class='ocrx_word' id='word_1_346' title='bbox 1404 697 1583 732; x_wconf 74' lang='lat' dir='ltr'>cessabis</span> <span class='ocrx_word' id='word_1_347' title='bbox 1616 697 1739 741; x_wconf 89' lang='lat' dir='ltr'>Salve,</span> <span class='ocrx_word' id='word_1_348' title='bbox 1764 708 1821 732; x_wconf 89' lang='lat' dir='ltr'>sa-</span> 
     </span>
     <span class='ocr_line' id='line_1_60' title="bbox 1007 747 1820 791; baseline 0 -9"><span class='ocrx_word' id='word_1_349' title='bbox 1007 747 1140 782; x_wconf 83' lang='lat' dir='ltr'>lutaris</span> <span class='ocrx_word' id='word_1_350' title='bbox 1159 748 1323 791; x_wconf 86' lang='lat' dir='ltr'>victima,</span> <span class='ocrx_word' id='word_1_351' title='bbox 1346 757 1417 791; x_wconf 91' lang='lat' dir='ltr'>pro</span> <span class='ocrx_word' id='word_1_352' title='bbox 1440 758 1499 782; x_wconf 92' lang='lat' dir='ltr'>me</span> <span class='ocrx_word' id='word_1_353' title='bbox 1517 751 1554 782; x_wconf 87' lang='lat' dir='ltr'>et</span> <span class='ocrx_word' id='word_1_354' title='bbox 1570 748 1672 782; x_wconf 91' lang='lat' dir='ltr'>omni</span> <span class='ocrx_word' id='word_1_355' title='bbox 1691 748 1820 782; x_wconf 91' lang='lat' dir='ltr'>huma-</span> 
     </span>
     <span class='ocr_line' id='line_1_61' title="bbox 1006 798 1820 842; baseline 0 -10"><span class='ocrx_word' id='word_1_356' title='bbox 1006 808 1056 832; x_wconf 92' lang='lat' dir='ltr'>no</span> <span class='ocrx_word' id='word_1_357' title='bbox 1088 799 1223 841; x_wconf 88' lang='lat' dir='ltr'>genere</span> <span class='ocrx_word' id='word_1_358' title='bbox 1253 798 1293 832; x_wconf 90' lang='lat' dir='ltr'>in</span> <span class='ocrx_word' id='word_1_359' title='bbox 1320 798 1493 842; x_wconf 85' lang='lat' dir='ltr'>patibulo</span> <span class='ocrx_word' id='word_1_360' title='bbox 1518 798 1651 833; x_wconf 87' lang='lat' dir='ltr'>Crucis</span> <span class='ocrx_word' id='word_1_361' title='bbox 1683 799 1820 833; x_wconf 89' lang='lat' dir='ltr'>oblata.</span> 
     </span>
     <span class='ocr_line' id='line_1_62' title="bbox 1007 847 1820 891; baseline 0 -9"><span class='ocrx_word' id='word_1_362' title='bbox 1007 847 1136 891; x_wconf 87' lang='lat' dir='ltr'>Salve,</span> <span class='ocrx_word' id='word_1_363' title='bbox 1164 847 1306 882; x_wconf 91' lang='lat' dir='ltr'>nobilis</span> <span class='ocrx_word' id='word_1_364' title='bbox 1334 852 1370 882; x_wconf 89' lang='lat' dir='ltr'>et</span> <span class='ocrx_word' id='word_1_365' title='bbox 1393 848 1560 891; x_wconf 84' lang='lat' dir='ltr'>pretiose</span> <span class='ocrx_word' id='word_1_366' title='bbox 1585 847 1748 891; x_wconf 89' lang='lat' dir='ltr'>Sanguis</span> <span class='ocrx_word' id='word_1_367' title='bbox 1774 848 1820 883; x_wconf 93' lang='lat' dir='ltr'>de</span> 
     </span>
     <span class='ocr_line' id='line_1_63' title="bbox 1006 898 1820 933; baseline 0 -1"><span class='ocrx_word' id='word_1_368' title='bbox 1006 898 1227 933; x_wconf 88' lang='lat' dir='ltr'>vulneribus</span> <span class='ocrx_word' id='word_1_369' title='bbox 1256 898 1430 932; x_wconf 81' lang='lat' dir='ltr'>crucifixi</span> <span class='ocrx_word' id='word_1_370' title='bbox 1452 898 1607 932; x_wconf 91' lang='lat' dir='ltr'>Domini</span> <span class='ocrx_word' id='word_1_371' title='bbox 1629 898 1704 932; x_wconf 90' lang='lat' dir='ltr'>mei</span> <span class='ocrx_word' id='word_1_372' title='bbox 1727 898 1820 932; x_wconf 88' lang='lat' dir='ltr'>Jesu</span> 
     </span>
     <span class='ocr_line' id='line_1_64' title="bbox 1007 947 1820 991; baseline 0 -9"><span class='ocrx_word' id='word_1_373' title='bbox 1007 947 1151 982; x_wconf 90' lang='lat' dir='ltr'>Christi</span> <span class='ocrx_word' id='word_1_374' title='bbox 1183 948 1391 991; x_wconf 90' lang='lat' dir='ltr'>profluens,</span> <span class='ocrx_word' id='word_1_375' title='bbox 1441 953 1477 982; x_wconf 89' lang='lat' dir='ltr'>et</span> <span class='ocrx_word' id='word_1_376' title='bbox 1514 950 1671 991; x_wconf 89' lang='lat' dir='ltr'>peccata</span> <span class='ocrx_word' id='word_1_377' title='bbox 1705 949 1820 982; x_wconf 89' lang='lat' dir='ltr'>totius</span> 
     </span>
     <span class='ocr_line' id='line_1_65' title="bbox 1006 997 1819 1032; baseline 0.001 -1"><span class='ocrx_word' id='word_1_378' title='bbox 1006 998 1138 1031; x_wconf 90' lang='lat' dir='ltr'>mundi</span> <span class='ocrx_word' id='word_1_379' title='bbox 1178 998 1346 1032; x_wconf 89' lang='lat' dir='ltr'>abluens.</span> <span class='ocrx_word' id='word_1_380' title='bbox 1401 997 1617 1032; x_wconf 88' lang='lat' dir='ltr'>Recordare</span> <span class='ocrx_word' id='word_1_381' title='bbox 1657 998 1819 1032; x_wconf 90' lang='lat' dir='ltr'>Domine</span> 
     </span>
     <span class='ocr_line' id='line_1_66' title="bbox 1007 1047 1819 1091; baseline 0 -9"><span class='ocrx_word' id='word_1_382' title='bbox 1007 1049 1189 1082; x_wconf 79' lang='lat' dir='ltr'>creaturae</span> <span class='ocrx_word' id='word_1_383' title='bbox 1226 1052 1317 1091; x_wconf 91' lang='lat' dir='ltr'>tuae,</span> <span class='ocrx_word' id='word_1_384' title='bbox 1373 1058 1487 1091; x_wconf 91' lang='lat' dir='ltr'>quam</span> <span class='ocrx_word' id='word_1_385' title='bbox 1525 1051 1590 1082; x_wconf 92' lang='lat' dir='ltr'>tuo</span> <span class='ocrx_word' id='word_1_386' title='bbox 1629 1047 1819 1091; x_wconf 76' lang='lat' dir='ltr'>Sanguine</span> 
     </span>
     <span class='ocr_line' id='line_1_67' title="bbox 1006 1098 1819 1141; baseline 0 -9"><span class='ocrx_word' id='word_1_387' title='bbox 1006 1098 1207 1132; x_wconf 89' lang='lat' dir='ltr'>redemisti.</span> <span class='ocrx_word' id='word_1_388' title='bbox 1252 1098 1416 1133; x_wconf 74' lang='lat' dir='ltr'>Poenitet</span> <span class='ocrx_word' id='word_1_389' title='bbox 1443 1107 1502 1132; x_wconf 90' lang='lat' dir='ltr'>me</span> <span class='ocrx_word' id='word_1_390' title='bbox 1529 1100 1726 1141; x_wconf 79' lang='lat' dir='ltr'>peccasse,</span> <span class='ocrx_word' id='word_1_391' title='bbox 1759 1100 1819 1132; x_wconf 90' lang='lat' dir='ltr'>cu-</span> 
     </span>
     <span class='ocr_line' id='line_1_68' title="bbox 1005 1148 1818 1192; baseline 0.001 -10"><span class='ocrx_word' id='word_1_392' title='bbox 1005 1148 1071 1192; x_wconf 94' lang='lat' dir='ltr'>pio</span> <span class='ocrx_word' id='word_1_393' title='bbox 1100 1148 1299 1183; x_wconf 89' lang='lat' dir='ltr'>emendare</span> <span class='ocrx_word' id='word_1_394' title='bbox 1330 1148 1434 1192; x_wconf 91' lang='lat' dir='ltr'>quod</span> <span class='ocrx_word' id='word_1_395' title='bbox 1459 1148 1540 1183; x_wconf 89' lang='lat' dir='ltr'>feci.</span> <span class='ocrx_word' id='word_1_396' title='bbox 1584 1148 1706 1182; x_wconf 84' lang='lat' dir='ltr'>Aufer</span> <span class='ocrx_word' id='word_1_397' title='bbox 1728 1158 1818 1191; x_wconf 91' lang='lat' dir='ltr'>ergo</span> 
     </span>
     <span class='ocr_line' id='line_1_69' title="bbox 1006 1198 1818 1242; baseline 0 -10"><span class='ocrx_word' id='word_1_398' title='bbox 1006 1208 1028 1232; x_wconf 87' lang='lat' dir='ltr'>a</span> <span class='ocrx_word' id='word_1_399' title='bbox 1043 1208 1117 1242; x_wconf 88' lang='lat' dir='ltr'>me,</span> <span class='ocrx_word' id='word_1_400' title='bbox 1140 1198 1429 1233; x_wconf 88' lang='lat' dir='ltr'>clementissime</span> <span class='ocrx_word' id='word_1_401' title='bbox 1446 1198 1573 1241; x_wconf 87' lang='lat' dir='ltr'>Pater,</span> <span class='ocrx_word' id='word_1_402' title='bbox 1598 1208 1728 1232; x_wconf 92' lang='lat' dir='ltr'>omnes</span> <span class='ocrx_word' id='word_1_403' title='bbox 1750 1198 1818 1232; x_wconf 91' lang='lat' dir='ltr'>ini-</span> 
     </span>
     <span class='ocr_line' id='line_1_70' title="bbox 1005 1248 1818 1292; baseline -0.001 -9"><span class='ocrx_word' id='word_1_404' title='bbox 1005 1248 1168 1292; x_wconf 83' lang='lat' dir='ltr'>quitates</span> <span class='ocrx_word' id='word_1_405' title='bbox 1197 1252 1234 1283; x_wconf 92' lang='lat' dir='ltr'>et</span> <span class='ocrx_word' id='word_1_406' title='bbox 1260 1250 1417 1292; x_wconf 88' lang='lat' dir='ltr'>peccata</span> <span class='ocrx_word' id='word_1_407' title='bbox 1445 1258 1545 1283; x_wconf 87' lang='lat' dir='ltr'>mea:</span> <span class='ocrx_word' id='word_1_408' title='bbox 1577 1251 1618 1282; x_wconf 88' lang='lat' dir='ltr'>ut</span> <span class='ocrx_word' id='word_1_409' title='bbox 1645 1248 1818 1291; x_wconf 86' lang='lat' dir='ltr'>purifica-</span> 
     </span>
     <span class='ocr_line' id='line_1_71' title="bbox 1004 1297 1817 1342; baseline -0.002 -9"><span class='ocrx_word' id='word_1_410' title='bbox 1004 1302 1065 1333; x_wconf 88' lang='lat' dir='ltr'>tus</span> <span class='ocrx_word' id='word_1_411' title='bbox 1089 1302 1212 1333; x_wconf 88' lang='lat' dir='ltr'>mente</span> <span class='ocrx_word' id='word_1_412' title='bbox 1236 1302 1272 1333; x_wconf 89' lang='lat' dir='ltr'>et</span> <span class='ocrx_word' id='word_1_413' title='bbox 1295 1299 1454 1342; x_wconf 91' lang='lat' dir='ltr'>corpore</span> <span class='ocrx_word' id='word_1_414' title='bbox 1478 1298 1592 1341; x_wconf 88' lang='lat' dir='ltr'>digne</span> <span class='ocrx_word' id='word_1_415' title='bbox 1617 1297 1817 1340; x_wconf 85' lang='lat' dir='ltr'>degustare</span> 
     </span>
     <span class='ocr_line' id='line_1_72' title="bbox 1004 1347 1817 1390; baseline -0.002 -7"><span class='ocrx_word' id='word_1_416' title='bbox 1004 1350 1149 1383; x_wconf 89' lang='lat' dir='ltr'>merear</span> <span class='ocrx_word' id='word_1_417' title='bbox 1164 1348 1302 1383; x_wconf 89' lang='lat' dir='ltr'>Sancta</span> <span class='ocrx_word' id='word_1_418' title='bbox 1322 1348 1560 1383; x_wconf 90' lang='lat' dir='ltr'>Sanctorum:</span> <span class='ocrx_word' id='word_1_419' title='bbox 1585 1351 1621 1382; x_wconf 92' lang='lat' dir='ltr'>et</span> <span class='ocrx_word' id='word_1_420' title='bbox 1642 1347 1817 1390; x_wconf 88' lang='lat' dir='ltr'>concede,</span> 
     </span>
     <span class='ocr_line' id='line_1_73' title="bbox 1003 1397 1818 1442; baseline -0.002 -9"><span class='ocrx_word' id='word_1_421' title='bbox 1003 1403 1044 1433; x_wconf 90' lang='lat' dir='ltr'>ut</span> <span class='ocrx_word' id='word_1_422' title='bbox 1066 1399 1150 1433; x_wconf 87' lang='lat' dir='ltr'>haec</span> <span class='ocrx_word' id='word_1_423' title='bbox 1174 1402 1305 1433; x_wconf 89' lang='lat' dir='ltr'>sancta</span> <span class='ocrx_word' id='word_1_424' title='bbox 1333 1398 1549 1442; x_wconf 75' lang='lat' dir='ltr'>praelibatio</span> <span class='ocrx_word' id='word_1_425' title='bbox 1575 1397 1757 1440; x_wconf 82' lang='lat' dir='ltr'>Corporis</span> <span class='ocrx_word' id='word_1_426' title='bbox 1782 1401 1818 1432; x_wconf 90' lang='lat' dir='ltr'>et</span> 
     </span>
     <span class='ocr_line' id='line_1_74' title="bbox 1004 1448 1817 1493; baseline -0.001 -10"><span class='ocrx_word' id='word_1_427' title='bbox 1004 1448 1208 1493; x_wconf 82' lang='lat' dir='ltr'>Sanguinis</span> <span class='ocrx_word' id='word_1_428' title='bbox 1229 1449 1299 1492; x_wconf 88' lang='lat' dir='ltr'>tui,</span> <span class='ocrx_word' id='word_1_429' title='bbox 1324 1459 1437 1493; x_wconf 90' lang='lat' dir='ltr'>quam</span> <span class='ocrx_word' id='word_1_430' title='bbox 1461 1458 1532 1492; x_wconf 89' lang='lat' dir='ltr'>ego</span> <span class='ocrx_word' id='word_1_431' title='bbox 1556 1448 1734 1491; x_wconf 86' lang='lat' dir='ltr'>indignus</span> <span class='ocrx_word' id='word_1_432' title='bbox 1758 1449 1817 1482; x_wconf 89' lang='lat' dir='ltr'>su-</span> 
     </span>
     <span class='ocr_line' id='line_1_75' title="bbox 1003 1498 1817 1542; baseline -0.004 -8"><span class='ocrx_word' id='word_1_433' title='bbox 1003 1508 1103 1534; x_wconf 91' lang='lat' dir='ltr'>mere</span> <span class='ocrx_word' id='word_1_434' title='bbox 1120 1499 1290 1542; x_wconf 89' lang='lat' dir='ltr'>intendo‚</span> <span class='ocrx_word' id='word_1_435' title='bbox 1316 1500 1365 1533; x_wconf 91' lang='lat' dir='ltr'>sit</span> <span class='ocrx_word' id='word_1_436' title='bbox 1386 1499 1629 1542; x_wconf 87' lang='lat' dir='ltr'>peccatorum</span> <span class='ocrx_word' id='word_1_437' title='bbox 1649 1498 1817 1532; x_wconf 92' lang='lat' dir='ltr'>meorum</span> 
     </span>
     <span class='ocr_line' id='line_1_76' title="bbox 1002 1548 1817 1592; baseline -0.004 -8"><span class='ocrx_word' id='word_1_438' title='bbox 1002 1550 1192 1592; x_wconf 89' lang='lat' dir='ltr'>remissio,</span> <span class='ocrx_word' id='word_1_439' title='bbox 1221 1549 1270 1583; x_wconf 91' lang='lat' dir='ltr'>sit</span> <span class='ocrx_word' id='word_1_440' title='bbox 1294 1549 1519 1583; x_wconf 90' lang='lat' dir='ltr'>delictorum</span> <span class='ocrx_word' id='word_1_441' title='bbox 1541 1548 1708 1592; x_wconf 88' lang='lat' dir='ltr'>perfecta</span> <span class='ocrx_word' id='word_1_442' title='bbox 1731 1558 1817 1591; x_wconf 91' lang='lat' dir='ltr'>pur-</span> 
     </span>
     <span class='ocr_line' id='line_1_77' title="bbox 1003 1598 1817 1644; baseline -0.005 -9"><span class='ocrx_word' id='word_1_443' title='bbox 1003 1601 1122 1644; x_wconf 86' lang='lat' dir='ltr'>gatio,</span> <span class='ocrx_word' id='word_1_444' title='bbox 1155 1600 1204 1634; x_wconf 90' lang='lat' dir='ltr'>sit</span> <span class='ocrx_word' id='word_1_445' title='bbox 1232 1599 1410 1643; x_wconf 69' lang='lat' dir='ltr'>turpium*</span> <span class='ocrx_word' id='word_1_446' title='bbox 1428 1598 1701 1642; x_wconf 88' lang='lat' dir='ltr'>cogitationum</span> <span class='ocrx_word' id='word_1_447' title='bbox 1729 1598 1817 1632; x_wconf 87' lang='lat' dir='ltr'>effu-</span> 
     </span>
     <span class='ocr_line' id='line_1_78' title="bbox 1003 1649 1817 1694; baseline -0.006 -8"><span class='ocrx_word' id='word_1_448' title='bbox 1003 1651 1121 1694; x_wconf 83' lang='lat' dir='ltr'>gatio,</span> <span class='ocrx_word' id='word_1_449' title='bbox 1147 1660 1190 1685; x_wconf 86' lang='lat' dir='ltr'>ae</span> <span class='ocrx_word' id='word_1_450' title='bbox 1212 1650 1401 1684; x_wconf 89' lang='lat' dir='ltr'>bonorum</span> <span class='ocrx_word' id='word_1_451' title='bbox 1424 1649 1603 1683; x_wconf 91' lang='lat' dir='ltr'>sensuum</span> <span class='ocrx_word' id='word_1_452' title='bbox 1622 1649 1817 1691; x_wconf 88' lang='lat' dir='ltr'>regenera-</span> 
     </span>
     <span class='ocr_line' id='line_1_79' title="bbox 1003 1698 1817 1745; baseline -0.007 -9"><span class='ocrx_word' id='word_1_453' title='bbox 1003 1701 1073 1745; x_wconf 90' lang='lat' dir='ltr'>tio,</span> <span class='ocrx_word' id='word_1_454' title='bbox 1109 1702 1342 1745; x_wconf 89' lang='lat' dir='ltr'>operumque</span> <span class='ocrx_word' id='word_1_455' title='bbox 1369 1698 1441 1733; x_wconf 89' lang='lat' dir='ltr'>tibi</span> <span class='ocrx_word' id='word_1_456' title='bbox 1465 1698 1695 1742; x_wconf 90' lang='lat' dir='ltr'>placentium</span> <span class='ocrx_word' id='word_1_457' title='bbox 1719 1698 1817 1731; x_wconf 87' lang='lat' dir='ltr'>salu-</span> 
     </span>
     <span class='ocr_line' id='line_1_80' title="bbox 1002 1748 1817 1793; baseline -0.006 -7"><span class='ocrx_word' id='word_1_458' title='bbox 1002 1751 1082 1786; x_wconf 90' lang='lat' dir='ltr'>bris</span> <span class='ocrx_word' id='word_1_459' title='bbox 1110 1751 1293 1793; x_wconf 87' lang='lat' dir='ltr'>efficacia,</span> <span class='ocrx_word' id='word_1_460' title='bbox 1327 1749 1463 1784; x_wconf 84' lang='lat' dir='ltr'>animae</span> <span class='ocrx_word' id='word_1_461' title='bbox 1493 1757 1644 1791; x_wconf 92' lang='lat' dir='ltr'>quoque</span> <span class='ocrx_word' id='word_1_462' title='bbox 1674 1752 1710 1782; x_wconf 90' lang='lat' dir='ltr'>et</span> <span class='ocrx_word' id='word_1_463' title='bbox 1739 1748 1817 1781; x_wconf 92' lang='lat' dir='ltr'>cor-</span> 
     </span>
     <span class='ocr_line' id='line_1_81' title="bbox 1002 1797 1817 1845; baseline -0.007 -9"><span class='ocrx_word' id='word_1_464' title='bbox 1002 1801 1109 1845; x_wconf 92' lang='lat' dir='ltr'>poris</span> <span class='ocrx_word' id='word_1_465' title='bbox 1134 1806 1264 1835; x_wconf 90' lang='lat' dir='ltr'>contra</span> <span class='ocrx_word' id='word_1_466' title='bbox 1288 1799 1527 1834; x_wconf 91' lang='lat' dir='ltr'>inimieorum</span> <span class='ocrx_word' id='word_1_467' title='bbox 1545 1799 1713 1832; x_wconf 89' lang='lat' dir='ltr'>meorum</span> <span class='ocrx_word' id='word_1_468' title='bbox 1729 1797 1817 1831; x_wconf 90' lang='lat' dir='ltr'>insi-</span> 
     </span>
     <span class='ocr_line' id='line_1_82' title="bbox 1003 1847 1640 1886; baseline -0.006 -1"><span class='ocrx_word' id='word_1_469' title='bbox 1003 1851 1087 1886; x_wconf 88' lang='lat' dir='ltr'>dias</span> <span class='ocrx_word' id='word_1_470' title='bbox 1111 1850 1326 1884; x_wconf 88' lang='lat' dir='ltr'>firmissima</span> <span class='ocrx_word' id='word_1_471' title='bbox 1349 1848 1469 1884; x_wconf 85' lang='lat' dir='ltr'>tuitio.</span> <span class='ocrx_word' id='word_1_472' title='bbox 1507 1847 1640 1882; x_wconf 86' lang='lat' dir='ltr'>Amen.</span> 
     </span>
    </p>
   </div>
   <div class='ocr_carea' id='block_1_7' title="bbox 995 1960 1813 2759">
    <p class='ocr_par' dir='ltr' id='par_1_9' title="bbox 1078 1960 1740 2090">
     <span class='ocr_line' id='line_1_83' title="bbox 1078 1960 1740 2012; baseline -0.005 -9"><span class='ocrx_word' id='word_1_473' title='bbox 1078 1963 1220 2004; x_wconf 82' lang='lat' dir='ltr'>Oratio</span> <span class='ocrx_word' id='word_1_474' title='bbox 1247 1963 1288 2003; x_wconf 88' lang='lat' dir='ltr'>S.</span> <span class='ocrx_word' id='word_1_475' title='bbox 1317 1962 1478 2003; x_wconf 82' lang='lat' dir='ltr'>Thomae</span> <span class='ocrx_word' id='word_1_476' title='bbox 1506 1960 1740 2012; x_wconf 82' lang='lat' dir='ltr'>Aquinatis.</span> 
     </span>
     <span class='ocr_line' id='line_1_84' title="bbox 1259 2022 1563 2054; baseline 0.003 -8"><span class='ocrx_word' id='word_1_477' title='bbox 1259 2022 1361 2054; x_wconf 73' lang='lat' dir='ltr'>Indulg.</span> <span class='ocrx_word' id='word_1_478' title='bbox 1385 2023 1431 2046; x_wconf 70' lang='lat'>100</span> <span class='ocrx_word' id='word_1_479' title='bbox 1451 2022 1563 2047; x_wconf 82' lang='lat' dir='ltr'>dierum.</span> 
     </span>
     <span class='ocr_line' id='line_1_85' title="bbox 1180 2064 1643 2090; baseline -0.002 0"><span class='ocrx_word' id='word_1_480' title='bbox 1180 2065 1234 2090; x_wconf 81' lang='lat' dir='ltr'>Leo</span> <span class='ocrx_word' id='word_1_481' title='bbox 1255 2064 1307 2089; x_wconf 71' lang='grc' dir='ltr'>ΡΡ.</span> <span class='ocrx_word' id='word_1_482' title='bbox 1330 2064 1406 2090; x_wconf 82' lang='lat' dir='ltr'><strong>XIII.</strong></span> <span class='ocrx_word' id='word_1_483' title='bbox 1427 2066 1466 2090; x_wconf 65' lang='grc'>21).</span> <span class='ocrx_word' id='word_1_484' title='bbox 1486 2065 1550 2090; x_wconf 83' lang='lat' dir='ltr'>Dee.</span> <span class='ocrx_word' id='word_1_485' title='bbox 1572 2065 1643 2090; x_wconf 61' lang='lat'>1584.</span> 
     </span>
    </p>

    <p class='ocr_par' dir='ltr' id='par_1_10' title="bbox 1005 2113 1812 2194">
     <span class='ocr_line' id='line_1_86' title="bbox 1005 2113 1812 2194; baseline -0.004 -44"><span class='ocrx_word' id='word_1_486' title='bbox 1005 2115 1268 2194; x_wconf 86' lang='lat' dir='ltr'>Omnipotens</span> <span class='ocrx_word' id='word_1_487' title='bbox 1305 2114 1532 2158; x_wconf 89' lang='lat' dir='ltr'>sempiterne</span> <span class='ocrx_word' id='word_1_488' title='bbox 1570 2113 1691 2156; x_wconf 92' lang='lat' dir='ltr'>Deus,</span> <span class='ocrx_word' id='word_1_489' title='bbox 1726 2122 1812 2155; x_wconf 88' lang='lat' dir='ltr'>ecce</span> 
     </span>
    </p>

    <p class='ocr_par' dir='ltr' id='par_1_11' title="bbox 995 2162 1813 2759">
     <span class='ocr_line' id='line_1_87' title="bbox 1074 2162 1813 2206; baseline -0.005 -6"><span class='ocrx_word' id='word_1_490' title='bbox 1074 2165 1213 2200; x_wconf 87' lang='lat' dir='ltr'>accedo</span> <span class='ocrx_word' id='word_1_491' title='bbox 1247 2165 1296 2199; x_wconf 89' lang='lat' dir='ltr'>ad</span> <span class='ocrx_word' id='word_1_492' title='bbox 1325 2165 1600 2199; x_wconf 89' lang='lat' dir='ltr'>sacramentum</span> <span class='ocrx_word' id='word_1_493' title='bbox 1628 2162 1813 2206; x_wconf 88' lang='lat' dir='ltr'>unigeniti</span> 
     </span>
     <span class='ocr_line' id='line_1_88' title="bbox 999 2212 1811 2250; baseline -0.005 0"><span class='ocrx_word' id='word_1_494' title='bbox 999 2215 1087 2250; x_wconf 84' lang='lat' dir='ltr'>Filii</span> <span class='ocrx_word' id='word_1_495' title='bbox 1115 2215 1170 2250; x_wconf 91' lang='lat' dir='ltr'>tui</span> <span class='ocrx_word' id='word_1_496' title='bbox 1197 2215 1351 2250; x_wconf 91' lang='lat' dir='ltr'>Domini</span> <span class='ocrx_word' id='word_1_497' title='bbox 1381 2214 1503 2249; x_wconf 90' lang='lat' dir='ltr'>nostri</span> <span class='ocrx_word' id='word_1_498' title='bbox 1531 2213 1625 2248; x_wconf 90' lang='lat' dir='ltr'>Jesu</span> <span class='ocrx_word' id='word_1_499' title='bbox 1655 2212 1811 2248; x_wconf 91' lang='lat' dir='ltr'>Christi:</span> 
     </span>
     <span class='ocr_line' id='line_1_89' title="bbox 1000 2262 1812 2309; baseline -0.006 -9"><span class='ocrx_word' id='word_1_500' title='bbox 1000 2266 1139 2300; x_wconf 88' lang='lat' dir='ltr'>accedo</span> <span class='ocrx_word' id='word_1_501' title='bbox 1159 2270 1353 2309; x_wconf 83' lang='lat' dir='ltr'>tamquam</span> <span class='ocrx_word' id='word_1_502' title='bbox 1368 2265 1541 2299; x_wconf 79' lang='lat' dir='ltr'>infirmus</span> <span class='ocrx_word' id='word_1_503' title='bbox 1561 2264 1610 2298; x_wconf 92' lang='lat' dir='ltr'>ad</span> <span class='ocrx_word' id='word_1_504' title='bbox 1625 2262 1812 2297; x_wconf 86' lang='lat' dir='ltr'>medicum</span> 
     </span>
     <span class='ocr_line' id='line_1_90' title="bbox 998 2311 1810 2359; baseline -0.007 -9"><span class='ocrx_word' id='word_1_505' title='bbox 998 2316 1099 2359; x_wconf 82' lang='lat' dir='ltr'>vitae,</span> <span class='ocrx_word' id='word_1_506' title='bbox 1124 2315 1342 2350; x_wconf 89' lang='lat' dir='ltr'>immundus</span> <span class='ocrx_word' id='word_1_507' title='bbox 1367 2315 1416 2350; x_wconf 92' lang='lat' dir='ltr'>ad</span> <span class='ocrx_word' id='word_1_508' title='bbox 1438 2315 1582 2349; x_wconf 84' lang='lat' dir='ltr'>fontem</span> <span class='ocrx_word' id='word_1_509' title='bbox 1600 2311 1810 2347; x_wconf 90' lang='lat' dir='ltr'>misericor-</span> 
     </span>
     <span class='ocr_line' id='line_1_91' title="bbox 999 2361 1810 2409; baseline -0.007 -9"><span class='ocrx_word' id='word_1_510' title='bbox 999 2366 1089 2409; x_wconf 87' lang='lat' dir='ltr'>diae,</span> <span class='ocrx_word' id='word_1_511' title='bbox 1125 2375 1250 2400; x_wconf 88' lang='lat' dir='ltr'>caecus</span> <span class='ocrx_word' id='word_1_512' title='bbox 1274 2365 1324 2400; x_wconf 89' lang='lat' dir='ltr'>ad</span> <span class='ocrx_word' id='word_1_513' title='bbox 1348 2365 1475 2399; x_wconf 90' lang='lat' dir='ltr'>lumen</span> <span class='ocrx_word' id='word_1_514' title='bbox 1499 2362 1682 2398; x_wconf 80' lang='lat' dir='ltr'>claritatis</span> <span class='ocrx_word' id='word_1_515' title='bbox 1706 2361 1810 2395; x_wconf 90' lang='lat' dir='ltr'>aeter-</span> 
     </span>
     <span class='ocr_line' id='line_1_92' title="bbox 997 2411 1810 2460; baseline -0.007 -10"><span class='ocrx_word' id='word_1_516' title='bbox 997 2426 1074 2458; x_wconf 91' lang='lat' dir='ltr'>nae,</span> <span class='ocrx_word' id='word_1_517' title='bbox 1107 2425 1255 2460; x_wconf 87' lang='lat' dir='ltr'>pauper</span> <span class='ocrx_word' id='word_1_518' title='bbox 1285 2419 1322 2450; x_wconf 92' lang='lat' dir='ltr'>et</span> <span class='ocrx_word' id='word_1_519' title='bbox 1354 2415 1494 2458; x_wconf 92' lang='lat' dir='ltr'>egenus</span> <span class='ocrx_word' id='word_1_520' title='bbox 1529 2412 1579 2447; x_wconf 91' lang='lat' dir='ltr'>ad</span> <span class='ocrx_word' id='word_1_521' title='bbox 1605 2411 1810 2446; x_wconf 91' lang='lat' dir='ltr'>Dominum</span> 
     </span>
     <span class='ocr_line' id='line_1_93' title="bbox 998 2461 1810 2507; baseline -0.006 -8"><span class='ocrx_word' id='word_1_522' title='bbox 998 2466 1087 2500; x_wconf 90' lang='lat' dir='ltr'>coeli</span> <span class='ocrx_word' id='word_1_523' title='bbox 1121 2470 1157 2500; x_wconf 89' lang='lat' dir='ltr'>et</span> <span class='ocrx_word' id='word_1_524' title='bbox 1186 2469 1307 2502; x_wconf 87' lang='lat' dir='ltr'>terrae.</span> <span class='ocrx_word' id='word_1_525' title='bbox 1351 2464 1461 2507; x_wconf 88' lang='lat' dir='ltr'>Rogo</span> <span class='ocrx_word' id='word_1_526' title='bbox 1496 2472 1586 2506; x_wconf 83' lang='lat' dir='ltr'>ergo</span> <span class='ocrx_word' id='word_1_527' title='bbox 1615 2461 1810 2495; x_wconf 86' lang='lat' dir='ltr'>immensae</span> 
     </span>
     <span class='ocr_line' id='line_1_94' title="bbox 996 2513 1809 2558; baseline -0.007 -8"><span class='ocrx_word' id='word_1_528' title='bbox 996 2515 1184 2558; x_wconf 87' lang='lat' dir='ltr'>largitatis</span> <span class='ocrx_word' id='word_1_529' title='bbox 1207 2519 1284 2550; x_wconf 88' lang='lat' dir='ltr'>tuae</span> <span class='ocrx_word' id='word_1_530' title='bbox 1308 2513 1593 2555; x_wconf 88' lang='lat' dir='ltr'>abundantiam,</span> <span class='ocrx_word' id='word_1_531' title='bbox 1623 2513 1809 2555; x_wconf 89' lang='lat' dir='ltr'>quatenus</span> 
     </span>
     <span class='ocr_line' id='line_1_95' title="bbox 996 2560 1809 2608; baseline -0.009 -8"><span class='ocrx_word' id='word_1_532' title='bbox 996 2575 1120 2599; x_wconf 87' lang='lat' dir='ltr'>meam</span> <span class='ocrx_word' id='word_1_533' title='bbox 1136 2567 1266 2599; x_wconf 90' lang='lat' dir='ltr'>curare</span> <span class='ocrx_word' id='word_1_534' title='bbox 1283 2563 1450 2608; x_wconf 90' lang='lat' dir='ltr'>digneris</span> <span class='ocrx_word' id='word_1_535' title='bbox 1466 2562 1732 2602; x_wconf 89' lang='lat' dir='ltr'>infirmitatem,</span> <span class='ocrx_word' id='word_1_536' title='bbox 1755 2560 1809 2594; x_wconf 87' lang='lat' dir='ltr'>la-</span> 
     </span>
     <span class='ocr_line' id='line_1_96' title="bbox 995 2611 1806 2658; baseline -0.009 -7"><span class='ocrx_word' id='word_1_537' title='bbox 995 2617 1086 2650; x_wconf 84' lang='lat' dir='ltr'>vare</span> <span class='ocrx_word' id='word_1_538' title='bbox 1106 2615 1332 2658; x_wconf 86' lang='lat' dir='ltr'>foeditatem,</span> <span class='ocrx_word' id='word_1_539' title='bbox 1355 2613 1569 2649; x_wconf 90' lang='lat' dir='ltr'>illuminare</span> <span class='ocrx_word' id='word_1_540' title='bbox 1590 2611 1806 2654; x_wconf 85' lang='lat' dir='ltr'>caecitatem,</span> 
     </span>
     <span class='ocr_line' id='line_1_97' title="bbox 996 2661 1805 2709; baseline -0.007 -9"><span class='ocrx_word' id='word_1_541' title='bbox 996 2666 1116 2700; x_wconf 87' lang='lat' dir='ltr'>ditare</span> <span class='ocrx_word' id='word_1_542' title='bbox 1133 2666 1409 2709; x_wconf 86' lang='lat' dir='ltr'>paupertatem,</span> <span class='ocrx_word' id='word_1_543' title='bbox 1428 2663 1566 2698; x_wconf 87' lang='lat' dir='ltr'>vestire</span> <span class='ocrx_word' id='word_1_544' title='bbox 1583 2661 1805 2696; x_wconf 87' lang='lat' dir='ltr'>nuditatem:</span> 
     </span>
     <span class='ocr_line' id='line_1_98' title="bbox 995 2713 1806 2759; baseline -0.007 -9"><span class='ocrx_word' id='word_1_545' title='bbox 995 2719 1035 2750; x_wconf 90' lang='lat' dir='ltr'>ut</span> <span class='ocrx_word' id='word_1_546' title='bbox 1057 2725 1195 2759; x_wconf 89' lang='lat' dir='ltr'>panem</span> <span class='ocrx_word' id='word_1_547' title='bbox 1215 2715 1464 2758; x_wconf 86' lang='lat' dir='ltr'>Angelorum,</span> <span class='ocrx_word' id='word_1_548' title='bbox 1495 2713 1636 2756; x_wconf 84' lang='lat' dir='ltr'>Regem</span> <span class='ocrx_word' id='word_1_549' title='bbox 1665 2720 1806 2754; x_wconf 86' lang='lat' dir='ltr'>regum,</span> 
     </span>
    </p>
   </div>
   <div class='ocr_carea' id='block_1_8' title="bbox 76 134 1880 2822">
    <p class='ocr_par' dir='ltr' id='par_1_12' title="bbox 76 134 1880 2822">
     <span class='ocr_line' id='line_1_99' title="bbox 76 134 1880 2822; baseline 0 0"><span class='ocrx_word' id='word_1_550' title='bbox 76 134 1880 2822; x_wconf 95' lang='lat' dir='ltr'> </span> 
     </span>
    </p>
   </div>
  </div>
 </body>
</html>
