2040 2990
741 183 849 216 Feria
876 184 1007 226 quinta
1034 185 1081 218 ad
1107 185 1268 219 Laudes.
1816 189 1862 224 83

201 281 393 334 Respice
429 281 473 322 in
507 294 661 322 servos
694 286 811 331 tuos,
853 286 896 323 et
933 282 978 322 in

150 339 286 390 opera
305 342 396 378 tua:
413 339 437 364 *
458 343 501 379 et
524 337 663 389 dirige
681 338 796 379 filios
815 340 977 379 eorum.

201 395 258 436 Et
282 394 340 435 sit
360 394 572 447 splendor
591 395 770 436 Domini
792 395 877 436 Dei
903 408 977 436 no-

151 452 230 492 stri
257 463 389 504 super
417 464 509 501 nos,
538 455 581 492 et
611 453 747 504 opera
769 454 978 492 manuum

148 510 399 549 nostrarum
427 507 565 559 dirige
595 521 728 560 super
755 520 853 549 nos:
881 510 904 535 *
934 513 978 550 et

150 577 263 618 opus
290 567 499 606 manuum
526 567 778 606 nostrarum
808 564 958 617 dirige.

204 621 304 662 Ant.
347 621 549 671 Domine,
581 621 796 673 refagium
836 622 977 663 factus

151 691 198 720 es
226 677 366 720 nobis.

204 736 304 775 Ant.
339 736 389 775 In
421 734 646 776 matutinis
678 736 702 761 *
730 734 978 776 meditabor

149 791 195 832 in
222 796 277 833 te.

203 848 272 889 Ps.
308 849 427 890 Deus
454 848 575 890 Deus
603 861 738 890 meus.
767 849 825 889 16.

203 905 303 946 Ant.
341 906 588 946 Cantemus.

230 961 457 1003 Canticum
478 963 653 1014 Moysis.
713 967 834 1001 Exod.
854 968 902 1001 15.

223 1020 423 1061 autemus
434 1019 643 1060 Domino:
657 1018 850 1070 gloriose
862 1019 977 1060 enim

238 1075 545 1127 magnificatus
573 1080 656 1125 est,
684 1077 708 1102 *
737 1088 898 1127 equum
934 1081 977 1117 et

149 1134 430 1174 ascensorem
459 1132 616 1185 dejecit
643 1132 688 1173 in
716 1134 846 1174 mare.

199 1188 433 1231 Fortitl'ido
452 1201 561 1239 mea,
582 1194 625 1230 et
647 1189 743 1230 laus
760 1202 858 1230 mea
871 1190 976 1239 Dfis„

148 1247 172 1272 *
192 1251 236 1287 et
261 1246 403 1287 factus
434 1250 501 1287 est
528 1245 635 1286 mihi
662 1246 706 1286 in
735 1246 937 1287 salutem:

200 1302 292 1343 Iste
320 1302 441 1343 Deus
469 1315 610 1352 meus,
645 1307 688 1344 et
720 1302 977 1367 glorificabo

149 1371 264 1400 eum:
292 1360 316 1386 *
344 1359 465 1400 Deus
497 1335 637 1411 patris
664 1359 760 1410 mei,
791 1364 834 1400 et
863 1360 976 1400 exal-

149 1415 255 1456 tabo
284 1428 395 1456 eum.
671 1444 674 1446 .

201 1472 417 1513 Dominus
462 1472 587 1523 quasi
632 1472 697 1512 vir
744 1475 977 1525 pugnator,

151 1528 449 1581 Omnipotens·
471 1541 632 1570 nomen
661 1530 797 1581 ejus*
813 1528 977 1570 Currus

149 1584 390 1626 Pharaonis
420 1590 463 1626 et
491 1585 732 1627 exercitum
759 1587 850 1638 eius
877 1599 976 1638 pro-

149 1642 249 1694 jecit
276 1642 321 1682 in
348 1655 480 1683 mare.

200 1697 342 1739 Electi
375 1699 596 1751 principes
634 1700 725 1751 ejus
761 1698 978 1740 submersi

152 1759 253 1795 sunt
279 1755 323 1795 in
350 1755 460 1795 Mari
488 1754 637 1797 rubro:
654 1757 678 1782 *
699 1755 846 1808 abyssi
875 1768 976 1808 ope-

150 1813 333 1853 ruerunt
360 1824 446 1862 eos,
471 1810 795 1854 descenderunt
813 1813 857 1853 in
876 1825 975 1865 pro-

150 1867 333 1909 fandum
362 1869 487 1920 quasi
514 1868 637 1921 lapis.

201 1924 397 1966 Dextera
406 1930 483 1966 tua
491 1925 680 1966 Domine
696 1925 977 1975 magnificata

151 1985 218 2022 est
236 1981 281 2022 in
299 1981 572 2023 fortitadine:
596 1981 779 2023 dextera
793 1986 869 2022 tua
887 1982 975 2022 Do-

149 2038 265 2079 mine
292 2039 512 2091 percussit
538 2038 770 2079 inimicum.
798 2040 821 2064 *
849 2039 905 2079 Et
932 2039 976 2078 in

149 2094 429 2136 multitlidine
448 2095 600 2147 gloriae
618 2099 708 2135 tuae
731 2094 976 2147 deposuisti

151 2150 427 2193 adversarios
455 2157 573 2193 tuos:

201 2207 359 2250 Misisti
373 2209 482 2250 iram
492 2214 624 2258 tuam,
637 2220 735 2260 quae
748 2207 976 2249 devoravit

151 2276 227 2305 eos
250 2265 363 2306 sicut
387 2265 606 2317 stipulam.
625 2267 648 2291 *
668 2265 724 2305 Et
747 2265 791 2305 in
819 2264 975 2316 spiritu

150 2319 308 2362 furoris
327 2322 391 2362 tui
411 2323 689 2373 congregatae
710 2326 811 2361 sunt
833 2333 975 2372 aquae:

201 2377 331 2418 Stetit
351 2377 469 2419 unda
488 2378 640 2427 fluens,
656 2380 680 2404 *
696 2379 975 2441 congregatae

151 2438 252 2475 sunt
280 2434 427 2486 abyssi
455 2435 499 2475 in
526 2434 671 2515 medio
700 2434 820 2474 mari.

150 2545 438 2616 prehendam,
452 2549 475 2574 *
500 2547 693 2588 dlvidam
719 2546 870 2599 spolia,
899 2547 974 2587 im-

150 2601 342 2654 plebitur
371 2604 514 2644 anima
540 2617 655 2645 mea:

203 2659 459 2709 Evaginabo
479 2660 674 2712 gladium
694 2672 851 2708 meum,
870 2661 893 2686 *
914 2659 974 2699 in-

150 2714 338 2756 terficiet
366 2728 443 2757 eos
470 2730 623 2758 manus
651 2729 759 2758 mea.

1081 282 1225 323 Flavit
1254 283 1433 335 spiritus
1462 288 1583 334 tuus,
1614 289 1656 326 et
1685 285 1861 338 operuit

1031 351 1108 380 eos
1136 352 1272 380 mare:
1301 341 1324 366 *
1353 339 1569 381 submersi
1599 347 1700 383 sunt
1734 342 1860 393 quasi

1029 395 1260 448 plumbum
1288 396 1333 436 in
1362 397 1486 448 aquis
1514 397 1858 439 vehementibus.

1083 452 1190 502 Quis
1219 453 1372 493 similis
1395 453 1460 494 tui
1488 454 1532 493 in
1560 454 1747 496 fortibus
1770 455 1857 495 Do-

1030 507 1169 550 mine?
1198 511 1222 536 *
1252 510 1349 562 quis
1378 510 1530 551 similis
1559 511 1636 559 tui,
1666 512 1857 562 magnifi-

1031 578 1108 606 cus
1136 566 1180 606 in
1209 567 1461 616 sanctitate,
1489 567 1696 609 terribilis
1725 574 1857 620 atque

1030 622 1275 672 laudabilis,
1303 623 1468 664 faciens
1495 623 1736 665 mirabilia?

1082 679 1332 722 Extendisti
1357 693 1534 721 manum
1562 686 1692 731 tuam,
1721 686 1764 723 et
1786 681 1856 723 de-

1030 737 1203 778 voravit
1234 749 1311 778 eos
1338 742 1467 779 terra.
1493 739 1517 764 *
1537 737 1640 778 Dux
1667 738 1787 779 fuisti
1815 739 1858 778 in

1029 793 1332 835 misericordia
1379 798 1455 835 tua
1507 794 1675 847 populo
1728 808 1858 846 quem

1030 849 1270 892 redemisti:

1082 907 1139 948 Et
1171 908 1358 960 portasti
1393 921 1492 949 eum
1526 908 1569 949 in
1603 909 1857 951 fortitadine

1029 967 1122 1013 tua,
1159 966 1183 990 *
1217 963 1274 1005 ad
1317 964 1614 1006 habitaculum
1659 971 1858 1007 sanctum

1030 1023 1166 1060 tuum.

1082 1076 1390 1120 Ascenderunt
1400 1078 1564 1131 pepuli,
1578 1083 1621 1120 et
1632 1079 1731 1120 irati
1742 1084 1857 1120 sunt:

1030 1135 1054 1160 *
1082 1133 1259 1176 dolores
1287 1134 1570 1177 obtinuerunt
1587 1135 1857 1177 habitatores

1029 1188 1306 1231 Philisthiim.

1083 1246 1208 1288 Tunc
1237 1248 1487 1290 conturbati
1512 1254 1613 1290 sunt
1636 1250 1857 1302 principes

1030 1303 1185 1353 Edom,
1203 1304 1410 1346 robostos
1423 1305 1555 1347 Moab
1572 1305 1761 1347 obtinuit
1775 1312 1857 1347 tre-

1029 1373 1142 1401 mor:
1175 1362 1199 1387 *
1228 1361 1513 1412 obriguerunt
1551 1375 1701 1403 omnes
1738 1362 1856 1404 habi-

1030 1418 1197 1458 tatores
1226 1417 1443 1459 Chanaan.

1082 1473 1226 1515 Irruat
1248 1488 1381 1527 super
1407 1488 1484 1516 eos
1512 1475 1700 1517 formido
1723 1480 1766 1516 et
1785 1489 1857 1528 pa-

1030 1543 1121 1580 vor,
1139 1532 1162 1557 *
1185 1531 1229 1571 in
1256 1532 1556 1583 magnitudine
1583 1532 1750 1573 brachii
1778 1533 1857 1573 tui:

1082 1587 1209 1628 Fiant
1226 1587 1474 1630 immobiles
1496 1589 1620 1641 quasi
1640 1589 1762 1641 lapis,
1782 1589 1857 1630 do-

1030 1655 1111 1684 nec
1129 1647 1407 1696 pertranseat
1431 1645 1623 1698 populus
1646 1650 1748 1686 tuus
1770 1646 1857 1686 Do-

1029 1700 1157 1750 mine,
1174 1702 1197 1727 *
1214 1700 1356 1742 donec
1374 1704 1649 1754 pertranseat
1666 1701 1856 1754 populus

1029 1761 1131 1797 tuus
1159 1757 1252 1807 iste,
1283 1766 1413 1810 quem
1441 1757 1688 1810 possedisti.

1081 1813 1341 1854 Introdaces
1371 1826 1461 1863 eOS,
1495 1819 1538 1855 et
1564 1813 1785 1866 plantabis
1814 1814 1856 1854 in

1029 1874 1179 1910 monte
1191 1869 1459 1912 haereditatis
1468 1875 1568 1920 tuae,
1575 1872 1598 1897 *
1607 1870 1855 1912 firmissimo

1029 1925 1280 1967 habitaculo
1308 1932 1384 1968 tuo
1420 1926 1540 1979 quod
1569 1929 1778 1979 operatus
1808 1940 1854 1968 es

1029 1982 1234 2023 Domine:

1081 2039 1723 2089 SanctuariumtuumDomine,
1735 2040 1854 2093 quod

1029 2095 1313 2137 firmaverunt
1340 2110 1494 2138 manus
1529 2101 1628 2138 tuae.
1656 2099 1679 2124 *
1706 2097 1853 2137 Domi-

1029 2165 1110 2192 nus
1136 2152 1337 2203 regnabit
1361 2153 1405 2194 in
1427 2155 1638 2194 aeternum
1661 2158 1705 2194 et
1731 2153 1854 2194 ultra.

1080 2209 1310 2260 Ingressus
1323 2215 1390 2251 est
1401 2210 1516 2251 enim
1532 2223 1667 2262 eques
1681 2209 1852 2250 Pharao

1030 2278 1129 2306 cum
1149 2265 1348 2307 curribus
1378 2271 1421 2307 et
1450 2265 1671 2318 equitibus
1692 2267 1782 2318 ejus
1810 2266 1853 2306 in

1028 2335 1163 2363 mare:
1182 2323 1206 2348 *
1229 2328 1272 2364 et
1300 2322 1474 2363 reduxit
1501 2335 1634 2375 super
1663 2335 1738 2363 eos
1766 2322 1852 2362 Do-

1028 2379 1172 2420 minus
1201 2393 1338 2432 aquas
1364 2379 1513 2420 maris:

1080 2436 1177 2476 Filii
1198 2441 1345 2477 autem
1364 2435 1501 2476 Israel
1521 2434 1852 2476 ambulaverunt

1027 2504 1107 2543 per
1135 2492 1299 2533 siccum
1327 2494 1351 2519 *
1379 2493 1423 2533 in
1449 2491 1594 2532 medio
1627 2492 1727 2543 ejus.

1084 2549 1182 2589 Ant.
1195 2549 1434 2590 Cantemus
1444 2547 1636 2588 Domino
1651 2547 1851 2598 gloriose.

1083 2606 1183 2646 Ant.
1224 2606 1276 2645 In
1311 2604 1473 2645 sanctis
1507 2605 1597 2655 ejus
1625 2605 1648 2630 *
1675 2601 1850 2642 laudate

995 2709 998 2713 ἡ
1027 2660 1180 2701 Deum.

1082 2716 1147 2756 Ps.
1177 2717 1375 2758 Laudate
1402 2715 1648 2757 Dominum.
1676 2714 1732 2754 17.
