2080 2990
218 239 311 283 [224]

221 333 278 375 ad
309 330 674 374 manducandum.
728 330 785 370 Et
816 328 927 369 alius
960 325 1050 377 qui-

222 389 322 431 dem
341 388 492 430 esurit:
513 387 623 428 alius
644 390 791 427 autem
811 384 958 425 ebrius
974 386 1051 423 est.

222 443 446 496 Numquid
478 443 635 484 domos
673 454 761 483 non
792 438 962 482 habetis
995 435 1051 478 ad

221 498 573 542 manducandum
605 503 650 539 et
681 493 944 539 bibendum?
977 497 1052 534 aut

222 556 466 598 Ecclesiam
478 554 563 596 Dei
582 552 870 601 contemnitis,
890 555 935 591 et
950 562 1050 591 con-

222 611 402 653 funditis
422 623 510 660 eos,
532 610 605 663 qui
623 622 712 650 non
730 605 915 649 habent?
937 603 1051 655 Quid
1115 610 1123 645 2:
1147 602 1190 636 ³³21

223 667 365 710 dicam
389 666 537 709 vobis?
572 664 726 707 Laudo
751 662 854 706 vos?
891 663 942 703 In
966 661 1052 702 hoc

222 737 311 765 non
330 723 475 765 laudo.

279 782 325 832 liv.
352 778 604 821 Immolabit
622 775 814 819 hoedum.
842 773 952 827 [223]

536 837 684 877 Lectio
707 837 742 874 ii.

226 893 362 997 Ego
382 891 496 933 enim
514 889 666 941 accepi
684 902 710 929 a
723 887 915 929 Domino
935 883 1054 938 quod

321 954 364 991 et
387 945 551 989 tradidi
574 945 715 995 vobis,
741 943 947 996 quoniam
966 942 1053 982 Do-

224 1007 367 1048 minus
394 1004 541 1049 JesuS‚
569 1002 614 1043 in
642 1014 728 1054 qua
755 1004 886 1041 nocte
913 997 1054 1039 trade-

225 1172 501 1214 manducate:
526 1170 612 1212 hoc
632 1174 699 1211 est
718 1180 880 1221 corpus
899 1179 1055 1215 meum,

226 1229 346 1282 quod
360 1241 443 1281 pro
459 1227 586 1269 vobis
600 1225 812 1267 tradetur:
827 1224 913 1265 hoc
926 1222 1056 1263 facite

225 1285 268 1326 in
295 1298 439 1326 meam
467 1281 941 1325 commemorationem.
995 1277 1056 1319 Si-

225 1342 384 1383 militer
411 1345 454 1382 et
482 1339 679 1388 calicem,
707 1342 945 1390 postquam
971 1347 1056 1376 coe-

226 1398 364 1447 navit,
408 1397 578 1438 dicens:
622 1395 708 1435 Hic
745 1393 858 1435 calix
894 1404 1058 1433 novum

226 1455 538 1495 testamentum
561 1456 628 1492 est
650 1451 694 1491 in
711 1462 811 1491 meo
837 1447 1058 1499 sanguine.

227 1510 328 1551 Hoc
345 1509 487 1558 facite,
507 1507 871 1560 quotiescumque
886 1503 1058 1553 bibetis,

228 1567 271 1607 in
286 1578 428 1606 meam
443 1562 919 1605 commemorationem.
943 1560 1059 1610 Quo-

228 1622 503 1671 tiescumque
521 1619 636 1661 enim
649 1616 970 1659 manducabitis
984 1628 1058 1668 pa-

229 1690 329 1719 nem
347 1677 473 1725 hunc,
493 1681 536 1717 et
556 1674 738 1716 calicem
755 1672 928 1721 bibetis,
947 1684 1059 1712 mor-

230 1739 319 1775 tem
347 1732 524 1773 Domini
553 1728 885 1779 annuntiabitis,
917 1727 1060 1769 donec

231 1789 385 1830 veniat.
420 1789 471 1838 Rg.
491 1785 742 1828 Comedetis
760 1796 924 1825 carnes.
953 1782 1061 1836 [223]

536 1844 687 1883 Lectio
709 1842 760 1881 iii.

277 1904 410 1950 taque
439 1898 704 1950 quicumque
731 1894 1062 1937 manducaverit

291 1967 450 2008 panem
466 1953 592 2003 hunc,
610 1953 682 1994 vel
699 1952 862 1994 biberit
881 1951 1062 1992 calicem

232 2011 408 2052 Domini
427 2010 616 2061 indigne:
638 2021 739 2050 reus
759 2008 842 2049 erit
861 2007 1062 2060 corporis

233 2073 276 2108 et
293 2066 511 2117 sanguinis
526 2065 713 2107 Domini.
734 2064 900 2105 Probet
915 2068 1062 2105 autem

233 2125 427 2174 seipsum
445 2122 593 2163 homo:
619 2126 663 2163 et
686 2121 750 2162 sic
770 2120 826 2161 de
848 2132 962 2172 pane
985 2119 1061 2160 illo

232 2178 347 2227 edat,
371 2183 414 2219 et
434 2177 489 2218 de
513 2178 648 2218 calice
668 2176 802 2218 bibat.
844 2176 928 2226 Qui
949 2175 1063 2216 enim

233 2232 469 2275 manducat
504 2238 547 2275 et
578 2233 690 2274 bibit
725 2232 921 2283 indigne,
957 2230 1063 2283 judi-

234 2289 350 2331 cium
377 2289 459 2330 sibi
486 2288 721 2329 manducat
749 2293 793 2329 et
818 2287 944 2329 bibit:
975 2299 1064 2328 non

235 2345 477 2397 dijudicans
516 2356 676 2396 corpus
711 2343 900 2385 Domini.
954 2342 1063 2384 Ideo

234 2402 347 2442 inter
370 2414 450 2442 vos
472 2400 598 2441 multi
621 2400 780 2440 infirmi
805 2405 850 2441 et
873 2398 1064 2440 imbecil-

235 2457 318 2505 les,
351 2462 395 2498 et
427 2456 650 2498 dormiunt
680 2455 815 2496 multi.
869 2454 1000 2505 Quod
1029 2455 1065 2495 si

236 2514 530 2564 nosmetipsos
573 2510 933 2563 dijudicaremus,
979 2523 1064 2550 non

236 2568 388 2619 utique
416 2567 717 2619 judicaremur.
762 2566 879 2607 Dum
906 2566 1064 2617 judica-

235 2636 332 2665 mur
354 2629 511 2673 autem,
535 2636 560 2664 a
579 2623 770 2664 Domino
795 2622 1066 2674 corripimur,

237 2685 285 2720 ut
303 2691 390 2720 non
407 2692 506 2720 cum
520 2678 606 2720 hoc
619 2677 784 2719 mundo
801 2678 1066 2719 damnemur.

297 2736 345 2786 R.
367 2735 581 2787 Respexit
599 2734 729 2775 Elias.
757 2734 866 2786 [223]

529 234 704 268 Officium
730 233 903 265 votivum
932 231 976 263 dc
1003 230 1058 260 ss.
1085 226 1336 260 Eucharistiae
1359 224 1617 257 Sacrumcnto.

1335 324 1384 362 In
1404 323 1454 362 Π.
1475 322 1698 361 Nocturno.

1158 390 1252 428 Ant.
1292 386 1455 425 Memor
1474 383 1531 424 sit
1549 381 1776 423 Dominus.

1385 459 1579 498 Psalmus
1600 459 1657 496 19.

1185 536 1210 565 κ
1225 518 1406 560 xaudiat
1422 524 1468 560 te
1480 517 1697 559 Dominus
1715 515 1760 556 in
1775 514 1846 558 die
1864 515 1937 557 tri-

1120 533 1212 604 ῗΓ7
1242 575 1493 617 bulationis:
1516 575 1540 600 *
1563 574 1771 626 protegat
1793 576 1838 614 te
1861 583 1936 612 no-

1153 633 1168 639 ‘
1199 653 1204 654 ν
1240 644 1341 673 men
1360 631 1445 672 Dei
1463 629 1613 671 Jacob.

1157 687 1303 729 Mittat
1320 687 1401 728 tibi
1420 685 1628 728 auxilium
1648 683 1705 726 de
1723 687 1892 725 sancto:
1915 682 1939 707 *

1107 748 1150 784 et
1169 743 1225 784 de
1244 743 1350 784 Sion
1368 744 1544 785 tueatur
1561 747 1618 782 te.

1158 800 1328 841 Memor
1352 799 1408 840 sit
1427 798 1568 840 omnis
1593 795 1797 838 sacrificii
1814 794 1893 836 tui:
1915 795 1939 821 *

1108 861 1152 898 et
1170 856 1478 897 holocaustum
1495 859 1621 896 tuum
1638 853 1801 906 pingue
1819 851 1907 893 fiat.

1159 911 1345 954 Tribuat
1359 911 1440 952 tibi
1455 909 1700 952 secundum
1713 920 1790 949 cor
1803 912 1942 948 tuum:

1108 970 1132 996 *
1169 973 1213 1010 et
1249 980 1378 1010 omne
1417 966 1647 1009 consilium
1683 969 1808 1006 tuum
1842 975 1943 1005 con-

223 1063 371 1111 ΜΨ,
404 1059 575 1111 ἃῦὒὲβῑῒ
604 1069 782 1111 Panem,
815 1060 860 1097 et
891 1054 1055 1106 gratias
1078 1031 1082 1100 ζ
1108 1026 1263 1066 firmet·

225 1130 359 1169 agens
382 1115 525 1166 fregit’
552 1119 596 1156 et
619 1113 743 1155 ‘fixit‘
767 1111 986 1163 Aceipite’
1012 1114 1056 1151 et
1079 1113 1083 1180 Ῑ
1109 1138 1153 1178 in
1179 1137 1354 1179 nomine
1372 1136 1458 1178 Dei
1484 1135 1625 1177 nostri
1647 1130 1944 1184 magnificabi-

1160 1080 1430 1122 Laetabimur
1455 1079 1500 1120 in
1526 1077 1707 1120 salutari
1730 1081 1824 1118 tuo:
1850 1075 1875 1101 *
1901 1079 1945 1116 et

1110 1207 1219 1235 mur.

1163 1249 1352 1302 Imffleat
1366 1247 1583 1290 Dominus
1603 1257 1756 1287 omnes
1771 1243 1944 1298 petitio-

1110 1319 1188 1348 nes
1207 1312 1322 1347 tuas:
1347 1306 1371 1330 *
1394 1317 1509 1346 nunc
1529 1301 1719 1354 cognovi
1739 1300 1946 1353 quoniam

1112 1362 1283 1403 salvum
1302 1362 1407 1403 fecit
1425 1361 1521 1401 Dfis
1540 1358 1763 1400 Christum
1783 1369 1920 1398 suum.

1163 1416 1384 1459 Exaudiet
1411 1417 1533 1458 illum
1561 1415 1617 1456 de
1646 1413 1762 1456 coelo
1793 1417 1946 1454 sancto

1113 1487 1210 1516 suo:
1237 1475 1261 1500 *
1289 1474 1333 1514 in
1361 1470 1667 1527 potentatibus
1695 1469 1814 1511 salus
1844 1468 1947 1511 dex-

1111 1535 1219 1572 terae
1240 1531 1343 1582 ejus.

1164 1587 1223 1627 Hi
1247 1587 1292 1626 in
1315 1584 1532 1634 curribus,
1557 1588 1602 1625 et
1622 1582 1668 1624 hi
1690 1583 1735 1624 in
1759 1581 1901 1635 equis:
1922 1582 1948 1608 *

1113 1655 1194 1684 nos
1223 1648 1370 1684 autem
1396 1642 1441 1682 in
1468 1640 1645 1681 nomine
1666 1638 1846 1680 Domini
1863 1636 1949 1679 Dei

1114 1699 1253 1740 nostri
1273 1697 1590 1739 invocabimus.

1166 1754 1258 1807 Ipsi
1280 1753 1463 1805 obligati
1482 1757 1594 1801 sunt,
1617 1756 1661 1792 et
1682 1749 1950 1792 ceciderunt:

1114 1811 1138 1836 *
1164 1823 1247 1851 nos
1272 1814 1419 1851 autem
1447 1808 1717 1850 surreximus
1745 1811 1790 1848 et
1814 1804 1951 1847 erecti

1116 1879 1276 1907 sumus.

1167 1923 1356 1964 Domine
1381 1921 1551 1962 salvum
1574 1919 1643 1961 fac
1668 1930 1834 1970 regem:
1858 1918 1883 1945 *
1906 1921 1951 1958 et

1116 1978 1277 2020 exaudi
1298 1990 1380 2019 nos
1402 1978 1447 2018 in
1467 1976 1549 2027 die,
1573 1988 1660 2029 qua
1682 1972 1951 2016 invocaveri-

1115 2048 1214 2076 mus
1233 2039 1289 2076 te.

1172 2098 1270 2136 Ant.
1301 2096 1470 2136 Memor
1498 2094 1554 2135 sit
1578 2092 1795 2134 Dominus
1822 2089 1951 2132 sacri-

1118 2151 1206 2192 ficii
1243 2152 1404 2201 nostri,
1450 2155 1494 2192 et
1530 2149 1839 2191 holocaustum
1875 2158 1951 2187 no-

1118 2212 1258 2249 strum
1277 2207 1438 2260 pingue
1457 2206 1545 2247 fiat.

1174 2270 1273 2308 Ant.
1302 2268 1485 2309 Paratur
1502 2265 1642 2308 nobis.

1399 2334 1594 2375 Psalmus
1614 2334 1677 2372 22.

1215 2397 1387 2439 ominus
1412 2395 1524 2446 regit
1541 2408 1626 2444 me,
1651 2400 1696 2436 et
1719 2393 1827 2435 nihil
1849 2392 1955 2434 mihi

1228 2453 1386 2495 deerit:
1421 2452 1443 2477 *
1475 2452 1520 2492 in
1550 2451 1651 2493 loco
1683 2453 1863 2503 pascuae
1894 2449 1954 2491 ibi

1119 2522 1190 2551 me
1213 2508 1459 2550 collocavit.

1172 2566 1314 2618 Super
1337 2577 1497 2616 aquam
1521 2563 1772 2604 refectionis
1796 2561 1954 2604 educa-

1120 2622 1183 2663 vit
1202 2634 1288 2662 me:
1311 2621 1334 2646 *
1356 2620 1543 2660 animam
1563 2631 1707 2660 meam
1727 2617 1956 2660 convertit.

1172 2676 1367 2718 Deduxit
1387 2688 1458 2716 me
1481 2688 1613 2727 super
1637 2675 1816 2715 semitas
1839 2674 1955 2725 justi-

1121 2734 1206 2782 tiae,
1226 2735 1249 2759 *
1269 2736 1455 2785 propter
1475 2743 1635 2772 nomen
1656 2743 1794 2772 suum.
