2040 2990
714 186 883 219 Rubricat-
909 187 1105 227 generales
1135 186 1327 219 Brevim‘ii.

229 288 253 315 5.
272 286 388 321 Quando
405 285 498 319 plures
512 283 656 311 Orationes
676 283 812 316 dicuntur,
830 281 919 316 prima
933 286 991 309 tan-

180 332 237 355 mm
255 326 354 353 dicitur
370 324 422 351 sub
439 331 489 350 sua
506 322 681 350 conclusione
701 325 749 349 Ιίτ
772 325 925 349 1)ι’»ιιιιηωιι.
949 321 992 348 vel

179 367 264 399 aliter,
277 369 307 391 ut
319 371 416 398 supra:
429 363 490 389 aliae
502 370 558 389 non
567 361 778 394 concluduntur,
792 361 844 387 nisi
857 361 885 387 in
896 360 993 387 ultima

179 404 321 435 Oratione;
339 402 388 429 sed
401 402 549 435 unicuique
563 400 687 427 Orationi
701 407 810 434 semper
822 399 993 434 praeponitur

180 447 301 469 ‹brt-mus.
317 444 501 475 praeterquam
515 441 542 466 in
555 439 654 466 Officio
665 439 875 470 Defunctorum‚
887 438 914 464 in
928 445 992 472 quo,

179 482 232 509 alio
250 480 332 507 modo
351 487 434 513 quam
453 483 483 506 ut
500 486 593 513 supra,
611 477 755 505 Orationes
768 478 909 504 dicuntur:
926 477 991 503 item

179 521 206 547 in
217 519 339 553 Litaniis,
353 518 497 546 Orationes
511 525 606 545 omnes
619 517 749 544 dicuntur
762 517 926 550 conjunctim
941 516 993 542 sub

179 567 234 586 uno
246 563 252 580 ⁴
263 559 369 584 *ns-mus.
388 561 418 584 ut
431 557 489 584 suis
501 557 568 584 locis
581 556 706 583 habetur.

305 606 431 639 XXXI.
459 608 505 638 De
531 608 660 647 llymno
679 605 727 637 Te
749 605 866 637 Deum.

235 665 336 692 ymnus
353 658 390 683 'l‘e
415 658 499 682 ileum
519 655 621 683 dicitur
642 656 669 682 in
693 655 822 682 omnibus
840 654 927 682 Pestis
945 662 995 689 per

186 664 198 723 1
214 664 225 723 l
251 704 362 729 annum,
375 699 431 723 tam
445 695 473 722 iii
484 703 567 729 quam
580 695 606 721 ix
617 695 787 727 Lectionum,
801 697 827 721 et
840 702 890 728 per
899 701 994 720 eorum

180 737 308 768 Octavas,
326 738 440 769 excepto
454 735 536 761 Festo
553 738 709 761 sanctorum
727 734 924 766 Innocentium,
941 733 993 759 nisi

180 774 285 802 venerit
298 775 324 801 in
336 774 493 804 Dominica:
507 773 607 800 dicitur
618 777 709 799 tamen
723 773 750 799 in
760 773 818 806 ejus
827 773 872 799 die
881 772 994 799 Octava.

181 814 289 842 Dicitur
301 813 382 840 etiam
396 813 424 839 in
437 813 564 839 omnibus
579 812 729 839 Dominicis
743 820 759 838 a
773 812 879 838 Pascha
893 812 995 838 Resur-

180 853 309 880 rectionis
327 852 473 885 inclusive,
496 859 583 886 usque
607 851 642 878 ad
660 851 818 878 Adventum
841 850 993 883 exclusive;

180 896 207 919 et
225 899 241 918 a
261 891 410 918 Nativitatc
428 890 539 917 Domini
558 890 704 923 inclusive,
723 898 810 924 usque
828 890 864 917 ad
882 889 994 923 Septua-

180 931 310 965 gesimam
334 930 485 963 exclusive,
509 934 536 956 et
560 930 587 956 in
611 929 738 956 omnibus
757 929 842 956 Feriis
865 929 997 963 temporis

182 969 335 1002 Paschalis,
358 969 461 995 seilicet
484 976 499 994 a
524 969 667 995 Dominica
692 969 719 995 in
743 968 823 995 Albis
847 976 936 1002 usque
961 967 996 994 ad

183 1008 387 1041 Ascensionem,
404 1011 518 1042 excepta
531 1008 611 1034 Feria
623 1008 743 1035 secunda
758 1007 950 1041 Rogationum‚
968 1007 996 1033 in

182 1055 237 1081 qua
255 1055 311 1073 non
330 1046 437 1073 dicitur.

232 1086 255 1112 2.
275 1086 337 1113 Non
355 1086 455 1112 dicitur
473 1089 563 1112 autem
582 1085 609 1111 in
628 1085 780 1113 Dominicis
798 1086 952 1119 Adventus,
970 1089 997 1113 et

182 1134 198 1153 a
215 1125 420 1160 Septuagesima
437 1133 526 1158 usque
543 1125 578 1151 ad
594 1125 765 1152 Dominicam
780 1126 939 1152 Palmarum
957 1125 996 1152 in-

181 1165 294 1198 clusive,
312 1172 401 1197 neque
419 1164 446 1190 in
465 1163 551 1190 Feriis
567 1167 646 1191 extra
664 1167 771 1198 tempus
789 1165 932 1192 Paschale.

233 1204 257 1230 3.
277 1203 346 1230 Cum
361 1203 468 1235 dicitur.
487 1202 622 1229 omittitur
634 1211 743 1237 semper
755 1211 867 1238 nonum,
885 1205 930 1231 vel
945 1208 997 1231 ter·

182 1243 250 1270 tium
269 1242 499 1276 Responsorium,
521 1245 548 1268 et
565 1242 656 1269 statim
674 1242 775 1270 dicitur
792 1248 855 1277 post
873 1243 998 1270 ultimam

182 1282 348 1313 Lectionem.

232 1321 257 1348 4.
275 1321 345 1348 Cum
369 1327 424 1348 non
448 1321 561 1355 dicitur,
585 1322 643 1355 ejus
666 1321 727 1348 loco
751 1321 863 1355 ponitur
886 1329 999 1354 nonum,

182 1360 227 1387 vel
246 1360 355 1387 tertium
374 1360 605 1395 Responsorium;
630 1368 686 1394 quo
705 1360 777 1387 dicto
796 1361 888 1387 statim
907 1360 999 1387 incho-

183 1402 264 1426 antur
282 1398 400 1425 Laudes.
435 1398 566 1426 Similiter
588 1399 700 1434 quando
722 1400 823 1427 dicitur
842 1399 879 1424 'l‘e
902 1399 998 1427 Deum,

183 1446 216 1465 eo
234 1438 345 1471 Hymno
364 1437 437 1464 dicto
455 1438 546 1465 statim
566 1439 729 1466 inchoantur
747 1439 870 1473 Laudes,
887 1443 999 1474 prseter-

184 1484 266 1510 quam
285 1477 312 1503 in
326 1477 413 1503 Nocte
426 1478 583 1504 Nativitatis
597 1478 721 1512 Domini3
739 1478 803 1512 quia
821 1483 887 1506 tunc
900 1479 1000 1506 dicitur

185 1515 287 1548 Oratio,
306 1520 401 1550 postea
413 1516 568 1543 celebratur
581 1517 673 1550 Missa,
691 1521 721 1544 ut
740 1526 790 1544 suo
805 1519 866 1545 loco
880 1521 999 1544 notatur.

184 1565 329 1598 XXXII.
363 1567 407 1597 l)c
433 1566 587 1595 ‹ts-‚itione
615 1566 780 1595 {lominica
814 1572 842 1607 ct
874 1567 997 1596 Saluta-

458 1615 540 1643 tione
566 1612 733 1650 Angelius.

190 1664 302 1729 oratio
316 1663 459 1691 Dominica
478 1664 556 1689 l'zncr
571 1668 670 1689 noster.
681 1668 708 1691 et
722 1663 857 1692 Salutatio
869 1665 1002 1699 Angelica

252 1704 309 1729 Axe
332 1704 427 1729 Martii.
450 1710 558 1736 semper
580 1703 681 1731 dicitur
702 1708 807 1731 secreto
826 1708 889 1732 ante
906 1712 1002 1731 omnes

188 1742 288 1775 Horas,
305 1745 490 1776 praeterquam
505 1742 541 1768 ad
555 1742 779 1777 Completorium,
797 1744 824 1770 in
838 1744 915 1778 cujus
929 1743 1002 1778 prin-

188 1781 259 1815 cipio
276 1784 339 1815 post
358 1781 514 1808 Lectionem
533 1782 644 1809 brevem
664 1781 781 1806 Fratres:
810 1781 910 1809 Sabi-ii.
929 1783 1002 1810 dicto

189 1820 277 1847 Versu
302 1821 472 1848 Aditum-ium
499 1824 636 1844 nostrum.
667 1821 768 1848 dieitur
790 1825 896 1849 tantum
923 1822 1003 1847 l’atcr

191 1865 288 1884 noster.
307 1862 425 1892 secret03
447 1862 475 1886 et
488 1857 520 1886 in
539 1860 593 1887 fine
612 1860 802 1895 Completorii,
825 1861 917 1888 statim
939 1865 1003 1896 post

190 1897 346 1924 Orationem
365 1898 453 1925 beatae
471 1898 579 1933 Mariae,
597 1899 698 1926 dicitur
716 1898 795 1924 Μαι-ι·
814 1905 918 1926 noster.
945 1900 1001 1926 Axe

193 1936 288 1965 warin,
313 1939 340 1963 et
362 1937 465 1962 (ττι-αα.
493 1941 580 1964 totum
605 1938 730 1966 similiter
752 1942 866 1966 secreto.
908 1939 1003 1966 Finitis

190 1975 283 2009 Horis,
301 1979 327 2002 et
345 1975 418 2003 dicto
433 1976 522 2003 Versu
544 1977 672 2003 vide-lium
694 1977 799 2003 animae.
819 1978 919 2006 dicitur
932 1978 1004 2005 simi-

190 2014 253 2041 liter
270 2018 374 2042 secreto
389 2014 467 2039 l'atcr
482 2022 573 2041 noster
595 2018 709 2050 tantum,
726 2017 778 2044 nisi
791 2021 924 2052 sequatur
937 2017 1003 2044 offi-

189 2053 261 2080 cium
275 2054 363 2080 beatoe
377 2053 479 2087 Mariae,
492 2054 557 2088 quia
570 2058 636 2082 tunc
649 2059 712 2089 post
726 2056 794 2083 illud
809 2056 908 2083 dicitur
924 2057 1004 2082 l‘atcr

193 2099 268 2118 noste
274 2100 293 2118 r.
308 2095 339 2119 ut
351 2100 444 2127 supra,
460 2096 488 2120 et
501 2093 552 2119 nisi
565 2093 618 2120 alis
633 2093 710 2121 Hora
724 2095 921 2130 subsequatur:
939 2099 1004 2122 tunc

191 2131 263 2159 enim
281 2131 382 2158 dicitur
398 2132 483 2159 semel
505 2135 611 2159 tantum
628 2133 707 2159 l’atcr
731 2139 834 2160 noster.
861 2142 924 2161 cum
945 2135 1002 2159 Ave

195 2169 289 2195 Maria.
315 2178 365 2206 pro
389 2171 523 2206 principio
547 2172 686 2205 sequentis
710 2172 808 2206 Horae3
836 2181 890 2207 qua
917 2173 1004 2207 finita,

192 2209 293 2237 dicitur
309 2208 387 2234 l’atcr
406 2216 510 2236 noster.
533 2211 570 2238 ita
594 2215 624 2238 ut
647 2219 756 2246 semper
772 2212 879 2239 dicatur
900 2213 927 2239 in
950 2213 1004 2240 fine

192 2248 295 2275 ultimae
317 2248 409 2276 Horae.
445 2249 474 2276 Si
495 2254 586 2277 autem
609 2254 671 2285 post
690 2251 827 2285 Vesperas
850 2251 1005 2280 immediate

191 2290 323 2322 sequatur
335 2288 560 2323 Completorium,
578 2290 651 2316 dicto
667 2289 796 2314 Vicit-lium
818 2289 923 2315 snimae.
941 2291 1004 2319 inci-

192 2326 268 2361 pitur
283 2327 387 2354 Versus
404 2327 474 2352 Anba:
494 2327 591 2353 domuc
614 2328 778 2354 benedicere,

241 2365 264 2392 2.
284 2365 401 2399 Quando
419 2365 446 2392 in
464 2365 518 2392 tine
535 2366 674 2394 Orationis
691 2367 844 2394 Dominicae
866 2368 1005 2402 proferen-

193 2403 259 2431 dum
277 2407 318 2431 est
335 2404 410 2431 clm
428 2412 495 2432 voce
519 2406 548 2430 tlt
570 2413 600 2431 ne
626 2414 675 2430 nos.
699 2406 825 2432 indm-ns.
847 2415 956 2442 semper
977 2408 1004 2435 in

212 2442 326 2477 rincipio
350 2443 446 2470 eadem
470 2451 537 2471 voce
560 2444 739 2478 proferuntur
762 2445 820 2472 haec
842 2446 898 2473 duo
921 2448 1004 2474 verba

210 2480 275 2504 'ater
291 2485 389 2505 noster.
404 2486 433 2508 ut
446 2482 474 2508 in
488 2482 628 2515 Precibus,
641 2487 668 2510 et
681 2484 828 2511 similibus:
848 2485 916 2512 alias
928 2493 1004 2512 num-

192 2527 275 2554 quam
294 2519 486 2554 proferuntur,
509 2521 558 2548 sed
582 2521 682 2548 dicitur
704 2526 791 2549 totum
810 2528 923 2550 secreto.
960 2525 1004 2552 Ad

194 2558 304 2585 Laudes
322 2566 387 2585 vero
405 2563 432 2586 et
451 2560 598 2594 Vespems,
621 2561 732 2594 quando
750 2562 778 2588 in
798 2562 886 2589 feriali
905 2563 1004 2591 Officio

193 2598 322 2625 dicuntur
334 2598 440 2631 Preces,
458 2602 546 2625 totum
559 2599 660 2627 dicitur
672 2601 747 2627 clara
761 2609 829 2629 voce
846 2603 882 2628 ab
895 2603 1004 2630 Hebdo-

193 2637 324 2664 madario.

243 2677 268 2703 3.
281 2676 416 2704 Salutatio
427 2676 558 2710 Angelica
571 2685 680 2711 semper
694 2678 793 2705 dicitur
803 2683 866 2706 ante
876 2680 1004 2707 Officium

194 2715 281 2742 beatae
299 2715 407 2750 Mariae,
426 2716 538 2750 quando
557 2724 611 2743 non
631 2717 804 2751 conjungitur
823 2726 885 2745 cum
906 2719 1004 2747 Officio

1042 278 1168 311 nemim
1191 277 1257 312 quia
1274 261 1341 304 tuso
1359 276 1463 304 sufficit
1481 275 1584 302 dixisse
1602 281 1663 301 eam
1681 274 1709 300 in
1727 272 1863 308 principio

1042 326 1105 345 cum
1125 317 1255 344 Oratione
1273 316 1428 346 Dominica.

1071 382 1236 415 XXXIII.
1268 383 1315 413 Dc
1349 381 1507 431 Symholo
1542 381 1776 422 Apostolorum
1805 387 1835 414 ct

1245 430 1402 470 Symbolo
1426 430 1458 460 S.
1485 430 1666 461 Athanasii.

1047 485 1228 541 §ymbolum
1243 484 1443 519 Apostolorum
1461 490 1571 517 semper
1585 482 1687 509 dicitur
1700 486 1764 508 ante
1778 482 1866 509 Matu-

1048 536 1071 551 ι(
1103 525 1191 551 tinum
1215 527 1242 550 et
1266 524 1402 556 Primam,
1431 526 1458 549 et
1485 522 1563 549 finito
1587 521 1776 556 completorio
1802 524 1867 556 post

1044 564 1204 591 Orationem
1218 563 1387 597 Angelicam,
1401 565 1489 588 totum
1504 565 1623 588 secreto:
1637 560 1745 588 etiamsi
1757 561 1794 588 ad
1807 560 1868 588 Pri-

1045 611 1118 630 mam
1145 606 1172 629 et
1195 601 1412 636 completorium
1439 601 1539 627 iterum
1567 600 1715 627 dicendum
1741 599 1778 628 sit
1803 606 1867 628 cum

1045 642 1184 669 Precibus.
1227 641 1345 675 Quando
1369 647 1436 667 vero
1461 640 1563 667 dicitur
1587 647 1651 666 cum
1675 638 1809 666 Precibus
1832 638 1868 666 ad

1046 681 1167 708 Primam
1180 684 1207 708 et
1217 680 1444 714 completorium,
1457 679 1533 706 clara
1543 686 1611 706 voce
1622 678 1766 713 profertur
1776 678 1867 704 Credo

1047 720 1071 744 in
1092 720 1185 744 Deum.
1204 723 1231 747 et
1245 720 1272 746 in
1287 716 1452 746 fine⁴ilz=r17is
1467 717 1708 744 resurrectionem:
1729 717 1868 752 reliquum

1046 759 1146 786 dicitur
1159 762 1278 786 secreto:
1297 758 1366 785 alias
1380 761 1467 784 totum
1482 761 1589 785 secreto
1603 757 1712 791 dicitur,
1731 761 1762 784 ut
1775 764 1868 791 supra.

1095 803 1119 829 2.
1134 802 1298 836 Symbolum
1312 801 1338 828 S.
1350 801 1495 829 Athanasii
1509 801 1611 828 dicitur
1624 801 1660 828 ad
1670 801 1792 828 Primam
1805 804 1869 836 post

1046 842 1187 869 Psalmum
1205 841 1342 868 ltctrshuc.
1351 841 1379 867 in
1389 841 1519 867 omnibus
1530 840 1683 868 Dominicis
1695 847 1747 875 per
1755 847 1868 875 annum,

1046 881 1158 915 quando
1173 880 1303 907 Ofiicium
1318 880 1350 907 fit
1363 880 1398 906 de
1411 880 1566 914 Dominica,
1580 879 1703 914 exceptis
1715 878 1871 907 Dominicis

1045 920 1118 947 infra
1133 920 1253 947 Octavas
1267 919 1426 947 Nativitatis
1440 919 1562 953 Domini,
1581 919 1752 954 Epiphaniae‚
1766 918 1871 946 Ascen-

1047 959 1139 992 sionis,
1158 962 1184 986 et
1203 958 1334 993 Corporis
1347 958 1458 992 Christi,
1476 966 1508 985 ac
1523 958 1669 986 Dominica
1682 957 1871 985 Resurrectio-

1047 999 1089 1025 nis
1108 1002 1134 1025 et
1154 998 1344 1032 Pentecostes,
1369 998 1396 1024 in
1415 998 1516 1032 quibus
1541 998 1672 1025 dicuntur
1688 1001 1797 1024 tantum
1814 1000 1872 1024 tres

1047 1038 1150 1064 Psalmi
1175 1037 1313 1071 consueti,
1338 1041 1368 1064 ut
1390 1037 1417 1063 in
1437 1037 1533 1063 Pestis.
1570 1037 1603 1063 In
1621 1036 1775 1064 Dominicis
1797 1035 1872 1063 infra

1049 1077 1117 1103 alias
1131 1077 1259 1110 Octavas‚
1271 1080 1299 1103 et
1313 1077 1340 1103 in
1355 1076 1501 1103 Dominica
1515 1076 1660 1103 Trinitatis
1675 1075 1789 1110 dicitur3
1803 1074 1872 1102 alias

1048 1123 1215 1149 numquam,
1237 1123 1327 1150 neque
1350 1115 1373 1142 si
1398 1115 1511 1149 aliquod
1536 1116 1649 1142 Festum
1668 1115 1780 1150 Duplex
1803 1114 1872 1142 cele-

1049 1156 1145 1182 bretur
1163 1155 1190 1181 in
1210 1155 1363 1182 Dominica.
1400 1155 1434 1182 Et
1458 1155 1487 1181 in
1511 1155 1566 1182 fine
1589 1155 1662 1182 illius
1685 1155 1787 1182 dicitur
1805 1154 1871 1181 Glo-

1050 1196 1087 1221 rlu
1111 1196 1182 1220 Patri

1247 1252 1410 1285 XXXIV.
1438 1255 1486 1284 Dc
1511 1254 1674 1285 Precibus.

1057 1320 1176 1379 preces
1194 1316 1259 1339 sunt
1276 1313 1382 1346 aliquot
1394 1313 1499 1340 Versus
1517 1302 1564 1347 qui
1578 1312 1729 1347 aliquando
1742 1312 1873 1340 dicuntur

1109 1355 1173 1378 ante
1191 1352 1359 1386 Orationem,
1378 1352 1539 1387 incipientes
1557 1359 1574 1379 a
1595 1352 1678 1385 liirit·
1698 1351 1809 1381 eleison,
1826 1351 1872 1379 vel

1049 1399 1066 1419 a
1089 1390 1169 1415 Putet*
1189 1392 1288 1414 noster.

1100 1430 1124 1457 2.
1143 1429 1242 1457 Preces
1260 1430 1448 1458 Dominicales
1472 1430 1508 1457 ad
1526 1430 1649 1458 Primam
1671 1433 1699 1458 et
1716 1429 1874 1465 completo-

1049 1470 1135 1503 rium,
1158 1472 1189 1496 ut
1207 1469 1235 1495 in
1254 1469 1403 1503 Psalterio,
1425 1478 1482 1497 non
1500 1470 1631 1497 dicuntur
1651 1470 1681 1497 in
1698 1469 1874 1504 anlicibus,

1050 1517 1101 1536 nec
1114 1509 1187 1535 infra
1202 1508 1329 1542 Octavus,
1342 1516 1394 1536 nec
1408 1509 1436 1535 in
1449 1509 1549 1543 Vigilia
1563 1509 1735 1544 Epiphaniae,
1753 1511 1781 1536 et
1793 1507 1875 1536 Faria

1050 1551 1129 1575 sexta
1146 1551 1173 1574 et
1191 1547 1314 1574 Sabbato
1332 1551 1396 1582 post
1413 1548 1548 1575 Octavam
1561 1547 1749 1582 Ascensionis,
1767 1546 1875 1575 etiamsi

1050 1588 1124 1614 infra
1142 1588 1275 1614 Octavam
1297 1587 1345 1614 fiat
1364 1587 1495 1615 Officium
1514 1587 1550 1615 de
1567 1587 1727 1622 Dominica,
1750 1586 1796 1614 vel
1817 1585 1874 1614 alio

1051 1627 1133 1654 Festo
1147 1626 1333 1661 Semiduplici‚
1351 1627 1417 1661 quia
1434 1631 1500 1655 tune
1517 1627 1624 1654 ratione
1639 1626 1752 1654 Oetavae
1764 1633 1822 1653 non
1834 1625 1874 1653 di-

1050 1670 1164 1700 cuntur;
1183 1666 1251 1692 alias
1270 1670 1362 1693 autem
1381 1674 1491 1701 semper
1507 1667 1646 1694 dicuntum

1103 1707 1126 1732 3.
1146 1706 1247 1732 Preces
1261 1705 1370 1732 feriales
1385 1705 1421 1732 ad
1435 1705 1546 1733 Laudes
1565 1709 1593 1733 et
1609 1713 1660 1741 per
1672 1705 1766 1732 Horas
1780 1705 1875 1732 distin-

1050 1748 1110 1777 ctae,
1129 1748 1159 1771 ut
1177 1744 1205 1771 in
1222 1744 1371 1778 Psalterio,
1390 1745 1522 1772 dicuntur
1539 1749 1648 1773 tantum
1665 1745 1694 1772 in
1711 1745 1799 1772 Feriis
1817 1743 1875 1772 Ad-

1050 1787 1157 1817 ventus,
1177 1783 1410 1818 Quadragesimae,
1424 1785 1551 1818 Quatuor
1564 1785 1744 1819 Temporum,
1761 1786 1790 1812 et
1802 1783 1876 1818 Vigi-

1052 1823 1150 1849 liarum
1173 1830 1236 1856 quae
1260 1823 1416 1857 jejunantur
1440 1824 1574 1859 (exceptis
1591 1823 1693 1858 vigilia
1715 1823 1876 1852 Nativitatis

1052 1862 1178 1893 Domini.
1201 1869 1234 1889 ac
1251 1862 1351 1896 vigilia
1373 1866 1401 1890 et
1425 1863 1552 1897 Quatuor
1569 1863 1756 1898 Temporibus
1777 1862 1876 1890 Pente-

1052 1903 1169 1934 costes),
1195 1905 1223 1928 et
1246 1904 1313 1928 tunc
1336 1901 1467 1929 dicuntur
1489 1902 1569 1930 flexis
1592 1903 1716 1936 genibus.
1756 1902 1790 1929 In
1815 1901 1876 1929 aliis

1053 1940 1138 1967 Feriis
1162 1948 1212 1974 per
1230 1948 1332 1967 annum
1351 1949 1503 1976 numquam
1526 1942 1657 1969 dicuntur
1678 1941 1733 1968 nisi
1751 1940 1876 1969 Domini-

1051 1979 1133 2013 cales,
1151 1983 1179 2006 et
1196 1979 1224 2006 in
1243 1979 1298 2006 illis
1316 1987 1372 2006 non
1390 1981 1540 2008 flectuntur
1556 1988 1654 2015 genua.

1102 2020 1126 2046 4,
1145 2019 1177 2046 In
1192 2019 1279 2046 Feriis
1293 2019 1447 2054 Adventus,
1461 2020 1695 2054 Quadragesimae‚
1708 2023 1736 2047 et
1749 2020 1877 2053 Quatuor

1052 2059 1230 2092 Temporum,
1248 2058 1378 2085 dicuntur
1392 2059 1492 2086 Preces
1505 2059 1616 2086 feriales
1628 2059 1711 2086 etiam
1723 2059 1761 2085 ad
1774 2059 1876 2093 Vespe-

1051 2105 1110 2130 ras,
1132 2097 1155 2124 si
1173 2104 1229 2124 non
1247 2101 1380 2131 sequatur
1398 2098 1523 2125 Festum:
1546 2098 1582 2125 ad
1600 2098 1819 2132 completorium
1838 2097 1877 2124 di—

1051 2139 1152 2163 cuutur
1174 2139 1313 2163 consuetae
1336 2137 1371 2163 de
1394 2137 1553 2171 Dominica,
1577 2137 1626 2164 sed
1650 2137 1729 2164 flexis
1751 2136 1875 2171 genibus.

1053 2176 1191 2203 Dicuntur
1209 2179 1302 2202 autem
1320 2177 1421 2203 Preces
1439 2177 1517 2203 flexis
1535 2177 1650 2210 genibus
1668 2177 1705 2203 ab
1718 2176 1876 2204 Hebdoma-

1053 2214 1131 2241 dario
1157 2223 1246 2249 usque
1272 2215 1308 2242 ad
1333 2215 1450 2242 Versum
1486 2215 1619 2240 muninus
1648 2216 1789 2241 vobiscum
1812 2219 1876 2242 ante

1052 2254 1170 2288 primam
1184 2254 1355 2281 Orationem:
1373 2262 1390 2281 a
1407 2254 1651 2282 circumstantibus
1669 2259 1770 2289 autem,
1787 2262 1878 2289 usque

1053 2293 1088 2320 ad
1099 2294 1216 2320 Versum
1238 2292 1436 2318 licut—dicamus
1454 2293 1578 2318 iminium.
1590 2298 1655 2328 post
1667 2295 1794 2322 ultimam
1807 2294 1876 2322 Ora-

1053 2332 1164 2359 tionem.

1104 2371 1128 2397 5.
1147 2371 1179 2397 In
1194 2370 1299 2404 Vigiliis
1318 2371 1418 2398 Preces
1438 2371 1547 2399 feriales
1566 2373 1696 2400 dicuntur
1713 2376 1821 2400 tantum
1839 2372 1876 2399 ad

1054 2409 1227 2443 Matutinum‚
1245 2413 1272 2436 et
1287 2417 1338 2443 per
1350 2410 1457 2444 Horas3
1476 2411 1512 2437 ad
1527 2412 1664 2446 Vesperas
1678 2419 1746 2438 vero
1761 2419 1876 2446 sequen-

1053 2452 1094 2475 tes
1112 2457 1168 2475 non
1187 2449 1328 2481 dicuntur,
1351 2449 1415 2482 quia
1438 2450 1502 2476 inde
1525 2450 1555 2477 fit
1573 2451 1608 2477 de
1627 2451 1716 2478 Festo.
1752 2450 1835 2484 Quod
1852 2451 1876 2477 si

1053 2492 1115 2522 post
1134 2488 1261 2521 Vigiliam
1279 2487 1306 2514 S.
1326 2488 1436 2515 Mathiae
1455 2494 1588 2523 sequatur
1605 2490 1711 2524 primus
1730 2489 1789 2517 dies
1803 2490 1876 2524 Qua-

1054 2527 1228 2560 dragesimae,
1260 2527 1289 2553 in
1315 2527 1444 2561 Vesper-is
1471 2528 1600 2555 dicuntur
1627 2530 1728 2556 Preces
1757 2528 1876 2563 feriales,

1054 2565 1181 2599 quamvis
1202 2565 1319 2592 dicenda
1341 2566 1376 2592 sit
1395 2567 1490 2594 Oratio
1508 2567 1663 2595 Dominicae
1686 2567 1877 2602 praecedentis,

1053 2609 1080 2631 et
1093 2612 1148 2631 non
1159 2604 1273 2638 Vigiliae.
1300 2605 1382 2638 Quod
1395 2606 1476 2632 etiam
1491 2610 1619 2633 servatur
1631 2607 1745 2641 quando
1758 2607 1786 2634 in
1796 2607 1876 2634 Fet-ia

1053 2647 1131 2671 sexta
1148 2647 1176 2670 et
1193 2643 1316 2670 Sabbato
1335 2645 1460 2677 Quatuor
1473 2645 1643 2679 Temporum
1657 2646 1828 2681 Septembris
1845 2646 1878 2673 fit

1054 2682 1183 2710 Officium
1203 2682 1237 2709 de
1256 2683 1343 2717 Feria,
1361 2691 1423 2710 cum
1442 2684 1469 2711 in
1485 2684 1524 2711 eis
1543 2692 1598 2711 non
1617 2689 1745 2713 occurrat
1763 2686 1875 2714 Festum

1053 2729 1153 2749 novem
1163 2722 1338 2750 Lectionum:
1353 2726 1418 2750 tunc
1430 2723 1502 2750 enim
1516 2723 1544 2750 in
1553 2724 1684 2760 Vesperis
1693 2725 1781 2752 Feriae
1789 2727 1878 2752 sextae
