2040 2990
995 130 1112 137 ω

236 274 285 314 In
305 279 427 326 petra
447 273 654 316 exaltavit
672 287 756 316 me:
782 276 805 299 *
832 280 875 316 et
894 287 1006 316 nunc

185 329 389 371 exaltavit
408 336 538 382 caput
557 343 701 372 meum
721 343 852 383 super
871 331 1005 371 inimi-

183 397 258 426 cos
277 398 409 426 meos.

236 445 432 495 Circuivi,
453 452 496 488 et
512 447 733 489 immolavi
748 448 791 488 in
806 447 1004 489 taberna-

182 500 279 542 culo
300 502 389 553 ejus
408 502 595 544 hostiam
614 504 953 545 vociferationis:
981 505 1004 529 *

181 557 384 607 cantabo,
422 564 465 600 et
498 559 711 611 psalmum
744 559 885 601 dicam
916 560 1003 601 Do—

179 614 308 655 mino.

232 674 401 717 Exaiidi
439 676 624 718 Domine
661 690 815 719 vocem
850 691 1002 727 meam,

182 735 266 781 q'ua
286 731 469 773 clamavi
488 732 543 774 ad
562 739 625 775 te:
644 735 666 758 ¹⁸¹
686 734 891 775 miserere
906 735 1002 784 mei,

180 791 223 827 et
243 787 499 841 exaudi,me.

229 846 328 888 Tibi
348 848 456 891 dixit
480 863 556 891 cor
584 863 742 900 meum,
771 852 1002 904 exquisivit

177 907 221 943 te
242 903 373 945 facies
396 918 510 947 mea:
538 907 561 931 *
589 907 744 948 faciem
767 912 886 949 tuam
914 907 1001 949 Do—

179 959 292 1001 mine
321 964 548 1013 requiram.

230 1020 296 1062 Ne
317 1024 486 1064 avertas
508 1023 661 1066 faciem
680 1030 798 1066 tuam
818 1038 841 1066 a
861 1038 949 1066 me:
978 1026 1000 1051 *

178 1089 230 1117 ne
251 1076 440 1119 declines
460 1079 502 1119 in
522 1080 584 1121 ira
604 1094 628 1121 a
649 1094 777 1122 servo
797 1087 884 1123 tuo.

228 1141 414 1192 Adiutor
432 1157 553 1185 meus
575 1151 685 1187 esto:
704 1147 726 1171 *
746 1159 799 1187 ne
818 1146 999 1188 derelin-

179 1209 285 1248 quas
305 1212 384 1248 me,
405 1213 544 1252 neque
561 1201 776 1255 despicias
795 1216 864 1244 me
879 1203 999 1245 Deus

177 1252 375 1296 salutaris
396 1269 527 1298 meus.

228 1319 439 1369 Quoniam
469 1328 593 1375 pater
620 1337 757 1374 meus,
791 1331 834 1367 et
861 1331 1000 1367 mater

177 1387 271 1416 mea
292 1375 616 1430 dereliquerunt
638 1394 726 1423 me:
744 1383 767 1407 *
787 1382 998 1424 Dominus

176 1437 318 1473 autem
347 1436 581 1488 assumpsit
599 1451 679 1479 me.

219 1496 380 1547 Legem
400 1513 514 1551 pone
537 1502 640 1543 mihi
660 1503 845 1545 Domine
868 1504 909 1544 in
930 1505 999 1546 via

176 1557 268 1593 tua:
287 1555 309 1578 *
331 1560 373 1596 et
393 1555 530 1607 dirige
558 1572 627 1599 me
651 1560 693 1599 in
719 1561 915 1601 semitam
935 1574 997 1603 re-

177 1614 290 1649 ctam
306 1618 486 1664 propter
506 1614 701 1657 inimicos
722 1630 854 1659 meos.

228 1674 295 1716 Ne
323 1676 554 1720 tradideris
582 1694 652 1722 me
680 1682 723 1721 in
743 1683 907 1724 animas
926 1685 998 1725 tri-

176 1728 414 1774 bulantium
447 1748 537 1776 me:
572 1738 594 1761 *
629 1739 831 1789 quoniam
864 1740 997 1782 insur-

177 1789 379 1831 rexerunt
390 1790 430 1830 in
443 1804 511 1832 me
523 1797 656 1834 testes
668 1794 813 1847 iniqui,
830 1802 872 1837 et
882 1810 997 1839 men-

175 1844 252 1884 tita
275 1851 340 1886 est
358 1845 559 1899 iniquitas
579 1849 671 1891 sibi.

229 1908 371 1950 Credo
399 1911 546 1953 videre
574 1913 688 1956 bona
708 1916 883 1958 Domini
906 1919 928 1944 *
955 1919 997 1960 in

175 1968 291 2005 terra
311 1966 555 2010 viventium.

227 2028 444 2082 Exspecta
454 2032 697 2085 Dominum,
710 2038 887 2081 viriliter
902 2054 997 2092 age:

176 2084 199 2108 ¹⁸¹
244 2090 287 2127 et
331 2088 598 2132 confortetur
643 2105 719 2134 cor
762 2101 902 2147 tuum,
954 2104 997 2140 et

175 2141 339 2184 sustine
367 2143 611 2188 Dominum.

455 2223 644 2263 l'salmus
674 2225 735 2263 27.

257 2288 286 2331 d
321 2296 363 2332 te
399 2291 585 2336 Domine
622 2295 839 2349 clamabo,
877 2302 996 2345 Deus

282 2359 403 2388 meus
419 2361 472 2390 ne
488 2349 615 2392 sileas
631 2365 655 2393 a
670 2366 755 2395 me:
770 2357 792 2380 *
809 2362 995 2410 nequan-

176 2398 234 2441 do
252 2403 399 2444 taceas
426 2418 450 2445 a
469 2418 553 2455 me,
573 2413 616 2448 et
635 2410 906 2455 assimilabor
925 2415 995 2457 de-

175 2457 481 2501 scendentibus
500 2461 542 2502 in
562 2462 713 2505 lacum.

228 2522 395 2564 Exaudi
433 2524 618 2569 Domine
656 2543 808 2572 vocem
845 2533 995 2587 depre—

176 2578 356 2619 cationis
372 2593 480 2622 meae
499 2581 601 2624 dum
618 2598 696 2627 oro
713 2586 767 2628 ad
787 2591 882 2629 te:*
894 2590 994 2633 dum

175 2634 338 2676 extollo
373 2649 524 2678 manus
557 2653 675 2682 meas
704 2642 759 2684 ad
787 2646 995 2698 templum

175 2695 370 2732 sanctum
390 2698 520 2734 tuum.

723 184 826 216 {wrm
855 184 1020 216 secundia

1050 183 1094 215 ud
1127 183 1359 216 Matutinum.

1110 275 1177 316 Ne
1198 275 1325 317 simul
1349 276 1497 318 trahas
1521 290 1592 318 me
1618 290 1717 320 cum
1735 292 1888 332 pecca-

1058 331 1241 373 toribus:
1269 334 1292 357 *
1321 338 1364 374 et
1390 346 1489 375 cum
1509 334 1794 386 operantibus
1811 337 1887 378 ini-

1060 388 1269 439 quitatem
1290 402 1343 430 ne
1363 389 1524 442 perdas
1543 403 1631 432 me:

1110 449 1193 498 Qui
1222 449 1460 502 loquuntur
1489 463 1644 503 pacem
1670 465 1770 494 cum
1787 456 1888 506 pro-

1057 505 1174 546 ximo
1186 519 1276 555 suo,
1292 508 1314 531 *
1329 506 1445 548 mala
1460 513 1606 549 autern
1621 508 1664 549 in
1680 509 1887 553 cordibus

1059 563 1220 603 eorum.

1107 618 1176 659 Da
1199 618 1282 660 illis
1302 619 1543 662 secundum
1569 623 1704 674 opera
1724 625 1886 675 eorum,

1056 675 1078 699 *
1098 681 1142 716 et
1166 675 1405 718 secundum
1424 678 1662 730 nequitiam
1683 679 1887 723 adinven-

1055 731 1222 772 tionum
1242 734 1449 785 ipsorum.

1107 788 1355 830 Secundum
1371 792 1507 843 opera
1516 794 1722 834 manuum
1733 796 1885 836 eorum

1054 844 1196 886 tribue
1216 845 1318 886 illis:
1345 847 1367 871 *
1394 847 1531 890 redde
1552 849 1885 892 retributionem

1055 903 1205 942 eorum
1225 902 1341 955 ipsis.

1106 959 1320 1008 Quoniam
1331 973 1418 1001 non
1429 961 1736 1005 intellexerunt
1747 965 1885 1017 opera

1054 1013 1239 1065 Domini,
1260 1021 1303 1057 et
1322 1016 1364 1057 in
1382 1019 1517 1070 opera
1532 1021 1739 1061 manuum
1755 1021 1844 1073 ejus
1860 1022 1883 1047 *

1054 1070 1252 1113 destrues
1264 1072 1372 1124 illos,
1389 1079 1433 1116 et
1444 1087 1531 1116 non
1543 1075 1783 1118 aedificabis
1795 1091 1883 1120 eos.

1104 1127 1368 1171 Benedictus
1383 1130 1614 1174 Dominus:
1633 1133 1657 1158 *
1679 1134 1883 1186 quoniam

1053 1184 1274 1227 exaudivit
1337 1200 1492 1229 vocem
1560 1188 1883 1242 deprecationis

1051 1253 1173 1282 meae.

1103 1298 1316 1341 Dominus
1332 1300 1506 1352 adjutor
1524 1316 1659 1354 meus,
1679 1309 1723 1346 et
1737 1306 1882 1357 prote-

1052 1359 1147 1395 ctor
1166 1369 1307 1397 meus:
1335 1358 1358 1383 *
1386 1358 1429 1398 in
1457 1359 1555 1412 ipso
1584 1361 1780 1413 speravit
1805 1374 1882 1403 cor

1051 1424 1205 1462 meum,
1227 1418 1270 1454 et
1289 1413 1460 1465 adjutus
1480 1428 1587 1457 sum.

1104 1468 1159 1509 Et
1186 1470 1383 1512 refloruit
1411 1484 1514 1514 caro
1542 1486 1660 1515 mea:
1693 1474 1716 1499 *
1749 1479 1793 1516 et
1827 1487 1883 1516 ex

1051 1524 1275 1567 voluntate
1294 1540 1391 1569 mea
1411 1529 1656 1571 confitebor
1675 1530 1725 1572 ei.

1103 1581 1316 1624 Dominus
1335 1584 1548 1627 fortitudo
1568 1585 1710 1639 plebis
1730 1601 1838 1630 suae:
1857 1589 1881 1614 *

1051 1643 1094 1678 et
1130 1641 1355 1690 protector
1393 1641 1683 1684 salvationum
1720 1643 1882 1686 Christi

1051 1694 1116 1734 sui
1137 1701 1213 1736 est.

1101 1751 1277 1793 Salvum
1302 1753 1369 1795 fac
1402 1754 1614 1808 populum
1642 1762 1765 1798 tuum
1792 1757 1880 1798 Do-

1050 1807 1174 1858 mine,
1195 1814 1238 1850 et
1258 1808 1442 1853 be'nedic
1462 1811 1711 1855 haereditati
1729 1818 1835 1855 tuae:
1856 1814 1880 1840 *

1051 1868 1093 1904 et
1114 1877 1215 1914 rege
1236 1879 1323 1916 eos,
1351 1872 1395 1908 et
1423 1868 1585 1911 extolle
1613 1869 1712 1911 illos
1739 1883 1880 1923 usque

1050 1919 1091 1959 in
1111 1923 1333 1963 aeternum.

1110 1989 1206 2029 Ant.
1258 1989 1471 2031 Dominus
1519 1989 1725 2034 defensor
1776 1991 1879 2034 vitae

1050 2054 1171 2084 meae.

1110 2112 1207 2151 Ant.
1239 2109 1444 2153 Adorate.

1330 2196 1524 2237 Psalmus
1552 2198 1617 2237 28.

1131 2259 1256 2302 fferte
1271 2262 1460 2306 Domino
1477 2265 1554 2306 filii
1568 2265 1666 2307 Dei:
1686 2267 1710 2291 ¹⁸¹
1724 2266 1877 2309 afferte

1155 2316 1346 2360 Domino
1366 2320 1480 2362 filios
1500 2324 1696 2364 arietum.

1100 2372 1267 2415 Afferte
1295 2375 1484 2419 Domino
1517 2378 1702 2429 gloriam
1730 2385 1774 2422 et
1801 2379 1877 2422 ho-

1048 2430 1209 2478 norem,
1229 2430 1381 2473 afferte
1396 2433 1587 2477 Domino
1602 2435 1788 2486 gloriam
1802 2438 1876 2477 no-

1047 2484 1149 2525 mini
1180 2486 1287 2537 ejus:
1314 2488 1336 2512 *
1366 2489 1548 2532 adorate
1572 2491 1810 2534 Dominum
1833 2493 1876 2534 in

1048 2541 1159 2582 atrio
1180 2548 1331 2584 sancto
1352 2545 1452 2596 ejus.

1099 2597 1198 2638 Vox
1226 2598 1402 2641 Domini
1430 2615 1560 2655 super
1589 2617 1736 2657 aquas,
1755 2605 1876 2647 Deus

1048 2653 1284 2704 majestatis
1336 2656 1538 2700 intonuit:
1588 2662 1612 2685 *
1661 2661 1875 2703 Dominus

1024 2741 1027 2758 ,
1048 2720 1179 2761 super
1199 2723 1334 2763 aquas
1354 2713 1522 2755 multas.
