2040 2990
596 225 698 259 Infra
724 225 1017 259 hebdomadam
1042 225 1093 259 iii.
1118 229 1207 268 post
1231 223 1499 267 Epiphaniam.

192 327 415 368 dexteram
439 330 528 367 tuae
553 325 792 377 majestatis
819 323 1017 366 extende.

191 384 275 425 Per
292 382 540 423 Dominum.

247 442 318 483 Ad
334 442 505 493 Magnis.
523 443 621 484 Ant.
640 441 834 491 Demine,
851 442 875 467 *
890 441 927 482 si
942 441 1018 489 vis,

192 504 320 553 potes
346 512 417 541 me
443 498 674 540 mundare:
712 503 755 540 et
787 498 847 539 ait
875 498 899 538 J
902 510 1018 539 esus:

191 556 320 606 Volo,
340 555 564 597 mundare.

248 611 299 662 V.
309 617 534 667 Dirigatur
548 616 737 657 Demine
755 614 896 656 oratio
911 626 1019 654 mea.

196 674 249 725 R.
258 674 377 715 Sicut
390 674 614 714 incensum
624 673 667 713 in
680 673 919 723 conspectu
930 675 1019 711 tuo.

377 796 539 832 Feria
573 793 834 831 Secunda.

302 859 366 899 De
399 856 600 910 Epistola
635 854 692 896 ad
725 853 915 896 Galatas

327 921 478 963 Lectio
507 922 531 961 i.
736 922 838 974 Cap.
856 922 893 962 3.

199 989 276 1041 ζῇ
302 987 510 1029 insensati
530 986 716 1035 Galatae,
743 985 840 1037 quis
864 996 943 1024 vos
962 984 1019 1025 fa-

199 1042 275 1084 Q'y'
304 1044 488 1085 scinavit
515 1055 602 1084 non
630 1040 811 1084 obedire
836 1039 1020 1090 veritati,

194 1107 294 1143 ante
312 1113 497 1153 quorum
512 1099 664 1141 Oculos
679 1099 703 1139 J
706 1110 806 1139 esus
823 1096 1020 1138 Christus

193 1160 478 1212 praescriptus
507 1160 592 1206 est,
626 1156 669 1196 in
698 1154 825 1197 vobis
855 1153 1021 1195 crucifi-

194 1214 298 1256 xus?
334 1214 434 1255 Hoc
459 1213 601 1255 solum
628 1225 653 1253 a
679 1211 805 1253 vobis
831 1210 933 1252 volo
961 1209 1021 1251 di-

195 1284 333 1313 scere:
361 1271 428 1311 Ex
454 1269 662 1322 operibus
686 1268 794 1319 legis
815 1267 1022 1320 Spiritum

196 1328 444 1381 accepistis,
468 1339 522 1367 an
543 1339 597 1368 ex
616 1325 769 1367 auditu
788 1322 914 1365 fidei?
951 1323 1023 1364 Sic

197 1385 318 1426 stulti
346 1384 469 1435 estis,
496 1387 545 1424 ut
574 1396 673 1424 cum
701 1381 856 1434 spiritu
881 1381 1022 1432 coepe-

196 1442 310 1491 ritis,
339 1453 453 1482 nunc
482 1452 611 1481 carne
639 1434 1022 1480 consummemini?

196 1499 339 1539 Tanta
358 1497 477 1550 passi
497 1497 601 1538 estis
621 1496 712 1537 sine
733 1491 886 1536 causa?
907 1493 944 1534 si
962 1498 1023 1534 ta-

197 1567 297 1595 men
323 1554 415 1595 sine
442 1566 584 1595 causa.
631 1552 715 1603 Qui
741 1563 846 1602 ergo
871 1549 1024 1592 tribuit

197 1610 322 1652 vobis
333 1610 552 1663 Spiritum,
565 1614 608 1650 et
622 1610 830 1661 operatur
841 1607 1023 1648 virtutes

197 1667 240 1708 in
264 1666 406 1708 vobis:
433 1679 486 1707 ex
510 1665 718 1719 operibus
741 1664 866 1714 legis,
891 1676 945 1703 an
970 1675 1024 1704 ex

198 1723 349 1765 auditu
377 1721 506 1764 fidei?
552 1722 673 1764 Sicut
702 1720 912 1773 scriptum
942 1724 1024 1760 est:

160 1825 164 1828 ,
199 1779 422 1821 Abraham
446 1778 634 1820 credidit
652 1778 766 1826 Deo,
790 1780 833 1818 et
852 1776 1024 1828 reputa-

199 1842 291 1878 tum
311 1841 378 1878 est
396 1835 457 1876 illi
476 1835 533 1876 ad
551 1834 770 1887 justitiam.

255 1895 307 1947 R.
330 1894 470 1943 Quam
488 1903 657 1943 magna.
684 1891 779 1932 288.

512 1959 664 2001 Lectio
683 1959 721 2000 ii.

206 2014 506 2123 Cognescite
526 2030 639 2069 ergo,
656 2016 757 2069 quia
777 2016 850 2069 qui
869 2028 923 2057 ex
939 2014 1027 2057 fide

293 2079 404 2124 sunt,
426 2074 455 2114 ii
475 2078 575 2114 sunt
595 2073 671 2114 filii
691 2072 893 2114 Abrahae.
924 2072 1027 2113 Pro-

202 2130 354 2173 videns
386 2135 531 2171 autem
560 2130 803 2182 Scriptura,
841 2129 941 2181 quia
974 2141 1028 2170 ex

202 2187 289 2229 fide
321 2186 525 2238 justificat
553 2186 718 2227 Gentes
746 2186 885 2234 Deus,
918 2198 1027 2238 prae-

202 2243 417 2285 nuntiavit
453 2242 663 2283 Abrahae:
707 2242 818 2292 Quia
852 2241 1028 2283 benedi-

204 2301 356 2342 centur
374 2299 417 2340 in
437 2303 481 2341 te
505 2311 656 2340 omnes
676 2299 851 2339 Gentes.
889 2298 1028 2349 Igitur

205 2357 277 2409 qui
298 2369 352 2398 ex
366 2355 453 2396 fide
473 2360 583 2404 sunt,
601 2354 914 2396 benedicentur
931 2367 1030 2396 cum

205 2412 323 2454 fideli
346 2411 579 2453 Abraham.
618 2411 890 2462 Quicumque
915 2411 1029 2452 enim

205 2482 259 2511 ex
286 2468 493 2521 operibus
519 2467 627 2519 legis
652 2472 768 2516 sunt,
797 2467 877 2508 sub
900 2467 1029 2508 male-

206 2525 323 2567 dicto
344 2529 453 2566 sunt.
480 2524 697 2576 Scriptum
713 2528 780 2564 est
796 2523 923 2564 enim:
942 2524 1029 2565 Ma-

205 2581 390 2623 ledictus
411 2581 561 2629 omnis,
584 2580 657 2632 qui
676 2592 763 2620 non
783 2582 1029 2631 permanse-

207 2639 262 2680 rit
280 2638 323 2678 in
343 2636 555 2685 omnibus,
577 2648 675 2688 quae
696 2636 859 2688 scripta
874 2641 973 2677 sunt
988 2636 1029 2677 in

207 2694 319 2736 libro
339 2693 447 2744 legis
467 2698 514 2734 ut
534 2693 663 2733 faciat
683 2705 744 2733 ea.

260 2752 311 2804 Ιίι.
336 2753 523 2806 Adjutor
542 2766 675 2794 meus.
703 2754 795 2793 288.

1373 319 1523 360 Lectio
1543 318 1598 359 iii.

1076 362 1329 486 Queniam
1348 380 1495 418 autem
1513 375 1557 416 in
1575 374 1672 426 lege
1690 386 1818 416 nemo
1837 373 1894 425 ju-

1170 433 1384 475 stificatur
1403 431 1522 485 apud
1538 432 1697 481 Deum,
1718 429 1895 472 manife-

1071 496 1187 532 stum
1206 494 1288 532 est:
1319 489 1420 541 quia
1439 489 1577 540 justus
1598 501 1653 530 ex
1671 486 1759 529 fide
1778 486 1896 528 vivit.

1070 548 1163 589 Lex
1191 552 1338 588 autem
1368 557 1458 587 non
1485 550 1553 587 est
1585 558 1640 587 ex
1666 543 1774 593 fide,
1807 541 1896 591 sed,

1071 605 1155 655 Qui
1175 603 1328 645 fecerit
1348 615 1414 653 ea,
1440 602 1559 644 vivet
1581 602 1626 643 in
1645 600 1741 642 illis.
1778 598 1897 640 Chri-

1071 666 1164 702 stus
1188 673 1269 702 nos
1293 659 1480 701 redemit
1503 658 1559 700 de
1582 657 1816 699 maledicto
1839 655 1896 697 le-

1071 717 1153 769 gis,
1178 717 1320 758 factus
1343 729 1425 769 pro
1449 715 1579 757 nobis
1602 712 1898 755 maledictum:

1072 775 1173 826 quia
1205 774 1418 826 scriptum
1450 778 1536 815 est:
1567 770 1827 813 Maledictus
1855 781 1898 810 o-

1071 831 1182 871 mnis
1197 830 1270 883 qui
1285 829 1450 883 pendet
1463 830 1508 870 in
1522 829 1656 880 ligno:
1669 831 1718 868 ut
1731 826 1776 867 in
1786 825 1899 867 Gen-

1071 887 1187 929 tibus
1212 886 1461 928 benedictio
1485 884 1678 927 Abrahae
1704 883 1831 924 fieret
1855 881 1899 922 in

1073 943 1246 986 Christo
1285 944 1309 984 J
1312 956 1409 993 esu,
1451 947 1499 984 ut
1537 939 1900 995 pollicitationem
1977 951 1979 953 ¹

1072 1001 1259 1053 Spiritus
1277 1000 1546 1053 accipiamus
1563 1011 1643 1051 per
1661 996 1806 1038 fidem.

1129 1058 1181 1110 Rz.
1201 1056 1468 1098 Benedicam
1486 1055 1734 1098 Dominum.
1759 1052 1855 1094 289.

1290 1165 1450 1202 Feria
1484 1164 1688 1201 Tertia.

1181 1225 1247 1265 De
1280 1222 1481 1275 Epistola
1516 1220 1573 1263 ad
1606 1219 1800 1262 Galatas.

1206 1285 1361 1327 Lectio
1390 1285 1415 1325 i.
1615 1283 1719 1335 Cap.
1737 1283 1776 1323 5.

1077 1340 1254 1390 tate,
1284 1345 1328 1382 et
1351 1339 1487 1381 nolite
1510 1340 1669 1380 iterum
1691 1337 1791 1389 jugo
1815 1346 1902 1376 ser-

1078 1386 1143 1437 Q
1164 1397 1314 1439 vitutis
1330 1395 1552 1438 contineri.
1570 1395 1686 1436 Ecce
1701 1404 1783 1443 ego
1793 1391 1902 1432 Pau-

1075 1455 1143 1496 lus
1159 1453 1258 1496 dico
1277 1452 1420 1495 vobis:
1441 1451 1647 1504 queniam
1667 1449 1705 1491 si
1723 1449 1903 1491 circum-

1077 1510 1293 1560 cidamini,
1306 1509 1505 1552 Christus
1515 1507 1642 1550 vobis
1654 1505 1762 1548 nihil
1771 1503 1902 1558 pred-

1076 1569 1168 1611 erit.
1200 1567 1433 1609 Testificor
1452 1570 1599 1607 autem
1616 1575 1767 1605 rursus
1786 1560 1904 1603 omni

1076 1624 1240 1667 hemini
1261 1621 1588 1665 circumcidenti
1609 1633 1672 1670 se,
1698 1618 1904 1672 queniam

1077 1681 1251 1724 debitor
1278 1685 1343 1721 est
1370 1679 1586 1721 universae
1612 1676 1723 1728 legis
1747 1674 1903 1717 facien-

1078 1738 1159 1779 dae.
1195 1736 1409 1778 Evacuati
1433 1735 1538 1777 estis
1564 1747 1589 1775 a
1611 1733 1804 1782 Christo,
1829 1730 1904 1783 qui

1076 1795 1120 1835 in
1139 1794 1236 1846 lege
1255 1791 1563 1846 justificamini:
1589 1803 1615 1832 a
1631 1789 1774 1841 gratia
1792 1786 1904 1829 exci-

1078 1850 1214 1893 distis.
1268 1849 1363 1891 Nos
1392 1849 1508 1890 enim
1538 1847 1696 1901 spiritu
1723 1858 1779 1887 ex
1805 1843 1905 1894 fide,

1078 1920 1203 1960 spem
1222 1906 1396 1958 justitiae
1416 1906 1735 1958 exspectamus.

1134 1963 1186 2015 Rz.
1207 1961 1400 2004 Auribus
1419 1961 1611 2014 percipe.
1636 1959 1730 2001 289.

1390 2018 1543 2060 Lectio
1560 2017 1600 2059 ii.

1082 2070 1244 2178 Nam
1267 2075 1311 2116 in
1335 2074 1508 2116 Christo
1532 2074 1557 2115 J
1559 2071 1637 2116 esu
1659 2085 1802 2126 neque
1826 2070 1904 2113 cir-

1192 2131 1400 2173 cumcisio
1424 2129 1590 2183 aliquid
1608 2129 1740 2179 valet,
1763 2140 1906 2180 neque

1079 2188 1359 2242 praeputium:
1383 2187 1462 2228 sed
1480 2186 1602 2236 fides,
1622 2198 1721 2238 quae
1739 2197 1819 2238 per
1838 2197 1905 2226 ca-

1081 2245 1256 2286 ritatem
1271 2245 1488 2296 operatur.
1513 2242 1765 2284 Currebatis
1779 2241 1907 2283 bene:

1082 2301 1179 2354 quis
1219 2313 1300 2342 vos
1340 2299 1569 2352 impedivit
1610 2298 1784 2340 veritati
1818 2310 1906 2339 non

1082 2355 1288 2399 obedire?
1338 2355 1572 2397 Persuasio
1601 2354 1696 2396 haec
1724 2366 1813 2395 non
1841 2358 1908 2395 est

1082 2427 1137 2456 ex
1154 2426 1218 2462 e0‚
1239 2412 1313 2465 qui
1327 2416 1457 2454 vocat
1471 2424 1562 2453 vos.
1589 2410 1812 2452 Modicum
1827 2410 1907 2452 fer-

1081 2472 1274 2511 mentum
1292 2474 1431 2511 totam
1449 2480 1639 2509 massam
1657 2467 1908 2520 corrumpit.

1082 2527 1177 2578 Ego
1206 2524 1383 2567 confido
1411 2525 1454 2565 in
1481 2523 1607 2566 vobis
1637 2524 1679 2564 in
1707 2523 1908 2572 Demino,

1084 2581 1204 2635 quod
1231 2581 1337 2622 nihil
1365 2579 1483 2622 aliud
1512 2580 1707 2632 sapietis:
1736 2580 1811 2632 qui
1837 2592 1908 2621 au-

1083 2645 1173 2682 tem
1198 2637 1433 2680 conturbat
1458 2649 1556 2686 vos,
1583 2636 1780 2689 portabit
1805 2635 1909 2688 judi-

1085 2697 1209 2745 cium,
1231 2695 1495 2747 quicumque
1516 2698 1583 2735 est
1601 2693 1684 2735 ille.

1136 2752 1187 2804 Rz.
1212 2751 1372 2793 Statuit
1391 2750 1618 2792 Deminus.
1644 2750 1739 2791 289.
