2040 2990
732 197 934 231 Dominica
962 198 1009 231 ad
1036 198 1273 232 Matutinum.
1815 195 1854 230 11

197 288 295 329 Prae
327 287 496 338 fulgore
534 289 577 328 in
611 291 852 341 conspectu
884 290 974 340 ejus

145 343 283 385 nubes
302 344 576 393 transierunt,
592 346 615 370 *
634 344 802 394 grando
823 350 866 386 et
885 357 974 386 car-

145 399 283 440 bones
302 400 423 449 ignis.
732 417 733 420 ¹

198 456 254 496 Et
273 456 460 497 intonuit
480 456 534 496 de
555 456 668 497 coelo
684 457 910 505 Dominus,
932 462 975 497 et

146 511 398 552 Altissimus
436 511 557 553 dedit
590 524 743 552 vocem
781 525 919 552 suam:
951 513 974 537 *

144 567 312 617 grando
334 572 377 608 et
397 567 610 609 carbones
628 568 750 617 ignis.

198 624 253 664 Et
272 624 390 664 misit
404 626 586 674 sagittas
602 636 714 671 suas
734 629 777 664 et
794 623 973 675 dissipa-

146 679 207 720 vit
227 692 319 720 eos:
338 680 362 704 *
382 679 552 729 fulgura
582 678 902 731 multiplicavit,
931 684 974 719 et

146 734 424 776 conturbavit
444 748 530 776 eos.

197 791 254 831 Et
272 793 570 843 apparuerunt
590 791 733 831 fontes
749 793 973 842 aquarum,

145 847 168 871 *
193 851 236 887 et
260 846 454 887 revelata
478 851 578 887 sunt
603 846 883 887 fundamenta
908 859 973 887 or—

145 901 211 942 bis
230 904 460 943 terrarum:

197 957 268 998 Ab
293 958 590 1010 increpatione
619 963 694 999 tua
718 959 922 1006 Domine,
950 960 973 983 *

145 1013 200 1054 ab
219 1014 502 1066 inspiratione
523 1014 701 1066 spiritus
720 1014 797 1054 irae
817 1019 916 1055 tuae.

196 1069 316 1110 Misit
340 1069 394 1111 de
420 1082 607 1118 summo,
633 1075 676 1110 et
702 1070 871 1121 accepit
890 1083 973 1111 me:

144 1125 168 1151 *
187 1130 231 1166 et
250 1126 487 1178 assumpsit
506 1139 575 1167 me
596 1125 650 1166 de
672 1126 796 1177 aquis
815 1125 973 1166 multis.

197 1181 369 1233 Eripuit
388 1195 457 1223 me
482 1181 536 1223 de
556 1182 743 1222 inimicis
762 1182 870 1222 meis
891 1182 972 1222 for-

144 1237 339 1286 tissimis‚
365 1243 408 1279 et
432 1237 487 1278 ab
511 1237 564 1278 iis
591 1238 663 1289 qui
685 1237 871 1278 oderunt
890 1250 973 1278 me:

144 1293 167 1319 *
180 1293 385 1345 quoniam
396 1293 631 1334 confortati
642 1298 741 1334 sunt
753 1306 884 1345 super
893 1306 973 1334 me.

196 1349 510 1390 Praevenerunt
533 1362 602 1390 me
622 1349 664 1389 in
686 1348 755 1390 die
775 1349 972 1389 afflictio-

145 1405 212 1445 nis
235 1417 361 1445 meae:
381 1406 404 1430 *
424 1410 468 1446 et
495 1405 635 1446 factus
666 1411 732 1446 est
757 1405 973 1445 Dominus

145 1462 371 1512 protector
389 1473 523 1501 meus.

197 1516 253 1556 Et
281 1516 433 1557 eduxit
459 1529 529 1557 me
561 1517 604 1556 in
633 1515 921 1557 latitudinem:
949 1517 972 1541 *

145 1571 314 1612 salvum
323 1584 393 1612 me
404 1572 517 1620 fecit,
531 1573 736 1623 quoniam
744 1571 882 1612 voluit
892 1585 972 1612 me.

195 1628 253 1668 Et
284 1626 495 1668 retribuet
526 1627 633 1668 mihi
661 1628 876 1668 Dominus
909 1640 972 1668 se-

145 1683 336 1724 cundum
363 1683 571 1734 justitiam
598 1697 757 1732 meam,
786 1685 808 1709 *
838 1689 881 1725 et
909 1696 971 1724 se-

145 1738 335 1780 cundum
362 1739 598 1790 puritatem
627 1742 833 1780 manuum
857 1742 971 1781 mea-

145 1807 241 1835 rum
259 1793 471 1835 retribuet
489 1794 610 1835 mihi:

196 1850 308 1901 Quia
345 1849 562 1891 custodivi
598 1851 691 1891 vias
724 1852 916 1899 Domini,
948 1852 971 1877 *

144 1919 224 1948 nec
243 1906 375 1958 impie
393 1907 510 1956 gessi
529 1919 554 1946 a
573 1907 670 1948 Deo
689 1919 799 1948 meo.

196 1962 410 2012 Quoniam
445 1962 589 2003 omnia
621 1962 779 2013 judicia
811 1963 901 2014 ejus
928 1963 970 2002 in

144 2019 384 2070 conspectu
411 2030 525 2058 meo:
545 2019 568 2043 *
593 2023 637 2059 et
664 2019 847 2069 justitias
881 2019 970 2069 ejus

143 2086 231 2114 non
249 2073 389 2125 repuli
409 2086 433 2113 a
452 2086 532 2114 me.

194 2130 251 2170 Et
270 2141 346 2170 ero
361 2129 666 2170 immaculatus
682 2142 780 2170 cum
796 2142 864 2171 eo:
883 2130 906 2155 *
927 2135 970 2170 et

144 2184 391 2226 observabo
411 2197 481 2226 me
501 2184 555 2226 ab
576 2185 804 2236 iniquitate
823 2198 930 2226 mea.

195 2241 252 2282 Et
283 2239 496 2282 retribuet
528 2240 634 2280 mihi
661 2241 877 2281 Dominus
904 2253 968 2282 se-

143 2296 334 2337 cundum
363 2296 571 2348 justitiam
599 2309 754 2336 meam:
782 2297 805 2321 *
833 2301 877 2337 et
905 2309 967 2336 se-

143 2351 333 2393 cundum
357 2352 594 2403 puritatem
621 2354 827 2392 manuum
854 2353 967 2392 mea-

142 2420 237 2448 rum
256 2407 300 2447 in
320 2409 559 2459 conspectu
579 2406 805 2447 oculorum
825 2408 924 2457 ejus.

196 2463 304 2504 Cum
336 2467 488 2503 sancto
526 2468 702 2503 sanctus
735 2463 836 2510 eris,
868 2463 890 2487 *
925 2467 968 2503 et

142 2531 240 2559 cum
265 2519 358 2559 viro
382 2519 612 2559 innocente
636 2520 844 2558 innocens
867 2518 967 2557 eris:

194 2574 250 2615 Et
275 2587 373 2615 cum
398 2573 538 2615 electo
565 2573 729 2615 electus
749 2573 849 2614 eris:
875 2573 898 2597 *
923 2578 967 2613 et

142 2641 240 2669 cum
259 2631 468 2680 perverso
488 2629 764 2681 perverteris.

194 2684 408 2734 Quoniam
441 2691 487 2725 tu
519 2685 730 2737 populum
758 2683 978 2724 humilem-

1028 289 1197 329 salvum
1225 289 1372 329 facies:
1400 290 1422 315 *
1452 295 1495 331 et
1522 291 1674 331 oculos
1707 304 1854 342 super-

1027 344 1184 386 borum
1203 345 1462 386 humiliabis.

1080 401 1295 450 Quoniam
1320 406 1367 442 tu
1393 401 1609 442 illuminas
1634 403 1854 444 lucernam

1027 469 1169 497 meam
1194 457 1397 497 Domine:
1421 458 1443 482 *
1468 458 1589 498 Deus
1614 472 1735 500 meus
1762 460 1853 500 illu-

1027 513 1143 552 mina
1162 512 1366 554 tenebras
1386 526 1516 554 meas.

1080 569 1295 618 Quoniam
1328 570 1371 609 in
1404 575 1448 610 te
1477 570 1635 621 eripiar
1665 584 1688 610 a
1717 577 1853 612 tenta-

1027 625 1165 673 tione,
1194 625 1217 649 *
1246 630 1289 665 et
1317 625 1359 664 in
1388 626 1484 666 Deo
1514 638 1612 666 meo
1641 629 1853 675 transgre-

1028 679 1123 720 diar
1142 693 1324 720 murum.

1079 736 1199 776 Deus
1231 749 1354 777 meus
1387 737 1615 789 impolluta
1649 738 1718 778 via
1751 739 1854 789 ejus:

1028 791 1202 843 eloquia
1226 792 1403 832 Domini
1428 793 1526 842 igne
1554 794 1812 834 examinata:
1832 795 1854 818 *

1026 849 1254 899 protector
1278 854 1344 888 est
1369 849 1561 888 omniurn
1586 849 1852 901 sperantium

1027 917 1070 942 ln
1095 916 1152 943 SC.

1080 959 1295 1008 Quoniam
1321 959 1418 1011 quis
1441 960 1562 1000 Deus
1586 966 1748 1012 praeter
1767 961 1853 1000 Do-

1027 1013 1213 1054 minum?
1247 1016 1269 1039 *
1303 1021 1376 1056 aut
1411 1016 1507 1067 quis
1540 1017 1660 1057 Deus
1693 1022 1854 1068 praeter

1027 1070 1169 1111 Deum
1189 1070 1410 1111 nostrum?

1078 1126 1200 1167 Deus
1230 1127 1302 1178 qui
1331 1128 1562 1179 praecinxit
1586 1141 1655 1169 me
1680 1129 1853 1170 virtute:

1027 1183 1049 1206 *
1089 1187 1132 1223 et
1177 1183 1325 1234 posuit
1370 1183 1691 1225 immaculatam
1739 1185 1852 1225 viam

1027 1251 1179 1278 meam.

1079 1294 1161 1343 Qui
1199 1295 1382 1346 perfecit
1419 1295 1554 1347 pedes
1592 1308 1714 1336 meos
1746 1302 1851 1336 tam-

1028 1362 1157 1401 quam
1177 1352 1417 1398 cervorum,
1433 1352 1456 1375 *
1472 1357 1515 1391 et
1535 1363 1665 1402 super
1680 1351 1851 1391 excelsa

1027 1407 1223 1446 statuens
1241 1419 1321 1446 me.

1078 1461 1161 1510 Qui
1187 1461 1317 1502 docet
1341 1474 1495 1502 manus
1519 1475 1638 1503 meas
1662 1462 1718 1503 ad
1742 1465 1850 1514 prae-

1025 1516 1145 1556 lium:
1156 1518 1179 1542 *
1192 1522 1235 1558 et
1246 1517 1444 1568 posuisti,
1460 1523 1506 1558 ut
1518 1530 1666 1558 arcum
1678 1520 1850 1564 aereum,

1025 1571 1205 1612 brachia
1223 1585 1331 1613 mea.

1077 1628 1133 1668 Et
1153 1627 1314 1669 dedisti
1329 1628 1435 1668 mihi
1450 1630 1771 1680 protectionem
1787 1642 1849 1669 sa-

1024 1683 1128 1724 lutis
1154 1689 1257 1724 tuae:
1281 1685 1303 1708 *
1329 1689 1372 1725 et
1397 1683 1578 1725 dextera
1607 1690 1680 1725 tua
1707 1686 1849 1725 susce-

1024 1739 1090 1790 pit
1108 1752 1192 1780 me:

1076 1795 1133 1836 Et
1157 1794 1386 1847 disciplina
1410 1801 1483 1836 tua
1508 1796 1698 1836 correxit
1716 1808 1785 1836 me
1805 1796 1848 1835 in

1025 1851 1171 1891 finem:
1190 1851 1213 1875 *
1234 1855 1277 1891 et
1302 1850 1530 1902 disciplina
1559 1856 1633 1891 tua
1658 1851 1753 1903 ipsa
1778 1864 1847 1892 me

1025 1905 1212 1947 docebit.

1075 1961 1281 2003 Dilatasti
1322 1973 1498 2011 gressus
1535 1975 1657 2003 meos
1695 1962 1847 2003 subtus

1023 2030 1107 2058 me:
1127 2017 1150 2042 *
1173 2022 1216 2058 et
1241 2029 1327 2057 non
1354 2022 1453 2058 sunt
1478 2017 1694 2058 infirmata
1720 2020 1846 2059 vesti—

1022 2073 1093 2122 gia
1112 2085 1222 2113 mea:

1074 2128 1318 2180 Persequar
1327 2129 1526 2169 inimicos
1533 2141 1666 2177 meos,
1678 2134 1722 2169 et
1733 2141 1846 2169 com-

1022 2183 1291 2235 prehendam
1314 2184 1428 2225 illos:
1447 2185 1469 2209 *
1490 2189 1533 2225 et
1557 2197 1643 2225 non
1669 2186 1844 2225 conver-

1021 2244 1100 2288 tar,
1119 2239 1260 2281 donec
1280 2239 1496 2282 deficiant.

1075 2295 1353 2345 Confringam
1385 2295 1498 2344 illos,
1531 2308 1610 2336 nec
1638 2298 1845 2347 poterunt

1021 2355 1152 2392 stare:
1169 2351 1192 2375 *
1212 2350 1370 2392 cadent
1388 2351 1542 2392 subtus
1560 2350 1696 2403 pedes
1711 2363 1844 2392 meos.

1072 2407 1128 2447 Et
1142 2406 1408 2458 praecinxisti
1426 2419 1496 2447 me
1511 2406 1671 2447 virttite
1686 2406 1742 2447 ad
1756 2406 1842 2447 bel-

1020 2461 1123 2502 lum:
1142 2462 1164 2486 *
1189 2466 1232 2502 et
1257 2461 1547 2514 supplantasti
1571 2462 1842 2511 insurgentes

1019 2517 1062 2557 in
1080 2530 1150 2558 me
1171 2517 1324 2558 subtus
1342 2529 1422 2558 me.

1070 2573 1127 2614 Et
1158 2573 1356 2614 inimicos
1392 2585 1514 2613 meos
1547 2571 1704 2612 dedisti
1738 2570 1839 2610 mihi

1018 2627 1209 2675 dorsum,
1224 2629 1247 2653 *
1263 2633 1306 2669 et
1326 2627 1523 2669 odientes
1542 2640 1611 2668 me
1631 2625 1838 2678 disperdi-

1018 2683 1130 2724 disti.
