2080 2990
815 226 930 261 Festa
953 227 1091 261 Martii.
1115 228 1170 271 (6.)

146 321 365 373 genasius,
393 321 671 374 apoplectico
696 323 853 366 morbo
877 337 970 366 cor-

146 379 316 431 reptus,
356 378 488 419 tertio
524 377 675 420 Nonas
712 379 892 422 Martias
926 381 971 422 in

147 434 300 475 osculo
319 433 497 476 Domini
522 434 789 478 obdormivit
814 436 858 477 in
884 450 969 479 coe-

146 490 280 533 nobio
306 495 469 533 sanctae
487 490 638 532 Luciae
663 492 824 534 Montis
850 494 970 535 urbis

145 546 358 600 Neapolis
412 560 525 588 armo
584 548 970 600 septingentesimo

145 603 370 655 trigesimo
415 608 571 655 quarto
622 617 755 656 supra
798 605 969 647 millesi-

145 673 275 703 mum.
332 659 549 702 Eumdem
585 661 712 702 novis
748 662 970 704 miraculis

147 720 459 768 coruscantem,
479 731 593 760 anno
613 718 668 760 ab
688 719 803 760 illius
823 719 969 762 deces-

146 788 198 816 su
217 775 578 827 quinquagesimo
598 781 735 827 sexto,
754 777 857 818 Pius
877 791 969 819 sex-

145 836 216 873 tus
247 831 451 873 Pontifex
484 832 702 875 Maximus
733 833 972 875 Beatorum

147 887 248 929 albo
268 888 502 938 recensuit,
528 893 572 930 et
591 889 831 941 Gregorius
850 891 971 943 Papa

149 944 344 986 decimus
375 949 526 986 sextus
560 945 744 987 solemni
771 947 857 988 ritu
884 947 971 988 Do-

147 1001 306 1043 minica
324 1000 619 1043 Sanctissimae
638 1002 865 1045 Trinitatis
888 1008 971 1044 ano

146 1057 376 1099 millesimo
412 1058 774 1109 octingentesimo
806 1060 970 1110 trigesi-

146 1126 220 1155 mo
243 1126 360 1155 nono
380 1114 640 1156 Sanctorum
664 1116 787 1158 fastis
811 1115 971 1158 adscri-

146 1169 245 1222 psit.

195 1236 246 1288 R.
275 1231 366 1272 Iste
383 1230 528 1273 homo.

193 1309 236 1343 In
259 1308 325 1343 ΠΙ.
345 1308 545 1343 Nocturno
569 1308 741 1342 Homilia
761 1307 800 1341 in
821 1307 965 1350 Evang.

145 1354 273 1391 Nolite
298 1354 442 1390 timere.
464 1356 511 1391 de
535 1356 738 1391 Communi
761 1355 791 1390 2.
815 1356 912 1390 loco.

403 1441 487 1483 Die
506 1443 544 1482 6.
563 1441 719 1483 Martii.

250 1509 293 1551 S.
315 1509 560 1552 Fridolini
577 1511 863 1553 Confessoris.

472 1572 638 1616 Duplex.

196 1627 334 1663 Omnia
367 1628 414 1663 de
445 1628 650 1664 Communi
681 1629 855 1664 Confess
890 1639 968 1662 non

142 1676 340 1711 Pontificis
364 1683 506 1720 praeter
529 1678 739 1722 sequentia.

477 1734 643 1776 Oratio.

224 1791 351 1834 desto
370 1793 557 1835 Domine
577 1793 970 1846 supplicationibus

247 1849 418 1900 nostris,
440 1862 548 1914 quas
566 1849 610 1890 in
628 1849 745 1891 beati
759 1849 970 1891 Fridolini

147 1903 424 1947 Confessoris
458 1906 522 1948 tui
549 1905 826 1947 solemnitate
855 1904 969 1947 defe-

145 1959 296 2002 rimus:
314 1966 374 2012 ut,
394 1963 469 2015 qui
487 1968 650 2005 nostrae
667 1962 842 2014 justitiae
861 1961 968 2003 fidu-

146 2015 258 2058 ciam
283 2030 371 2060 non
398 2018 624 2069 habemus;
655 2019 760 2070 ejus,
791 2018 864 2070 qui
890 2018 969 2059 tibi

145 2072 325 2125 placuit,
351 2075 557 2127 precibus
582 2075 845 2127 adjuvemur.
885 2075 970 2116 Per

144 2129 382 2172 Dominum
401 2137 610 2173 nostrum.

193 2197 237 2232 In
267 2197 295 2232 1.
323 2198 523 2233 Nocturno
555 2197 759 2231 Lectiones
792 2196 838 2230 de
868 2195 967 2230 Scri-

142 2249 255 2288 ptura
279 2250 512 2280 oecurrente.

196 2301 240 2335 In
271 2301 575 2345 Quadragesima
606 2311 715 2343 vero,
747 2299 966 2334 Lectiones:

146 2349 282 2383 Justus
310 2346 345 2381 si
367 2351 499 2382 morte.
529 2350 575 2383 de
605 2349 740 2383 eodem
765 2347 967 2382 Communi

144 2397 171 2431 1.
196 2398 293 2432 loco.

363 2463 412 2503 In
438 2463 489 2502 II.
518 2463 739 2502 Nocturno.

442 2527 622 2569 Lectio
612 2542 664 2567 ιν.

148 2587 157 2647 {³
196 2608 235 2644 ,5-
261 2583 488 2633 ridolinus,
524 2582 643 2635 regio
678 2580 721 2620 in
757 2563 968 2622 Hibernia

148 2651 156 2687 ζ.
184 2639 254 2696 mss?
277 2642 486 2693 sanguine
504 2643 777 2694 procreatus,
801 2640 965 2682 ferven-

148 2691 149 2699 '
198 2706 202 2708 ’
275 2699 445 2741 tissimo
465 2698 626 2740 Christi
650 2699 966 2752 proximorum-

145 2766 229 2807 que
256 2757 406 2797 amore
434 2755 621 2806 flagrans
645 2755 883 2796 multorum
905 2754 965 2795 lo-

1023 327 1173 367 corum
1190 331 1321 379 atque
1342 327 1514 369 urbium
1532 330 1840 381 peregrinatio-

1022 395 1122 423 nem
1141 383 1343 435 suscepit.
1371 384 1535 434 Quibus
1554 385 1598 426 in
1616 386 1841 428 itineribus

1023 451 1122 479 eum
1146 438 1342 481 infideles
1367 440 1557 493 populos
1582 441 1841 483 catholicam

1021 494 1154 535 fidem
1174 494 1361 545 doceret,
1380 497 1625 539 innumeros
1640 498 1664 538 J
1667 511 1743 539 esu
1762 511 1840 551 per

1021 550 1306 602 Evangelium
1324 528 1439 594 filios
1457 554 1613 604 genuit.
1641 554 1735 596 Nec
1749 567 1840 595 ver-

1021 606 1079 648 bo
1097 607 1239 649 solum
1254 609 1429 661 profuit.
1447 610 1600 662 Itaque
1615 611 1729 661 regis
1741 611 1839 652 Gal-

1021 662 1163 705 lorum
1183 663 1395 706 Clodovei
1418 665 1677 708 liberalitate
1703 668 1841 708 sancti

1021 721 1176 762 Hilarii
1186 722 1497 763 monasterium
1510 722 1628 776 apud
1637 723 1841 765 Pictavos

1023 777 1271 820 admonitus
1292 779 1563 829 instauravit,
1583 783 1840 831 sacrumque

1023 834 1113 885 ejus
1135 847 1294 887 corpus
1316 834 1672 877 honorificentius
1692 838 1838 877 recon-

1024 889 1147 942 didit;
1172 896 1264 933 tum
1284 892 1402 933 varia
1422 891 1478 933 ad
1496 892 1738 941 Mosellam,
1762 892 1839 932 Ar-

1022 949 1250 998 gentorati,
1270 948 1412 989 Curiae
1430 948 1697 997 Rhaetorum,
1723 947 1840 989 alibi—

1025 1017 1108 1056 que
1128 1004 1329 1046 coenobia
1348 1005 1572 1046 exstruxit.

1073 1072 1123 1122 Rz.
1151 1067 1395 1108 Honestum
1414 1066 1526 1107 fecit.

1327 1140 1479 1181 Lectio
1500 1155 1535 1181 v.

1100 1201 1256 1242 andem
1284 1201 1528 1253 Sichingam
1555 1214 1694 1254 prope
1723 1202 1840 1242 Basi-

1117 1257 1230 1298 leam
1257 1258 1389 1307 venit,
1422 1257 1495 1299 ubi
1528 1257 1677 1300 sedem
1707 1258 1841 1308 figere

1023 1318 1155 1365 atque
1183 1313 1237 1355 ab
1265 1315 1466 1356 itinerum
1497 1314 1719 1356 laboribus
1750 1314 1839 1366 qui-

1024 1372 1171 1412 escere
1205 1383 1258 1412 ex
1291 1370 1437 1412 divino
1467 1371 1645 1412 oraculo
1673 1371 1839 1413 institu-

1023 1432 1125 1468 erat.
1179 1426 1266 1469 Sed
1294 1428 1457 1469 accolae
1486 1428 1603 1480 passi
1630 1440 1718 1468 non
1742 1432 1840 1469 sunt

1023 1489 1220 1525 sanetum
1239 1484 1379 1525 virum
1397 1484 1456 1525 ibi
1476 1486 1729 1533 consistere,
1753 1496 1838 1524 ma-

1020 1539 1148 1592 leque
1167 1540 1362 1582 habitum
1386 1544 1633 1592 caesumque
1652 1540 1838 1582 verberi-

1021 1596 1119 1646 bus,
1148 1597 1307 1639 finibus
1335 1597 1423 1639 suis
1452 1597 1664 1639 excedere
1690 1597 1839 1647 coege-
1887 1611 1890 1615 ’

1022 1658 1132 1694 runt.
1166 1653 1321 1706 Itaque
1346 1656 1524 1696 coactus
1543 1666 1691 1705 regem
1709 1651 1840 1701 adire,

1023 1723 1047 1750 a
1085 1722 1172 1761 quo
1216 1710 1421 1752 facultate
1458 1709 1621 1752 ibidem
1656 1710 1839 1759 benigne

1022 1767 1265 1819 impetrata,
1284 1780 1371 1809 non
1390 1767 1523 1808 modo
1543 1767 1742 1816 virorum,
1762 1764 1841 1806 sed

1023 1823 1153 1864 etiam
1195 1823 1588 1865 sanctimonialium
1626 1822 1838 1863 monaste-

1022 1879 1133 1920 rium
1155 1879 1356 1929 instituit,
1383 1879 1647 1931 optimisque
1673 1876 1839 1928 legibus

1022 1948 1074 1976 ac
1091 1935 1299 1977 institutis
1318 1934 1589 1988 temperavit.

1073 2003 1124 2054 R.
1149 2000 1327 2042 Amavit
1346 2012 1454 2041 eum.

1319 2071 1471 2112 Lectio
1491 2070 1542 2109 vi.

1021 2130 1164 2234 Inter
1183 2137 1327 2176 cetera
1346 2138 1491 2175 autem
1504 2131 1721 2180 miracula,
1741 2144 1837 2183 quae

1082 2204 1162 2244 per
1180 2191 1300 2231 illum
1319 2189 1532 2231 Dominus
1552 2187 1704 2237 edidit,
1732 2186 1838 2227 illud

1022 2254 1089 2290 est
1111 2247 1323 2301 imprimis
1346 2246 1528 2297 insigne,
1558 2244 1677 2312 quod
1699 2244 1838 2285 civem

1022 2305 1348 2354 Claronensem,
1388 2302 1548 2344 Ursum
1583 2300 1772 2349 nomine,
1813 2311 1837 2340 e

1020 2360 1188 2402 tumulo
1225 2360 1460 2401 excitatum
1495 2361 1710 2409 manuque
1743 2367 1836 2407 pre-

1019 2416 1231 2458 hensum
1219 2430 1263 2457 m
1281 2415 1485 2468 judicium
1502 2413 1697 2462 adduxit,
1716 2416 1763 2453 ut
1781 2409 1836 2452 de

1021 2473 1147 2515 bonis
1187 2471 1451 2514 monasterio
1494 2469 1650 2521 legatis
1691 2479 1837 2509 coram

1020 2529 1296 2580 Landgravio
1331 2526 1627 2569 testimonium
1663 2522 1837 2565 diceret.

1019 2585 1219 2637 Denique
1236 2584 1356 2625 senio
1377 2582 1609 2630 confectus,
1630 2580 1836 2620 virtutum

1019 2645 1251 2693 rerumque
1266 2641 1486 2691 gestarum
1501 2636 1638 2688 gloria
1647 2634 1836 2684 illustris,

1019 2697 1160 2750 pridie
1188 2697 1338 2738 Nonas
1363 2694 1509 2736 Martii
1536 2693 1651 2734 circa
1677 2703 1836 2732 annum

1019 2753 1171 2795 salutis
1211 2751 1410 2794 humanae
1446 2747 1836 2802 quingentesimum
