2040 2990
0 2150 4 2157 v
0 1973 7 2098 -„„-
0 1848 6 1945 --v<
0 1518 7 1817 v--v-v———-v.

635 184 738 217 Infra
764 181 1059 217 Hebdomadam
1082 181 1145 215 111.
1172 181 1383 216 Adventus.

153 277 279 327 tium,
307 281 351 318 et
375 276 579 318 Salvator
608 277 773 316 earum:
799 274 900 316 veni
926 273 983 315 ad

154 332 413 431 Ξῗέἷάηᾰιιω
438 345 520 374 nos
544 331 734 372 Domine
757 331 879 372 Deus
906 342 982 371 no-

207 460 420 504 Sequentes
451 461 538 494 Ant.
577 460 626 494 ad
657 460 810 494 Laudes
848 464 886 495 et
916 470 986 503 per

154 506 282 542 Horas
309 508 488 542 dicuntur
514 509 553 542 in
577 518 647 542 sex
668 508 792 542 Feriis
817 512 903 542 ante
923 508 985 541 Vi-

154 555 288 598 giliam
311 555 552 599 Nativitatis‚
592 555 815 598 incipiendo
846 555 908 589 die
935 556 983 589 17.

153 602 396 643 Decembris,
431 604 478 638 ab
503 604 591 638 Ant.
618 613 704 647 quae
730 603 853 637 Feriae
880 603 983 637 illius

155 650 233 684 diei
259 651 515 693 assignantur.
550 650 734 685 Similiter
759 654 795 685 et
820 651 908 684 aliae
930 651 984 685 cli-

154 702 292 732 cuntur
315 699 353 732 in
377 695 548 742 propriis
573 698 707 732 Feriis.

207 754 321 794 Quod
355 755 387 788 si
420 754 504 788 dies
541 754 589 788 17.
623 754 737 788 fuerit
768 753 984 791 Dominica.

154 802 241 836 Ant.
263 803 494 836 inchoantur
511 802 686 845 sequenti
706 802 815 835 Feria
836 802 877 836 ΙΙ,
898 812 985 845 quae

156 850 228 884 erit
252 850 335 884 dies
363 850 415 884 18.
456 850 550 890 Quae
576 854 701 883 autem
728 850 903 883 dicenda¹
929 860 985 883 es-

154 901 239 931 sent
270 897 351 940 die,
385 898 423 931 in
459 908 535 941 quo
568 898 733 931 occurrit
763 897 918 931 Festum
950 900 985 931 S.

153 944 325 986 Thomae,
353 945 531 979 dicuntur
555 945 592 979 in
619 946 789 979 Sabbato
816 956 898 979 curn
925 945 985 978 ΡΞ.

155 992 326 1035 Sabbati,
352 997 486 1036 quarta
506 994 593 1027 Ant.
620 993 898 1036 praetermissa:
925 1003 986 1026 cu-

153 1040 212 1082 jus
236 1041 323 1074 loco
348 1041 489 1075 dicitur
512 1040 599 1074 Ant.
621 1040 888 1083 Exspectetur.
908 1038 984 1081 158,

153 1088 229 1121 nisi
253 1088 399 1131 vigilia
423 1088 551 1122 Nativ.
578 1088 726 1122 venerit
753 1088 788 1121 in
816 1088 986 1121 I)omin.:

154 1139 244 1170 tune
276 1136 377 1170 enim
409 1136 446 1170 in
481 1137 652 1170 Sabbato
687 1136 867 1170 dicuntur
900 1136 986 1169 Ant.

155 1183 203 1218 de
231 1183 350 1218 Laud.
381 1184 510 1226 Dom,
544 1188 681 1228 quarta
713 1184 987 1226 praetermissa,

154 1231 262 1273 cujus
295 1232 382 1266 loco
419 1232 559 1266 dieitur
595 1233 682 1266 Ant.
719 1229 985 1274 Exspectetur.

154 1278 242 1313 Ant.
269 1279 319 1314 ad
342 1279 588 1321 Benedictus,
617 1284 653 1314 et
678 1279 810 1313 Oratio
837 1279 987 1317 dicitur.

154 1329 196 1360 ut
219 1326 259 1360 in
281 1327 452 1361 Sabbato
471 1327 645 1368 Quatuor
660 1327 896 1370 Temporum
920 1337 988 1369 po-

157 1374 270 1409 nitur.
294 1375 367 1410 164.

209 1429 449 1474 Antiphonae
473 1442 566 1466 vero
592 1432 639 1466 de
658 1432 788 1474 Laud„
814 1442 901 1475 quae
927 1441 987 1465 oc-

155 1483 312 1512 currunt
348 1479 387 1512 in
422 1479 484 1513 die
515 1479 551 1514 S.
582 1479 764 1522 Thomae,
806 1489 852 1514 eo
886 1488 987 1513 anno

155 1526 513 1569 praetermittuntur,
545 1531 581 1561 et
605 1527 645 1561 in
668 1527 874 1561 Dominica
898 1531 988 1560 tunc

157 1572 336 1607 dicuntur
375 1573 464 1608 Ant.
504 1574 552 1609 de
589 1574 746 1617 Vigilia.
804 1574 989 1609 Similiter

157 1620 346 1654 omittitur
365 1621 452 1655 Ant.
472 1621 737 1665 Exspectetur.
763 1621 919 1666 quando
946 1621 988 1654 il-

155 1667 224 1701 lud
246 1667 404 1703 Festum
431 1668 469 1702 in
494 1668 667 1704 Sabbato
692 1670 850 1704 venerit.

314 1752 499 1788 Feria
535 1750 834 1787 Secunda.

458 1820 517 1854 Ad
539 1819 686 1854 Laudes

377 1881 427 1911 et
460 1887 555 1921 per
586 1878 768 1912 Horas.

213 1943 313 1983 Ant.
342 1944 369 1982 1.
404 1943 523 1983 Ecce
549 1940 697 1982 veniet
722 1940 745 1966 *
772 1939 987 1980 Dominus

158 1996 365 2049 princeps
393 2009 546 2048 regum
572 2001 718 2038 terrae:
749 1995 884 2045 beati,
913 1995 988 2046 qui

158 2053 301 2105 parati
319 2057 421 2094 sunt
439 2056 670 2094 occurrere
689 2051 763 2092 illi.

212 2113 273 2148 Ps.
299 2114 471 2156 ejusdem
495 2114 629 2149 Feriae.
654 2113 715 2148 50.

210 2166 246 2204 2.
276 2165 385 2206 Cum
402 2166 572 2206 venerit
587 2166 611 2191 *
630 2164 767 2205 Filius
786 2163 988 2212 hominis,

159 2225 290 2273 putas
304 2221 496 2263 inveniet
509 2221 643 2262 fidem
658 2233 791 2273 super
803 2218 988 2261 terram?

214 2282 250 2320 3.
288 2283 404 2323 Ecce
438 2282 524 2333 jam
554 2281 675 2322 venit
706 2282 730 2307 *
758 2278 988 2332 plenitudo

161 2337 386 2389 temporis,
405 2337 448 2378 in
469 2349 557 2389 quo
570 2337 689 2378 misit
698 2337 819 2377 Deus
829 2335 989 2376 Filium

162 2405 289 2434 suum
307 2393 352 2433 in
370 2397 522 2434 terras.

214 2454 251 2492 4.
287 2453 511 2494 Haurietis
539 2465 677 2504 aquas
703 2452 727 2478 *
754 2451 799 2492 in
826 2449 988 2501 gaudio

164 2507 220 2550 de
237 2508 432 2551 fontibus
450 2508 702 2550 Salvatoris.

214 2567 252 2605 5.
270 2567 530 2620 Egredjetur
543 2570 568 2597 *
582 2568 798 2609 Dominus
818 2566 873 2608 de
889 2566 989 2606 loco

165 2628 318 2665 sancto
338 2637 434 2666 suo:
458 2625 606 2666 veniet
628 2629 677 2665 ut
694 2623 834 2664 salvet
851 2623 989 2674 popu-

164 2679 255 2720 lum
275 2693 412 2721 suum.

319 2820 382 2843 Pars
398 2819 531 2844 Hiemalis.

1223 273 1407 310 Feria
1444 274 1680 311 Tertia.

1337 334 1396 367 Ad
1421 334 1566 368 Laudes

1270 400 1289 424 e
1303 395 1317 424 t
1349 402 1373 435 p
1389 402 1407 425 e
1421 402 1439 425 r
1468 392 1501 425 H
1517 402 1539 425 o
1553 403 1570 425 r
1584 402 1603 425 a
1619 403 1647 425 s.

1092 442 1192 481 Ant.
1208 443 1236 480 1.
1260 441 1419 480 Rorate
1438 439 1539 480 coeli
1558 438 1757 491 desuper,
1776 439 1800 465 *
1819 442 1863 479 et

1035 494 1174 536 nubes
1188 494 1341 547 pluant
1355 495 1529 546 justum:
1545 495 1766 547 aperiatur
1779 499 1862 535 ter-

1036 563 1095 600 ra,
1115 555 1160 592 et
1178 551 1393 602 germinet
1412 551 1695 592 Salvatorem.

1095 614 1155 647 Ps.
1182 614 1353 654 eiusdem
1381 614 1511 647 Feriae.
1527 612 1580 646 61.

1091 667 1127 705 2.
1148 666 1313 705 Emitte
1331 665 1506 715 Agnum
1524 663 1713 704 Domine
1731 663 1755 688 *
1777 663 1863 704 Do-

1035 720 1296 761 minatorem
1312 724 1452 771 terrae,
1472 719 1527 761 de
1541 720 1671 760 Petra
1691 718 1865 768 deserti,

1037 776 1095 817 ad
1113 780 1309 818 montem
1327 776 1431 816 filiae
1449 775 1566 816 Sion.

1093 834 1129 872 3.
1160 834 1214 873 Ut
1236 834 1555 883 cognoscamus
1572 831 1760 872 Domine
1779 830 1802 856 *
1822 831 1865 871 in

1036 893 1155 930 terra
1173 889 1289 929 viam
1307 892 1444 937 tuam,
1472 888 1516 928 in
1541 886 1742 929 omnibus
1766 888 1865 938 gen-

1036 945 1154 986 tibus
1174 944 1365 986 salutare
1384 949 1519 985 tuum.

1095 1004 1132 1042 4.
1187 1003 1254 1041 Da
1307 1000 1556 1042 mercedem
1609 999 1798 1039 Domine
1842 999 1866 1024 *

1037 1056 1353 1098 sustinentibus
1376 1060 1435 1105 te,
1469 1061 1518 1097 ut
1542 1054 1774 1108 prophetae
1803 1055 1867 1095 tui

1037 1113 1192 1155 fideles
1210 1113 1496 1154 invenientur.

1095 1171 1131 1209 5.
1163 1171 1253 1210 Lex
1280 1182 1360 1221 per
1387 1169 1572 1220 Moysen
1600 1167 1704 1209 data
1732 1173 1816 1218 est,
1842 1169 1867 1195 *

1037 1226 1178 1277 gretia
1204 1230 1247 1267 et
1272 1226 1436 1266 veritas
1464 1237 1544 1277 per
1569 1224 1719 1265 Jesum
1746 1224 1866 1266 Chri-

1038 1287 1154 1323 stum
1172 1282 1288 1323 facta
1308 1285 1385 1323 est.

1220 1359 1405 1396 Feria
1443 1358 1686 1406 Quarta.

1339 1420 1398 1454 Ad
1419 1419 1563 1453 Laudes

1264 1475 1310 1505 et
1344 1481 1435 1514 per
1470 1471 1649 1504 Horas.

1096 1528 1195 1568 Ant.
1216 1529 1244 1568 1.
1264 1528 1497 1580 Prophetae
1515 1525 1869 1579 praedicaverunt

1038 1585 1062 1610 *
1108 1585 1227 1626 nasci
1273 1584 1547 1626 Salvatorem
1592 1581 1647 1623 de
1686 1581 1867 1633 Virgine

1038 1641 1188 1682 Maria.

1096 1700 1157 1735 Ps.
1183 1701 1355 1743 ejusdem
1379 1701 1513 1735 Feriae.
1533 1699 1593 1734 70.

1095 1753 1131 1792 2.
1151 1752 1339 1804 Spiritus
1366 1751 1390 1776 *
1418 1750 1597 1791 Domini
1623 1761 1755 1800 super
1782 1761 1867 1798 me,

1041 1808 1343 1859 evangelizare
1364 1805 1632 1860 pauperibus
1651 1804 1769 1845 misit
1787 1817 1868 1845 me.

1094 1869 1131 1908 3.
1170 1869 1356 1921 Propter
1387 1867 1490 1908 Sion
1522 1867 1546 1893 *
1578 1878 1665 1906 non
1696 1864 1867 1913 tacebo,

1043 1925 1185 1967 donec
1217 1923 1467 1975 egredietur
1493 1926 1541 1963 ut
1573 1920 1784 1974 splendor
1809 1921 1868 1972 ju-

1041 1986 1135 2022 stus
1155 1982 1257 2033 ejus.

1097 2043 1132 2081 4.
1153 2042 1269 2082 Ecce
1288 2040 1434 2082 veniet
1450 2037 1677 2087 Dominus,
1695 2037 1719 2063 *
1739 2041 1787 2078 ut
1805 2038 1868 2078 se-

1042 2097 1144 2139 deat
1180 2109 1279 2138 cum
1314 2094 1603 2148 principibuS,
1639 2098 1683 2134 et
1710 2093 1868 2134 solium

1042 2153 1195 2204 gloriae
1213 2154 1370 2193 teneat.
1399 2203 1403 2207 .

1095 2214 1132 2253 5.
1172 2212 1434 2253 Annuntiate
1461 2211 1484 2236 *
1512 2209 1706 2262 populis,
1736 2212 1779 2249 et
1806 2207 1866 2249 di-

1041 2269 1140 2311 cite:
1179 2269 1296 2310 Ecce
1327 2267 1448 2308 Deus
1480 2266 1682 2308 Salvator
1716 2268 1867 2305 noster

1040 2325 1196 2366 veniet.

1224 2399 1414 2436 Feria
1448 2397 1692 2445 Quinta.

1342 2458 1401 2494 Ad
1422 2458 1568 2492 Laudes

1268 2518 1315 2547 et
1348 2523 1438 2556 per
1471 2512 1653 2545 Horas.

1098 2566 1199 2606 Ant.
1222 2567 1251 2605 1.
1280 2566 1347 2605 De
1370 2562 1475 2604 Sion
1500 2561 1524 2587 *
1549 2560 1694 2601 veniet
1718 2556 1865 2599 Domi-

1041 2632 1124 2661 nus
1149 2621 1444 2671 omnipotens,
1472 2621 1520 2657 ut
1545 2615 1713 2657 salvum
1735 2612 1866 2653 faciat

995 2706 999 2711 .
1041 2675 1254 2728 populum
1273 2687 1412 2715 suum.

1597 2797 1660 2830 11·
