2080 2990
642 211 816 245 Officium
844 222 1005 254 parvum
1029 212 1070 246 B.
1098 213 1229 246 Μαι-ἰώ,
1255 214 1358 255 Yirg.

1760 211 1851 256 [155]

408 306 604 346 Psalmus
626 307 708 346 123.

235 360 290 402 isi
317 361 419 412 quia
446 361 662 402 Dominus
694 366 788 402 erat
819 361 864 402 in
895 373 970 402 no-

259 416 344 465 bis,
373 417 490 458 dicat
517 430 632 458 nunc
656 417 810 458 Israel:
837 418 861 443 *
889 417 972 458 nisi

143 472 245 524 quia
263 472 478 514 Dominus
499 477 592 514 erat
610 473 654 513 in
672 472 811 522 nobis,

194 528 304 569 Cum
317 531 602 579 exsurgerent
612 528 811 570 homines
824 529 867 568 in
878 541 971 578 nos,

141 585 166 611 *
184 584 298 625 forte
319 585 445 626 vivos
466 584 754 635 deglutissent
772 597 868 625 nos:

195 640 305 681 Cum
327 641 589 682 irasceretur
610 640 731 681 furor
755 642 907 681 eorum
925 641 969 681 in

141 708 241 745 nos,
267 697 292 723 *
319 696 503 737 forsitan
529 709 644 748 aqua
668 695 971 738 absorbuisset

141 763 233 792 nos.

193 807 457 849 Torrentem
503 807 784 859 pertransivit
829 807 972 848 anima

141 867 310 904 nostra:
337 865 361 891 *
387 863 569 905 forsitan
594 865 906 915 pertransisset
930 866 971 904 a·

141 918 259 959 nima
276 923 426 960 nostra
444 932 604 972 aquam
622 918 954 960 intolerabilem.

192 974 461 1016 Benedictus
486 974 703 1016 Dominus
731 976 755 1002 *
784 975 859 1027 qui
884 988 972 1016 non

142 1029 264 1071 dedit
289 1043 386 1080 nos,
416 1031 460 1071 in
488 1030 740 1082 captionem
768 1030 971 1072 dentibus

142 1088 306 1127 eorum.

193 1142 352 1182 Anima
379 1147 531 1184 nostra
559 1143 672 1183 sicut
698 1154 852 1194 passer
882 1144 970 1183 ere-

141 1202 218 1250 pta
239 1203 305 1239 est
323 1200 347 1225 *
367 1196 422 1239 de
442 1198 600 1249 laqueo
620 1198 887 1239 venantium:

192 1253 398 1306 Laqueus
424 1256 637 1295 contritus
664 1259 745 1303 est,
773 1255 796 1281 *
823 1259 866 1295 et
890 1266 970 1301 nos

141 1308 315 1351 liberati
333 1322 494 1350 sumus.

191 1364 471 1417 Adjutorium
499 1369 699 1407 nostrum
726 1365 770 1405 in
795 1365 970 1406 nomine

140 1421 238 1470 Dffi,
257 1422 281 1447 *
300 1421 376 1472 qui
395 1421 498 1463 fecit
517 1421 678 1463 coelum
697 1426 741 1462 et
760 1426 932 1462 terram.

194 1476 347 1518 Gloria
364 1477 494 1518 Patri.

403 1527 600 1567 Psalmus
621 1528 705 1567 124.

143 1560 270 1683 Qui
298 1587 524 1629 confidunt
550 1588 595 1628 in
622 1588 830 1638 Domino,
859 1588 972 1630 sicut

245 1656 372 1685 mons
399 1644 523 1685 Sion:
554 1643 578 1669 *
607 1656 696 1685 non
724 1646 969 1685 commove-

140 1699 258 1741 bitur
289 1700 335 1740 in
366 1701 596 1749 aeternum,
630 1700 704 1752 qui
731 1700 900 1741 habitat
926 1700 971 1740 in

140 1755 393 1797 Jerusalem.

192 1811 368 1852 Montes
387 1812 431 1852 in
451 1811 635 1853 circuitu
654 1811 759 1862 ejus:
778 1812 801 1837 *
821 1815 865 1852 et
883 1811 970 1851 Do·

140 1867 283 1907 minus
314 1867 359 1907 in
395 1867 580 1908 circuitu
609 1866 763 1919 populi
794 1866 879 1916 sui,
916 1879 971 1907 ex

139 1921 226 1964 hoc
244 1935 360 1964 nunc
379 1927 424 1964 et
440 1935 582 1974 usque
599 1922 644 1962 in
663 1921 883 1962 saeculum.

194 1979 306 2028 Quia
323 1991 412 2020 non
426 1978 644 2030 relinquet
658 1977 874 2018 Dominus
889 1978 970 2018 vir-

141 2047 241 2086 gam
265 2036 550 2087 peccatorum
574 2046 707 2086 super
728 2039 892 2074 sortem
913 2034 971 2085 ju-

142 2092 326 2131 storum:
357 2092 381 2117 *
410 2095 459 2131 ut
488 2102 577 2130 non
608 2088 844 2130 extendant
870 2089 971 2140 justi

142 2145 199 2187 ad
217 2146 491 2197 iniquitatem
509 2158 663 2186 manus
683 2157 796 2186 suas.

193 2202 385 2243 Benefac
406 2201 596 2242 Domine
619 2200 763 2250 bonis,
791 2201 814 2226 *
840 2205 884 2242 et
906 2213 970 2241 re-

143 2257 223 2299 ctis
242 2256 386 2299 corde.

193 2313 476 2354 Declinantes
503 2317 649 2354 autem
674 2312 718 2352 in
743 2311 970 2363 obligatio-

141 2381 219 2409 nes
254 2367 446 2410 adducet
481 2369 697 2409 Dominus
734 2380 833 2408 cum
869 2380 971 2420 ope-

142 2424 341 2465 rantibus
364 2425 656 2476 iniquitatem:
680 2425 704 2451 *
727 2436 816 2475 pax
840 2436 972 2475 super

142 2479 290 2520 Israel.

197 2535 350 2576 Gloria
369 2536 500 2577 Patri.

194 2589 293 2630 Ant.
339 2590 393 2630 In
430 2591 614 2632 odorem
651 2591 972 2641 unguentorum

143 2647 319 2686 tuorum
357 2647 590 2687 currimus:
632 2644 971 2688 adolescentulae

145 2700 391 2742 dilexerunt
409 2706 454 2743 te
473 2702 612 2743 nimis.

1078 305 1337 356 Capitulum.
1532 308 1656 347 [iceli.
1678 310 1741 346 24.
1764 308 1800 347 b.

1105 367 1121 404 t
1154 363 1348 406 radicavi
1376 366 1419 406 in
1450 366 1617 419 populo
1645 366 1851 408 honorifi-

1122 422 1238 470 cato,
1265 426 1308 462 et
1333 422 1376 462 in
1401 428 1526 474 parte
1549 422 1633 463 Dei
1656 423 1741 463 mei
1763 422 1850 463 hae-

1022 474 1186 516 reditas
1229 476 1367 527 illius,
1413 483 1457 519 et
1496 479 1540 518 in
1581 478 1851 530 plenitudine

1023 533 1277 572 sanctorum
1297 532 1492 574 detentio
1512 546 1620 575 mea.

1079 590 1128 641 Rg.
1151 588 1249 629 Deo
1269 589 1444 640 gratias.

1078 641 1127 692 V.
1159 643 1401 686 Benedicta
1433 650 1481 686 tu
1513 645 1557 685 in
1587 645 1852 686 mulieribus.

1025 701 1075 751 R.
1088 698 1145 740 Et
1154 699 1414 742 benedictus
1426 701 1593 742 fructus
1604 701 1767 741 ventris
1777 701 1852 742 tui.

1081 755 1210 807 Kyrie
1238 756 1414 797 eleison.
1469 756 1642 797 Christe
1676 755 1852 797 eleison.

1030 811 1159 862 Kyrie
1179 811 1355 853 eleison.

1077 862 1126 912 V.
1164 867 1380 909 Dominus
1417 868 1658 910 vobiscum.
1710 871 1759 921 Rg.
1797 868 1853 909 Et

1024 935 1123 963 cum
1142 923 1300 975 spiritu
1319 929 1407 965 tuo.

1361 986 1522 1026 Oratio.

1101 1039 1269 1081 oncede
1283 1040 1534 1082 misericors
1547 1040 1679 1090 Deus,
1697 1040 1853 1091 fragili-

1121 1095 1202 1136 tati
1225 1101 1389 1136 nostrae
1413 1096 1684 1148 praesidium:
1709 1100 1757 1136 ut
1782 1096 1855 1147 qui

1024 1155 1188 1191 sanctae
1217 1152 1301 1192 Dei
1330 1151 1566 1193 Genitricis
1599 1152 1854 1192 memoriam

1024 1206 1204 1257 agimus,
1224 1207 1552 1248 intercessionis
1573 1209 1664 1259 ejus
1683 1207 1853 1256 auxilio,

1023 1274 1049 1302 a
1069 1263 1231 1303 nostris
1246 1263 1548 1315 iniquitatibus
1564 1265 1854 1313 resurgamus.

1022 1318 1107 1358 Per
1127 1318 1331 1370 eumdem
1349 1319 1597 1359 Dominum.

1301 1387 1369 1423 Ad
1392 1388 1574 1423 Nonam.

1078 1441 1171 1479 Ave
1190 1438 1340 1479 Maria.

1078 1495 1127 1545 V.
1152 1499 1274 1540 Deus
1293 1500 1337 1539 in
1357 1499 1631 1551 adjutorium.

1077 1560 1287 1609 Hymnus.
1316 1560 1549 1600 Memento.
1577 1556 1682 1610 [154]

1077 1621 1175 1660 Ant.
1204 1618 1389 1660 Pulchra
1409 1632 1466 1660 es.

1286 1696 1484 1735 Psalmus
1505 1697 1589 1735 125.

1033 1771 1071 1810 ιη
1102 1770 1175 1811 gn
1209 1756 1506 1797 convertendo
1536 1755 1751 1796 Dominus
1784 1767 1850 1795 ca-

1095 1812 1138 1864 ‚1243ss
1165 1812 1412 1864 ptivitatem
1439 1812 1563 1852 Sion:
1595 1811 1618 1836 *
1651 1811 1754 1851 facti
1784 1823 1850 1850 su-

1035 1861 1064 1887 f*
1095 1866 1139 1893 '⁷³³³
1165 1880 1261 1907 mus
1283 1868 1395 1907 sicut
1415 1866 1644 1907 consolati:

1075 1923 1200 1963 Tunc
1214 1922 1430 1974 repletum
1446 1927 1512 1963 est
1526 1922 1687 1972 gaudio
1707 1933 1757 1962 os
1776 1934 1850 1962 no-

1023 1983 1178 2019 strum:
1205 1979 1228 2004 *
1258 1983 1301 2019 et
1328 1977 1475 2028 lingua
1494 1982 1645 2018 nostra
1665 1977 1850 2018 exsulta-

1022 2034 1152 2075 tione.

1075 2090 1200 2130 Tunc
1220 2089 1366 2130 dicent
1388 2089 1501 2130 inter
1522 2089 1701 2130 Gentes:
1720 2089 1743 2114 *
1762 2088 1850 2129 Ma—

1022 2145 1246 2195 gnificavit
1286 2145 1504 2185 Dominus
1554 2145 1699 2185 facere
1751 2157 1850 2184 cum

1023 2213 1096 2241 eis.

1075 2256 1372 2307 Magnificavit
1385 2255 1601 2296 Dominus
1616 2255 1761 2295 facere
1775 2267 1849 2295 no—

1022 2311 1209 2353 biscum:
1227 2313 1251 2338 *
1270 2312 1374 2353 facti
1393 2324 1542 2352 sumus
1561 2311 1772 2351 laetantes.

1075 2368 1291 2409 Converte
1323 2367 1511 2408 Domine
1548 2365 1849 2417 captivitatem

1022 2428 1231 2473 nostram,
1246 2425 1269 2449 *
1292 2423 1403 2464 sicut
1422 2428 1594 2464 torrens
1613 2421 1658 2461 in
1671 2420 1848 2461 Austro.

1076 2479 1159 2528 Qui
1175 2479 1388 2520 seminant
1403 2479 1447 2518 in
1461 2476 1662 2524 lacrimis,
1677 2476 1701 2501 *
1719 2476 1763 2515 in
1779 2488 1848 2516 ex-

1023 2534 1257 2576 sultatione
1276 2538 1450 2575 metent.

1074 2590 1241 2631 Euntes
1256 2590 1377 2630 ibant
1392 2594 1436 2630 et
1450 2586 1624 2636 flebant,
1637 2586 1661 2612 *
1680 2586 1848 2626 mitten-

1022 2650 1090 2686 tes
1110 2646 1274 2686 semina
1295 2657 1384 2685 sua.

1074 2701 1313 2742 Venientes
1354 2703 1500 2740 autem
1535 2697 1710 2739 venient
1749 2708 1848 2736 cum
