2040 2990
816 226 927 260 Feria
952 225 1014 259 IV.
1038 225 1228 259 Cinerum.

221 328 270 379 R».
301 327 415 368 Veni
440 326 571 368 hodie
597 325 654 368 ad
677 326 844 368 fontem
863 339 1002 379 aquae,

173 388 216 425 et
245 384 367 425 oravi
394 383 646 433 Dominum,
676 382 840 425 dicens:
860 385 883 407 *
913 383 1001 424 Do·

170 440 285 482 mine
317 440 438 482 Deus
466 439 709 490 Abraham,
741 445 789 482 tu
821 441 1001 493 prospe—

170 510 267 538 rum
326 497 466 539 fecisti
525 497 791 539 desiderium
844 509 1001 538 meum.

167 552 216 600 Y.
254 555 394 606 Igitur
427 554 590 608 puella,
628 554 697 596 cui
726 553 895 603 dixero,
931 553 1001 594 Da

170 611 275 652 mihi
303 625 464 664 aquam
492 611 548 653 de
575 610 731 663 hydria
751 616 842 660 tua,
869 615 918 652 ut
939 609 1000 651 bi-

169 667 287 709 bam:
316 673 359 710 et
385 668 458 709 illa
483 667 652 717 dixerit,
680 667 789 709 Bibe
813 667 999 715 domine,

169 729 213 766 et
231 725 410 766 camelis
429 725 515 766 tuis
534 730 690 777 potum
708 723 913 765 tribuam:
938 723 999 775 ip-

169 794 218 822 sa
238 787 319 831 est,
348 794 479 834 quam
497 781 766 834 praeparavit
784 780 1000 822 Dominus

168 837 259 880 filio
280 838 446 880 domini
465 838 561 932 mei.
587 837 777 898 Domine
795 837 929 879 Deus.

495 898 625 932 Aeetlo
648 906 684 930 11.

170 936 298 1059 Qui
321 965 427 1003 ergo
453 951 744 993 immoderato
765 951 886 994 cultu
905 953 998 993 cor-

263 1009 386 1062 poris
414 1014 548 1062 atque
576 1011 758 1059 vestitu,
786 1008 858 1050 vel
885 1013 998 1050 cete-

167 1068 315 1107 rarum
339 1079 485 1108 rerum
505 1066 646 1107 nitore
665 1065 913 1118 praefulget,
939 1065 998 1106 fa-

168 1122 250 1164 cile
275 1123 548 1165 convincitur
571 1122 702 1164 rebus
726 1122 851 1175 ipsis,
876 1135 997 1175 pom-

166 1181 323 1232 parum
355 1179 507 1221 saeculi
538 1192 634 1221 esse
668 1181 880 1229 sectator,
916 1191 998 1220 nec

168 1249 433 1289 quemquam
469 1236 579 1278 fallit
619 1235 774 1278 dolosa
810 1235 998 1287 imagine

167 1293 424 1335 sanctitatis.
466 1293 551 1344 Qui
583 1298 729 1335 autem
757 1293 801 1333 in
831 1292 998 1346 profes-

166 1349 290 1392 sione
302 1350 650 1399 Christianitatis,
661 1349 868 1391 inusitato
879 1362 999 1402 squa-

167 1406 260 1449 lore
281 1420 333 1449 ac
352 1406 558 1449 sordibus
571 1407 763 1448 intentos
777 1407 821 1447 in
836 1419 883 1448 se
897 1408 998 1448 ocu-

165 1462 234 1505 los
258 1464 484 1506 hominum
508 1464 628 1513 facit,
656 1477 756 1506 cum
779 1462 826 1505 id
850 1463 998 1505 volun-

166 1523 257 1562 tate
283 1521 430 1571 faciat,
457 1534 546 1563 non
571 1520 837 1563 necessitate
861 1521 998 1573 patia-

166 1582 250 1619 tur:
270 1590 324 1619 ex
342 1578 501 1620 ceteris
516 1579 608 1630 ejus
624 1576 833 1631 operibus
848 1581 999 1630 potest

167 1634 338 1687 conjici,
365 1640 513 1677 utrum
539 1634 625 1677 hoc
651 1635 905 1687 contemptu
931 1646 998 1675 su-

165 1691 323 1743 perflui
342 1691 496 1741 cultuS,
519 1704 574 1733 an
594 1691 832 1733 ambitione
851 1690 998 1743 aliqua

166 1747 312 1789 faciat:
341 1748 444 1800 quia
468 1752 513 1790 et
537 1747 618 1790 sub
645 1749 775 1790 ovina
794 1746 910 1799 pelle
930 1759 997 1788 ca·

166 1803 334 1846 vendos
367 1804 498 1858 lupos
525 1804 741 1846 Dominus
770 1803 997 1856 praecepit:

165 1860 254 1903 Sed
291 1874 345 1903 ex
381 1861 613 1911 fructibuS‚
648 1861 807 1914 inquit,
845 1862 998 1902 eorum

166 1919 444 1969 cognoscetis
463 1932 551 1961 eos.

218 1974 267 2024 lx}
295 1975 457 2018 Factus
483 1981 550 2018 est
574 1987 719 2017 sermo
738 1974 917 2016 Domini
940 1973 998 2016 ad

166 2030 349 2081 Abram,
374 2031 541 2074 dicens:
559 2030 579 2052 *
602 2031 707 2074 Noli
729 2032 885 2074 timere
908 2031 997 2073 Ab·

167 2100 275 2129 ram:
314 2100 396 2139 ego
423 2091 651 2141 protector
678 2093 779 2129 tuus
808 2102 921 2139 sum,
954 2093 998 2130 et

166 2157 336 2186 merces
362 2150 438 2186 tua
465 2158 623 2197 magna
650 2145 788 2186 nimis.
823 2137 871 2189 Χ.
902 2146 997 2210 Ego

167 2201 283 2242 enim
302 2214 398 2243 sum
417 2202 633 2243 Dominus
651 2202 772 2243 Deus
791 2207 903 2251 tuus,
924 2202 998 2255 qui

168 2256 299 2299 eduxi
317 2262 362 2299 te
381 2257 436 2299 de
455 2258 523 2351 {r
537 2257 857 2299 Chaldaeorum.
884 2258 998 2300 Noli.

503 2312 616 2352 ectio
641 2312 694 2352 iii.

239 2384 314 2412 um
359 2371 474 2413 enim
519 2371 735 2423 coeperint
779 2371 997 2424 aliquibus

260 2426 574 2469 tentationibus
612 2440 663 2469 ea
699 2428 795 2480 ipsa
830 2428 998 2470 scilicet

166 2483 250 2526 illis
271 2483 483 2534 subtrahi,
509 2483 580 2525 vel
597 2485 764 2535 negari,
793 2497 891 2536 quae
910 2485 996 2526 isto

166 2540 382 2582 velamine
415 2540 485 2582 vel
517 2540 742 2582 consecuti
774 2546 889 2591 sunt,
927 2541 997 2582 vel

167 2597 377 2650 consequi
392 2597 589 2649 cupiunt:
608 2602 712 2639 tunc
730 2599 911 2639 necesse
930 2603 997 2639 est

166 2659 214 2695 ut
233 2656 462 2707 appareat,
487 2658 633 2695 utrum
656 2653 785 2706 lupus
803 2653 847 2694 in
867 2656 997 2695 ovina

166 2710 282 2763 pelle
308 2711 381 2760 sit,
410 2723 465 2750 an
494 2709 588 2751 ovis
612 2710 656 2750 in
680 2722 769 2751 sua.
809 2710 910 2751 Non
935 2715 996 2751 ta-

166 2780 266 2809 men
301 2768 537 2820 propterea
573 2768 730 2808 ornatu
771 2766 995 2819 superfluo

1055 325 1188 367 debet
1213 327 1418 378 aspectus
1445 323 1669 365 hominum
1691 322 1883 364 mulcere

1055 382 1337 431 Christianus,
1358 382 1460 435 quia
1477 381 1599 423 illum
1612 393 1795 434 parcum
1809 379 1881 421 ha-

1053 439 1192 481 bitum
1216 451 1268 480 ac
1291 438 1587 480 necessarium
1605 437 1735 479 etiam
1754 437 1882 478 simu-

1053 495 1217 538 latores
1237 495 1399 548 saepius
1418 498 1647 547 usurpant,
1671 498 1720 536 ut
1736 493 1881 535 incau-

1052 558 1124 595 tos
1143 552 1378 606 decipiant:
1398 552 1500 605 quia
1514 556 1558 594 et
1570 550 1657 592 illae
1672 563 1779 592 oves
1793 562 1881 592 non

1054 609 1216 652 debent
1254 609 1393 663 pelles
1431 622 1533 650 suas
1565 607 1804 661 deponere,
1845 606 1882 648 si

1053 667 1289 720 aliquando
1309 667 1372 708 eis
1390 666 1482 719 lupi
1501 678 1549 707 se
1568 667 1816 716 contegant.

1108 737 1154 787 R·-
1194 732 1379 774 Movens
1415 730 1583 772 Abram
1625 729 1881 772 tabernacu-

1051 789 1142 831 lum
1161 802 1302 839 suum,
1328 788 1448 830 venit
1468 792 1512 830 et
1529 786 1745 829 habitavit
1763 787 1882 838 juxta

1052 846 1299 888 convallem
1324 844 1537 887 Mambre:
1563 847 1586 871 *
1610 842 1880 885 AEdificavit-

1053 916 1138 956 que
1169 903 1230 945 ibi
1261 903 1398 945 altare
1430 901 1632 943 Domino.
1677 898 1727 950 V.
1758 899 1882 941 Dixit

1051 965 1198 1003 autem
1241 959 1457 1001 Dominus
1502 957 1559 999 ad
1603 970 1716 999 eum·
1760 956 1880 999 Leva

1053 1017 1207 1059 oculos
1235 1022 1351 1067 tuos,
1384 1021 1428 1058 et
1451 1014 1568 1057 vide.
1599 1027 1774 1056 omnem
1796 1018 1879 1056 ter-

1051 1087 1145 1116 ram
1166 1087 1297 1128 quam
1316 1072 1551 1139 conspicis,
1575 1070 1655 1113 tibi
1678 1070 1812 1119 dabo,
1837 1076 1881 1112 et

1052 1132 1207 1173 semini
1224 1137 1302 1174 tuo
1326 1130 1371 1172 in
1397 1128 1721 1182 sempiternum.
1757 1126 1880 1168 AEdi-

1051 1189 1298 1242 ficavitque.
1333 1186 1495 1228 Gloria.
1527 1184 1880 1254 AEdificavitque.

1316 1277 1394 1319 Ad
1418 1274 1616 1318 Laudes

1259 1341 1278 1365 e
1296 1335 1310 1365 t
1350 1340 1372 1374 p
1392 1341 1410 1364 e
1428 1342 1446 1364 r
1483 1330 1519 1364 H
1538 1340 1559 1365 o
1577 1341 1595 1364 r
1612 1340 1633 1364 a
1651 1340 1679 1364 s.

1103 1385 1239 1420 Omnia
1265 1388 1305 1417 ut
1331 1383 1367 1416 in
1391 1383 1591 1417 Psalterio.
1612 1381 1673 1418 70.

1102 1437 1171 1477 Ad
1203 1436 1361 1477 Bened.
1398 1438 1496 1475 Ant.
1536 1435 1648 1476 Cum
1671 1432 1881 1486 jejunatis,

1050 1493 1074 1519 *
1097 1492 1235 1535 nolite
1259 1493 1356 1536 fieri
1379 1492 1492 1534 sicut
1516 1490 1780 1544 hypocritae,
1807 1489 1880 1532 tri-

1050 1555 1152 1592 stes.

1101 1610 1250 1645 Deinde
1277 1610 1456 1644 dicuntur
1478 1609 1616 1643 Preces
1640 1608 1751 1643 flexis
1777 1606 1880 1651 geni-

1050 1660 1131 1692 bus.
1162 1659 1216 1695 52.
1264 1659 1310 1692 Et
1343 1658 1519 1692 similiter
1552 1657 1601 1691 ad
1636 1666 1768 1691 omnes
1802 1655 1880 1690 Ho-

1050 1717 1122 1749 ras,
1150 1712 1188 1740 ut
1213 1706 1250 1739 in
1274 1706 1391 1740 Psalt.

1389 1758 1551 1799 Oratio.

1050 1815 1266 1922 Praesta
1284 1819 1474 1861 Domine
1491 1817 1694 1861 fidelibus
1713 1818 1814 1861 tuise
1832 1822 1880 1860 ut

1130 1877 1387 1930 jejuniorum
1397 1875 1648 1918 veneranda
1657 1874 1879 1924 solemnia,

1050 1939 1094 1976 et
1126 1936 1322 1985 congrua
1350 1933 1517 1986 pietate
1546 1931 1803 1985 suscipiant,
1835 1935 1880 1973 et

1050 1993 1206 2033 secura
1230 1989 1466 2032 devotione
1489 1991 1759 2042 percurrant.
1794 1988 1880 2029 Per

1049 2047 1288 2090 Dominum
1306 2051 1517 2088 nostrum.

1104 2106 1245 2143 Hodie,
1279 2111 1315 2140 et
1345 2106 1498 2140 duobus
1523 2106 1775 2149 sequentibus
1801 2106 1879 2139 die-

1051 2155 1138 2190 bus.
1183 2154 1362 2188 dicuntur
1396 2154 1510 2197 vesp.
1547 2154 1642 2187 hora
1676 2158 1878 2188 consueta:

1050 2203 1221 2236 Sabbato
1267 2213 1358 2236 vero
1406 2202 1585 2236 dicuntur
1630 2207 1716 2236 ante
1757 2212 1879 2236 come-

1050 2251 1224 2285 stionem.

1104 2301 1154 2349 V·
1166 2304 1391 2356 Dirigatur
1405 2302 1595 2345 Domine
1611 2302 1754 2344 oratio
1769 2315 1878 2344 mea.

1051 2360 1100 2411 R».
1113 2361 1235 2403 Sicut
1249 2361 1474 2402 incensum
1483 2360 1527 2401 in
1539 2360 1781 2412 conspectu
1791 2363 1878 2401 tuo.

1102 2423 1172 2464 Ad
1202 2423 1374 2473 Magnis.
1419 2423 1519 2463 Ant.
1560 2423 1878 2466 Thesaurizate

1050 2483 1175 2525 vobis
1194 2483 1217 2508 *
1236 2482 1470 2524 thesauros
1488 2482 1533 2523 in
1551 2481 1684 2530 coelo,
1703 2480 1779 2523 ubi
1797 2493 1879 2523 nec

1050 2543 1213 2591 aerugo,
1231 2551 1312 2580 nec
1334 2540 1450 2580 tinea
1469 2537 1716 2580 demolitur.

1101 2596 1250 2630 Deinde
1277 2596 1347 2631 die.
1374 2596 1522 2630 Preces.
1549 2598 1620 2633 112,

1386 2646 1548 2686 Oratio.

1094 2708 1337 2750 nelinantes
1357 2720 1419 2758 se,
1438 2707 1642 2756 Domine,
1661 2704 1878 2758 maiestati

1109 2771 1213 2815 tuae,
1237 2764 1503 2818 propitiatus
1522 2762 1714 2805 intende:
1737 2767 1786 2804 ut
1804 2760 1879 2814 qui
