2040 2990
752 201 792 234 In
820 201 963 235 Octava
987 203 1043 235 Ss.
1068 200 1339 234 Innocentium.

201 296 469 347 signaculum
500 296 543 337 in
582 299 819 350 conspectu
852 310 966 339 meo:
992 296 1013 320 *

201 354 415 413 Quoniam
435 365 516 405 ego
537 353 647 405 elegi
665 359 724 403 te,
749 353 855 395 dicit
872 354 1020 395 Domi-

200 422 290 450 nus.
316 403 361 455 X.
388 409 496 451 Esto
515 409 657 451 fidelis
676 423 814 463 usque
834 410 891 452 ad
909 423 1020 451 mor-

198 470 303 516 tem,
336 471 380 508 et
412 465 526 508 dabo
559 466 639 509 tibi
670 469 877 509 coronam
909 467 1020 509 vitae

199 523 424 572 Quoniam.

476 587 625 628 Lectio
646 586 729 626 viii.

194 648 361 754 Nam
380 665 478 694 cum
497 654 627 695 nimia
645 654 690 695 id
706 654 887 696 caritate
907 653 1020 695 dice-

300 714 366 751 ret
394 710 566 760 Petrus,
598 723 678 752 nec
710 710 765 752 ab
799 724 851 752 eo
885 710 1020 752 dividi

197 765 344 815 vellet,
385 766 622 808 ostendens
651 766 866 817 Christus,
901 767 1020 819 quod

197 823 426 873 quantavis
468 835 566 864 eum
602 823 835 865 dilectione
870 836 1019 876 prose-

197 881 418 931 queretur,
451 892 573 920 suam
602 880 777 933 assequi
803 893 891 921 non
919 893 1018 933 pos-

196 941 279 986 set,
311 936 466 988 inquit:
498 936 542 977 Si
571 949 669 978 eum
697 937 798 978 volo
826 939 1018 988 manere,

197 992 301 1045 quid
334 992 389 1033 ad
421 990 488 1034 te?
524 993 605 1034 His
640 993 783 1035 verbis
815 1006 896 1034 nos
925 998 1017 1035 eru-

197 1048 334 1098 dienS,
354 1061 495 1100 neque
515 1049 764 1099 dolendum,
787 1063 929 1102 neque
949 1063 1018 1092 cu-

194 1106 351 1147 riosius
367 1110 529 1158 praeter
545 1106 733 1148 divinam
748 1107 1018 1150 voluntatem

194 1162 552 1214 investigandum.
591 1163 706 1204 Nam
734 1176 833 1205 cum
860 1165 1017 1207 Petrus

193 1231 367 1271 semper
391 1220 435 1260 in
453 1219 699 1271 hujusmodi
718 1221 1016 1272 interrogatio-

193 1287 271 1317 nes
311 1276 546 1318 ferventius
583 1277 818 1329 prosiliret,
860 1281 1018 1320 iterum

194 1332 283 1383 ejus
329 1333 546 1374 fervorem
590 1333 844 1384 retundens,
898 1336 1017 1387 quod

192 1400 279 1429 non
312 1389 368 1431 sit
400 1389 582 1431 ulterius
614 1391 936 1443 inquirendum,
973 1393 1017 1434 in

192 1447 306 1488 hunc
324 1446 504 1488 modum
523 1446 761 1500 respondit.

246 1521 295 1572 R.
327 1516 417 1557 Iste
445 1520 513 1557 est
539 1516 745 1567 Joannes,
783 1517 855 1569 qui
884 1531 1017 1571 supra

192 1577 346 1625 pectus
373 1572 549 1613 Domini
580 1573 624 1613 in
652 1586 778 1614 coena
805 1574 1017 1616 recubuit:

195 1635 217 1658 *
245 1629 408 1671 Beatus
436 1629 694 1681 Apostolus,
729 1630 797 1671 cui
825 1630 1017 1672 revelata

193 1691 293 1727 sunt
321 1687 489 1727 secreta
517 1685 724 1728 coelestia.
760 1683 809 1734 V.
834 1687 1017 1729 Fluenta

193 1742 416 1793 Evangelii
446 1742 501 1784 de
526 1742 623 1795 ipso
649 1755 774 1784 sacro
799 1743 1016 1786 Dominici

192 1799 383 1851 pectoris
432 1799 552 1840 fonte
602 1800 781 1851 potzivit.
842 1800 1016 1843 Beatus.

196 1855 345 1896 Gloria
368 1855 499 1897 Patri.
533 1855 708 1897 Beatus.

494 1929 645 1969 Lectio
666 1929 718 1967 ix.

279 1990 357 2032 xiit
385 2004 488 2043 ergo
518 2004 661 2034 sermo
689 1991 772 2033 iste
798 1991 910 2033 inter
937 1991 1017 2033 fra-

286 2051 392 2098 tres,
419 2048 538 2100 quod
565 2048 803 2100 discipulus
830 2048 901 2090 ille
930 2061 1017 2090 non

192 2103 390 2145 moritur:
410 2109 453 2146 et
470 2117 558 2146 non
577 2104 686 2146 dixit
705 2104 744 2146 ei
760 2104 784 2145 J
786 2117 896 2154 esuS,
917 2106 1017 2157 quia

195 2171 282 2200 non
298 2160 495 2212 moritur3
517 2161 606 2211 sed,
626 2161 671 2202 Si
691 2173 789 2202 eum
808 2161 910 2203 volo
929 2175 1015 2203 1113-

193 2217 296 2257 nere
333 2215 474 2258 donee
509 2217 679 2258 veniam
715 2217 819 2270 quid
855 2218 912 2259 ad
947 2217 1016 2260 te?

193 2271 296 2313 Noli
311 2272 524 2322 arbitrari,
543 2273 692 2325 inquit,
710 2273 865 2315 eodem
882 2274 1015 2317 modo

194 2341 264 2370 me
283 2328 338 2371 de
357 2329 481 2371 vobis
504 2329 785 2382 disposuisse.
823 2331 922 2373 Hoc
945 2344 1015 2373 311-

194 2389 283 2426 16111
309 2384 435 2435 dixit,
463 2390 510 2427 111
536 2386 889 2439 intempestivum
917 2387 1015 2429 affe-

195 2446 321 2492 ctum,
342 2447 385 2484 et
405 2442 731 2484 consuetudinis
753 2443 1016 2485 desiderium

194 2497 378 2540 tolleret.
424 2498 532 2539 Cum
569 2499 682 2540 enim
718 2505 863 2541 essent
897 2500 1016 2542 orbis

194 2556 405 2596 terrarum
429 2567 576 2596 curam
599 2556 862 2608 suscepturi,
890 2556 1016 2597 simul

195 2610 380 2663 amplius
411 2624 508 2653 esse
534 2624 621 2653 non
650 2612 897 2664 oportebat:
928 2625 1014 2653 ma-

194 2680 325 2718 gnum
359 2667 471 2709 enim
508 2667 659 2709 fuisset
690 2668 853 2710 mundo
887 2668 1015 2710 detri-

194 2725 397 2766 mentum.
463 2724 634 2766 Idcirco
680 2725 832 2777 inquit:
892 2725 1014 2778 Opus

1074 297 1321 350 suscepisti,
1356 296 1402 339 id
1439 295 1684 338 considera:
1720 296 1894 349 perfice,

1074 353 1236 404 labora,
1261 358 1305 395 et
1322 358 1366 396 te
1385 352 1690 395 certaminibus
1713 355 1894 405 expone.

1074 410 1190 460 Quid
1216 410 1271 452 ad
1297 415 1357 460 te,
1399 410 1436 451 si
1463 409 1565 451 volo
1595 422 1692 451 eum
1718 411 1893 451 manere

1073 465 1166 508 hic?
1191 472 1239 509 tu
1262 466 1451 509 officium
1474 470 1597 508 tuum
1615 478 1734 515 cura,
1761 470 1803 508 et
1823 478 1892 507 ex-

1074 525 1267 575 sequere.

1122 582 1188 621 Te
1205 581 1348 622 Deum
1366 579 1605 622 laudemus.
1623 579 1683 619 14.

1119 642 1182 675 Ad
1206 641 1235 674 Ι
1240 641 1358 675 audes
1384 647 1419 676 61
1442 652 1511 685 per
1534 642 1672 684 Horas,
1698 642 1825 677 omnia
1851 647 1890 677 ut

1070 690 1107 723 in
1132 690 1162 723 1
1165 694 1258 724 esto.
1286 688 1368 724 201.

1120 742 1150 775 1
1154 752 1196 776 ro
1222 752 1416 777 commem.
1441 742 1497 777 Ss.
1521 742 1793 778 Innocentium.

1121 794 1221 835 Ant.
1254 794 1315 834 Hi
1343 798 1458 843 sunt,
1488 793 1561 846 qui
1588 806 1685 834 cum
1708 793 1893 835 mulieri—

1070 850 1153 891 bus
1171 862 1260 891 non
1279 854 1378 891 sunt
1394 850 1673 902 coinquinati:
1691 850 1894 901 Virgines

1072 907 1186 949 enim
1217 912 1334 957 sunt,
1375 911 1418 948 et
1449 909 1689 959 sequuntur
1720 908 1894 958 Agnum

1073 966 1349 1032 quocumque
1370 963 1478 1005 ierit.

1121 1013 1171 1065 V.
1203 1019 1407 1062 Herodes
1434 1020 1571 1061 1131115
1600 1019 1762 1061 occidit
1787 1019 1893 1061 mul-

1070 1081 1140 1118 tos
1159 1080 1332 1130 pueros.
1354 1076 1403 1127 Rt·
1424 1077 1475 1117 In
1495 1076 1751 1118 Bethlehem
1766 1076 1893 1119 Judae

1071 1133 1247 1175 (311)·11316
1266 1133 1422 1175 David.

1404 1192 1564 1234 Oratio.

1071 1246 1253 1351 Deus,
1274 1252 1392 1303 cujus
1411 1251 1622 1294 hodierna
1639 1252 1709 1294 die
1726 1254 1891 1305 praeco-

1163 1308 1282 1349 nium
1295 1308 1558 1350 Innocentes
1572 1308 1788 1361 Martyres
1803 1321 1892 1350 non

1069 1364 1308 1417 loquendo,
1340 1364 1420 1407 sed
1446 1364 1672 1407 moriendo
1703 1365 1892 1407 confessi

1070 1426 1184 1463 sunt:
1200 1422 1344 1463 omnia
1357 1422 1401 1462 in
1415 1421 1543 1463 nobis
1559 1421 1765 1463 vitiorum
1778 1421 1892 1463 mala

1068 1478 1300 1528 mortifica;
1337 1483 1386 1520 ut
1421 1478 1554 1520 fidem
1589 1483 1724 1529 tuam,
1761 1491 1892 1531 quam

1068 1528 1216 1586 lingua
1239 1540 1389 1577 nostra
1412 1534 1621 1587 loquitur,
1650 1536 1781 1577 etiam
1801 1537 1892 1577 mo-

1069 1592 1190 1633 ribus
1209 1592 1299 1633 vita
1317 1592 1515 1634 131631111.
1543 1592 1627 1633 Ρ61·
1645 1592 1892 1634 1)όωί1111111.

1264 1665 1325 1705 In
1350 1664 1412 1705 11.
1431 1664 1682 1715 vesperis.

1121 1727 1207 1761 Ant.
1235 1726 1281 1761 de
1305 1726 1423 1761 Laud.
1448 1726 1561 1761 Festi.
1581 1726 1663 1762 201.
1704 1727 1764 1762 Ps.
1790 1732 1830 1762 ut
1853 1728 1893 1763 in

1070 1776 1114 1810 Π.
1140 1775 1325 1818 Vesperis
1355 1775 1400 1810 de
1433 1775 1635 1811 Communi
1661 1777 1799 1821 Apost.
1817 1774 1890 1819 [13]

1123 1823 1287 1866 Capitul
1313 1828 1349 1857 et
1375 1823 1451 1857 alia
1475 1827 1515 1857 ut
1538 1822 1578 1856 in
1602 1823 1674 1858 dic.
1693 1822 1776 1866 202,
1807 1832 1893 1857 cum

1071 1873 1275 1906 Commcm.
1308 1871 1363 1906 Ss.
1398 1871 1671 1915 Innocentium,
1719 1872 1807 1906 Ant.
1839 1870 1890 1905 Hi

1070 1922 1167 1954 sunt.
1202 1914 1247 1960 V.
1272 1918 1458 1954 Herodes.
1484 1918 1624 1955 Oratio.
1649 1920 1764 1961 Deus,
1781 1919 1890 1962 cujus

1068 1967 1265 2003 hodierna.
1289 1967 1370 2002 203.

1330 2044 1635 2071 111ψῇ

1125 2118 1172 2158 In
1198 2118 1364 2159 Octava
1385 2120 1454 2161 Ss.
1478 2121 1837 2163 Innocentium.

1398 2183 1561 2226 Duplex.

1230 2250 1318 2291 Ad
1343 2250 1728 2293 Matutinum.

1124 2317 1247 2357 Iuvit.
1284 2316 1448 2367 Regem
1475 2316 1716 2368 Martyrum
1743 2318 1890 2361 Domi-

1067 2386 1180 2422 num,
1204 2374 1227 2398 *
1245 2373 1403 2415 Venite
1423 2372 1664 2414 adoremus.

1121 2430 1187 2469 Ps.
1208 2428 1372 2479 Venite,
1392 2428 1669 2471 exsultemus.
1687 2431 1723 2471 2.

1381 2495 1589 2546 Hymnus.

1169 2555 1264 2597 udit
1282 2556 1491 2607 tyrannus
1511 2556 1663 2597 anxius

1195 2612 1365 2653 Adesse
1384 2624 1533 2663 regum
1552 2612 1810 2666 Principem,

1144 2668 1228 2719 Qui
1246 2680 1404 2709 nomen
1423 2668 1559 2709 Israel
1580 2674 1710 2720 regat,

1139 2725 1393 2777 Teneatque
1411 2724 1555 2766 David
1572 2726 1745 2777 regiam.
