2080 2990
556 188 623 221 Dic
647 188 697 222 25.
723 188 805 221 .l;1n.
855 188 893 221 In
920 188 1181 222 conversione
1207 187 1241 221 S.
1267 187 1374 221 Pauli
1401 187 1589 230 Apostoli.

226 290 311 327 am,
344 282 402 375 εἰ]
417 278 462 319 in
491 277 673 320 vinculis
703 290 791 319 non
818 277 1048 332 dereliquit

226 347 335 376 eum.
404 339 433 376 t.

532 390 682 431 Lectio
704 404 737 429 v.

302 454 331 497 d
351 467 481 507 quem
498 454 740 508 Apostolus
759 454 868 496 duas
887 457 1046 508 episto-

327 510 392 553 las
411 511 599 564 scripsit,
619 511 799 553 alteram
816 509 1046 562 Laodicea,

225 568 406 610 alteram
423 569 579 609 Roma:
605 566 761 620 quibus
783 567 826 608 in
850 570 1045 620 pastora-

223 624 275 665 lis
312 624 444 666 officii
477 637 581 666 cura
616 623 912 673 confirmatuS,
949 636 1047 665 cum

223 681 493 731 sacrificium,
513 680 633 732 quod
651 680 724 721 uni
738 680 834 721 Deo
852 678 1046 731 debetur,

222 737 317 779 fieri
353 737 602 779 daemonum
637 736 898 786 simulacris,
934 736 1046 778 ferre

222 806 310 835 non
337 799 504 847 posset;
531 793 744 847 populum
766 792 1045 845 Ephesinum,

221 850 376 891 Dianae
390 850 434 891 in
451 851 541 902 eius
556 849 807 891 celebritate
822 848 1045 890 immolan-

222 911 327 956 tem,
372 906 426 948 ab
463 906 536 948 illa
567 905 790 958 impietate
821 907 1046 947 removere

222 965 419 1010 conatus,
446 962 664 1016 lapidibus
689 961 870 1004 obrutus
890 966 970 1004 est:
996 976 1047 1004 ac

221 1033 333 1073 pene
360 1022 575 1070 mortuus,
616 1032 642 1061 a
669 1018 925 1062 Christianis
957 1021 1045 1061 ere-

220 1082 339 1129 ptus,
372 1081 415 1118 et
446 1076 490 1116 in
519 1081 714 1117 montem
746 1074 912 1128 oppido
944 1075 1045 1117 vici-

221 1146 323 1174 num
353 1131 538 1183 delatus,
572 1144 688 1173 nono
716 1130 940 1174 Kalendas
967 1132 1046 1173 Fe-

221 1188 383 1231 bruarii
403 1188 668 1231 obdormivit
685 1188 730 1229 in
746 1188 949 1230 Domino.

277 1256 323 1306 R.
359 1253 636 1296 Desiderium
665 1254 820 1296 animae
853 1254 943 1306 ejus
973 1254 1045 1296 tri-

220 1310 353 1352 buisti
389 1311 429 1352 ei
463 1310 665 1361 Domine,
686 1312 707 1335 *
730 1311 787 1352 Et
822 1310 1046 1352 voluntate

220 1366 437 1409 labiorum
465 1367 555 1419 ejus
581 1380 670 1408 non
697 1366 910 1409 fraudasti
937 1380 1046 1409 eum.

224 1422 270 1471 V.
290 1424 504 1474 Quoniam
523 1423 775 1477 praevenisti
794 1436 893 1465 eum
911 1423 955 1464 in
973 1423 1044 1466 be·
1123 1423 1173 1447 3

219 1479 539 1522 nedictionibus
568 1479 823 1522 dulcedinis:
858 1480 1045 1533 posuisti

219 1537 263 1577 in
291 1537 434 1589 capite
462 1538 553 1589 ejus
581 1539 789 1579 coronam
816 1536 872 1579 de
898 1536 1045 1590 lapide

219 1594 427 1647 pretioso.
454 1594 521 1635 Et.

224 1672 375 1714 Sermo
401 1672 541 1714 sancti
566 1673 800 1724 Augustini
824 1673 1046 1726 Episcopi.

403 1737 534 1772 Sermo
558 1738 609 1771 44.
635 1738 681 1772 de
707 1739 866 1774 Sanctis.

523 1799 675 1840 Lectio
697 1801 747 1840 vi.

299 1858 554 1912 riumphalis
585 1858 706 1900 beati
737 1859 941 1913 Martyris
973 1862 1044 1903 Ti-

313 1915 478 1957 mothei
504 1914 596 1957 dies
621 1914 753 1957 hodie
777 1916 904 1958 nobis
927 1919 1043 1959 anni-

218 1972 411 2014 versaria
431 1971 683 2014 celebritate
702 1973 898 2015 recurrit:
924 1976 1043 2027 cujus

218 2028 523 2080 glorificationi
551 2028 663 2070 sicut
690 2029 937 2080 congaudet
962 2031 1042 2073 Ee-

220 2085 368 2134 clesia,
397 2086 458 2127 sic
483 2086 573 2138 ejus
591 2086 801 2138 proponit
820 2087 1043 2138 sequenda

218 2142 411 2192 vestigia.
450 2141 494 2182 Si
522 2142 635 2183 enim
663 2143 966 2196 compatimur,
999 2149 1043 2186 et

218 2197 653 2249 conglorificabimur.
681 2199 732 2239 In
751 2199 870 2251 cujus
884 2199 1040 2250 glorio-

217 2267 267 2295 so
288 2256 428 2305 agone
447 2252 536 2296 duo
555 2254 682 2296 nobis
699 2258 922 2309 praecipue
942 2269 1040 2298 con-

218 2309 451 2352 sideranda
477 2315 590 2352 sunt:
616 2310 816 2353 indurata
838 2311 1042 2356 videlicet

217 2367 398 2408 tortoris
413 2367 590 2417 saevitia,
608 2371 651 2408 et
664 2367 867 2420 Martyris
882 2369 1042 2411 invicta

217 2424 436 2476 patientia.
467 2423 644 2465 Saevitia
661 2425 857 2474 tortoris,
879 2430 927 2467 ut
946 2439 1042 2467 eam

218 2479 499 2522 detestemur:
523 2480 734 2533 patientia
751 2481 970 2534 Martyris,
994 2489 1042 2525 ut

218 2549 315 2579 eam
346 2537 573 2579 imitemur.
617 2536 736 2580 Audi
765 2537 1041 2581 Psalmistam

217 2592 426 2635 adversus
475 2594 684 2635 malitiam
727 2594 1041 2647 increpantem:

215 2649 319 2692 Noli
364 2650 559 2691 aemulari
602 2651 647 2691 in
689 2650 1040 2702 malignantibus:

218 2706 424 2759 quoniam
447 2712 670 2759 tamquam
694 2707 858 2750 foenum
883 2708 1039 2750 veloci-

1099 284 1166 321 ter
1193 282 1400 324 arescent.
1442 282 1572 334 Quod
1599 290 1743 328 autem
1770 286 1920 330 adver-

1099 348 1174 377 sus
1192 336 1476 388 malignantes
1493 340 1702 393 patientia
1718 343 1919 386 exhiben-

1100 390 1156 433 da
1171 392 1237 443 sit,
1257 393 1359 436 audi
1371 394 1635 448 Apostolum
1653 399 1922 443 suadentemz

1098 448 1311 491 Patientia
1338 450 1463 493 vobis
1490 455 1735 497 necessaria
1761 462 1846 508 est,
1873 462 1921 499 ut

1099 507 1332 558 reportetis
1351 509 1673 560 promissiones.

1152 572 1201 623 R.
1226 567 1348 609 Stola
1366 569 1652 621 jucunditatis
1671 572 1750 625 [27]

1151 643 1193 676 In
1207 642 1271 676 111.
1284 642 1392 675 Noet.
1412 641 1551 676 Homil.
1566 642 1601 676 in
1618 642 1759 686 Evang.
1777 642 1816 677 Si
1833 643 1919 687 quis

1098 684 1214 720 venit.
1232 691 1278 725 de
1297 690 1430 724 eodem
1450 690 1593 725 Comm.
1614 691 1639 725 1.
1658 691 1754 726 loco.
1772 689 1844 736 [28]

1151 743 1335 824 Vefsperae
1376 744 1422 777 de
1462 754 1565 786 sequ.
1604 753 1689 778 cum
1725 753 1921 778 commem.

1101 796 1140 825 ut
1164 801 1201 824 1n
1222 802 1271 825 ra.

1317 878 1400 920 Die
1417 880 1483 920 25.
1502 880 1527 921 J
1529 882 1702 923 anuarii.

1103 947 1147 986 ln
1168 947 1460 989 Conversione
1481 949 1524 990 S.
1543 949 1685 991 Pauli
1708 951 1921 1002 Apostoli.

1356 1012 1507 1055 Duplex
1534 1015 1663 1055 majus.

1317 1073 1378 1114 In
1394 1074 1430 1115 Ι.
1449 1074 1698 1126 vesperis.

1152 1138 1307 1180 Antiph.
1337 1144 1373 1172 et
1397 1138 1519 1181 Capit.
1546 1139 1591 1172 de
1616 1139 1822 1174 Laudibus.
1845 1138 1920 1174 452.

1100 1186 1241 1219 Psalmi
1283 1190 1322 1219 ut
1361 1186 1398 1219 in
1432 1185 1457 1220 1.
1487 1186 1602 1230 Vesp.
1639 1187 1685 1221 de
1718 1188 1920 1223 Communi

1099 1234 1386 1276 Apostolorum.
1414 1231 1460 1274 [2]

1407 1297 1615 1348 Hymnus.

1107 1366 1110 1375 '¹
1141 1358 1330 1416 '335gregie
1349 1357 1518 1399 Doctor
1536 1358 1670 1401 Paule
1691 1372 1836 1402 mores
1859 1362 1919 1401 in-

1149 1471 1205 1513 Et
1226 1477 1377 1514 nostra
1397 1419 1543 1513 tsetgilffn
1565 1474 1747 1525 pectora
1768 1473 1812 1514 in
1835 1487 1919 1517 coe-

1405 1528 1494 1569 lum
1511 1526 1649 1570 trahe:

1149 1584 1308 1627 Velata
1332 1583 1435 1683 dmg
1458 1584 1683 1627 meridiem
1707 1590 1855 1628 cernat
1873 1586 1919 1627 fi-

1147 1697 1204 1740 Et
1235 1697 1339 1739 solis
1375 1654 1510 1796 insZZr
1542 1698 1637 1740 sola
1667 1704 1818 1750 regnet
1850 1701 1918 1742 ca-

1404 1768 1441 1795 r1
1462 1768 1520 1796 as.
1643 1774 1645 1776 ·

1098 1832 1163 1874 Sit
1181 1832 1382 1875 Trinitati
1400 1834 1663 1887 sempiterna
1680 1833 1828 1885 gloria,

1146 1890 1312 1940 Honor,
1331 1892 1540 1943 potestas,
1562 1896 1693 1943 atque
1711 1890 1918 1944 jubilatio,

1145 1947 1196 1987 In
1214 1947 1395 1998 unitate,
1415 1959 1514 1999 quae
1532 1947 1746 1998 gubernat
1763 1947 1917 1998 omnia,

1146 2004 1231 2046 Per
1247 2004 1722 2102 univerffietermtatis
1745 2004 1917 2047 saecula.

1493 2073 1557 2103 en.

1151 2122 1200 2174 V.
1231 2125 1300 2166 Tu
1331 2138 1378 2167 es
1409 2138 1486 2167 vas
1517 2124 1740 2167 electionis
1767 2130 1916 2167 sancte

1093 2181 1227 2223 Paule
1271 2181 1499 2235 Apostole.
1556 2183 1607 2234 R.
1645 2180 1916 2224 Praedicator

1094 2238 1288 2281 veritatis
1310 2239 1354 2280 in
1375 2238 1578 2281 universo
1600 2237 1775 2281 mundo.

1151 2302 1221 2344 Ad
1248 2302 1419 2353 Magnif.
1456 2303 1553 2344 Ant.
1591 2302 1711 2345 Vade
1736 2303 1916 2354 Anania,

1094 2365 1137 2402 et
1161 2373 1307 2413 quaere
1327 2360 1517 2402 Saulum:
1543 2372 1644 2402 ecce
1668 2360 1781 2401 enim
1805 2366 1914 2403 orat:

1095 2416 1195 2469 quia
1208 2430 1285 2459 vas
1305 2416 1528 2459 electionis
1543 2421 1610 2458 est
1620 2415 1734 2464 mihi,
1754 2422 1801 2459 ut
1815 2430 1914 2470 por-

1092 2477 1156 2515 tet
1178 2486 1336 2515 nomen
1358 2486 1503 2514 meum
1523 2485 1671 2515 coram
1690 2473 1917 2523 Gentibus,

1093 2535 1137 2572 et
1154 2530 1339 2581 regibus,
1360 2534 1403 2572 et
1420 2529 1519 2571 filiis
1538 2529 1684 2571 Israel.

1153 2596 1302 2637 Oratio
1325 2602 1369 2637 ut
1388 2597 1429 2635 in
1453 2596 1584 2638 Laud.
1604 2600 1699 2641 453.

1151 2671 1196 2704 Et
1220 2671 1259 2704 fit
1284 2680 1478 2704 commem.
1509 2671 1543 2704 S.
1568 2671 1681 2705 Petri.
1709 2671 1799 2705 ibid.
1846 2671 1917 2706 De·
1951 2662 1954 2666 ’

1099 2718 1186 2752 inde
1211 2719 1250 2752 fit
1275 2729 1468 2752 commem.
1494 2718 1527 2752 S.
1552 2718 1754 2753 Timothei.
