2080 2990
670 217 821 259 Septem
848 217 989 250 Psalmi
1015 216 1310 250 I'oenitentialcs.

155 306 374 350 dedissem
387 307 553 359 utique:
567 308 591 334 *
605 307 870 349 holocaustis
885 320 973 348 non

127 364 128 367 ’
154 363 452 407 delectaberis.

204 420 471 462 Sacrificium
489 420 585 461 Deo
614 421 791 473 spiritus
818 422 973 463 contri-

152 476 341 519 bulatus:
360 478 383 503 *
403 489 478 518 cor
498 478 747 526 contritum,
773 483 815 519 et
838 477 971 518 humi—

152 533 303 575 liatum
322 533 442 574 Deus
461 545 547 574 non
568 532 795 586 despicies.

204 590 397 640 Benigne
442 589 511 631 fac
550 590 736 632 Domine
776 591 819 631 in
858 591 973 633 bona

153 647 376 689 voluntate
401 651 476 687 tua
499 646 616 687 Sion:
640 648 663 674 *
686 652 734 688 ut
759 647 972 690 aedificen-

152 709 223 745 tur
240 703 351 744 muri
369 702 621 744 Jerusalem.

205 760 328 801 Tunc
355 758 607 811 acceptabis
635 760 893 802 sacrificium
916 763 972 814 ju-

154 817 297 865 stitiae,
318 815 575 865 oblationes,
601 821 644 857 et
661 815 931 859 holocausta:
950 820 972 844 *

152 878 255 915 tune
279 873 512 924 imponent·
533 885 663 924 super
689 873 824 915 altare
852 880 973 915 tuum

152 929 324 970 vitulos.

205 985 356 1026 Gloria
373 984 502 1026 Patri.

410 1042 605 1083 Psalmus
628 1044 708 1082 101.

236 1098 378 1139 omine
414 1098 573 1140 exaudi
607 1099 848 1140 orationem
885 1112 970 1141 me-

256 1167 340 1196 am:
368 1155 391 1181 *
419 1159 463 1195 et
496 1154 659 1196 clamor
690 1168 812 1196 meus
845 1155 901 1197 ad
927 1161 971 1197 ‘te

151 1211 305 1253 veniat.

201 1267 303 1309 Non
327 1269 498 1309 avertas
520 1267 676 1308 faciem
697 1273 818 1309 tuam
841 1281 866 1309 a
888 1282 971 1310 me:

150 1325 180 1351 *’
198 1323 243 1364 in
276 1327 549 1375 quaeamque
579 1323 648 1365 die
675 1323 877 1374 tribulor,
911 1325 970 1365 in-

150 1379 262 1422 clina
281 1379 338 1421 ad
356 1393 425 1422 me
445 1393 593 1422 aurem
611 1386 741 1421 tuam.

200 1436 251 1476 In
287 1440 562 1489 quaeamque
601 1436 671 1478 die
707 1437 970 1479 invocavero

147 1496 203 1542 te,
222 1494 245 1519 *
263 1492 473 1534 velociter
494 1493 651 1535 exandi
668 1506 749 1534 me.

200 1548 311 1599 Quia
325 1548 576 1591 defecerunt
591 1549 701 1591 sicut
720 1549 861 1590 fumus
878 1549 970 1591 dies

147 1605 247 1646 mei:
266 1607 290 1632 *
314 1610 358 1647 et
381 1618 482 1647 ossa
506 1619 604 1647 mea
628 1606 738 1647 sicut
763 1606 970 1647 cremium

147 1662 362 1703 aruerunt.

198 1718 437 1760 Percassus
478 1732 574 1760 sum
614 1723 661 1760 ut
700 1718 881 1768 foenum,
927 1725 970 1761 et

147 1775 260 1816 aruit
295 1787 372 1816 cor
407 1787 568 1816 meum:
604 1776 628 1802 *
666 1775 766 1827 quia
807 1775 968 1817 oblitus

146 1843 242 1871 sum
261 1830 492 1873 comedere
511 1843 669 1883 panem
686 1844 841 1873 meum.

198 1886 239 1927 A
265 1899 375 1928 voce
407 1887 593 1938 gemitus
620 1888 707 1928 mei
732 1888 756 1914 *
784 1887 968 1929 adhaesit

147 1955 197 1984 os
215 1955 362 1984 meum
381 1955 498 1984 carm
516 1955 637 1984 meae.

196 1998 354 2040 Similis
377 1999 517 2041 factus
541 2012 636 2040 sum
660 1999 875 2052 pellicano
899 2013 966 2042 so-

144 2054 353 2097 litudinis:
387 2056 411 2082 *
444 2055 585 2097 factus
618 2069 713 2097 sum
749 2056 861 2098 sicut
893 2070 966 2109 ny-

146 2113 340 2153 cticorax
356 2112 399 2152 in
419 2110 653 2153 domicilio.

195 2167 402 2219 Vigilavi,
429 2168 452 2194 *
481 2172 524 2209 et
554 2168 693 2211 factus
726 2182 822 2210 sum
853 2169 965 2211 sieut

144 2236 297 2277 passer
315 2224 535 2266 solitarius
554 2225 597 2266 in
615 2230 744 2267 tecto.

195 2280 310 2322 Tota
337 2279 407 2322 die
431 2281 756 2334 exprobrabant
778 2281 882 2323 mihi
905 2282 963 2323 in-

145 2336 260 2378 imici
286 2338 384 2378 mei:
408 2338 431 2363 *
460 2342 503 2379 et
528 2338 601 2390 qui
625 2337 862 2380 laudabant
884 2352 964 2388 me,

145 2392 376 2434 adversum
394 2407 463 2436 me
482 2394 691 2446 jurabant.

196 2449 307 2499 Quia
338 2453 527 2492 cinerem
557 2456 780 2504 tamquam
807 2464 965 2504 panem

144 2505 476 2557 manducabam,
501 2508 525 2533 *
559 2512 602 2549 et
635 2513 788 2561 potum
820 2521 964 2550 meum

145 2573 244 2602 cum
261 2562 367 2604 fletu
384 2563 633 2605 miscebam.

197 2617 238 2658 A
255 2618 366 2660 facie
382 2619 459 2661 irae
479 2625 522 2661 et
539 2619 844 2672 indignationis
862 2626 964 2662 tuae:

144 2673 168 2699 *
189 2674 289 2725 quia
307 2674 481 2717 elevans
500 2676 668 2719 allisisti
685 2690 764 2718 me.

193 2730 298 2772 Dies
331 2732 416 2773 mei
450 2733 561 2774 sicut
593 2733 746 2776 umbra
778 2732 961 2775 declina-

1024 309 1191 350 verunt:
1236 310 1259 335 *
1307 315 1349 350 et
1394 322 1475 359 ego
1525 310 1634 351 sicut
1678 310 1841 351 foenum

1025 365 1128 405 arui.

1076 421 1144 462 Tu
1177 427 1321 463 autem
1347 423 1532 464 Domine
1561 423 1603 462 in
1632 424 1841 463 aeternum

1024 479 1266 530 permanes:
1286 481 1308 505 *
1329 485 1371 520 et
1389 479 1639 520 memoriale
1659 484 1780 519 tuum
1799 479 1841 518 in

1023 534 1344 584 generationem
1365 540 1407 576 et
1425 535 1755 584 generationem.

1076 590 1144 630 Tu
1168 594 1405 641 exsurgens
1429 590 1701 632 misereberis
1723 591 1841 632 Sion:

1023 647 1047 671 *
1068 647 1167 698 quja
1185 652 1357 699 tempus
1376 646 1606 688 miserendi
1624 648 1723 698 ejus,
1743 647 1842 699 quia

1024 703 1141 743 venit
1159 708 1343 755 tempus.

1076 760 1291 809 Quoniam
1317 759 1571 812 placuerunt
1599 759 1734 799 servis
1757 759 1841 800 tuis

1024 814 1194 867 lapides
1219 817 1322 867 ejus:
1342 818 1364 843 *
1385 821 1428 857 et
1451 820 1580 857 terrae
1606 816 1695 866 eius
1718 815 1841 856 mise-

1024 871 1243 913 rebantur.

1077 928 1133 969 Et
1162 928 1374 970 timebunt
1402 929 1565 970 Gentes
1594 941 1751 969 nomen
1779 934 1842 969 tu-

1023 998 1096 1025 um
1114 985 1311 1035 Domine,
1330 987 1353 1012 *
1372 990 1415 1027 et
1440 997 1588 1026 omnes
1613 997 1736 1035 reges
1761 990 1842 1026 ter-

1024 1054 1083 1082 rae
1102 1042 1284 1092 gloriam
1306 1047 1435 1083 tuam.

1075 1099 1185 1148 Quia
1219 1098 1452 1139 aedificavit
1479 1098 1692 1139 Dominus
1724 1098 1843 1139 Sion:

1023 1155 1046 1180 *
1066 1159 1109 1196 et
1127 1154 1344 1196 videbitur
1363 1155 1406 1194 in
1425 1154 1560 1205 gloria
1581 1167 1669 1194 sua.

1074 1211 1284 1263 Respexit
1298 1211 1341 1251 in
1353 1211 1594 1252 orationem
1604 1210 1842 1250 humilium:

1022 1269 1046 1294 *
1066 1272 1110 1308 et
1126 1280 1212 1308 non
1235 1267 1398 1319 sprevit
1417 1279 1592 1319 precem
1611 1269 1772 1308 eorum.

1073 1323 1324 1365 Scribantur
1358 1323 1452 1364 haec
1486 1324 1529 1363 in
1562 1323 1840 1374 generatione

1023 1380 1172 1422 altera:
1191 1381 1214 1405 *
1234 1385 1277 1421 et
1295 1379 1500 1432 populus,
1521 1380 1594 1431 qui
1613 1379 1841 1429 creabitur,

1022 1435 1215 1478 laudabit
1234 1437 1484 1477 Dominum:

1074 1493 1184 1542 Quia
1198 1493 1424 1545 prospexit
1439 1491 1493 1533 de
1505 1491 1677 1533 excelso
1689 1497 1840 1533 sancto

1022 1562 1118 1590 suo:
1136 1550 1159 1575 *
1179 1549 1391 1590 Dominus
1412 1547 1466 1590 de
1486 1548 1598 1589 coelo
1618 1548 1662 1588 in
1680 1553 1840 1589 terram

1022 1606 1206 1658 aspexit:

1073 1662 1131 1704 Ut
1163 1661 1331 1703 audiret
1362 1662 1546 1712 gemitus
1574 1660 1839 1713 compedito-

1021 1732 1130 1760 rum:
1158 1719 1181 1744 *
1208 1723 1255 1760 ut
1284 1718 1473 1760 solveret
1500 1718 1614 1759 filios
1641 1718 1839 1758 interem-

1020 1778 1209 1827 ptorum:

1071 1832 1130 1873 Ut
1171 1831 1424 1872 annuntient
1463 1831 1507 1871 in
1542 1831 1644 1872 Sion
1679 1842 1837 1871 nomen

1019 1888 1208 1929 Domini:
1226 1889 1250 1915 *
1274 1892 1316 1929 et
1340 1887 1513 1929 laudem
1538 1888 1627 1939 ejus
1651 1887 1694 1927 in
1718 1887 1836 1927 Jern-

1019 1943 1165 1985 salem.

1069 2001 1120 2041 In
1135 1999 1432 2042 conveniendo
1443 2000 1631 2053 populos
1642 2000 1686 2040 in
1695 2012 1836 2048 unum,

1018 2056 1042 2081 *
1062 2061 1106 2098 et
1124 2069 1249 2107 reges
1268 2062 1315 2098 ut
1334 2056 1523 2098 serviant
1541 2056 1743 2097 Domino.

1068 2113 1314 2165 Respondit
1333 2113 1372 2154 ei
1389 2113 1433 2153 in
1452 2113 1522 2154 via
1540 2113 1713 2154 virtutis
1732 2125 1836 2153 suae:

1018 2170 1042 2196 *
1055 2169 1324 2211 Paucitatem
1339 2169 1505 2211 dierum
1523 2171 1719 2210 meorum
1733 2172 1835 2210 nun-

1017 2226 1078 2267 tia
1095 2225 1209 2267 mihi.

1067 2282 1134 2324 Ne
1167 2285 1348 2324 revoces
1375 2295 1445 2324 me
1471 2283 1514 2324 in
1543 2281 1721 2324 dimidio
1750 2280 1834 2322 die-

1017 2353 1112 2380 rum
1130 2341 1341 2381 meorum:
1356 2339 1436 2380 *in
1454 2338 1774 2390 generationem
1793 2342 1836 2379 et

1016 2395 1342 2447 generationem
1361 2396 1460 2437 anni
1477 2396 1550 2437 tui.

1066 2452 1196 2493 Initio
1222 2457 1270 2493 tu
1289 2452 1474 2493 Domine
1500 2456 1662 2492 terram
1686 2448 1834 2490 funda-

1017 2508 1085 2550 sti:
1115 2509 1139 2535 *
1174 2513 1217 2549 et
1255 2510 1389 2561 opera
1423 2510 1628 2548 manuum
1662 2508 1834 2548 tuarum

1017 2570 1116 2606 sunt
1137 2564 1247 2606 eoeli.

1067 2621 1158 2673 Ipsi
1184 2620 1402 2673 peribunt,
1425 2625 1474 2661 tu
1497 2624 1641 2660 autem
1668 2619 1832 2670 perma-

1015 2689 1109 2718 nes:
1128 2678 1151 2703 *
1172 2683 1214 2719 et
1234 2689 1383 2718 omnes
1403 2675 1513 2717 sicut
1531 2675 1832 2716 vestimentum

1014 2735 1297 2775 veterascent.
