<?xml version="1.0" encoding="UTF-8"?>
<!DOCTYPE html PUBLIC "-//W3C//DTD XHTML 1.0 Transitional//EN"
    "http://www.w3.org/TR/xhtml1/DTD/xhtml1-transitional.dtd">
<html xmlns="http://www.w3.org/1999/xhtml" xml:lang="en" lang="en">
 <head>
  <title>
</title>
<meta http-equiv="Content-Type" content="text/html;charset=utf-8" />
  <meta name='ocr-system' content='tesseract 3.04.00' />
  <meta name='ocr-capabilities' content='ocr_page ocr_carea ocr_par ocr_line ocrx_word'/>
</head>
<body>
  <div class='ocr_page' id='page_1' title='image "./p1breviariumroma00cathuoft_0878.png"; bbox 0 0 2080 2990; ppageno 0'>
   <div class='ocr_carea' id='block_1_1' title="bbox 703 239 1440 284">
    <p class='ocr_par' dir='ltr' id='par_1_1' title="bbox 703 239 1440 284">
     <span class='ocr_line' id='line_1_1' title="bbox 703 239 1440 284; baseline -0.003 -9"><span class='ocrx_word' id='word_1_1' title='bbox 703 244 805 276; x_wconf 77' lang='lat' dir='ltr'><strong>Sues.</strong></span> <span class='ocrx_word' id='word_1_2' title='bbox 831 242 986 284; x_wconf 67' lang='lat' dir='ltr'><strong>Spincic</strong></span> <span class='ocrx_word' id='word_1_3' title='bbox 1013 242 1178 275; x_wconf 72' lang='lat' dir='ltr'><strong>Corona:</strong></span> <span class='ocrx_word' id='word_1_4' title='bbox 1203 240 1246 274; x_wconf 80' lang='lat' dir='ltr'><strong>l),</strong></span> <span class='ocrx_word' id='word_1_5' title='bbox 1272 240 1316 273; x_wconf 89' lang='grc' dir='ltr'><strong>Ν.</strong></span> <span class='ocrx_word' id='word_1_6' title='bbox 1342 240 1375 273; x_wconf 81' lang='lat' dir='ltr'><strong>J.</strong></span> <span class='ocrx_word' id='word_1_7' title='bbox 1401 239 1440 274; x_wconf 91' lang='lat' dir='ltr'><strong>C.</strong></span> 
     </span>
    </p>
   </div>
   <div class='ocr_carea' id='block_1_2' title="bbox 217 335 1048 798">
    <p class='ocr_par' dir='ltr' id='par_1_2' title="bbox 219 335 1048 613">
     <span class='ocr_line' id='line_1_2' title="bbox 219 335 1048 389; baseline -0.005 -8"><span class='ocrx_word' id='word_1_8' title='bbox 219 340 305 381; x_wconf 84' lang='lat' dir='ltr'><strong>tori</strong></span> <span class='ocrx_word' id='word_1_9' title='bbox 323 342 446 389; x_wconf 81' lang='lat' dir='ltr'><strong>tuo‚·*</strong></span> <span class='ocrx_word' id='word_1_10' title='bbox 470 337 554 388; x_wconf 91' lang='lat' dir='ltr'><strong>Qui</strong></span> <span class='ocrx_word' id='word_1_11' title='bbox 573 336 759 379; x_wconf 90' lang='lat' dir='ltr'><strong>redemit</strong></span> <span class='ocrx_word' id='word_1_12' title='bbox 776 335 986 378; x_wconf 91' lang='lat' dir='ltr'><strong>mundum</strong></span> <span class='ocrx_word' id='word_1_13' title='bbox 1005 336 1048 377; x_wconf 92' lang='lat' dir='ltr'><strong>in</strong></span> 
     </span>
     <span class='ocr_line' id='line_1_3' title="bbox 220 392 1048 447; baseline -0.004 -11"><span class='ocrx_word' id='word_1_14' title='bbox 220 395 429 447; x_wconf 78' lang='lat' dir='ltr'><strong>sanguine</strong></span> <span class='ocrx_word' id='word_1_15' title='bbox 466 406 559 435; x_wconf 90' lang='lat' dir='ltr'><strong>suo.</strong></span> <span class='ocrx_word' id='word_1_16' title='bbox 610 395 658 445; x_wconf 68' lang='lat' dir='ltr'><strong>V.</strong></span> <span class='ocrx_word' id='word_1_17' title='bbox 707 392 878 445; x_wconf 83' lang='lat' dir='ltr'><strong>Popule</strong></span> <span class='ocrx_word' id='word_1_18' title='bbox 914 405 1048 442; x_wconf 90' lang='lat' dir='ltr'><strong>meus,</strong></span> 
     </span>
     <span class='ocr_line' id='line_1_4' title="bbox 221 449 1047 503; baseline -0.004 -11"><span class='ocrx_word' id='word_1_19' title='bbox 221 451 326 503; x_wconf 93' lang='lat' dir='ltr'><strong>quid</strong></span> <span class='ocrx_word' id='word_1_20' title='bbox 353 451 436 492; x_wconf 88' lang='lat' dir='ltr'><strong>feci</strong></span> <span class='ocrx_word' id='word_1_21' title='bbox 465 449 565 499; x_wconf 86' lang='lat' dir='ltr'><strong>tibi,</strong></span> <span class='ocrx_word' id='word_1_22' title='bbox 599 454 673 491; x_wconf 90' lang='lat' dir='ltr'><strong>aut</strong></span> <span class='ocrx_word' id='word_1_23' title='bbox 700 449 745 490; x_wconf 93' lang='lat' dir='ltr'><strong>in</strong></span> <span class='ocrx_word' id='word_1_24' title='bbox 774 461 862 500; x_wconf 93' lang='lat' dir='ltr'><strong>quo</strong></span> <span class='ocrx_word' id='word_1_25' title='bbox 892 449 1047 490; x_wconf 89' lang='lat' dir='ltr'><strong>contri-</strong></span> 
     </span>
     <span class='ocr_line' id='line_1_5' title="bbox 219 504 1045 559; baseline -0.004 -10"><span class='ocrx_word' id='word_1_26' title='bbox 219 508 331 549; x_wconf 83' lang='lat' dir='ltr'><strong>stavi</strong></span> <span class='ocrx_word' id='word_1_27' title='bbox 348 507 415 548; x_wconf 88' lang='lat' dir='ltr'><strong>te?</strong></span> <span class='ocrx_word' id='word_1_28' title='bbox 444 505 665 559; x_wconf 85' lang='lat' dir='ltr'><strong>responde</strong></span> <span class='ocrx_word' id='word_1_29' title='bbox 683 504 800 546; x_wconf 91' lang='lat' dir='ltr'><strong>mihi.</strong></span> <span class='ocrx_word' id='word_1_30' title='bbox 837 505 904 547; x_wconf 79' lang='lat' dir='ltr'><strong>Et.</strong></span> <span class='ocrx_word' id='word_1_31' title='bbox 944 505 1045 549; x_wconf 82' lang='lat' dir='ltr'><strong>Glo-</strong></span> 
     </span>
     <span class='ocr_line' id='line_1_6' title="bbox 220 563 557 613; baseline -0.006 -9"><span class='ocrx_word' id='word_1_32' title='bbox 220 564 283 605; x_wconf 88' lang='lat' dir='ltr'><strong>ria</strong></span> <span class='ocrx_word' id='word_1_33' title='bbox 302 564 433 605; x_wconf 86' lang='lat' dir='ltr'><strong>Patri.</strong></span> <span class='ocrx_word' id='word_1_34' title='bbox 462 563 557 613; x_wconf 92' lang='lat' dir='ltr'><strong>Qui.</strong></span> 
     </span>
    </p>

    <p class='ocr_par' dir='ltr' id='par_1_3' title="bbox 217 636 1047 798">
     <span class='ocr_line' id='line_1_7' title="bbox 519 636 747 677; baseline -0.009 -1"><span class='ocrx_word' id='word_1_35' title='bbox 519 636 671 677; x_wconf 84' lang='lat' dir='ltr'>Lectio</span> <span class='ocrx_word' id='word_1_36' title='bbox 693 636 747 675; x_wconf 76' lang='lat' dir='ltr'><strong>ix.</strong></span> 
     </span>
     <span class='ocr_line' id='line_1_8' title="bbox 217 690 1047 798; baseline -0.007 -62"><span class='ocrx_word' id='word_1_37' title='bbox 217 693 374 798; x_wconf 90' lang='lat' dir='ltr'><strong>Noli</strong></span> <span class='ocrx_word' id='word_1_38' title='bbox 398 699 546 735; x_wconf 90' lang='lat' dir='ltr'><strong>tamen</strong></span> <span class='ocrx_word' id='word_1_39' title='bbox 570 691 830 745; x_wconf 80' lang='lat' dir='ltr'><strong>perturbari,</strong></span> <span class='ocrx_word' id='word_1_40' title='bbox 859 690 1047 732; x_wconf 89' lang='lat' dir='ltr'><strong>dilectis-</strong></span> 
     </span>
    </p>
   </div>
   <div class='ocr_carea' id='block_1_3' title="bbox 220 746 1053 1806">
    <p class='ocr_par' dir='ltr' id='par_1_4' title="bbox 220 746 1053 1806">
     <span class='ocr_line' id='line_1_9' title="bbox 342 746 1047 802; baseline -0.007 -11"><span class='ocrx_word' id='word_1_41' title='bbox 342 750 466 801; x_wconf 75' lang='lat' dir='ltr'><strong>sime3</strong></span> <span class='ocrx_word' id='word_1_42' title='bbox 493 762 590 802; x_wconf 88' lang='lat' dir='ltr'><strong>quae</strong></span> <span class='ocrx_word' id='word_1_43' title='bbox 611 748 725 790; x_wconf 91' lang='lat' dir='ltr'><strong>enim</strong></span> <span class='ocrx_word' id='word_1_44' title='bbox 743 746 859 788; x_wconf 93' lang='lat' dir='ltr'><strong>malo</strong></span> <span class='ocrx_word' id='word_1_45' title='bbox 879 746 941 787; x_wconf 93' lang='lat' dir='ltr'><strong>illi</strong></span> <span class='ocrx_word' id='word_1_46' title='bbox 961 746 1047 787; x_wconf 82' lang='lat' dir='ltr'><strong>ani-</strong></span> 
     </span>
     <span class='ocr_line' id='line_1_10' title="bbox 220 802 1049 859; baseline -0.006 -11"><span class='ocrx_word' id='word_1_47' title='bbox 220 819 293 848; x_wconf 91' lang='lat' dir='ltr'><strong>mo</strong></span> <span class='ocrx_word' id='word_1_48' title='bbox 321 809 566 859; x_wconf 82' lang='lat' dir='ltr'><strong>patrarunt,</strong></span> <span class='ocrx_word' id='word_1_49' title='bbox 599 804 774 846; x_wconf 80' lang='lat' dir='ltr'><strong>veritati</strong></span> <span class='ocrx_word' id='word_1_50' title='bbox 807 802 1049 844; x_wconf 89' lang='lat' dir='ltr'><strong>consentie-</strong></span> 
     </span>
     <span class='ocr_line' id='line_1_11' title="bbox 221 859 1049 915; baseline -0.005 -11"><span class='ocrx_word' id='word_1_51' title='bbox 221 862 337 904; x_wconf 85' lang='lat' dir='ltr'><strong>bant.</strong></span> <span class='ocrx_word' id='word_1_52' title='bbox 377 862 618 915; x_wconf 88' lang='lat' dir='ltr'><strong>Prophetia</strong></span> <span class='ocrx_word' id='word_1_53' title='bbox 640 861 742 902; x_wconf 89' lang='lat' dir='ltr'><strong>hinc</strong></span> <span class='ocrx_word' id='word_1_54' title='bbox 765 859 946 912; x_wconf 89' lang='lat' dir='ltr'><strong>impleta</strong></span> <span class='ocrx_word' id='word_1_55' title='bbox 971 864 1049 909; x_wconf 85' lang='lat' dir='ltr'><strong>est,</strong></span> 
     </span>
     <span class='ocr_line' id='line_1_12' title="bbox 221 918 1048 971; baseline -0.004 -12"><span class='ocrx_word' id='word_1_56' title='bbox 221 919 435 971; x_wconf 87' lang='lat' dir='ltr'>inquiens:</span> <span class='ocrx_word' id='word_1_57' title='bbox 454 918 680 960; x_wconf 90' lang='lat' dir='ltr'><strong>Videbunt</strong></span> <span class='ocrx_word' id='word_1_58' title='bbox 699 918 743 957; x_wconf 93' lang='lat' dir='ltr'><strong>in</strong></span> <span class='ocrx_word' id='word_1_59' title='bbox 763 929 893 969; x_wconf 89' lang='lat' dir='ltr'><strong>quem</strong></span> <span class='ocrx_word' id='word_1_60' title='bbox 911 921 1048 957; x_wconf 87' lang='lat' dir='ltr'><strong>trans-</strong></span> 
     </span>
     <span class='ocr_line' id='line_1_13' title="bbox 223 971 1050 1027; baseline -0.005 -11"><span class='ocrx_word' id='word_1_61' title='bbox 223 975 421 1016; x_wconf 83' lang='lat' dir='ltr'><strong>fixerunt.</strong></span> <span class='ocrx_word' id='word_1_62' title='bbox 466 975 622 1027; x_wconf 85' lang='lat' dir='ltr'>Neque</span> <span class='ocrx_word' id='word_1_63' title='bbox 651 973 736 1014; x_wconf 92' lang='lat' dir='ltr'><strong>hoc</strong></span> <span class='ocrx_word' id='word_1_64' title='bbox 763 978 944 1022; x_wconf 89' lang='lat' dir='ltr'><strong>tantum,</strong></span> <span class='ocrx_word' id='word_1_65' title='bbox 971 971 1050 1013; x_wconf 90' lang='lat' dir='ltr'><strong>sed</strong></span> 
     </span>
     <span class='ocr_line' id='line_1_14' title="bbox 223 1029 1049 1079; baseline -0.002 -8"><span class='ocrx_word' id='word_1_66' title='bbox 223 1044 310 1072; x_wconf 92' lang='lat' dir='ltr'><strong>non</strong></span> <span class='ocrx_word' id='word_1_67' title='bbox 334 1031 566 1073; x_wconf 80' lang='lat' dir='ltr'><strong>credituris</strong></span> <span class='ocrx_word' id='word_1_68' title='bbox 591 1030 670 1072; x_wconf 89' lang='lat' dir='ltr'><strong>fuit</strong></span> <span class='ocrx_word' id='word_1_69' title='bbox 694 1029 798 1071; x_wconf 88' lang='lat' dir='ltr'><strong>fidei</strong></span> <span class='ocrx_word' id='word_1_70' title='bbox 823 1030 1049 1079; x_wconf 82' lang='lat' dir='ltr'><strong>argumen-</strong></span> 
     </span>
     <span class='ocr_line' id='line_1_15' title="bbox 221 1086 1049 1138; baseline -0.004 -9"><span class='ocrx_word' id='word_1_71' title='bbox 221 1094 332 1137; x_wconf 87' lang='lat' dir='ltr'><strong>tum,</strong></span> <span class='ocrx_word' id='word_1_72' title='bbox 364 1092 412 1129; x_wconf 91' lang='lat' dir='ltr'><strong>ut</strong></span> <span class='ocrx_word' id='word_1_73' title='bbox 445 1087 647 1136; x_wconf 86' lang='lat' dir='ltr'><strong>Thomae,</strong></span> <span class='ocrx_word' id='word_1_74' title='bbox 681 1092 723 1128; x_wconf 89' lang='lat' dir='ltr'><strong>et</strong></span> <span class='ocrx_word' id='word_1_75' title='bbox 759 1086 833 1138; x_wconf 92' lang='lat' dir='ltr'><strong>qui</strong></span> <span class='ocrx_word' id='word_1_76' title='bbox 864 1098 963 1127; x_wconf 92' lang='lat' dir='ltr'><strong>cum</strong></span> <span class='ocrx_word' id='word_1_77' title='bbox 995 1097 1049 1126; x_wconf 92' lang='lat' dir='ltr'><strong>eo</strong></span> 
     </span>
     <span class='ocr_line' id='line_1_16' title="bbox 223 1143 1050 1194; baseline -0.005 -8"><span class='ocrx_word' id='word_1_78' title='bbox 223 1149 356 1186; x_wconf 88' lang='lat' dir='ltr'><strong>erant.</strong></span> <span class='ocrx_word' id='word_1_79' title='bbox 387 1143 457 1185; x_wconf 90' lang='lat' dir='ltr'><strong>Ad</strong></span> <span class='ocrx_word' id='word_1_80' title='bbox 476 1143 572 1185; x_wconf 88' lang='lat' dir='ltr'><strong>haec</strong></span> <span class='ocrx_word' id='word_1_81' title='bbox 597 1148 639 1184; x_wconf 92' lang='lat' dir='ltr'><strong>et</strong></span> <span class='ocrx_word' id='word_1_82' title='bbox 661 1144 869 1184; x_wconf 81' lang='lat' dir='ltr'><strong>arcanum</strong></span> <span class='ocrx_word' id='word_1_83' title='bbox 891 1143 1050 1194; x_wconf 91' lang='lat' dir='ltr'><strong>myste-</strong></span> 
     </span>
     <span class='ocr_line' id='line_1_17' title="bbox 222 1198 1051 1249; baseline -0.002 -7"><span class='ocrx_word' id='word_1_84' title='bbox 222 1201 333 1242; x_wconf 91' lang='lat' dir='ltr'><strong>rium</strong></span> <span class='ocrx_word' id='word_1_85' title='bbox 382 1202 732 1242; x_wconf 80' lang='lat' dir='ltr'><strong>consummatum</strong></span> <span class='ocrx_word' id='word_1_86' title='bbox 782 1204 866 1249; x_wconf 86' lang='lat' dir='ltr'><strong>est;</strong></span> <span class='ocrx_word' id='word_1_87' title='bbox 917 1198 1051 1240; x_wconf 79' lang='lat' dir='ltr'><strong>exivit</strong></span> 
     </span>
     <span class='ocr_line' id='line_1_18' title="bbox 223 1255 1051 1308; baseline -0.004 -10"><span class='ocrx_word' id='word_1_88' title='bbox 223 1257 336 1298; x_wconf 92' lang='lat' dir='ltr'><strong>enim</strong></span> <span class='ocrx_word' id='word_1_89' title='bbox 357 1257 531 1308; x_wconf 84' lang='lat' dir='ltr'><strong>sanguis</strong></span> <span class='ocrx_word' id='word_1_90' title='bbox 553 1262 596 1298; x_wconf 89' lang='lat' dir='ltr'><strong>et</strong></span> <span class='ocrx_word' id='word_1_91' title='bbox 614 1268 739 1308; x_wconf 87' lang='lat' dir='ltr'><strong>aqua.</strong></span> <span class='ocrx_word' id='word_1_92' title='bbox 765 1255 868 1296; x_wconf 89' lang='lat' dir='ltr'><strong>Non</strong></span> <span class='ocrx_word' id='word_1_93' title='bbox 887 1268 991 1296; x_wconf 90' lang='lat' dir='ltr'><strong>casu</strong></span> <span class='ocrx_word' id='word_1_94' title='bbox 1007 1258 1051 1295; x_wconf 88' lang='lat' dir='ltr'><strong>et</strong></span> 
     </span>
     <span class='ocr_line' id='line_1_19' title="bbox 222 1311 1050 1366; baseline -0.002 -12"><span class='ocrx_word' id='word_1_95' title='bbox 222 1313 478 1366; x_wconf 88' lang='lat' dir='ltr'><strong>simpliciter</strong></span> <span class='ocrx_word' id='word_1_96' title='bbox 506 1312 550 1353; x_wconf 95' lang='lat' dir='ltr'><strong>hi</strong></span> <span class='ocrx_word' id='word_1_97' title='bbox 579 1312 723 1353; x_wconf 88' lang='lat' dir='ltr'><strong>fontes</strong></span> <span class='ocrx_word' id='word_1_98' title='bbox 750 1311 1050 1360; x_wconf 89' lang='lat' dir='ltr'><strong>scaturierunt,</strong></span> 
     </span>
     <span class='ocr_line' id='line_1_20' title="bbox 223 1367 1052 1422; baseline -0.005 -11"><span class='ocrx_word' id='word_1_99' title='bbox 223 1369 302 1411; x_wconf 89' lang='lat' dir='ltr'><strong>sed</strong></span> <span class='ocrx_word' id='word_1_100' title='bbox 323 1370 528 1422; x_wconf 76' lang='lat' dir='ltr'><strong>queniam</strong></span> <span class='ocrx_word' id='word_1_101' title='bbox 549 1381 603 1410; x_wconf 81' lang='lat' dir='ltr'><strong>ex</strong></span> <span class='ocrx_word' id='word_1_102' title='bbox 622 1367 838 1410; x_wconf 71' lang='lat' dir='ltr'><strong>ambobus</strong></span> <span class='ocrx_word' id='word_1_103' title='bbox 852 1367 1052 1408; x_wconf 89' lang='lat' dir='ltr'><strong>Ecclesia</strong></span> 
     </span>
     <span class='ocr_line' id='line_1_21' title="bbox 222 1424 1052 1467; baseline -0.005 0"><span class='ocrx_word' id='word_1_104' title='bbox 222 1426 461 1467; x_wconf 77' lang='lat' dir='ltr'><strong>constituta</strong></span> <span class='ocrx_word' id='word_1_105' title='bbox 486 1430 564 1467; x_wconf 90' lang='lat' dir='ltr'><strong>est.</strong></span> <span class='ocrx_word' id='word_1_106' title='bbox 601 1425 752 1466; x_wconf 89' lang='lat' dir='ltr'><strong>Sciunt</strong></span> <span class='ocrx_word' id='word_1_107' title='bbox 771 1424 857 1466; x_wconf 89' lang='lat' dir='ltr'><strong>hoc</strong></span> <span class='ocrx_word' id='word_1_108' title='bbox 879 1424 1052 1466; x_wconf 79' lang='lat' dir='ltr'><strong>initiati:</strong></span> 
     </span>
     <span class='ocr_line' id='line_1_22' title="bbox 222 1481 1052 1535; baseline -0.002 -12"><span class='ocrx_word' id='word_1_109' title='bbox 222 1495 302 1535; x_wconf 90' lang='lat' dir='ltr'><strong>per</strong></span> <span class='ocrx_word' id='word_1_110' title='bbox 332 1495 491 1535; x_wconf 91' lang='lat' dir='ltr'><strong>aquam</strong></span> <span class='ocrx_word' id='word_1_111' title='bbox 520 1482 635 1523; x_wconf 92' lang='lat' dir='ltr'><strong>enim</strong></span> <span class='ocrx_word' id='word_1_112' title='bbox 662 1481 927 1532; x_wconf 78' lang='lat' dir='ltr'><strong>regenerati,</strong></span> <span class='ocrx_word' id='word_1_113' title='bbox 955 1483 1052 1522; x_wconf 77' lang='lat' dir='ltr'><strong>san-</strong></span> 
     </span>
     <span class='ocr_line' id='line_1_23' title="bbox 223 1537 1052 1589; baseline -0.001 -10"><span class='ocrx_word' id='word_1_114' title='bbox 223 1538 352 1589; x_wconf 89' lang='lat' dir='ltr'><strong>guine</strong></span> <span class='ocrx_word' id='word_1_115' title='bbox 380 1543 423 1580; x_wconf 85' lang='lat' dir='ltr'><strong>et</strong></span> <span class='ocrx_word' id='word_1_116' title='bbox 450 1551 580 1579; x_wconf 92' lang='lat' dir='ltr'><strong>carne</strong></span> <span class='ocrx_word' id='word_1_117' title='bbox 606 1538 758 1580; x_wconf 89' lang='lat' dir='ltr'><strong>nutriti</strong></span> <span class='ocrx_word' id='word_1_118' title='bbox 783 1542 894 1578; x_wconf 91' lang='lat' dir='ltr'><strong>sunt.</strong></span> <span class='ocrx_word' id='word_1_119' title='bbox 938 1537 1052 1578; x_wconf 85' lang='lat' dir='ltr'><strong>Hinc</strong></span> 
     </span>
     <span class='ocr_line' id='line_1_24' title="bbox 223 1593 1053 1646; baseline -0.002 -10"><span class='ocrx_word' id='word_1_120' title='bbox 223 1595 432 1646; x_wconf 90' lang='lat' dir='ltr'><strong>mysteria</strong></span> <span class='ocrx_word' id='word_1_121' title='bbox 453 1600 598 1636; x_wconf 89' lang='lat' dir='ltr'><strong>ortum</strong></span> <span class='ocrx_word' id='word_1_122' title='bbox 616 1594 789 1644; x_wconf 87' lang='lat' dir='ltr'><strong>habent,</strong></span> <span class='ocrx_word' id='word_1_123' title='bbox 809 1599 858 1635; x_wconf 92' lang='lat' dir='ltr'><strong>ut</strong></span> <span class='ocrx_word' id='word_1_124' title='bbox 879 1593 1053 1646; x_wconf 81' lang='lat' dir='ltr'><strong>queties</strong></span> 
     </span>
     <span class='ocr_line' id='line_1_25' title="bbox 224 1649 1053 1699; baseline -0.002 -7"><span class='ocrx_word' id='word_1_125' title='bbox 224 1650 281 1692; x_wconf 90' lang='lat' dir='ltr'><strong>ad</strong></span> <span class='ocrx_word' id='word_1_126' title='bbox 313 1650 618 1692; x_wconf 78' lang='lat' dir='ltr'><strong>admirandum</strong></span> <span class='ocrx_word' id='word_1_127' title='bbox 653 1651 834 1693; x_wconf 80' lang='lat' dir='ltr'><strong>calicem</strong></span> <span class='ocrx_word' id='word_1_128' title='bbox 867 1649 1053 1699; x_wconf 84' lang='lat' dir='ltr'><strong>accedis,</strong></span> 
     </span>
     <span class='ocr_line' id='line_1_26' title="bbox 223 1706 1053 1760; baseline -0.001 -12"><span class='ocrx_word' id='word_1_129' title='bbox 223 1712 449 1760; x_wconf 85' lang='lat' dir='ltr'>tamquam</span> <span class='ocrx_word' id='word_1_130' title='bbox 477 1707 532 1750; x_wconf 91' lang='lat' dir='ltr'><strong>ab</strong></span> <span class='ocrx_word' id='word_1_131' title='bbox 559 1708 658 1760; x_wconf 89' lang='lat' dir='ltr'><strong>ipso</strong></span> <span class='ocrx_word' id='word_1_132' title='bbox 684 1707 822 1750; x_wconf 80' lang='lat' dir='ltr'><strong>latere</strong></span> <span class='ocrx_word' id='word_1_133' title='bbox 847 1706 1053 1748; x_wconf 80' lang='lat' dir='ltr'><strong>hauriens</strong></span> 
     </span>
     <span class='ocr_line' id='line_1_27' title="bbox 225 1763 422 1806; baseline -0.005 -1"><span class='ocrx_word' id='word_1_134' title='bbox 225 1763 422 1806; x_wconf 91' lang='lat' dir='ltr'><strong>accedas.</strong></span> 
     </span>
    </p>
   </div>
   <div class='ocr_carea' id='block_1_4' title="bbox 279 1822 838 1867">
    <p class='ocr_par' dir='ltr' id='par_1_5' title="bbox 279 1822 838 1867">
     <span class='ocr_line' id='line_1_28' title="bbox 279 1822 838 1867; baseline -0.005 0"><span class='ocrx_word' id='word_1_135' title='bbox 279 1826 341 1867; x_wconf 92' lang='lat' dir='ltr'><strong>Te</strong></span> <span class='ocrx_word' id='word_1_136' title='bbox 360 1825 503 1866; x_wconf 91' lang='lat' dir='ltr'><strong>Deum</strong></span> <span class='ocrx_word' id='word_1_137' title='bbox 520 1822 760 1865; x_wconf 79' lang='lat' dir='ltr'><strong>laudamus.</strong></span> <span class='ocrx_word' id='word_1_138' title='bbox 779 1824 838 1864; x_wconf 86' lang='lat'><strong>14.</strong></span> 
     </span>
    </p>
   </div>
   <div class='ocr_carea' id='block_1_5' title="bbox 357 1927 918 1980">
    <p class='ocr_par' dir='ltr' id='par_1_6' title="bbox 357 1927 918 1980">
     <span class='ocr_line' id='line_1_29' title="bbox 357 1927 918 1980; baseline -0.002 -11"><span class='ocrx_word' id='word_1_139' title='bbox 357 1928 486 1969; x_wconf 90' lang='lat' dir='ltr'><strong>Feria</strong></span> <span class='ocrx_word' id='word_1_140' title='bbox 506 1927 582 1969; x_wconf 92' lang='lat' dir='ltr'><strong>VI.</strong></span> <span class='ocrx_word' id='word_1_141' title='bbox 601 1932 704 1980; x_wconf 92' lang='lat' dir='ltr'><strong>post</strong></span> <span class='ocrx_word' id='word_1_142' title='bbox 725 1927 918 1969; x_wconf 86' lang='lat' dir='ltr'><strong>Cineres.</strong></span> 
     </span>
    </p>
   </div>
   <div class='ocr_carea' id='block_1_6' title="bbox 222 1995 1054 2570">
    <p class='ocr_par' dir='ltr' id='par_1_7' title="bbox 222 1995 1054 2398">
     <span class='ocr_line' id='line_1_30' title="bbox 226 1995 1054 2046; baseline 0 -10"><span class='ocrx_word' id='word_1_143' title='bbox 226 1995 357 2037; x_wconf 86' lang='lat' dir='ltr'><strong>Sacr.</strong></span> <span class='ocrx_word' id='word_1_144' title='bbox 375 1995 571 2046; x_wconf 83' lang='lat' dir='ltr'><strong>Spineae</strong></span> <span class='ocrx_word' id='word_1_145' title='bbox 587 1995 794 2037; x_wconf 81' lang='lat' dir='ltr'><strong>Goronae</strong></span> <span class='ocrx_word' id='word_1_146' title='bbox 810 1995 865 2036; x_wconf 90' lang='lat' dir='ltr'><strong>D.</strong></span> <span class='ocrx_word' id='word_1_147' title='bbox 880 1995 935 2036; x_wconf 86' lang='lat' dir='ltr'><strong>N.</strong></span> <span class='ocrx_word' id='word_1_148' title='bbox 950 1995 991 2036; x_wconf 87' lang='lat' dir='ltr'><strong>J.</strong></span> <span class='ocrx_word' id='word_1_149' title='bbox 1008 1995 1054 2036; x_wconf 85' lang='lat' dir='ltr'><strong>G.</strong></span> 
     </span>
     <span class='ocr_line' id='line_1_31' title="bbox 480 2058 787 2101; baseline 0 -10"><span class='ocrx_word' id='word_1_150' title='bbox 480 2058 636 2101; x_wconf 78' lang='lat' dir='ltr'><strong>Duplex</strong></span> <span class='ocrx_word' id='word_1_151' title='bbox 654 2058 787 2100; x_wconf 77' lang='lat' dir='ltr'><strong>majus.</strong></span> 
     </span>
     <span class='ocr_line' id='line_1_32' title="bbox 440 2124 838 2175; baseline -0.003 -10"><span class='ocrx_word' id='word_1_152' title='bbox 440 2126 501 2165; x_wconf 88' lang='lat' dir='ltr'><strong>In</strong></span> <span class='ocrx_word' id='word_1_153' title='bbox 525 2126 561 2166; x_wconf 91' lang='grc' dir='ltr'><strong>Ι.</strong></span> <span class='ocrx_word' id='word_1_154' title='bbox 586 2124 838 2175; x_wconf 82' lang='lat' dir='ltr'><strong>vesperis.</strong></span> 
     </span>
     <span class='ocr_line' id='line_1_33' title="bbox 275 2186 1047 2230; baseline 0.004 -11"><span class='ocrx_word' id='word_1_155' title='bbox 275 2187 361 2220; x_wconf 86' lang='lat' dir='ltr'>Ant.</span> <span class='ocrx_word' id='word_1_156' title='bbox 391 2192 427 2220; x_wconf 82' lang='lat' dir='ltr'><strong>et</strong></span> <span class='ocrx_word' id='word_1_157' title='bbox 456 2187 579 2229; x_wconf 83' lang='lat' dir='ltr'><strong>Capit.</strong></span> <span class='ocrx_word' id='word_1_158' title='bbox 610 2187 656 2221; x_wconf 84' lang='lat' dir='ltr'><strong>de</strong></span> <span class='ocrx_word' id='word_1_159' title='bbox 687 2187 805 2221; x_wconf 74' lang='lat' dir='ltr'><strong>Laud.</strong></span> <span class='ocrx_word' id='word_1_160' title='bbox 842 2186 960 2230; x_wconf 81' lang='lat'>[32013</span> <span class='ocrx_word' id='word_1_161' title='bbox 987 2188 1047 2223; x_wconf 88' lang='lat' dir='ltr'><strong>Ps.</strong></span> 
     </span>
     <span class='ocr_line' id='line_1_34' title="bbox 222 2234 1002 2279; baseline 0 -10"><span class='ocrx_word' id='word_1_162' title='bbox 222 2241 262 2269; x_wconf 89' lang='lat' dir='ltr'><strong>ut</strong></span> <span class='ocrx_word' id='word_1_163' title='bbox 287 2235 322 2268; x_wconf 91' lang='lat' dir='ltr'><strong>in</strong></span> <span class='ocrx_word' id='word_1_164' title='bbox 350 2234 374 2268; x_wconf 90' lang='lat'><strong>1.</strong></span> <span class='ocrx_word' id='word_1_165' title='bbox 402 2234 516 2277; x_wconf 81' lang='lat' dir='ltr'><strong>Vesp.</strong></span> <span class='ocrx_word' id='word_1_166' title='bbox 543 2235 588 2269; x_wconf 80' lang='lat' dir='ltr'><strong>dc</strong></span> <span class='ocrx_word' id='word_1_167' title='bbox 615 2236 759 2270; x_wconf 89' lang='lat' dir='ltr'><strong>Comm.</strong></span> <span class='ocrx_word' id='word_1_168' title='bbox 784 2236 920 2279; x_wconf 76' lang='lat' dir='ltr'><strong>Apost.</strong></span> <span class='ocrx_word' id='word_1_169' title='bbox 955 2234 1002 2278; x_wconf 89' lang='lat'><strong>[2]</strong></span> 
     </span>
     <span class='ocr_line' id='line_1_35' title="bbox 534 2291 744 2342; baseline 0.005 -12"><span class='ocrx_word' id='word_1_170' title='bbox 534 2291 744 2342; x_wconf 86' lang='lat' dir='ltr'>Hymnus.</span> 
     </span>
     <span class='ocr_line' id='line_1_36' title="bbox 331 2348 685 2398; baseline -0.008 -7"><span class='ocrx_word' id='word_1_171' title='bbox 331 2351 422 2391; x_wconf 79' lang='lat' dir='ltr'><strong>xite</strong></span> <span class='ocrx_word' id='word_1_172' title='bbox 448 2349 551 2390; x_wconf 90' lang='lat' dir='ltr'>Sion</span> <span class='ocrx_word' id='word_1_173' title='bbox 572 2348 685 2398; x_wconf 81' lang='lat' dir='ltr'><strong>filiae,</strong></span> 
     </span>
    </p>

    <p class='ocr_par' dir='ltr' id='par_1_8' title="bbox 308 2404 913 2570">
     <span class='ocr_line' id='line_1_37' title="bbox 367 2404 913 2457; baseline 0.004 -11"><span class='ocrx_word' id='word_1_174' title='bbox 367 2405 502 2456; x_wconf 89' lang='lat' dir='ltr'><strong>Regis</strong></span> <span class='ocrx_word' id='word_1_175' title='bbox 521 2404 695 2457; x_wconf 87' lang='lat' dir='ltr'><strong>pudicae</strong></span> <span class='ocrx_word' id='word_1_176' title='bbox 714 2406 913 2456; x_wconf 88' lang='lat' dir='ltr'><strong>virgines,</strong></span> 
     </span>
     <span class='ocr_line' id='line_1_38' title="bbox 309 2462 900 2511; baseline 0 -7"><span class='ocrx_word' id='word_1_177' title='bbox 309 2462 471 2504; x_wconf 86' lang='lat' dir='ltr'>Christi</span> <span class='ocrx_word' id='word_1_178' title='bbox 491 2463 702 2503; x_wconf 84' lang='lat' dir='ltr'><strong>coronam</strong></span> <span class='ocrx_word' id='word_1_179' title='bbox 725 2463 900 2511; x_wconf 84' lang='lat' dir='ltr'><strong>cernite,</strong></span> 
     </span>
     <span class='ocr_line' id='line_1_39' title="bbox 308 2518 893 2570; baseline 0.002 -11"><span class='ocrx_word' id='word_1_180' title='bbox 308 2519 450 2568; x_wconf 89' lang='lat' dir='ltr'><strong>Quam</strong></span> <span class='ocrx_word' id='word_1_181' title='bbox 469 2523 609 2559; x_wconf 87' lang='lat' dir='ltr'><strong>mater</strong></span> <span class='ocrx_word' id='word_1_182' title='bbox 627 2518 725 2570; x_wconf 91' lang='lat' dir='ltr'><strong>ipsa</strong></span> <span class='ocrx_word' id='word_1_183' title='bbox 741 2519 893 2560; x_wconf 78' lang='lat' dir='ltr'><strong>texuit.</strong></span> 
     </span>
    </p>
   </div>
   <div class='ocr_carea' id='block_1_7' title="bbox 260 2587 1021 2808">
    <p class='ocr_par' dir='ltr' id='par_1_9' title="bbox 260 2587 1021 2808">
     <span class='ocr_line' id='line_1_40' title="bbox 260 2587 839 2630; baseline -0.003 0"><span class='ocrx_word' id='word_1_184' title='bbox 260 2589 422 2630; x_wconf 87' lang='lat' dir='ltr'><strong>Horret</strong></span> <span class='ocrx_word' id='word_1_185' title='bbox 440 2587 626 2628; x_wconf 69' lang='lat' dir='ltr'><strong>revillsis</strong></span> <span class='ocrx_word' id='word_1_186' title='bbox 646 2587 839 2629; x_wconf 86' lang='lat' dir='ltr'><strong>crinibus</strong></span> 
     </span>
     <span class='ocr_line' id='line_1_41' title="bbox 307 2643 905 2696; baseline 0 -11"><span class='ocrx_word' id='word_1_187' title='bbox 307 2643 452 2695; x_wconf 89' lang='lat' dir='ltr'><strong>Spinis</strong></span> <span class='ocrx_word' id='word_1_188' title='bbox 470 2646 743 2685; x_wconf 82' lang='lat' dir='ltr'><strong>cruentatum</strong></span> <span class='ocrx_word' id='word_1_189' title='bbox 761 2649 905 2696; x_wconf 88' lang='lat' dir='ltr'><strong>caput,</strong></span> 
     </span>
     <span class='ocr_line' id='line_1_42' title="bbox 309 2699 819 2741; baseline 0.004 -2"><span class='ocrx_word' id='word_1_190' title='bbox 309 2699 365 2741; x_wconf 90' lang='lat' dir='ltr'><strong>Et</strong></span> <span class='ocrx_word' id='word_1_191' title='bbox 384 2699 529 2740; x_wconf 87' lang='lat' dir='ltr'><strong>vultus</strong></span> <span class='ocrx_word' id='word_1_192' title='bbox 546 2699 617 2740; x_wconf 87' lang='lat' dir='ltr'><strong>ille</strong></span> <span class='ocrx_word' id='word_1_193' title='bbox 638 2699 819 2741; x_wconf 91' lang='lat' dir='ltr'><strong>decolor</strong></span> 
     </span>
     <span class='ocr_line' id='line_1_43' title="bbox 309 2756 1021 2808; baseline -0.001 -11"><span class='ocrx_word' id='word_1_194' title='bbox 309 2756 498 2797; x_wconf 89' lang='lat' dir='ltr'><strong>Mortem</strong></span> <span class='ocrx_word' id='word_1_195' title='bbox 517 2758 811 2808; x_wconf 81' lang='lat' dir='ltr'><strong>propinquam</strong></span> <span class='ocrx_word' id='word_1_196' title='bbox 830 2756 1021 2808; x_wconf 82' lang='lat' dir='ltr'><strong>respicit.</strong></span> 
     </span>
    </p>
   </div>
   <div class='ocr_carea' id='block_1_8' title="bbox 1128 335 1837 555">
    <p class='ocr_par' dir='ltr' id='par_1_10' title="bbox 1128 335 1837 555">
     <span class='ocr_line' id='line_1_44' title="bbox 1128 335 1672 387; baseline -0.002 -10"><span class='ocrx_word' id='word_1_197' title='bbox 1128 338 1239 387; x_wconf 87' lang='lat' dir='ltr'><strong>Quae</strong></span> <span class='ocrx_word' id='word_1_198' title='bbox 1257 340 1375 377; x_wconf 87' lang='lat' dir='ltr'><strong>terra</strong></span> <span class='ocrx_word' id='word_1_199' title='bbox 1395 335 1526 376; x_wconf 90' lang='lat' dir='ltr'><strong>sulcis</strong></span> <span class='ocrx_word' id='word_1_200' title='bbox 1544 335 1672 386; x_wconf 87' lang='lat' dir='ltr'><strong>invia,</strong></span> 
     </span>
     <span class='ocr_line' id='line_1_45' title="bbox 1177 391 1837 443; baseline 0.005 -11"><span class='ocrx_word' id='word_1_201' title='bbox 1177 391 1333 433; x_wconf 92' lang='lat' dir='ltr'><strong>Dumis</strong></span> <span class='ocrx_word' id='word_1_202' title='bbox 1352 391 1497 443; x_wconf 84' lang='lat' dir='ltr'><strong>rigens</strong></span> <span class='ocrx_word' id='word_1_203' title='bbox 1518 396 1562 433; x_wconf 88' lang='lat' dir='ltr'><strong>et</strong></span> <span class='ocrx_word' id='word_1_204' title='bbox 1580 392 1789 443; x_wconf 70' lang='lat' dir='ltr'><strong>sentibus,</strong></span> <span class='ocrx_word' id='word_1_205' title='bbox 1834 419 1837 421; x_wconf 95' lang='lat'>-</span> 
     </span>
     <span class='ocr_line' id='line_1_46' title="bbox 1178 447 1789 501; baseline 0.003 -12"><span class='ocrx_word' id='word_1_206' title='bbox 1178 447 1386 500; x_wconf 83' lang='lat' dir='ltr'><strong>Lugubre</strong></span> <span class='ocrx_word' id='word_1_207' title='bbox 1405 461 1563 490; x_wconf 91' lang='lat' dir='ltr'><strong>munus</strong></span> <span class='ocrx_word' id='word_1_208' title='bbox 1581 448 1789 501; x_wconf 80' lang='lat' dir='ltr'><strong>pretulit?</strong></span> 
     </span>
     <span class='ocr_line' id='line_1_47' title="bbox 1179 504 1828 555; baseline 0.002 -9"><span class='ocrx_word' id='word_1_209' title='bbox 1179 506 1289 555; x_wconf 89' lang='lat' dir='ltr'><strong>Quae</strong></span> <span class='ocrx_word' id='word_1_210' title='bbox 1309 517 1429 546; x_wconf 88' lang='lat' dir='ltr'><strong>saeva</strong></span> <span class='ocrx_word' id='word_1_211' title='bbox 1448 505 1631 547; x_wconf 87' lang='lat' dir='ltr'><strong>messuit</strong></span> <span class='ocrx_word' id='word_1_212' title='bbox 1649 504 1828 548; x_wconf 86' lang='lat' dir='ltr'><strong>manus?</strong></span> 
     </span>
    </p>
   </div>
   <div class='ocr_carea' id='block_1_9' title="bbox 1102 569 1942 2166">
    <p class='ocr_par' dir='ltr' id='par_1_11' title="bbox 1128 569 1907 794">
     <span class='ocr_line' id='line_1_48' title="bbox 1128 569 1778 622; baseline 0 -9"><span class='ocrx_word' id='word_1_213' title='bbox 1128 570 1292 614; x_wconf 88' lang='lat' dir='ltr'><strong>Christi</strong></span> <span class='ocrx_word' id='word_1_214' title='bbox 1309 569 1548 612; x_wconf 87' lang='lat' dir='ltr'><strong>rubescens</strong></span> <span class='ocrx_word' id='word_1_215' title='bbox 1567 571 1778 622; x_wconf 83' lang='lat' dir='ltr'><strong>sanguine</strong></span> 
     </span>
     <span class='ocr_line' id='line_1_49' title="bbox 1179 626 1678 678; baseline 0.002 -10"><span class='ocrx_word' id='word_1_216' title='bbox 1179 626 1375 668; x_wconf 79' lang='lat' dir='ltr'><strong>Aculeos</strong></span> <span class='ocrx_word' id='word_1_217' title='bbox 1394 632 1535 669; x_wconf 89' lang='lat' dir='ltr'><strong>mutat</strong></span> <span class='ocrx_word' id='word_1_218' title='bbox 1553 627 1678 678; x_wconf 88' lang='lat' dir='ltr'><strong>rosis,</strong></span> 
     </span>
     <span class='ocr_line' id='line_1_50' title="bbox 1176 683 1907 736; baseline 0.003 -12"><span class='ocrx_word' id='word_1_219' title='bbox 1176 683 1463 736; x_wconf 63' lang='lat' dir='ltr'><strong>Palma-imque</strong></span> <span class='ocrx_word' id='word_1_220' title='bbox 1482 683 1663 726; x_wconf 90' lang='lat' dir='ltr'><strong>vincens</strong></span> <span class='ocrx_word' id='word_1_221' title='bbox 1683 683 1907 735; x_wconf 78' lang='lat' dir='ltr'><strong>fructibus,</strong></span> 
     </span>
     <span class='ocr_line' id='line_1_51' title="bbox 1179 740 1832 794; baseline 0.002 -12"><span class='ocrx_word' id='word_1_222' title='bbox 1179 741 1315 794; x_wconf 88' lang='lat' dir='ltr'><strong>Spina</strong></span> <span class='ocrx_word' id='word_1_223' title='bbox 1334 745 1401 782; x_wconf 87' lang='lat' dir='ltr'><strong>est</strong></span> <span class='ocrx_word' id='word_1_224' title='bbox 1419 740 1654 793; x_wconf 80' lang='lat' dir='ltr'><strong>triumphis</strong></span> <span class='ocrx_word' id='word_1_225' title='bbox 1674 741 1832 794; x_wconf 80' lang='lat' dir='ltr'><strong>aptior.</strong></span> 
     </span>
    </p>

    <p class='ocr_par' dir='ltr' id='par_1_12' title="bbox 1134 805 1866 1028">
     <span class='ocr_line' id='line_1_52' title="bbox 1134 805 1683 863; baseline -0.004 -15"><span class='ocrx_word' id='word_1_226' title='bbox 1134 805 1283 858; x_wconf 92' lang='lat' dir='ltr'><strong>Culpis</strong></span> <span class='ocrx_word' id='word_1_227' title='bbox 1303 809 1412 863; x_wconf 72' lang='lat' dir='ltr'><strong>satae</strong></span> <span class='ocrx_word' id='word_1_228' title='bbox 1430 805 1683 847; x_wconf 80' lang='lat' dir='ltr'><strong>mortalium</strong></span> 
     </span>
     <span class='ocr_line' id='line_1_53' title="bbox 1179 861 1866 914; baseline 0 -10"><span class='ocrx_word' id='word_1_229' title='bbox 1179 863 1245 904; x_wconf 90' lang='lat' dir='ltr'><strong>Te</strong></span> <span class='ocrx_word' id='word_1_230' title='bbox 1265 861 1437 903; x_wconf 87' lang='lat' dir='ltr'><strong>Christe</strong></span> <span class='ocrx_word' id='word_1_231' title='bbox 1457 862 1597 914; x_wconf 91' lang='lat' dir='ltr'><strong>spinae</strong></span> <span class='ocrx_word' id='word_1_232' title='bbox 1617 862 1866 904; x_wconf 74' lang='lat' dir='ltr'><strong>vulnerant:</strong></span> 
     </span>
     <span class='ocr_line' id='line_1_54' title="bbox 1180 917 1768 967; baseline 0 -7"><span class='ocrx_word' id='word_1_233' title='bbox 1180 918 1334 960; x_wconf 90' lang='lat' dir='ltr'><strong>Evelle</strong></span> <span class='ocrx_word' id='word_1_234' title='bbox 1352 923 1539 967; x_wconf 89' lang='lat' dir='ltr'><strong>nostras,</strong></span> <span class='ocrx_word' id='word_1_235' title='bbox 1559 917 1768 960; x_wconf 82' lang='lat' dir='ltr'><strong>cordibus</strong></span> 
     </span>
     <span class='ocr_line' id='line_1_55' title="bbox 1179 975 1748 1028; baseline 0 -12"><span class='ocrx_word' id='word_1_236' title='bbox 1179 975 1390 1028; x_wconf 83' lang='lat' dir='ltr'><strong>Tuasque</strong></span> <span class='ocrx_word' id='word_1_237' title='bbox 1409 975 1573 1017; x_wconf 86' lang='lat' dir='ltr'><strong>nostris</strong></span> <span class='ocrx_word' id='word_1_238' title='bbox 1593 977 1748 1017; x_wconf 88' lang='lat' dir='ltr'><strong>insere.</strong></span> 
     </span>
    </p>

    <p class='ocr_par' dir='ltr' id='par_1_13' title="bbox 1127 1039 1751 1146">
     <span class='ocr_line' id='line_1_56' title="bbox 1127 1039 1751 1091; baseline 0.002 -11"><span class='ocrx_word' id='word_1_239' title='bbox 1127 1040 1292 1089; x_wconf 90' lang='lat' dir='ltr'><strong>Virtus,</strong></span> <span class='ocrx_word' id='word_1_240' title='bbox 1310 1039 1464 1090; x_wconf 84' lang='lat' dir='ltr'><strong>honor,</strong></span> <span class='ocrx_word' id='word_1_241' title='bbox 1483 1039 1589 1089; x_wconf 90' lang='lat' dir='ltr'><strong>laus,</strong></span> <span class='ocrx_word' id='word_1_242' title='bbox 1609 1039 1751 1091; x_wconf 81' lang='lat' dir='ltr'><strong>gloria</strong></span> 
     </span>
     <span class='ocr_line' id='line_1_57' title="bbox 1182 1095 1679 1146; baseline -0.002 -8"><span class='ocrx_word' id='word_1_243' title='bbox 1182 1097 1280 1138; x_wconf 91' lang='lat' dir='ltr'><strong>Deo</strong></span> <span class='ocrx_word' id='word_1_244' title='bbox 1298 1095 1419 1138; x_wconf 91' lang='lat' dir='ltr'><strong>Patri</strong></span> <span class='ocrx_word' id='word_1_245' title='bbox 1438 1109 1539 1138; x_wconf 91' lang='lat' dir='ltr'><strong>cum</strong></span> <span class='ocrx_word' id='word_1_246' title='bbox 1555 1096 1679 1146; x_wconf 88' lang='lat' dir='ltr'><strong>Filio,</strong></span> 
     </span>
    </p>

    <p class='ocr_par' dir='ltr' id='par_1_14' title="bbox 1102 1152 1942 2166">
     <span class='ocr_line' id='line_1_58' title="bbox 1181 1152 1747 1203; baseline -0.002 -8"><span class='ocrx_word' id='word_1_247' title='bbox 1181 1153 1344 1195; x_wconf 91' lang='lat' dir='ltr'><strong>Sancto</strong></span> <span class='ocrx_word' id='word_1_248' title='bbox 1365 1152 1494 1194; x_wconf 87' lang='lat' dir='ltr'><strong>simul</strong></span> <span class='ocrx_word' id='word_1_249' title='bbox 1513 1153 1747 1203; x_wconf 80' lang='lat' dir='ltr'><strong>Paraclito‚</strong></span> 
     </span>
     <span class='ocr_line' id='line_1_59' title="bbox 1181 1209 1893 1251; baseline 0 -1"><span class='ocrx_word' id='word_1_250' title='bbox 1181 1210 1233 1250; x_wconf 93' lang='lat' dir='ltr'><strong>In</strong></span> <span class='ocrx_word' id='word_1_251' title='bbox 1251 1209 1516 1251; x_wconf 78' lang='lat' dir='ltr'><strong>saeculerum</strong></span> <span class='ocrx_word' id='word_1_252' title='bbox 1531 1209 1706 1251; x_wconf 70' lang='lat' dir='ltr'><strong>saecula.</strong></span> <span class='ocrx_word' id='word_1_253' title='bbox 1738 1209 1893 1251; x_wconf 90' lang='lat' dir='ltr'><strong>Amen.</strong></span> 
     </span>
     <span class='ocr_line' id='line_1_60' title="bbox 1156 1264 1936 1323; baseline 0.001 -13"><span class='ocrx_word' id='word_1_254' title='bbox 1156 1264 1205 1316; x_wconf 61' lang='lat' dir='ltr'><strong>Y.</strong></span> <span class='ocrx_word' id='word_1_255' title='bbox 1224 1269 1475 1311; x_wconf 89' lang='lat' dir='ltr'><strong>Plectentes</strong></span> <span class='ocrx_word' id='word_1_256' title='bbox 1490 1271 1701 1311; x_wconf 81' lang='lat' dir='ltr'><strong>coronam</strong></span> <span class='ocrx_word' id='word_1_257' title='bbox 1716 1268 1772 1312; x_wconf 89' lang='lat' dir='ltr'><strong>de</strong></span> <span class='ocrx_word' id='word_1_258' title='bbox 1787 1269 1936 1323; x_wconf 85' lang='lat' dir='ltr'><strong>spinis.</strong></span> 
     </span>
     <span class='ocr_line' id='line_1_61' title="bbox 1102 1327 1860 1381; baseline 0 -13"><span class='ocrx_word' id='word_1_259' title='bbox 1102 1329 1153 1381; x_wconf 66' lang='lat' dir='ltr'><strong>R&#39;·</strong></span> <span class='ocrx_word' id='word_1_260' title='bbox 1182 1327 1433 1368; x_wconf 90' lang='lat' dir='ltr'><strong>Posuerunt</strong></span> <span class='ocrx_word' id='word_1_261' title='bbox 1452 1339 1585 1379; x_wconf 89' lang='lat' dir='ltr'><strong>super</strong></span> <span class='ocrx_word' id='word_1_262' title='bbox 1606 1331 1739 1379; x_wconf 88' lang='lat' dir='ltr'><strong>caput</strong></span> <span class='ocrx_word' id='word_1_263' title='bbox 1758 1327 1860 1380; x_wconf 85' lang='lat' dir='ltr'><strong>ejus.</strong></span> 
     </span>
     <span class='ocr_line' id='line_1_62' title="bbox 1158 1386 1938 1438; baseline 0.001 -9"><span class='ocrx_word' id='word_1_264' title='bbox 1158 1390 1227 1430; x_wconf 72' lang='lat' dir='ltr'><strong>Ad</strong></span> <span class='ocrx_word' id='word_1_265' title='bbox 1252 1390 1425 1437; x_wconf 73' lang='lat' dir='ltr'><strong>Magnis.</strong></span> <span class='ocrx_word' id='word_1_266' title='bbox 1456 1389 1554 1430; x_wconf 81' lang='lat' dir='ltr'><strong>Ant.</strong></span> <span class='ocrx_word' id='word_1_267' title='bbox 1588 1386 1868 1438; x_wconf 83' lang='lat' dir='ltr'><strong>Egredimini‚</strong></span> <span class='ocrx_word' id='word_1_268' title='bbox 1893 1391 1938 1430; x_wconf 82' lang='lat' dir='ltr'><strong>et</strong></span> 
     </span>
     <span class='ocr_line' id='line_1_63' title="bbox 1105 1442 1938 1495; baseline 0 -9"><span class='ocrx_word' id='word_1_269' title='bbox 1105 1443 1252 1486; x_wconf 85' lang='lat' dir='ltr'><strong>videte</strong></span> <span class='ocrx_word' id='word_1_270' title='bbox 1280 1443 1384 1484; x_wconf 87' lang='lat' dir='ltr'><strong>fssiae</strong></span> <span class='ocrx_word' id='word_1_271' title='bbox 1411 1442 1533 1492; x_wconf 89' lang='lat' dir='ltr'><strong>Sion,</strong></span> <span class='ocrx_word' id='word_1_272' title='bbox 1564 1456 1715 1495; x_wconf 87' lang='lat' dir='ltr'><strong>regem</strong></span> <span class='ocrx_word' id='word_1_273' title='bbox 1741 1443 1938 1486; x_wconf 80' lang='lat' dir='ltr'><strong>Salomo-</strong></span> 
     </span>
     <span class='ocr_line' id='line_1_64' title="bbox 1105 1499 1938 1552; baseline 0.001 -11"><span class='ocrx_word' id='word_1_274' title='bbox 1105 1513 1207 1542; x_wconf 90' lang='lat' dir='ltr'><strong>nem</strong></span> <span class='ocrx_word' id='word_1_275' title='bbox 1234 1500 1277 1541; x_wconf 94' lang='lat' dir='ltr'><strong>in</strong></span> <span class='ocrx_word' id='word_1_276' title='bbox 1307 1499 1556 1541; x_wconf 87' lang='lat' dir='ltr'><strong>diademate</strong></span> <span class='ocrx_word' id='word_1_277' title='bbox 1591 1512 1679 1552; x_wconf 92' lang='lat' dir='ltr'><strong>quo</strong></span> <span class='ocrx_word' id='word_1_278' title='bbox 1708 1500 1938 1543; x_wconf 70' lang='lat' dir='ltr'><strong>coronavit</strong></span> 
     </span>
     <span class='ocr_line' id='line_1_65' title="bbox 1106 1561 1938 1610; baseline 0 -12"><span class='ocrx_word' id='word_1_279' title='bbox 1106 1569 1206 1598; x_wconf 91' lang='lat' dir='ltr'><strong>eum</strong></span> <span class='ocrx_word' id='word_1_280' title='bbox 1241 1561 1383 1598; x_wconf 91' lang='lat' dir='ltr'><strong>mater</strong></span> <span class='ocrx_word' id='word_1_281' title='bbox 1419 1569 1517 1608; x_wconf 85' lang='lat' dir='ltr'><strong>sua,</strong></span> <span class='ocrx_word' id='word_1_282' title='bbox 1558 1569 1720 1610; x_wconf 88' lang='lat' dir='ltr'><strong>parans</strong></span> <span class='ocrx_word' id='word_1_283' title='bbox 1763 1569 1938 1599; x_wconf 88' lang='lat' dir='ltr'><strong>crucem</strong></span> 
     </span>
     <span class='ocr_line' id='line_1_66' title="bbox 1106 1613 1438 1655; baseline -0.003 0"><span class='ocrx_word' id='word_1_284' title='bbox 1106 1613 1326 1655; x_wconf 81' lang='lat' dir='ltr'><strong>Salvateri</strong></span> <span class='ocrx_word' id='word_1_285' title='bbox 1346 1626 1438 1654; x_wconf 94' lang='lat' dir='ltr'><strong>suo.</strong></span> 
     </span>
     <span class='ocr_line' id='line_1_67' title="bbox 1439 1672 1842 1720; baseline -0.012 -7"><span class='ocrx_word' id='word_1_286' title='bbox 1439 1672 1601 1713; x_wconf 83' lang='lat' dir='ltr'><strong>Oratio.</strong></span> <span class='ocrx_word' id='word_1_287' title='bbox 1835 1714 1842 1720; x_wconf 49' lang='grc'>,</span> 
     </span>
     <span class='ocr_line' id='line_1_68' title="bbox 1191 1732 1939 1783; baseline 0 -12"><span class='ocrx_word' id='word_1_288' title='bbox 1191 1735 1340 1779; x_wconf 74' lang='lat' dir='ltr'><strong>mesta,</strong></span> <span class='ocrx_word' id='word_1_289' title='bbox 1374 1732 1627 1782; x_wconf 82' lang='lat' dir='ltr'><strong>quaesumus</strong></span> <span class='ocrx_word' id='word_1_290' title='bbox 1659 1732 1939 1783; x_wconf 84' lang='lat' dir='ltr'><strong>omnipotens</strong></span> 
     </span>
     <span class='ocr_line' id='line_1_69' title="bbox 1210 1786 1939 1839; baseline -0.001 -11"><span class='ocrx_word' id='word_1_291' title='bbox 1210 1787 1348 1828; x_wconf 90' lang='lat' dir='ltr'><strong>Deus:</strong></span> <span class='ocrx_word' id='word_1_292' title='bbox 1362 1791 1411 1828; x_wconf 91' lang='lat' dir='ltr'><strong>ut</strong></span> <span class='ocrx_word' id='word_1_293' title='bbox 1426 1786 1502 1838; x_wconf 91' lang='lat' dir='ltr'><strong>qui</strong></span> <span class='ocrx_word' id='word_1_294' title='bbox 1515 1786 1560 1827; x_wconf 90' lang='lat' dir='ltr'><strong>in</strong></span> <span class='ocrx_word' id='word_1_295' title='bbox 1574 1786 1833 1828; x_wconf 82' lang='lat' dir='ltr'><strong>memoriam</strong></span> <span class='ocrx_word' id='word_1_296' title='bbox 1841 1799 1939 1839; x_wconf 90' lang='lat' dir='ltr'><strong>pas-</strong></span> 
     </span>
     <span class='ocr_line' id='line_1_70' title="bbox 1107 1842 1941 1885; baseline 0 -1"><span class='ocrx_word' id='word_1_297' title='bbox 1107 1843 1243 1885; x_wconf 80' lang='lat' dir='ltr'><strong>sionis</strong></span> <span class='ocrx_word' id='word_1_298' title='bbox 1269 1843 1448 1884; x_wconf 82' lang='lat' dir='ltr'><strong>Domini</strong></span> <span class='ocrx_word' id='word_1_299' title='bbox 1475 1842 1618 1884; x_wconf 91' lang='lat' dir='ltr'><strong>nostri</strong></span> <span class='ocrx_word' id='word_1_300' title='bbox 1645 1843 1671 1884; x_wconf 89' lang='lat' dir='ltr'>J</span> <span class='ocrx_word' id='word_1_301' title='bbox 1674 1855 1754 1884; x_wconf 91' lang='lat' dir='ltr'><strong>esu</strong></span> <span class='ocrx_word' id='word_1_302' title='bbox 1779 1842 1941 1884; x_wconf 84' lang='lat' dir='ltr'><strong>Christi</strong></span> 
     </span>
     <span class='ocr_line' id='line_1_71' title="bbox 1108 1900 1942 1952; baseline -0.002 -10"><span class='ocrx_word' id='word_1_303' title='bbox 1108 1901 1319 1942; x_wconf 79' lang='lat' dir='ltr'><strong>corenam</strong></span> <span class='ocrx_word' id='word_1_304' title='bbox 1344 1900 1436 1952; x_wconf 91' lang='lat' dir='ltr'><strong>ejus</strong></span> <span class='ocrx_word' id='word_1_305' title='bbox 1462 1901 1662 1952; x_wconf 84' lang='lat' dir='ltr'><strong>spineam</strong></span> <span class='ocrx_word' id='word_1_306' title='bbox 1680 1901 1942 1940; x_wconf 81' lang='lat' dir='ltr'><strong>veneramur</strong></span> 
     </span>
     <span class='ocr_line' id='line_1_72' title="bbox 1107 1955 1941 2010; baseline 0 -13"><span class='ocrx_word' id='word_1_307' title='bbox 1107 1957 1152 1997; x_wconf 91' lang='lat' dir='ltr'><strong>in</strong></span> <span class='ocrx_word' id='word_1_308' title='bbox 1175 1956 1320 2006; x_wconf 87' lang='lat' dir='ltr'><strong>terris,</strong></span> <span class='ocrx_word' id='word_1_309' title='bbox 1348 1955 1403 1998; x_wconf 93' lang='lat' dir='ltr'><strong>ab</strong></span> <span class='ocrx_word' id='word_1_310' title='bbox 1427 1956 1527 2010; x_wconf 91' lang='lat' dir='ltr'><strong>ipso</strong></span> <span class='ocrx_word' id='word_1_311' title='bbox 1549 1955 1690 2007; x_wconf 81' lang='lat' dir='ltr'><strong>gloria</strong></span> <span class='ocrx_word' id='word_1_312' title='bbox 1708 1961 1752 1998; x_wconf 89' lang='lat' dir='ltr'><strong>et</strong></span> <span class='ocrx_word' id='word_1_313' title='bbox 1771 1955 1941 1998; x_wconf 79' lang='lat' dir='ltr'><strong>honere</strong></span> 
     </span>
     <span class='ocr_line' id='line_1_73' title="bbox 1109 2011 1942 2062; baseline -0.001 -8"><span class='ocrx_word' id='word_1_314' title='bbox 1109 2012 1312 2054; x_wconf 79' lang='lat' dir='ltr'><strong>coronari</strong></span> <span class='ocrx_word' id='word_1_315' title='bbox 1336 2014 1584 2054; x_wconf 83' lang='lat' dir='ltr'><strong>mereamur</strong></span> <span class='ocrx_word' id='word_1_316' title='bbox 1606 2012 1652 2053; x_wconf 91' lang='lat' dir='ltr'><strong>in</strong></span> <span class='ocrx_word' id='word_1_317' title='bbox 1676 2011 1814 2054; x_wconf 83' lang='lat' dir='ltr'><strong>coelis:</strong></span> <span class='ocrx_word' id='word_1_318' title='bbox 1856 2011 1942 2062; x_wconf 94' lang='lat' dir='ltr'><strong>Qui</strong></span> 
     </span>
     <span class='ocr_line' id='line_1_74' title="bbox 1108 2069 1631 2120; baseline 0 -10"><span class='ocrx_word' id='word_1_319' title='bbox 1108 2073 1256 2111; x_wconf 91' lang='lat' dir='ltr'><strong>tecum</strong></span> <span class='ocrx_word' id='word_1_320' title='bbox 1275 2069 1383 2111; x_wconf 88' lang='lat' dir='ltr'><strong>vivit</strong></span> <span class='ocrx_word' id='word_1_321' title='bbox 1402 2074 1447 2111; x_wconf 87' lang='lat' dir='ltr'><strong>et</strong></span> <span class='ocrx_word' id='word_1_322' title='bbox 1465 2074 1631 2120; x_wconf 85' lang='lat' dir='ltr'><strong>regnat.</strong></span> 
     </span>
     <span class='ocr_line' id='line_1_75' title="bbox 1159 2131 1651 2166; baseline 0 -1"><span class='ocrx_word' id='word_1_323' title='bbox 1159 2131 1205 2165; x_wconf 90' lang='lat' dir='ltr'><strong>Et</strong></span> <span class='ocrx_word' id='word_1_324' title='bbox 1230 2132 1271 2165; x_wconf 83' lang='lat' dir='ltr'><strong>fit</strong></span> <span class='ocrx_word' id='word_1_325' title='bbox 1295 2141 1491 2166; x_wconf 89' lang='lat' dir='ltr'><strong>commem.</strong></span> <span class='ocrx_word' id='word_1_326' title='bbox 1517 2131 1651 2166; x_wconf 84' lang='lat' dir='ltr'><strong>Feriae.</strong></span> 
     </span>
    </p>
   </div>
   <div class='ocr_carea' id='block_1_10' title="bbox 1110 2201 1942 2498">
    <p class='ocr_par' dir='ltr' id='par_1_15' title="bbox 1110 2201 1942 2498">
     <span class='ocr_line' id='line_1_76' title="bbox 1274 2201 1778 2244; baseline 0.002 -1"><span class='ocrx_word' id='word_1_327' title='bbox 1274 2201 1363 2243; x_wconf 84' lang='lat' dir='ltr'><strong>Ad</strong></span> <span class='ocrx_word' id='word_1_328' title='bbox 1386 2202 1778 2244; x_wconf 69' lang='lat' dir='ltr'><strong>matutinum.</strong></span> 
     </span>
     <span class='ocr_line' id='line_1_77' title="bbox 1158 2267 1942 2320; baseline -0.003 -10"><span class='ocrx_word' id='word_1_329' title='bbox 1158 2270 1283 2310; x_wconf 91' lang='lat' dir='ltr'><strong>Invit.</strong></span> <span class='ocrx_word' id='word_1_330' title='bbox 1345 2267 1567 2310; x_wconf 88' lang='lat' dir='ltr'><strong>Christum</strong></span> <span class='ocrx_word' id='word_1_331' title='bbox 1599 2269 1770 2318; x_wconf 86' lang='lat' dir='ltr'><strong>Regem</strong></span> <span class='ocrx_word' id='word_1_332' title='bbox 1806 2267 1942 2320; x_wconf 87' lang='lat' dir='ltr'><strong>spinis</strong></span> 
     </span>
     <span class='ocr_line' id='line_1_78' title="bbox 1110 2324 1897 2374; baseline 0 -8"><span class='ocrx_word' id='word_1_333' title='bbox 1110 2326 1381 2374; x_wconf 77' lang='lat' dir='ltr'><strong>coronatum,</strong></span> <span class='ocrx_word' id='word_1_334' title='bbox 1404 2328 1426 2351; x_wconf 86' lang='lat'>*</span> <span class='ocrx_word' id='word_1_335' title='bbox 1448 2324 1609 2366; x_wconf 84' lang='lat' dir='ltr'><strong>Venite</strong></span> <span class='ocrx_word' id='word_1_336' title='bbox 1628 2324 1874 2366; x_wconf 90' lang='lat' dir='ltr'><strong>adoremus.</strong></span> <span class='ocrx_word' id='word_1_337' title='bbox 1892 2356 1897 2361; x_wconf 80' lang='lat'><em>,</em></span> 
     </span>
     <span class='ocr_line' id='line_1_79' title="bbox 1162 2385 1770 2428; baseline -0.002 0"><span class='ocrx_word' id='word_1_338' title='bbox 1162 2388 1231 2428; x_wconf 90' lang='lat' dir='ltr'><strong>Ps.</strong></span> <span class='ocrx_word' id='word_1_339' title='bbox 1256 2387 1414 2428; x_wconf 89' lang='lat' dir='ltr'><strong>Venite</strong></span> <span class='ocrx_word' id='word_1_340' title='bbox 1434 2385 1713 2427; x_wconf 84' lang='lat' dir='ltr'><strong>exsultemus.</strong></span> <span class='ocrx_word' id='word_1_341' title='bbox 1732 2386 1770 2427; x_wconf 88' lang='lat'><strong>2.</strong></span> 
     </span>
     <span class='ocr_line' id='line_1_80' title="bbox 1160 2445 1894 2498; baseline -0.004 -10"><span class='ocrx_word' id='word_1_342' title='bbox 1160 2448 1371 2498; x_wconf 71' lang='lat' dir='ltr'><strong>Hymnus.</strong></span> <span class='ocrx_word' id='word_1_343' title='bbox 1403 2446 1531 2487; x_wconf 87' lang='lat' dir='ltr'><strong>Exite</strong></span> <span class='ocrx_word' id='word_1_344' title='bbox 1550 2445 1666 2488; x_wconf 89' lang='lat' dir='ltr'><strong>Sion.</strong></span> <span class='ocrx_word' id='word_1_345' title='bbox 1683 2452 1730 2487; x_wconf 91' lang='lat' dir='ltr'><strong>ut</strong></span> <span class='ocrx_word' id='word_1_346' title='bbox 1750 2458 1894 2498; x_wconf 91' lang='lat' dir='ltr'><strong>supra.</strong></span> 
     </span>
    </p>
   </div>
   <div class='ocr_carea' id='block_1_11' title="bbox 1352 2525 1693 2565">
    <p class='ocr_par' dir='ltr' id='par_1_16' title="bbox 1352 2525 1693 2565">
     <span class='ocr_line' id='line_1_81' title="bbox 1352 2525 1693 2565; baseline -0.009 0"><span class='ocrx_word' id='word_1_347' title='bbox 1352 2526 1401 2565; x_wconf 88' lang='lat' dir='ltr'><strong>In</strong></span> <span class='ocrx_word' id='word_1_348' title='bbox 1420 2526 1451 2565; x_wconf 92' lang='lat'><strong>1.</strong></span> <span class='ocrx_word' id='word_1_349' title='bbox 1470 2525 1693 2565; x_wconf 82' lang='lat' dir='ltr'><strong>Nocturno.</strong></span> 
     </span>
    </p>
   </div>
   <div class='ocr_carea' id='block_1_12' title="bbox 1110 2588 1943 2810">
    <p class='ocr_par' dir='ltr' id='par_1_17' title="bbox 1110 2588 1943 2810">
     <span class='ocr_line' id='line_1_82' title="bbox 1161 2588 1943 2641; baseline -0.001 -10"><span class='ocrx_word' id='word_1_350' title='bbox 1161 2591 1261 2631; x_wconf 84' lang='lat' dir='ltr'><strong>Ant.</strong></span> <span class='ocrx_word' id='word_1_351' title='bbox 1281 2590 1377 2632; x_wconf 88' lang='lat' dir='ltr'><strong>Erit</strong></span> <span class='ocrx_word' id='word_1_352' title='bbox 1396 2594 1622 2641; x_wconf 86' lang='lat' dir='ltr'><strong>tamquam</strong></span> <span class='ocrx_word' id='word_1_353' title='bbox 1636 2589 1811 2640; x_wconf 87' lang='lat' dir='ltr'><strong>lignum,</strong></span> <span class='ocrx_word' id='word_1_354' title='bbox 1823 2588 1943 2641; x_wconf 91' lang='lat' dir='ltr'><strong>quod</strong></span> 
     </span>
     <span class='ocr_line' id='line_1_83' title="bbox 1110 2645 1942 2698; baseline 0 -12"><span class='ocrx_word' id='word_1_355' title='bbox 1110 2646 1357 2698; x_wconf 82' lang='lat' dir='ltr'><strong>plantatum</strong></span> <span class='ocrx_word' id='word_1_356' title='bbox 1368 2651 1436 2688; x_wconf 90' lang='lat' dir='ltr'><strong>est</strong></span> <span class='ocrx_word' id='word_1_357' title='bbox 1448 2658 1575 2687; x_wconf 90' lang='lat' dir='ltr'><strong>secus</strong></span> <span class='ocrx_word' id='word_1_358' title='bbox 1587 2645 1800 2687; x_wconf 78' lang='lat' dir='ltr'><strong>decursus</strong></span> <span class='ocrx_word' id='word_1_359' title='bbox 1811 2647 1942 2697; x_wconf 79' lang='lat' dir='ltr'><strong>aqua-</strong></span> 
     </span>
     <span class='ocr_line' id='line_1_84' title="bbox 1111 2701 1943 2751; baseline 0 -9"><span class='ocrx_word' id='word_1_360' title='bbox 1111 2715 1218 2751; x_wconf 90' lang='lat' dir='ltr'><strong>rum,</strong></span> <span class='ocrx_word' id='word_1_361' title='bbox 1234 2708 1278 2744; x_wconf 91' lang='lat' dir='ltr'><strong>et</strong></span> <span class='ocrx_word' id='word_1_362' title='bbox 1293 2703 1483 2744; x_wconf 89' lang='lat' dir='ltr'><strong>fructum</strong></span> <span class='ocrx_word' id='word_1_363' title='bbox 1498 2715 1625 2743; x_wconf 93' lang='lat' dir='ltr'><strong>suum</strong></span> <span class='ocrx_word' id='word_1_364' title='bbox 1642 2701 1766 2744; x_wconf 91' lang='lat' dir='ltr'><strong>dabit</strong></span> <span class='ocrx_word' id='word_1_365' title='bbox 1779 2702 1823 2742; x_wconf 93' lang='lat' dir='ltr'><strong>in</strong></span> <span class='ocrx_word' id='word_1_366' title='bbox 1837 2703 1943 2743; x_wconf 89' lang='lat' dir='ltr'><strong>tem-</strong></span> 
     </span>
     <span class='ocr_line' id='line_1_85' title="bbox 1111 2771 1344 2810; baseline 0.004 -12"><span class='ocrx_word' id='word_1_367' title='bbox 1111 2771 1221 2810; x_wconf 91' lang='lat' dir='ltr'><strong>pore</strong></span> <span class='ocrx_word' id='word_1_368' title='bbox 1250 2772 1344 2800; x_wconf 90' lang='lat' dir='ltr'><strong>suo.</strong></span> 
     </span>
    </p>
   </div>
   <div class='ocr_carea' id='block_1_13' title="bbox 149 181 2006 2859">
    <p class='ocr_par' dir='ltr' id='par_1_18' title="bbox 149 181 2006 2859">
     <span class='ocr_line' id='line_1_86' title="bbox 149 181 2006 2859; baseline 0 0"><span class='ocrx_word' id='word_1_369' title='bbox 149 181 2006 2859; x_wconf 95' lang='lat' dir='ltr'><strong> </strong></span> 
     </span>
    </p>
   </div>
  </div>
 </body>
</html>
