2080 2990
629 225 699 259 Dic
723 226 780 258 34».
806 225 890 257 Jan.
938 225 971 256 S.
999 222 1136 256 Felicis
1163 221 1221 254 lx'.
1250 221 1363 262 Papae
1389 226 1423 253 ct
1450 219 1557 253 (lons.

238 333 408 362 menses
440 320 646 372 quinque,
682 332 735 360 ex
767 318 848 359 hac
878 317 967 359 vita
1001 316 1057 358 ad

238 378 379 418 Deum
402 376 621 427 migravit,
649 388 761 416 anno
782 374 940 415 Christi
965 386 1058 414 sex-

239 433 474 475 centesimo
498 432 769 482 sexagesimo
793 443 924 477 nono,
950 435 992 471 et
1015 430 1058 469 in

238 489 451 531 Vaticano
471 488 667 541 sepultus
686 494 762 529 est.

298 559 344 609 Rs.
361 555 450 595 Iste
470 559 546 595 est.

300 627 336 659 In
361 626 421 659 III¹
445 624 640 657 Nocturni)
668 622 835 655 Homilia
859 623 893 655 in
918 623 1060 662 Evang.

244 674 363 707 Homo
387 672 544 715 peregre
568 670 826 715 proficiscens.
858 670 902 703 dc
927 670 1060 703 omium

243 721 442 756 Communi
471 721 495 753 1.
523 721 617 753 loco.

458 823 539 864 Die
558 824 628 863 30.
647 823 671 863 J
673 821 846 863 anuarii.

292 896 334 936 S.
357 895 535 936 Felicis
557 895 638 937 IV.
666 899 795 947 l'apac
823 901 864 935 ct
891 896 1010 935 Conf.

571 963 733 1005 Duplex.

298 1022 432 1056 (bunia
474 1022 518 1055 (lc
556 1023 756 1056 (rehtummuni
794 1022 901 1057 Cons.
941 1022 1061 1055 l'ont..

245 1076 381 1113 practer
405 1071 613 1112 sequenti-21.

297 1128 435 1160 (mitio.
464 1125 613 1160 Exaudi
636 1126 866 1169 quaesumus.

297 1185 336 1217 ln
371 1184 394 1216 1.
426 1184 623 1217 Nocturni)
656 1184 857 1217 Lectiones
888 1184 933 1217 dc
966 1184 1062 1217 Scri-

243 1238 352 1274 ptura
379 1238 609 1266 Occurrcntc.

472 1307 520 1345 In
540 1307 589 1346 ΙΙ.
610 1308 830 1347 Nocturno.

540 1378 690 1418 Lectio
712 1378 763 1418 iv.

244 1470 253 1503 5
292 1498 294 1501 ι
347 1446 444 1488 elix
470 1451 649 1498 quartus
669 1446 886 1495 Samnitis⁷
915 1446 1062 1488 Casto-

250 1508 251 1511 ’
291 1526 349 1564 ‚4
375 1504 434 1544 ris
458 1503 588 1552 filius,
615 1502 759 1544 divina
782 1503 922 1554 gratia
946 1503 1062 1556 copi-

244 1564 283 1585 *
375 1562 452 1601 ose
470 1560 722 1610 instrUctus,
745 1559 876 1601 beato
896 1560 920 1600 J
923 1562 1063 1601 oanne

241 1615 362 1669 Papa
392 1616 436 1656 in
466 1616 746 1666 Theodorici,
778 1616 892 1667 regis
923 1616 1063 1658 Italiae

243 1672 392 1722 ariani,
416 1675 590 1714 earcere
610 1672 830 1723 defuneto,
853 1672 910 1714 ob
929 1673 1064 1714 hurni—

242 1728 328 1770 lem
350 1729 559 1782 pietatem
583 1735 713 1781 atque
743 1729 1065 1783 simplieitatem

243 1786 398 1827 ceteris
430 1785 653 1838 praelatus,
686 1786 850 1830 celsum
877 1787 1065 1828 Romani

243 1842 522 1895 episcopatus
540 1842 685 1884 locum
702 1843 954 1896 promeruit.
981 1844 1066 1885 Per

243 1897 288 1939 id
311 1903 482 1951 tempus
501 1899 776 1941 Athalaricus
799 1899 1065 1942 Theodorici

244 1956 480 2005 successor,
501 1968 764 2008 quamquam
783 1962 826 1998 et
843 1957 938 2010 ipse
958 1957 1064 1998 aria-

243 2023 333 2061 nus,
349 2011 602 2064 apostalicae
616 2018 761 2054 tamen
771 2012 896 2055 Sedis
910 2013 1066 2055 honori

245 2067 490 2118 consulens,
540 2068 826 2122 instantisque
878 2070 1066 2112 Romani

245 2122 349 2163 cleri
363 2122 589 2166 desideriis
605 2125 766 2176 favens,
786 2138 866 2167 suo
886 2126 1065 2168 decreto

245 2180 486 2229 constituit,
513 2181 633 2233 quod
652 2183 770 2234 juxta
788 2182 945 2235 priseae
967 2196 1065 2225 con-

245 2234 486 2277 suetudinis
513 2239 711 2279 tenorem
745 2239 813 2289 (ne
839 2238 980 2281 clerus
1005 2240 1065 2281 fo-

246 2291 444 2334 rensibus
474 2292 622 2335 litibus
649 2295 904 2346 profanatus
933 2308 1066 2337 saecu-

245 2347 408 2390 laribus
423 2348 696 2402 implicetur),
713 2350 749 2391 si
765 2352 862 2403 quis
877 2352 1068 2405 aliquem

246 2403 303 2445 ad
322 2404 568 2447 Romanum
594 2406 759 2448 elerum
777 2409 1067 2460 pertinentem

246 2460 289 2501 in
314 2460 510 2512 qualibet
533 2475 665 2504 causa
683 2463 901 2516 probabili
920 2466 1066 2508 cre‘de-

247 2520 313 2580 ret
331 2517 504 2559 aetidne
522 2518 802 2571 pulsandum,
829 2520 885 2562 ad
909 2521 1065 2563 beatis-

248 2572 345 2613 simi
362 2573 496 2626 Papae
523 2575 729 2626 judicium
754 2576 876 2629 prius
900 2581 1067 2620 veniret

249 2628 504 2679 audiendus;
522 2636 581 2681 ut,
601 2637 674 2674 aut
689 2632 784 2685 ipse
799 2633 911 2675 inter
928 2637 1067 2677 utros—

251 2698 333 2737 que
364 2698 486 2728 more
521 2700 611 2729 suae
640 2689 882 2731 sanctitatis
910 2694 1067 2741 cogna-

249 2747 401 2791 sceret‚
419 2747 493 2784 aut
513 2756 689 2785 causam
709 2745 919 2797 deligeret
937 2748 1068 2799 aequi-

1110 314 1213 356 tatis
1263 313 1410 355 studio
1455 311 1786 354 terminandam.
1849 311 1933 362 Qui

1111 383 1216 412 vero
1237 369 1525 412 reverentiam
1544 373 1678 411 tantae
1695 368 1798 410 Sedi
1817 367 1932 410 exhi-

1110 427 1214 469 bere
1232 428 1540 475 contemneret,
1559 425 1712 467 decem
1727 424 1933 467 librarum

1111 484 1205 525 auri
1225 483 1456 537 dispendio
1474 482 1677 523 mulctari
1695 482 1832 535 jussit,
1854 493 1934 534 per

1110 554 1264 582 manus
1314 539 1545 582 memorati
1591 538 1797 581 antistitis
1842 550 1934 579 ero-

1111 597 1312 650 gandum.

1169 658 1218 707 Rg.
1240 654 1392 695 Inveni
1410 652 1556 694 David
1581 664 1756 694 servum
1780 664 1935 701 meum,

1114 712 1212 753 oleo
1238 715 1389 753 saneto
1415 722 1514 752 meo
1540 708 1644 751 unxi
1670 721 1783 750 eum:
1809 713 1831 735 *
1847 707 1935 748 Ma-

1113 782 1193 809 nus
1209 768 1325 810 enim
1339 780 1437 809 mea
1450 765 1729 808 auxiliabitur
1743 765 1793 807 ei.
1814 762 1938 815 ytNi-

1112 824 1174 866 hil
1196 824 1400 878 proficiet
1424 823 1622 864 inimicus
1650 822 1696 863 in
1721 834 1792 871 eo,
1821 825 1864 863 et
1890 820 1936 861 fi-

1113 881 1197 922 lius
1215 880 1458 934 iniquitatis
1476 892 1564 921 non
1582 878 1759 921 nocebit
1774 878 1824 920 ei.
1848 877 1936 919 Ma-

1113 952 1194 980 nus
1217 938 1339 979 enim.

1424 994 1576 1034 Lectio
1598 1007 1634 1031 v.

1118 1048 1301 1154 Porro
1328 1050 1452 1092 Felix
1477 1049 1688 1090 nefariam
1716 1047 1938 1089 damnavit

1217 1106 1607 1161 praesumptionem
1652 1106 1818 1154 eorum,
1865 1104 1939 1157 qui

1115 1164 1377 1207 sacerdotali
1413 1162 1687 1204 ordinatiane
1723 1162 1938 1214 suscepta,

1115 1221 1172 1264 ad
1192 1220 1416 1263 saeeularis
1438 1220 1541 1261 vitae
1560 1231 1707 1260 mores
1727 1217 1938 1269 demigra-

1115 1279 1230 1321 bant.
1282 1277 1435 1319 Erexit
1470 1277 1515 1317 in
1552 1275 1671 1317 Urbe
1714 1274 1940 1316 basilicam

1116 1337 1367 1377 sanctarum
1391 1333 1564 1375 Cosmae
1591 1336 1635 1374 et
1657 1330 1859 1372 Damiani
1886 1343 1940 1372 eo

1114 1392 1231 1442 loeo,
1277 1392 1351 1444 qui
1395 1389 1642 1443 appellatur
1687 1388 1758 1430 via
1797 1387 1940 1437 Sacra,

1115 1450 1233 1501 juxta
1258 1447 1472 1501 templum
1489 1445 1622 1488 Urbis
1641 1445 1816 1495 Romae,
1841 1457 1940 1486 eon-

1116 1507 1424 1558 sumptamque
1443 1502 1646 1545 incendio
1671 1501 1811 1543 sancti
1828 1501 1941 1543 Mar-

1115 1562 1224 1615 tyris
1242 1560 1461 1603 Saturnini
1484 1559 1710 1602 basilicam
1732 1559 1804 1599 via
1825 1557 1941 1599 Sala-

1115 1620 1180 1660 ria
1210 1632 1235 1660 a
1263 1618 1358 1660 solo
1386 1617 1549 1659 refecit.
1590 1616 1714 1658 Idem
1740 1614 1940 1669 pauperi-

1116 1675 1198 1717 bus
1216 1675 1379 1726 largus,
1399 1679 1443 1716 et
1461 1673 1633 1715 miseris
1653 1672 1813 1715 solatia
1829 1684 1940 1725 prae-

1115 1732 1241 1782 bens,
1275 1745 1374 1773 cum
1402 1732 1600 1772 creseere
1627 1730 1804 1771 fecisset
1833 1740 1942 1781 opes

1117 1788 1374 1842 apostalicae
1381 1787 1517 1837 Sedis,
1528 1788 1822 1828 aerumnosam
1830 1784 1942 1827 hanc

1118 1859 1217 1888 cum
1234 1844 1366 1887 beata
1380 1845 1469 1886 vita
1484 1843 1781 1892 commutavit,
1801 1840 1941 1895 sepul-

1117 1908 1188 1944 tus
1207 1902 1251 1943 in
1268 1901 1450 1943 basilica
1469 1901 1609 1942 sancti
1627 1899 1763 1949 Petri,
1784 1902 1941 1951 quarto

1117 1958 1224 2000 Idus
1244 1958 1465 2007 OctabriS‚
1492 1958 1517 1999 J
1519 1956 1737 1999 ustiniano
1759 1955 1942 2008 impera-

1118 2017 1231 2064 τότε,
1274 2019 1318 2057 et
1357 2014 1612 2056 Athalarieo
1653 2012 1794 2054 Italiae
1830 2023 1943 2063 rege.

1118 2071 1301 2114 Duabus
1325 2069 1674 2113 ordinationibus
1696 2080 1846 2110 mense
1864 2068 1943 2108 Fe-

1118 2127 1294 2170 bruario
1321 2133 1364 2170 et
1387 2126 1545 2169 Martio
1573 2125 1736 2168 creavit
1763 2123 1941 2178 presby-

1118 2190 1238 2226 teros
1271 2185 1585 2237 quinquaginta
1618 2183 1822 2235 quinque,
1854 2179 1942 2223 dia-

1121 2254 1256 2283 conos
1283 2242 1487 2292 quatuor,
1520 2242 1755 2293 episcopos
1778 2250 1858 2291 per
1883 2236 1942 2279 di-

1120 2299 1247 2339 versa
1269 2296 1367 2339 loca
1386 2297 1538 2348 viginti
1555 2308 1724 2338 novem.
1759 2294 1880 2337 Sedit
1900 2293 1943 2333 in

1120 2353 1380 2407 pontificatu
1399 2365 1535 2394 annos
1555 2354 1753 2405 quatuor⁷
1771 2362 1943 2393 menses

1121 2410 1243 2460 duos,
1263 2410 1356 2452 dies
1377 2409 1529 2452 decem
1548 2414 1591 2451 et
1610 2413 1723 2450 octo.

1176 2468 1222 2518 lx'g.
1256 2466 1390 2508 Posui
1417 2466 1678 2519 adjutorium
1709 2477 1840 2517 super
1866 2476 1942 2517 po-

1120 2525 1300 2574 tentem,
1342 2529 1385 2565 et
1429 2522 1617 2564 exaltavi
1661 2522 1848 2563 electum
1889 2520 1943 2562 de

1120 2579 1249 2633 plebe
1285 2592 1398 2621 mea:
1435 2579 1456 2602 *
1503 2579 1657 2620 Manus
1693 2578 1807 2620 enim
1847 2589 1944 2619 mea

1122 2636 1398 2679 auxiliabitur
1430 2636 1481 2677 ei.
1533 2632 1583 2683 Y.
1617 2634 1768 2677 Inveni
1800 2631 1944 2676 David

1121 2706 1295 2735 servum
1324 2705 1488 2743 meum,
1531 2692 1630 2734 aleo
1663 2695 1814 2733 sancto
1844 2702 1944 2731 meo

1120 2749 1223 2790 unxi
1244 2762 1352 2791 eum.
1405 2748 1559 2790 Manus
1580 2749 1704 2790 enim.
1934 2763 1937 2767 ·
