2040 2990
799 215 840 248 In
866 213 1084 257 Epiphania
1109 211 1274 246 Domini.

512 314 677 356 Oratio.

273 383 365 420 euS‚
391 370 465 423 qui
487 369 699 411 hodierna
720 368 790 410 die
809 366 1010 418 Unigeni-

286 431 379 468 tum
392 431 516 468 tuum
527 425 742 467 Gentibus
757 423 885 466 stella
899 422 1010 464 duce

183 482 403 525 revelasti:
419 482 614 525 concede
630 481 862 535 propitius;
876 484 924 520 ut
938 478 1011 531 qui

183 541 268 592 iam
291 544 334 581 te
359 553 413 581 ex
434 538 521 581 fide
547 538 847 589 cognovimus,
872 548 1011 588 usque

183 596 240 638 ad
276 594 660 649 contemplandam
696 593 888 647 speciem
922 596 1011 634 tuae

183 652 455 695 celsitudinis
473 651 778 705 perducemur.
795 650 881 691 Per
896 651 1011 691 eum-

184 709 285 751 dem
303 709 552 751 Dominum.
593 704 601 713 '

347 787 435 828 Ad
461 785 848 827 Matutinum.

239 852 350 887 Dicto
382 852 495 888 Pater
522 856 669 895 noster,
700 853 784 887 Ave
807 849 943 894 Maria,
975 853 1011 884 et

183 902 322 938 Credo.
345 900 502 936 omissis
520 895 566 941 Y.
586 900 751 936 Domine
773 900 888 935 labia.
910 898 1010 933 Invi-

185 951 325 985 tatorio
352 960 436 984 cum
459 949 519 982 l‘s.
541 949 685 984 Venite.
708 950 744 981 ct
766 947 931 991 Hymno.
958 947 1010 980 in-

184 999 324 1042 cipitur
349 999 396 1032 ab
420 998 507 1031 Ant.
531 997 675 1033 Afferte
698 996 876 1032 Domino.

235 1055 337 1090 Infra
362 1054 547 1089 Octavum
572 1063 665 1087 vero
691 1052 845 1086 dieitur:

234 1104 285 1154 V.
313 1107 502 1148 Domine
520 1106 648 1148 labia.

235 1167 361 1209 Invit.
386 1166 586 1209 Christus
605 1165 810 1219 apperuit
828 1164 972 1215 nobis,
989 1165 1011 1189 *

186 1225 345 1267 Venite
364 1223 610 1266 adoremus.

238 1289 495 1339 Ps.Ven1'te,
520 1288 799 1330 exsultemus.
826 1288 863 1328 2.

236 1355 392 1405 Hymn.
422 1353 635 1396 Crudelis.
652 1356 698 1393 ut
718 1365 860 1403 supra.
887 1352 982 1392 249.

421 1432 470 1470 In
497 1431 527 1470 I.
555 1430 778 1470 Nocturno.

240 1502 339 1542 Ant.
367 1503 535 1544 Afferte
558 1502 749 1543 Domino
774 1502 797 1527 *
821 1501 899 1542 filii
920 1499 1015 1549 Dei,

187 1560 370 1602 adorate
396 1559 635 1601 Dominum
660 1559 705 1600 in
737 1557 837 1600 aula
865 1561 1016 1599 sancta

457 1657 653 1697 I'salmus
681 1656 745 1695 28.

193 1730 328 1774 dg
340 1721 465 1763 fferte
484 1720 676 1761 Domino
695 1719 773 1760 filii
791 1719 891 1760 Dei:
914 1719 937 1744 *
957 1719 1014 1759 af-

196 1776 327 1831 s‘
356 1778 467 1819 ferte
481 1776 672 1818 Domino
688 1776 804 1817 filios
822 1777 1016 1817 arietum.

196 1860 200 1862 >
228 1823 319 1862 3
408 1833 576 1875 Afferte
609 1833 799 1874 Domino
833 1832 1017 1883 gloriam

191 1895 234 1931 et
262 1890 491 1940 honorem,
528 1889 680 1931 afferte
707 1889 899 1931 Domino
927 1888 1016 1939 glo-

189 1947 298 1988 riam
315 1947 481 1989 nomini
499 1948 604 1999 ejus:
622 1947 646 1972 *
666 1946 850 1988 adorate
868 1945 1016 1986 Domi-

189 2016 293 2044 num
312 2004 355 2044 in
375 2003 488 2045 atrio
509 2008 661 2045 sancto
682 2003 783 2055 eius.

242 2060 345 2101 Vox
366 2060 543 2101 Domini
565 2072 697 2113 super
720 2071 872 2111 aquas,
897 2058 1018 2100 Deus

190 2116 429 2168 majestatis
447 2116 651 2158 intonuit:
671 2117 694 2142 *
712 2116 929 2157 Dominus
949 2127 1017 2156 su-

189 2186 268 2225 per
288 2185 425 2225 aquas
443 2172 615 2214 multas.

241 2230 344 2271 Vox
353 2229 532 2270 Domini
546 2229 590 2269 in
605 2229 781 2271 virtute:
795 2228 818 2254 *
832 2241 920 2270 vox
929 2228 1017 2270 Do-

189 2286 294 2327 mini
312 2286 357 2326 in
375 2284 707 2346 magnificentia.

241 2342 343 2383 Vox
378 2341 557 2383 Domini
599 2341 910 2393 confringentis
951 2354 1017 2383 ce-

191 2398 313 2440 dros:
359 2399 382 2425 *
428 2402 471 2439 et
517 2398 760 2449 confringet
802 2397 1018 2439 Dominus

189 2454 347 2496 cedros
374 2454 544 2495 Libani:

242 2512 299 2553 Et
323 2513 588 2552 comminuet
612 2523 686 2552 eas
710 2514 935 2562 tamquam
959 2512 1018 2551 vi-

189 2567 329 2610 tulum
348 2566 519 2608 Libani:
545 2567 568 2593 *
593 2572 637 2609 et
661 2566 846 2608 dilectus
871 2579 1017 2619 quem-

190 2623 430 2666 admodum
451 2623 565 2664 filius
584 2623 869 2664 unicornium.

240 2681 343 2722 Vox
366 2680 545 2721 Domini
572 2679 870 2721 intercidentis
900 2680 1017 2721 flam—

189 2750 305 2779 mam
332 2737 461 2788 ignis:
490 2738 513 2762 *
541 2750 628 2777 vox
655 2736 833 2777 Domini
861 2749 1017 2778 concu-

1062 308 1212 350 tientis
1243 308 1485 350 desertum:
1519 310 1563 348 et
1593 304 1891 348 commovebit

1061 365 1278 406 Dominus
1298 363 1521 406 desertum
1541 361 1694 405 Gades.

1113 421 1217 463 Vox
1252 421 1432 462 Domini
1472 418 1764 473 praeparantis
1801 430 1891 459 cer-

1062 490 1154 528 vos,
1179 482 1223 519 et
1245 477 1458 519 revelabit
1481 475 1718 518 condensa:
1740 475 1765 502 *
1785 479 1830 517 et
1848 474 1890 515 in

1063 534 1230 588 templo
1251 536 1342 587 ejus
1362 546 1514 576 omnes
1532 532 1679 575 dicent
1697 531 1892 583 gloriam.

1114 591 1330 632 Dominus
1350 590 1561 632 diluvium
1573 588 1820 630 inhabitate
1834 587 1892 628 fa-

1064 648 1140 689 cit:
1166 648 1190 674 *
1218 653 1262 689 et
1289 646 1461 689 sedebit
1484 646 1700 687 Dominus
1723 645 1823 687 Rex
1848 644 1892 685 in

1064 706 1285 746 aetemum.

1115 761 1331 803 Dominus
1367 761 1574 803 virtutem
1609 757 1777 812 populo
1812 769 1893 798 suo

1065 817 1201 859 dabit:
1215 818 1239 844 *
1250 818 1466 860 Dominus
1479 815 1712 859 benedicet
1725 812 1893 867 populo

1065 887 1145 916 suo
1164 874 1209 915 in
1227 887 1348 928 pace.

1119 940 1217 981 Ant.
1233 938 1402 981 Afferte
1416 937 1607 979 Domino
1622 936 1699 978 filii
1711 936 1806 987 Dei,
1821 936 1894 978 ad-

1066 998 1189 1038 orate
1203 996 1442 1038 Dominum
1455 995 1500 1036 in
1515 993 1614 1036 aula
1628 997 1780 1035 sancta
1794 993 1895 1045 ejus.

1119 1062 1217 1102 Ant.
1247 1060 1459 1103 Fluminis
1487 1062 1678 1114 impetus
1704 1058 1728 1086 *
1755 1058 1895 1101 laetifi-

1067 1123 1146 1171 cat,
1165 1118 1347 1170 alleluja,
1363 1117 1586 1160 civitatem
1599 1116 1695 1167 Dei,
1714 1114 1896 1167 alleluja.

1336 1203 1532 1245 Psalmus
1559 1203 1626 1243 45.

1067 1266 1234 1372 Deus
1260 1275 1410 1312 noster
1431 1269 1657 1320 refugium,
1680 1273 1724 1310 et
1743 1267 1895 1310 virtus:

1189 1327 1212 1353 *
1250 1326 1422 1379 adjutor
1457 1326 1502 1368 in
1532 1324 1896 1371 tribulationibus,

1069 1396 1167 1436 quae
1194 1383 1453 1425 invenerunt
1478 1395 1560 1424 nos
1586 1381 1724 1423 nimis.

1118 1440 1361 1493 Propterea
1393 1452 1482 1481 non
1514 1438 1763 1481 timebimus
1791 1437 1896 1481 dum

1067 1496 1314 1539 turbabitur
1330 1500 1463 1538 terra:
1479 1496 1503 1522 *
1519 1500 1563 1537 et
1581 1494 1895 1538 transferentur

1067 1558 1239 1595 montes
1266 1553 1311 1593 in
1338 1565 1415 1594 cor
1442 1552 1585 1594 maris.

1120 1610 1378 1659 Sonuerunt‚
1394 1613 1438 1650 et
1453 1608 1641 1651 turbatae
1658 1613 1759 1650 sunt
1767 1620 1895 1661 aquae

1069 1668 1236 1708 eorum:
1263 1666 1287 1691 *
1316 1665 1566 1707 conturbati
1597 1669 1697 1707 sunt
1723 1669 1896 1707 montes

1068 1722 1112 1763 in
1139 1721 1394 1764 fortitudine
1423 1721 1524 1773 ejus.

1120 1778 1330 1819 Fluminis
1357 1780 1547 1830 impetus
1573 1777 1769 1820 laetificat
1796 1776 1895 1819 civi-

1068 1836 1206 1877 tatem
1237 1834 1336 1876 Dei:
1369 1834 1394 1860 *
1431 1834 1720 1877 sanctificavit
1753 1833 1896 1876 taber-

1069 1891 1272 1933 naculum
1299 1903 1426 1932 suum
1452 1890 1713 1933 AltissimuS.

1120 1948 1242 1990 Deus
1274 1947 1318 1988 in
1344 1946 1490 1989 medio
1520 1948 1625 2000 ejus,
1659 1959 1748 1989 non
1781 1959 1896 1993 com-

1069 2004 1331 2046 movebitur:
1355 2004 1379 2030 *
1403 2003 1626 2056 adjuvabit
1653 2016 1749 2045 eam
1775 2002 1896 2045 Deus

1069 2073 1197 2102 mane
1225 2060 1428 2102 diluculo.

1123 2116 1407 2159 Conturbatae
1437 2120 1538 2158 sunt
1562 2115 1738 2166 Gentes,
1769 2120 1813 2157 et
1836 2115 1896 2156 in-

1071 2173 1231 2215 clinata
1258 2177 1359 2215 sunt
1385 2185 1534 2224 regna:
1551 2172 1576 2198 *
1595 2171 1717 2214 dedit
1743 2183 1898 2214 vocem

1071 2242 1204 2279 suam,
1231 2234 1353 2271 mota
1380 2233 1447 2271 est
1473 2233 1601 2270 terra.

1121 2286 1336 2327 Dominus
1366 2285 1576 2327 virtutum
1602 2284 1846 2326 nobiscum:
1872 2283 1897 2310 *

1071 2344 1301 2395 susceptor
1327 2346 1478 2383 noster
1504 2341 1625 2383 Deus
1652 2340 1801 2382 Jacob.

1122 2398 1292 2448 Venite,
1317 2402 1361 2440 et
1385 2396 1531 2439 videte
1555 2399 1691 2450 opera
1709 2396 1897 2447 Domini,

1073 2467 1170 2508 quae
1189 2454 1338 2507 posuit
1355 2453 1556 2507 prodigia
1575 2465 1707 2506 super
1721 2457 1898 2495 terram:

1071 2514 1095 2539 *
1122 2511 1322 2563 auterens
1356 2509 1472 2552 bella
1505 2522 1644 2563 usque
1677 2509 1734 2551 ad
1767 2509 1898 2551 finem

1070 2573 1212 2610 terrae.

1124 2625 1289 2665 Arcum
1326 2626 1540 2673 conteret,
1578 2628 1621 2665 et
1655 2623 1898 2674 confringet

1071 2694 1206 2722 arma:
1232 2681 1256 2706 ¹⁸¹
1285 2685 1328 2722 et
1355 2685 1479 2722 scuta
1506 2679 1736 2722 comburet
1761 2679 1860 2730 igni.

1122 2737 1308 2786 Vaceste,
1337 2741 1381 2778 et
1407 2736 1553 2778 videte
1583 2736 1788 2789 quoniam
1813 2746 1896 2786 ego
