2080 2990
600 196 669 229 Dic
695 198 723 229 2.
749 196 958 230 Februarii.
1006 196 1045 229 ln
1075 196 1343 229 purificatione
1369 197 1409 229 Β.
1437 197 1481 230 M.
1505 197 1548 230 Y’.

528 288 737 338 Hymnus.

371 344 564 395 gloriosa
581 346 806 396 virginum,

395 400 599 441 Sublimis
619 401 730 442 inter
749 401 904 451 sidera,

319 456 403 505 Qui
422 461 465 497 te
485 457 661 506 creavit,
680 458 912 509 parvulum

320 511 530 553 Lactente
548 513 687 553 nutris
707 513 853 554 ubere.

269 580 399 632 Quod
419 581 545 621 Heva
563 581 700 621 tristis
720 581 910 630 abstulit,

316 636 386 676 Tu
404 635 553 677 reddis
573 636 687 677 almo
707 637 915 686 germine:

319 692 486 732 Intrent
505 697 553 732 ut
573 697 690 732 astra
712 691 890 742 flebiles,

321 747 431 788 Coeli
451 746 642 788 recludis
665 747 876 788 cardines.

270 818 336 856 Tu
356 815 470 865 regis
490 815 565 856 alti
585 817 722 866 janua,

319 871 375 911 Et
395 870 494 911 aula
512 870 621 911 lucis
642 871 821 921 fulgida:

318 927 467 967 Vitam
487 926 633 968 datam
652 940 732 979 per
750 929 978 979 Virginem

321 982 486 1023 Gentes
506 982 748 1034 redemptae
768 984 975 1036 plaudite.

269 1056 286 1091 ,1
294 1063 381 1098 esu,
400 1050 480 1091 tibi
499 1051 555 1091 sit
573 1050 722 1101 gleria,

319 1106 402 1156 Qui
420 1112 547 1147 natus
567 1119 614 1147 es
635 1106 690 1148 de
710 1108 902 1158 Virgine,

320 1163 429 1203 Cum
448 1162 590 1212 Patre,
611 1168 654 1204 et
674 1163 789 1204 almo
810 1164 974 1216 Spiritu

319 1218 369 1257 In
390 1218 653 1269 sempiterna
672 1219 844 1260 saecula.
872 1220 1024 1261 Amen.

272 1276 318 1325 ΥΣ
354 1277 525 1318 Diffusa
563 1283 631 1319 est
665 1280 806 1329 gratia
842 1280 885 1320 in
919 1280 1047 1322 labiis

214 1333 312 1373 tuis.
377 1340 420 1386 R.
457 1334 699 1385 Propterea
738 1335 963 1377 benedixit
1002 1343 1046 1378 te

214 1388 337 1429 Deus
364 1388 407 1428 in
436 1391 657 1430 aeternum.

271 1457 340 1497 Ad
357 1457 517 1497 Bened.
540 1460 637 1498 Ant.
660 1460 771 1498 Cum
788 1455 1048 1498 inducerent

215 1511 401 1560 puerum
415 1508 439 1548 J
442 1521 563 1549 esum
582 1512 787 1561 parentes
804 1512 907 1563 ejus,
926 1514 1046 1553 acce-

215 1564 281 1615 pit
309 1576 408 1604 eum
433 1564 610 1605 Simeon
636 1566 680 1605 in
707 1566 830 1607 ulnas
857 1581 975 1617 suas,
1004 1573 1048 1610 et

214 1618 441 1660 benedixit
460 1620 617 1669 Deum,
645 1620 817 1663 dicensz.
836 1623 965 1665 Nunc
986 1623 1046 1665 di-

215 1675 352 1716 mittis
373 1687 547 1716 servum
565 1681 688 1717 tuum
705 1678 749 1718 in
768 1691 890 1730 pace.

557 1740 718 1780 Oratio.

298 1793 548 1843 mnipotens
600 1792 864 1844 sempiterne
910 1793 1047 1843 Deus,

324 1847 597 1897 majestatem
650 1854 770 1890 tuam
824 1849 1048 1901 supplices

216 1903 465 1942 exoramus:
490 1908 552 1949 ut,
579 1904 691 1945 sicut
715 1904 961 1954 unigenitus
980 1906 1047 1946 Fi-

215 1955 298 1996 lius
319 1962 419 1997 tuus
438 1957 652 1999 hodierna
671 1959 740 2000 die
766 1972 865 2000 cum
884 1966 1048 2002 nostrae

217 2012 358 2051 carnis
402 2013 646 2056 substantia
688 2015 732 2055 in
772 2016 940 2068 templo
982 2022 1049 2058 est

217 2071 526 2118 praesentatus3
553 2070 614 2110 ita
638 2083 719 2111 nos
742 2071 877 2111 facias
900 2072 1047 2124 purifi-

217 2122 326 2162 catis
342 2122 422 2163 tibi
438 2125 656 2166 mentibus
675 2127 945 2177 praesentari.
964 2128 1049 2168 Per

217 2177 422 2219 eumdem
440 2179 686 2221 Dominum.

487 2251 554 2287 Ad
578 2253 780 2289 Primam.

275 2319 316 2356 ln
343 2318 392 2356 R.
418 2317 476 2357 b1.
503 2317 659 2357 dicitur
683 2314 729 2362 Y
750 2315 833 2364 Qui
851 2320 981 2356 natus
1001 2327 1048 2356 es

218 2363 274 2405 de
293 2358 430 2407 Maria
448 2367 641 2417 Virgine.

484 2439 552 2475 Ad
576 2439 775 2477 Tertiam.

274 2504 370 2542 Ant.
397 2501 670 2550 Responsum
681 2501 851 2551 accepit
861 2501 1049 2543 Simeon.

272 2564 305 2603 C
308 2564 408 2614 apit.
443 2564 555 2601 Ecce
576 2571 670 2610 ego.
694 2568 738 2601 ut
759 2574 900 2612 supra
930 2562 1028 2602 469.

273 2623 320 2663 lx.
342 2622 403 2662 b1.
424 2619 580 2671 Specie
599 2624 675 2660 tua
694 2623 713 2643 *
737 2620 793 2660 Et
812 2620 1048 2671 pulchritu-

219 2666 319 2716 dine
337 2679 423 2716 tua.
455 2674 622 2726 Specie.
662 2672 707 2720 ,Υ”.
736 2675 931 2725 Intende,
949 2678 1048 2728 pro-

1097 302 1225 342 spere
1243 287 1448 341 procede,
1474 294 1518 330 et
1536 301 1680 339 regna.
1719 289 1787 330 Et.
1827 288 1926 332 Glo-

1096 346 1159 386 ria
1177 345 1307 386 Patri.
1334 344 1500 396 Specie.

1157 402 1205 451 Υ7.
1239 403 1479 455 Adiuvabit
1515 415 1611 444 eam
1645 403 1766 445 Deus
1801 404 1927 445 vultu

1098 473 1190 501 suo.
1234 463 1282 513 Rz.
1310 460 1429 500 Deus
1456 459 1500 499 in
1528 458 1675 500 medio
1703 460 1812 511 ejus,
1839 472 1927 500 non

1098 515 1455 557 commovebitur.

1373 585 1440 620 Ad
1467 584 1653 620 Sextam.

1155 649 1253 688 Ant.
1284 645 1516 696 Accipiens
1534 645 1723 685 Simeon.

1184 712 1442 763 Capitulum.
1619 713 1798 754 Malach.
1819 715 1854 753 3.

1097 768 1255 874 Ecce
1275 773 1431 821 veniet,
1451 772 1556 814 dicit
1574 772 1789 814 Deminus
1809 785 1929 814 exer-

1191 831 1369 869 cituum:
1385 834 1428 869 et
1444 828 1540 879 quis
1554 829 1719 880 peterit
1733 828 1929 879 cogitare

1099 885 1214 926 diem
1239 884 1453 925 adventus
1478 885 1583 935 ejus,
1608 890 1651 925 et
1675 884 1772 935 quis
1796 883 1930 925 stabit

1099 940 1156 981 ad
1175 939 1411 981 videndum
1429 938 1549 980 eum?
1578 940 1680 992 Ipse
1697 940 1811 981 enim
1826 952 1928 991 qua-

1099 997 1135 1036 si
1168 996 1279 1046 ignis
1312 996 1528 1044 conflans,
1561 1001 1605 1036 et
1639 995 1763 1047 quasi
1792 995 1930 1037 herba

1098 1052 1320 1092 full6num.

1157 1122 1204 1170 R
1245 1121 1303 1161 br
1339 1115 1578 1166 Adiuvabit
1615 1127 1712 1156 eam
1753 1125 1775 1147 *
1806 1114 1929 1156 Deus

1098 1164 1222 1212 vultu
1246 1184 1337 1212 suo.
1375 1170 1625 1223 Adiuvabit.
1667 1172 1716 1222 Υ
1739 1170 1896 1211 Deus
1884 1184 1929 1211 1n

1097 1226 1243 1267 medio
1283 1227 1394 1277 ejus,
1439 1239 1527 1268 non
1568 1225 1929 1267 commovebitur.

1097 1283 1230 1323 Deus.
1265 1283 1413 1326 G16ria
1430 1282 1561 1323 Patri.
1589 1281 1839 1333 Adiuvabit-

1159 1343 1205 1392 Y.
1228 1342 1373 1392 Elegit
1399 1355 1496 1382 eam
1518 1343 1654 1391 Deus,
1683 1347 1727 1383 et
1748 1341 1928 1394 p-raeele

1097 1399 1159 1449 git
1177 1411 1283 1439 eam.
1321 1404 1370 1453 R
1390 1398 1441 1438 In
1459 1355 1778 1439 tabernaculop
1760 1409 1840 1438 suo
1854 1396 1928 1438 ha-

1097 1454 1240 1496 bitare
1258 1454 1363 1495 facit
1383 1466 1490 1494 eam.

1374 1526 1442 1561 Ad
1466 1526 1652 1563 Nonam.

1156 1591 1254 1628 Ant.
1285 1586 1557 1628 obtulerunt.

1184 1649 1442 1699 Capitulum.
1617 1650 1797 1690 Malach.
1818 1651 1854 1689 3.

1185 1711 1204 1747 t
1222 1704 1415 1757 placebit
1441 1705 1634 1746 Demino
1666 1703 1930 1744 sacrificium

1194 1759 1325 1810 Juda,
1353 1765 1397 1801 et
1422 1759 1666 1801 Jerusalem
1694 1759 1806 1800 sicut
1834 1757 1929 1800 dies

1099 1816 1264 1866 saeculi,
1292 1821 1335 1857 et
1360 1816 1473 1857 sicut
1495 1816 1595 1856 anni
1618 1814 1800 1866 antiqui,
1824 1813 1930 1856 dicit

1098 1873 1314 1914 Dominus
1333 1874 1622 1924 omnipotens.

1156 1940 1205 1989 R.
1241 1939 1300 1979 br
1331 1935 1477 1986 Elegit
1512 1948 1608 1976 eam
1639 1935 1781 1984 Deus,
1822 1938 1844 1960 *
1872 1933 1931 1975 Et

1098 1991 1325 2044 praeelegit
1355 2004 1462 2032 eam.
1503 1991 1658 2041 Elegit.
1709 1989 1759 2039 Y'V
1789 1990 1840 2030 In
1867 1994 1929 2031 ta-

1098 2047 1336 2089 bernaculo
1364 2059 1445 2088 suo
1470 2046 1668 2087 habitare
1693 2045 1797 2086 facit
1822 2057 1929 2086 eam.

1099 2104 1155 2145 Et
1174 2102 1412 2155 praeelegit.
1448 2101 1596 2143 G16ria
1613 2101 1743 2142 Patri.
1774 2099 1929 2151 Elegit.

1156 2160 1203 2210 Y's.
1237 2162 1410 2203 Diffusa
1445 2166 1513 2203 est
1547 2161 1688 2213 gratia
1722 2160 1766 2200 in
1801 2160 1930 2201 labiis

1099 2219 1196 2260 tuis.
1252 2222 1299 2271 Rg.
1338 2218 1581 2270 Propterea
1621 2215 1847 2259 benedixit
1885 2221 1930 2257 te

1098 2275 1220 2315 Deus
1247 2274 1290 2314 in
1319 2275 1541 2314 aeternum.

1306 2348 1368 2388 In
1386 2348 1448 2388 11.
1468 2347 1721 2397 vesperis.

1159 2414 1243 2445 Ant.
1271 2418 1305 2444 et
1331 2410 1453 2452 Capit.
1484 2409 1530 2442 de
1557 2409 1674 2442 Laud.
1694 2409 1777 2451 469;
1812 2410 1868 2443 Ps.
1895 2415 1930 2442 et

1102 2459 1240 2502 Hymn.
1266 2464 1306 2491 ut
1333 2458 1368 2490 in
1397 2457 1504 2490 sestis
1530 2456 1569 2489 B.
1595 2456 1640 2489 M.
1668 2456 1706 2488 Y'.
1732 2455 1824 2500 [133]

1156 2510 1204 2561 Υ
1241 2510 1522 2561 Respensum
1554 2511 1726 2562 accepit
1754 2511 1931 2552 Simeon

1100 2578 1126 2606 a
1144 2548 1309 2618 Spiritu
1333 2570 1498 2606 sancto.
1536 2567 1582 2617 Ην.
1609 2565 1711 2606 Non
1735 2567 1931 2607 visurum

1101 2634 1148 2663 se
1174 2625 1377 2670 mortem,
1403 2620 1486 2660 nisi
1514 2619 1683 2663 videret
1711 2621 1931 2663 Christum

1099 2675 1287 2718 Demini.
