2080 2990
795 203 938 238 Psalmi
961 204 1184 238 Graduales.

1740 200 1831 244 [179]

407 300 603 341 Psalmus
624 300 707 340 123.

237 353 290 394 isi
324 353 424 405 quia
450 351 662 393 Dominus
695 358 787 394 erat
820 353 864 393 in
890 365 963 394 no-

259 409 343 459 bis,
371 408 487 451 dicat
512 420 626 449 nunc
653 408 806 450 Israel:
832 410 856 436 *
882 409 964 450 nisi

147 465 248 519 quia
265 465 478 507 Dominus
498 468 590 506 erat
608 464 652 505 in
669 464 807 515 nobis,

198 522 308 564 Cum
321 524 603 572 exsurgerent
612 520 809 562 homines
819 521 863 562 in
871 534 963 571 nos,

145 578 170 605 *
188 579 301 621 forte
319 578 443 620 vivos
463 576 748 629 deglutissent
766 589 861 618 nos:

199 635 307 677 Cum
330 634 588 676 irasceretur
610 633 730 675 furor
752 635 905 675 eorum
921 634 964 674 in

146 704 245 741 nos,
267 691 292 718 *
317 690 499 733 forsitan
526 702 639 742 aqua
667 690 964 732 absorbuisset

146 761 237 790 nos.

196 804 453 845 Torrentem
500 803 778 856 pertransivit
822 803 965 844 anima
1025 832 1039 850 ·.

146 865 310 902 nostra:
332 862 355 887 *
379 860 563 902 forsitan
587 862 894 912 pertransisset
922 862 963 901 a-
1018 858 1040 867 1:
1050 860 1059 863 ν-
1075 866 1098 867 ⁷-

145 918 260 959 nima
282 922 432 958 nostra
454 929 612 969 aquam
634 915 963 958 intolerabilem.

196 972 462 1015 Benedictus
485 973 697 1014 Dominus
724 974 747 998 *
776 973 850 1025 qui
877 985 964 1014 non

147 1028 267 1072 dedit
293 1042 391 1080 nos,
418 1030 462 1071 in
489 1030 735 1082 captionem
763 1029 963 1072 dentibus

146 1088 307 1128 eorum.

196 1143 354 1185 Anima
379 1147 530 1185 nostra
559 1143 670 1185 sicut
696 1156 848 1196 passer
875 1145 963 1185 ere—

144 1203 221 1252 pta
240 1203 307 1241 est
324 1201 348 1226 *
367 1199 422 1241 (10
440 1199 600 1251 laqueo
618 1200 883 1241 venantium:

195 1255 398 1308 Laqueus
426 1258 638 1298 contritus
666 1261 747 1306 est,
766 1258 789 1283 *
814 1262 858 1298 et
883 1270 963 1299 nos

144 1311 318 1354 liberati
336 1325 494 1354 sumus.

196 1367 473 1420 Adjutorium
498 1373 694 1411 nostrum
720 1370 764 1410 in
790 1370 963 1412 nomine

143 1424 333 1476 Domini,
357 1427 382 1453 *
407 1425 481 1478 qui
506 1425 607 1467 fecit
631 1426 791 1467 coelum
814 1432 858 1468 et
881 1432 963 1468 ter-

143 1493 247 1522 ram.

196 1538 412 1592 Requiem
447 1541 655 1581 aeternam
690 1539 714 1565 *
750 1539 866 1581 dona
902 1540 963 1582 eis

143 1595 341 1638 Domine.

194 1651 251 1695 Et
268 1651 344 1694 lux
360 1653 574 1705 perpetua
592 1653 616 1680 ¹⁶¹
634 1652 778 1695 luceat
797 1653 869 1695 eis.

197 1718 343 1752 Deinde
369 1718 508 1752 dicitur
531 1715 641 1750 flexis
665 1715 841 1758 genibus:

201 1770 326 1810 Pater
344 1770 506 1808 noster.
524 1772 704 1808 secreto.

196 1820 246 1873 ys.
276 1823 334 1865 Et
362 1835 418 1864 ne
447 1835 529 1864 nos
553 1822 736 1864 inducas
759 1823 803 1864 in
828 1827 963 1865 tenta-

142 1878 318 1921 tionem.
351 1883 400 1934 R!-
421 1878 508 1920 Sed
530 1878 668 1920 libera
689 1891 769 1920 nos
793 1891 818 1919 a
835 1879 962 1922 malo.

196 1932 247 1985 V.
277 1936 319 1976 A
342 1938 471 1987 porta
494 1934 629 1976 inferi.
663 1939 713 1990 R.
737 1935 853 1977 Erue
875 1936 962 1976 Do-

141 1990 256 2032 mine
276 1991 441 2032 animas
460 1993 623 2032 eorum.

196 2045 246 2097 V.
259 2047 554 2099 Requiescant
563 2046 606 2087 in
615 2059 735 2100 pace.
750 2051 800 2102 R.
811 2048 961 2091 Amen.

195 2103 247 2155 Ys.
287 2103 474 2146 Domine
519 2102 677 2145 exaudi
721 2105 962 2147 orationem

142 2172 296 2202 meam.
338 2163 388 2215 R.
411 2159 468 2201 Et
495 2159 659 2201 clamor
684 2173 807 2202 meus
834 2161 892 2203 ad
918 2166 961 2204 te

141 2217 296 2258 veniat.

198 2269 247 2322 V.
285 2273 499 2315 Dominus
532 2273 769 2316 vobiscum.
823 2278 872 2329 R.
905 2275 961 2317 Et

143 2342 242 2372 cum
265 2330 421 2383 spiritu
438 2335 526 2372 tuo.

272 2387 466 2429 Oremus.
676 2390 836 2431 Oratio.

218 2441 383 2494 bsolve,
403 2445 651 2496 quaesumus
667 2444 864 2495 Domine,
883 2446 962 2487 ani-

246 2511 339 2540 mas
382 2500 644 2542 famulorum
686 2501 959 2543 famularum-

145 2567 229 2607 que
258 2557 446 2607 tuarum,
479 2561 523 2598 et
551 2557 743 2598 omnium
768 2557 960 2599 fidelium

144 2609 462 2662 defunctorum,
488 2612 542 2655 ab
562 2613 678 2654 omni
696 2613 868 2655 vinculo
889 2613 959 2656 de-

141 2666 356 2708 lictorum:
383 2673 432 2710 ut
453 2668 498 2710 in
519 2670 846 2712 resurrectionis
869 2670 958 2721 glo-

141 2723 207 2765 ria
235 2723 348 2766 inter
378 2730 554 2768 sanctos
583 2730 627 2768 et
665 2726 830 2769 electos
859 2731 959 2769 tuos

1014 297 1259 339 resuscitati
1272 300 1496 350 respirent.
1517 299 1600 340 Per
1616 299 1833 341 Christum

1014 353 1249 396 Dominum
1268 359 1474 396 nostrum.

1071 414 1120 465 R.
1144 410 1294 451 Amen.

1072 483 1165 517 Post
1183 483 1400 517 Orationem
1426 484 1550 517 statim
1575 485 1751 518 dicuntur
1768 486 1831 519 alii

1018 531 1161 565 Psalmi
1179 531 1391 565 Graduales
1416 532 1478 573 qui
1498 539 1718 574 sequuntur;
1743 539 1778 566 01
1796 534 1833 567 in

1018 579 1090 613 fine
1124 579 1325 621 cujuslibet
1354 578 1493 612 Psalmi
1534 580 1671 614 dicitur
1702 578 1833 613 Gloria

1014 624 1130 660 Patri.

1273 670 1470 711 Psalmus
1492 672 1579 710 124.

1020 730 1186 814 *fjx
1204 729 1428 827 confgdunt
1438 729 1490 813 {n
1503 729 1703 779 Domino,
1723 730 1834 797 sicut

1019 805 1021 823 1
1134 813 1137 824 .
1158 799 1283 828 1110118
1332 799 1420 827 ion:
1482 798 1568 826 non
1589 797 1830 827 commove-

1121 841 1136 866 ''¹
1158 842 1276 884 bitur
1302 842 1345 882 in
1370 843 1594 891 aeternum,
1623 841 1696 893 qui
1714 841 1831 883 habi-

1015 902 1079 940 tat
1097 899 1141 939 in
1159 898 1411 940 Jerusalem.

1065 953 1237 997 Montes
1256 955 1299 995 in
1319 954 1501 996 circuitu
1521 955 1625 1006 ejus:
1644 956 1667 981 *
1687 959 1731 996 et
1747 954 1833 995 Do-

1015 1011 1155 1052 minus
1188 1011 1232 1052 in
1266 1011 1447 1052 circuitu
1477 1010 1630 1063 populi
1661 1011 1743 1060 sui,
1780 1023 1834 1052 ex

1014 1067 1098 1109 hoc
1116 1081 1230 1110 nunc
1249 1072 1293 1109 et
1309 1080 1448 1120 usque
1466 1067 1510 1107 in
1530 1066 1748 1108 saeculum.

1068 1124 1179 1174 Quia
1193 1136 1280 1165 non
1294 1124 1510 1176 relinquet
1523 1123 1736 1164 Dominus
1750 1123 1832 1164 vir-

1015 1194 1114 1232 gam
1137 1182 1417 1233 peccatorum
1439 1192 1571 1232 super
1594 1184 1756 1221 sortem
1774 1180 1831 1231 ju-

1016 1240 1197 1279 storum:
1224 1238 1248 1263 *
1275 1242 1324 1278 111
1348 1249 1435 1278 11011
1467 1235 1702 1278 extendant
1732 1236 1833 1288 justi

1015 1293 1072 1336 ad
1089 1293 1361 1346 iniquitatem
1377 1305 1529 1334 manus
1548 1305 1659 1333 suas.

1066 1350 1255 1392 Benefac
1281 1350 1467 1392 Domine
1494 1349 1637 1398 bonis,
1656 1350 1679 1375 *
1699 1352 1742 1390 et
1769 1360 1831 1390 re-

1015 1407 1096 1449 ctis
1116 1406 1260 1448 corde.

1066 1463 1345 1504 Declinantes
1373 1466 1518 1504 autem
1544 1462 1588 1503 in
1609 1461 1831 1513 obligatio-

1014 1532 1092 1561 nes
1129 1519 1319 1561 adducet
1351 1519 1563 1560 Dominus
1600 1532 1698 1561 cum
1731 1532 1831 1572 ope-

1014 1575 1209 1618 rantibus
1235 1576 1520 1628 iniquitatem:
1542 1577 1565 1602 *
1587 1589 1674 1628 pax
1701 1588 1834 1628 super

1014 1632 1162 1673 Israel.

1068 1688 1220 1730 Gloria
1237 1688 1368 1731 Patri.

1278 1759 1474 1799 Psalmus
1496 1759 1577 1798 125.

1061 1837 1090 1865 n
1112 1823 1405 1865 convertendo
1424 1824 1636 1865 Dominus
1656 1823 1832 1875 captivi-

1079 1882 1215 1922 tatem
1239 1880 1358 1921 Sion:
1377 1882 1400 1907 *
1419 1880 1521 1922 facti
1547 1893 1694 1921 sumus
1721 1879 1833 1921 sicut

1015 1936 1247 1980 consolati:

1066 1992 1190 2034 Tunc
1208 1992 1423 2045 repletum
1438 1997 1504 2035 est
1518 1992 1676 2044 gaudio
1693 2004 1743 2034 os
1758 2004 1831 2033 no-

1014 2054 1165 2091 strum:
1183 2051 1207 2075 *
1235 2053 1279 2091 et
1303 2049 1449 2100 lingua
1473 2054 1623 2091 nostra
1648 2048 1830 2091 exsulta-

1013 2105 1143 2147 tione.

1065 2162 1189 2203 Tunc
1209 2161 1355 2204 dicent
1372 2161 1484 2204 inter
1503 2162 1684 2204 Gentes:
1701 2162 1725 2188 *
1744 2161 1833 2203 Ma-

1013 2218 1235 2268 gnificavit
1277 2218 1491 2260 Dominus
1543 2218 1688 2260 facere
1734 2230 1832 2260 cum

1014 2286 1086 2316 eis.

1065 2331 1360 2382 Magnificavit
1373 2331 1586 2373 Dominus
1600 2331 1742 2372 facere
1757 2342 1829 2372 no-

1012 2387 1196 2430 biscum:
1214 2387 1238 2413 *
1256 2387 1360 2429 facti
1379 2400 1526 2429 sumus
1544 2387 1754 2428 laetantes.

1066 2445 1280 2486 Converte
1312 2444 1500 2486 Domine
1534 2442 1830 2495 captivitatem

1012 2506 1216 2550 nostram,
1235 2501 1259 2527 *
1278 2501 1390 2543 sicut
1407 2506 1577 2542 torrens
1595 2499 1639 2539 in
1654 2498 1828 2540 Austro.

1065 2557 1147 2608 Qui
1163 2558 1374 2599 seminant
1389 2556 1433 2597 in
1450 2555 1648 2606 lacrimis,
1662 2556 1686 2583 *
1700 2555 1743 2596 in
1759 2567 1827 2596 ex-

1013 2614 1244 2656 sultatione
1262 2618 1436 2655 metent.

1063 2671 1228 2712 Euntes
1244 2670 1365 2712 ibant
1379 2674 1422 2711 et
1435 2668 1606 2720 flebant,
1621 2669 1646 2696 *
1657 2667 1825 2709 mitten-

1010 2731 1077 2769 tes
1097 2727 1262 2769 semina
1279 2739 1366 2768 sua.
