2040 2990
753 193 923 228 Sabbato
950 193 999 226 ad
1023 192 1261 226 Matutinum.

147 300 261 328 rum:
286 287 310 314 *
333 291 382 328 ut
410 286 602 328 solveret
631 286 746 327 filios
774 286 976 327 interem-

147 345 340 396 ptorum:

200 400 260 442 Ut
295 399 555 441 annuntient
590 400 634 440 in
670 400 776 441 Sion
816 412 976 441 nomen

148 456 342 498 Domini:
364 458 387 483 *
407 460 452 498 et
475 455 653 498 laudem
677 457 766 508 ejus
788 456 833 497 in
856 457 880 497 J
883 459 975 497 eru-

150 513 298 555 salem.

200 570 252 610 In
263 568 564 611 conveniendo
575 569 768 622 populos
778 570 822 610 in
832 583 976 619 unum,

148 628 172 654 *
195 631 238 668 et
257 639 384 678 reges
403 631 452 668 ut
470 626 663 667 serviant
682 626 900 676 Domina:

202 682 452 736 Respondit
472 683 512 724 ei
531 683 574 723 in
591 683 661 724 via
675 683 851 724 virtutis
870 696 976 724 suae:

149 742 173 767 *
187 740 460 781 Paucitetem
476 739 646 781 dierum
661 742 861 781 meorum
871 743 976 781 nun-

148 797 211 838 tia
229 796 346 837 mihi.

199 853 268 895 Ne
296 855 477 895 revoces
504 866 575 894 me
603 853 646 894 in
677 853 860 895 dimidio
890 853 976 895 die-

148 923 245 951 rum
262 912 475 952 meorum:
490 912 513 937 *
527 910 572 950 in
590 910 919 962 generationem
934 915 978 952 et

149 967 478 1019 generationem
498 967 600 1007 anni
618 967 693 1008 tui.

200 1024 331 1065 Initio
360 1028 409 1066 tu
428 1024 616 1065 Domine
644 1028 808 1065 terram
828 1023 977 1065 funda-

149 1081 221 1122 sti:
254 1082 278 1108 *
310 1085 354 1122 et
390 1082 526 1133 opera
565 1082 772 1121 manuum
804 1083 978 1122 tuarum

149 1142 250 1179 sunt
270 1137 382 1179 coeli.

200 1194 293 1247 Ipsi
314 1193 538 1247 peribunt,
566 1199 615 1235 tu
640 1199 787 1235 autem
810 1195 977 1246 perma-

148 1264 242 1292 nes:
261 1252 285 1278 *
304 1256 348 1292 et
368 1263 520 1292 omnes
538 1250 653 1292 sicut
669 1251 979 1292 vestimentum

151 1309 439 1349 veterascent.

201 1364 259 1406 Et
273 1364 387 1405 sicut
401 1365 675 1417 opertorium
688 1363 879 1405 mutabis
892 1376 978 1413 eos,

151 1425 197 1462 et
223 1420 529 1462 mutabuntur:
557 1423 580 1448 *
605 1426 654 1462 tu
685 1426 832 1462 autem
861 1419 979 1461 idem

150 1477 247 1529 ipse
267 1489 325 1526 es,
346 1482 389 1518 et
408 1478 508 1518 anni
526 1477 590 1518 tui
609 1490 698 1518 non
719 1476 936 1518 deficient.

202 1532 302 1573 Filii
337 1535 568 1574 servorum
601 1535 778 1575 tuorum
812 1533 979 1574 habita-

149 1589 278 1631 bunt:
296 1590 320 1617 *
341 1594 386 1630 et
413 1602 563 1631 semen
592 1592 744 1631 eorum
771 1591 815 1630 in
844 1592 979 1631 saecu-

150 1645 241 1687 lum
259 1645 484 1697 dirigetur.

409 1701 608 1741 Psalmus
630 1702 720 1741 102.

151 1752 390 1859 Benedic
418 1760 563 1801 anima
595 1772 692 1801 mea
720 1760 928 1801 Domino:
957 1762 980 1787 *

255 1820 299 1857 et
318 1817 482 1866 omnia,
513 1829 612 1868 quae
638 1816 752 1857 intra
776 1829 847 1858 me
868 1822 979 1866 sunt,

151 1872 317 1913 nomini
337 1878 491 1914 sancto
510 1874 612 1926 ejus.

204 1928 400 1970 Benedic
428 1929 573 1970 Anima
600 1942 698 1971 mea
725 1929 931 1970 Domino:
956 1931 980 1957 *

153 1990 197 2026 et
214 1986 306 2027 noli
330 1985 532 2027 oblivisci
556 1998 708 2028 omnes
728 1985 979 2027 retributio-

151 2054 230 2083 nes
251 2043 353 2094 ejus.

204 2099 289 2148 Qui
307 2099 576 2152 propitiatur
597 2098 800 2140 omnibus
825 2099 979 2151 iniqui-

151 2154 318 2196 tatibus
338 2156 441 2197 tuis:
459 2157 482 2183 *
503 2156 578 2208 qui
598 2161 723 2197 sanat
748 2168 900 2197 omnes
919 2156 978 2195 in-

152 2211 383 2254 firmitates
403 2218 512 2253 tuas.

206 2268 289 2318 Qui
327 2268 504 2311 redimit
541 2269 597 2311 de
628 2269 808 2310 interitu
845 2269 980 2309 vitam

153 2329 288 2366 tuam:
311 2327 334 2352 *
357 2326 432 2377 qui
460 2328 644 2367 coronat
670 2331 716 2367 te
743 2326 787 2366 in
814 2324 978 2366 miseri-

153 2381 306 2422 cordia
327 2387 370 2423 et
389 2382 758 2424 miserationibus.

205 2438 289 2488 Qui
317 2438 458 2491 replet
485 2439 529 2479 in
557 2438 684 2480 bonis
713 2437 980 2480 desiderium

152 2498 291 2534 tuum:
309 2496 333 2521 *
354 2495 639 2536 renovabitur
664 2500 712 2536 ut
739 2494 898 2546 aquilae
922 2495 979 2545 ju-

153 2550 309 2591 ventus
328 2555 422 2592 tua:

205 2606 388 2648 Faciens
408 2607 735 2649 misericordias
750 2606 980 2648 Dominus:

153 2663 176 2688 *
193 2666 236 2703 ct
250 2662 458 2713 judicium
473 2664 675 2706 omnibus
691 2663 890 2716 injuriam
908 2675 997 2714 pa-=

153 2718 373 2761 fientibus,

1816 190 1860 225 97

1080 286 1223 327 Notas
1243 285 1347 327 fecit
1365 285 1459 326 vias
1479 298 1580 327 suas
1596 285 1750 337 Moysi,
1770 287 1793 312 *
1812 285 1858 326 fi-

1028 342 1098 383 liis
1117 342 1255 383 Israel
1275 342 1525 383 voluntates
1546 355 1658 383 suas.

1081 399 1330 448 Miserat0r‚
1360 404 1403 440 et
1430 399 1680 440 misericors
1709 399 1858 439 Domi-

1029 469 1126 497 nus:
1144 458 1168 483 *
1187 456 1467 506 longanimis,
1496 460 1540 497 et
1567 455 1753 497 multum
1782 455 1857 496 mi-

1029 513 1229 554 sericors.

1080 570 1182 611 Non
1211 570 1254 610 in
1282 570 1546 622 perpetuum
1575 569 1807 610 irascetur:
1835 570 1859 595 *

1029 639 1171 678 neque
1196 627 1240 667 in
1269 627 1484 667 aeternum
1509 624 1858 666 comminabitur.

1080 682 1182 724 Non
1218 681 1462 724 secundum
1496 684 1680 734 peccata
1708 687 1859 722 nostra

1029 739 1132 781 fecit
1151 739 1296 780 nobis:
1315 741 1338 766 *
1359 751 1500 790 neque
1522 738 1763 779 secundum
1784 738 1858 778 ini-

1031 796 1222 848 quitates
1241 800 1416 837 nostras
1436 794 1640 836 retribuit
1660 794 1798 835 nobis.

1082 853 1302 902 Quoniam
1321 851 1564 893 secundum
1584 850 1856 892 altitudinem

1031 909 1133 951 coeli
1152 922 1176 950 a
1200 914 1334 951 terra:
1354 911 1380 935 *
1398 907 1706 950 corroboravit
1734 908 1859 948 mise-

1030 966 1268 1007 ricordiam
1285 979 1409 1007 suam
1429 978 1561 1018 super
1580 965 1785 1006 timentes
1803 977 1859 1005 se.

1084 1024 1304 1073 Quantum
1339 1021 1474 1063 distat
1507 1027 1630 1063 ortus
1663 1021 1718 1062 ab
1748 1021 1859 1062 occi-

1032 1080 1177 1121 dente:
1196 1081 1220 1106 *
1239 1079 1368 1129 longe
1389 1079 1493 1120 fecit
1513 1091 1537 1119 a
1558 1078 1685 1119 nobis
1705 1078 1859 1129 iniqui-

1031 1138 1146 1178 tates
1167 1141 1354 1177 nostras.
1909 1183 1910 1186 Ἴ

1085 1192 1320 1243 Quomodo
1345 1192 1578 1233 miseretur
1603 1196 1730 1244 pater
1755 1191 1862 1231 filio-

1032 1263 1140 1299 rum,
1159 1249 1366 1290 misertus
1388 1254 1455 1290 est
1475 1248 1690 1289 Dominus
1709 1248 1860 1288 timen-

1032 1306 1150 1347 tibus
1171 1319 1233 1347 se:
1252 1307 1275 1333 *
1296 1306 1504 1357 quoniam
1531 1306 1625 1357 ipse
1653 1304 1862 1355 cognovit

1033 1363 1290 1413 figmentum
1310 1368 1520 1403 nostrum.

1085 1418 1363 1460 Recordatus
1393 1423 1458 1459 est
1488 1418 1695 1469 quoniam
1719 1416 1862 1469 pulvis

1033 1489 1197 1517 sumus:
1217 1477 1240 1502 *
1259 1475 1410 1524 homo,
1438 1475 1552 1516 sicut
1578 1474 1744 1514 foenum
1769 1473 1863 1514 dies

1033 1534 1139 1585 ejus,
1167 1537 1392 1583 tamquam
1422 1532 1503 1572 flos
1532 1531 1626 1581 agri
1654 1530 1716 1571 sic
1745 1530 1863 1571 efflo-

1033 1588 1158 1630 rebit.

1088 1645 1307 1696 Quoniam
1323 1645 1503 1697 spiritus
1517 1643 1803 1696 pertransibit
1820 1643 1862 1682 in

1033 1703 1121 1753 illo,
1141 1708 1185 1744 et
1205 1715 1293 1743 non
1313 1701 1537 1742 subsistet:
1553 1702 1576 1727 *
1595 1706 1638 1741 et
1658 1712 1744 1740 non
1764 1712 1862 1750 cog-

1033 1762 1190 1801 noscet
1209 1758 1397 1811 amplius
1417 1758 1563 1798 locum
1584 1770 1721 1797 suum.

1085 1814 1390 1856 Misericordia
1418 1819 1565 1854 autem
1594 1812 1771 1853 Domini
1805 1811 1860 1852 ab

1033 1875 1210 1920 aeterno,
1231 1873 1254 1899 *
1274 1876 1318 1912 et
1338 1883 1476 1922 usque
1496 1870 1539 1910 in
1561 1871 1774 1911 aeternum
1794 1882 1860 1908 su-

1032 1942 1112 1982 per
1130 1929 1335 1970 timentes
1357 1940 1467 1968 eum.

1084 1986 1141 2026 Et
1155 1984 1319 2037 justitia
1335 1983 1450 2024 illius
1467 1983 1511 2023 in
1528 1982 1643 2023 filios
1660 1982 1861 2031 filiorum,

1032 2043 1056 2069 *
1066 2042 1134 2082 his
1150 2041 1224 2093 qui
1241 2045 1418 2083 servant
1429 2040 1740 2082 testamentum
1757 2039 1868 2090 ejus:-

1086 2098 1142 2139 Et
1173 2099 1391 2138 memores
1425 2101 1525 2137 sunt
1553 2094 1861 2136 mandatorum

1033 2155 1182 2207 ipsius,
1201 2155 1224 2181 *
1242 2153 1299 2195 ad
1316 2152 1565 2194 faciendum
1585 2165 1646 2193 ea.

1084 2211 1300 2252 Dominus
1320 2211 1364 2251 in
1385 2209 1498 2251 coelo
1520 2208 1691 2261 paravit
1711 2206 1861 2248 sedem

1033 2281 1171 2308 suam:
1191 2269 1214 2295 *
1233 2272 1277 2309 et
1296 2280 1478 2319 regnum
1500 2266 1637 2318 ipsius
1658 2262 1860 2304 omnibus

1033 2323 1344 2365 dominabitur.

1086 2380 1342 2422 Benedicite
1370 2379 1561 2420 Domino
1595 2389 1746 2418 omnes
1776 2375 1860 2415 An-

1033 2436 1118 2487 geli
1136 2438 1240 2488 ejus:
1255 2438 1278 2463 *
1294 2437 1499 2488 potentes
1514 2434 1687 2481 virtute,
1705 2432 1859 2472 facien-

1033 2499 1101 2534 tes
1129 2492 1313 2534 verbum
1341 2491 1475 2540 illius,
1510 2490 1566 2531 ad
1598 2487 1859 2530 audiendam

1033 2561 1188 2590 vocem
1208 2550 1460 2590 sermonum
1480 2548 1580 2598 ejus.

1085 2604 1342 2646 Benedicite
1354 2604 1545 2645 Domino
1562 2614 1713 2643 omnes
1729 2600 1859 2639 virtu-

1034 2666 1102 2702 tes
1123 2663 1227 2713 ejus:
1247 2663 1270 2687 *
1289 2660 1475 2701 ministri
1497 2660 1603 2711 ejus,
1624 2657 1697 2709 qui
1717 2655 1858 2696 facitis

1034 2718 1307 2761 voluntatem
1327 2717 1429 2769 ejus.
