2080 2990
259 232 349 276 [326]

259 331 298 365 in
314 341 373 365 me
394 328 552 373 aliquod
566 325 660 362 boni
676 324 804 370 operis
817 322 1075 359 testimenium

259 391 335 416 non
360 381 564 424 agnoscas,
588 376 755 412 officium
770 374 904 409 saltem
923 373 1074 416 dispen-

259 430 419 465 sationis
443 428 598 464 creditae
621 436 697 461 non
721 426 891 466 recuses,
914 432 984 457 nec
1006 431 1075 465 per

258 491 317 515 me
360 479 557 523 indignum
600 478 730 512 cerum
768 474 903 509 samtis
944 473 1075 516 pereat

259 530 435 574 pretium,
462 539 533 573 pro
557 527 697 572 quibus
717 525 872 561 victima
895 521 1073 557 salutaris

259 580 437 623 dignatus
462 589 502 613 es
527 587 628 620 0550,
658 580 694 611 et
717 573 939 617 redemptio.
983 570 1074 605 Pre-

258 630 338 665 fero
356 630 479 671 etiam,
502 627 663 663 Demine
688 626 735 668 (si
757 623 925 668 digneris
947 621 1074 666 propi-

257 680 334 715 tius
372 679 538 722 intueri),
582 676 848 712 tribulationes
887 672 1073 717 plebium,

258 731 427 775 pericula
459 728 706 774 populorum,
744 724 983 768 captivorum
1013 722 1073 765 ge-

257 781 387 824 mitus,
410 779 585 814 miserias
610 776 881 821 orphanorum,
907 771 1074 806 necessi-

256 832 354 865 tates
370 829 670 874 peregrinorum,
693 825 864 869 inepiam
880 822 1073 865 debilium,

258 880 546 925 desperationes
583 875 857 920 languentium,
903 873 1072 908 defectus

258 941 406 973 senum,
434 928 599 973 suspiria
623 928 815 971 jt'lvenum‚
843 928 935 959 vota
959 921 1073 966 virgi-

256 991 356 1024 num,
379 981 543 1015 lamenta
565 978 776 1014 viduarum.

463 1054 619 1089 Feria
650 1053 858 1099 Quinta.

308 1131 333 1154 u
357 1119 458 1154 enim
478 1117 672 1154 misereris
694 1115 875 1157 emnium,
899 1113 1072 1156 Demine,

333 1173 370 1204 ct
397 1169 494 1203 nihil
521 1167 637 1203 odisti
664 1167 795 1201 eorum
824 1174 910 1208 quae
938 1163 1071 1198 fecisti.

254 1219 476 1262 Memorare,
502 1229 588 1263 quae
613 1217 663 1252 sit
684 1220 817 1251 nostra
841 1214 1071 1249 substantia:

255 1270 345 1315 quia
368 1274 409 1305 tu
431 1270 546 1304 Pater
567 1272 698 1303 noster
721 1277 772 1310 es,
797 1266 888 1310 quia
909 1268 951 1299 tu
966 1264 1071 1299 Deus

256 1324 387 1355 noster
415 1330 473 1364 es,
508 1330 556 1354 ne
586 1317 765 1353 irascaris
797 1315 909 1358 satiS‚
947 1324 1072 1358 neque

254 1370 535 1406 multitiidinem
563 1370 753 1404 viscerum
779 1367 930 1401 tucrum
956 1375 1072 1409 super

253 1432 325 1456 nos
349 1421 555 1456 contineas.
593 1420 681 1454 Non
706 1418 807 1453 enim
830 1417 869 1450 in
892 1415 1072 1459 justifica-

254 1472 423 1507 tienibus
454 1470 597 1506 nostris
629 1467 906 1514 prosternimus
936 1476 1071 1510 preces

255 1527 340 1557 ante
365 1522 502 1556 faciem
522 1526 644 1563 tuam,
667 1519 737 1554 sed
757 1518 796 1552 in
818 1516 1071 1553 miserationi-

253 1573 326 1607 bus
341 1572 418 1607 tuis
436 1571 575 1606 multis.
606 1569 727 1604 Aufer
750 1579 773 1603 a
795 1567 909 1602 nobis
933 1565 1071 1610 iniqui-

254 1624 350 1657 tates
374 1626 536 1663 nostras,
561 1624 597 1655 et
619 1620 746 1663 ignem
768 1617 890 1652 sancti
907 1616 1070 1661 Spiritus

254 1671 293 1705 in
330 1671 443 1706 nobis
481 1671 683 1705 clementer
719 1667 894 1702 accende.
951 1665 1072 1700 Aufer

254 1731 320 1756 cor
347 1721 541 1765 lapideum
568 1720 615 1754 de
645 1728 756 1754 carne
780 1722 928 1760 nostra,
959 1720 996 1751 et
1022 1716 1071 1750 da

253 1771 366 1807 nobis
392 1782 458 1806 cor
479 1773 671 1812 carneum,
703 1768 807 1813 quod
829 1772 866 1803 te
891 1771 1004 1810 amet,
1033 1770 1070 1801 te

253 1821 403 1865 diligat,
431 1825 467 1856 te
492 1820 714 1863 delectetur,
743 1822 780 1853 te
805 1819 1003 1862 sequatur,
1033 1820 1070 1851 te

252 1872 476 1916 perfruatur.
519 1870 690 1913 Oramus,
714 1868 887 1910 Demine‚
911 1868 1070 1902 clemen-

251 1922 344 1956 tiam
370 1925 489 1964 tuam,
521 1924 563 1955 ut
593 1921 727 1955 sereno
751 1919 860 1954 vultu
887 1917 1070 1952 familiam

251 1975 371 2015 tuam,
395 1971 495 2006 sacri
510 1970 566 2005 tui
585 1969 752 2004 neminis
770 1967 895 2004 officia
911 1971 1070 2012 praesto-

252 2022 407 2065 lantem‚
437 2021 608 2065 aspicere
637 2019 821 2063 digneris:
856 2022 893 2053 et
920 2021 961 2053 ut
988 2017 1069 2052 nul·

252 2071 325 2106 lius
355 2072 405 2106 sit
434 2071 580 2106 irritum
603 2074 751 2113 votum,
783 2069 924 2104 nullius
947 2069 1070 2103 vacua

252 2121 479 2165 postulatio,
513 2125 555 2155 tu
587 2120 701 2155 nobis
733 2129 867 2164 preces
896 2120 1069 2162 suggere,

254 2181 350 2214 quas
379 2170 462 2214 ipse
491 2170 681 2214 propitius
711 2169 858 2211 audire,
891 2172 928 2203 et
956 2178 1069 2203 exau-

254 2219 333 2255 dire
357 2220 567 2255 delecteris.

485 2281 642 2316 Feria
675 2282 844 2318 Sexta.

256 2352 466 2430 Rogamus
483 2350 597 2385 etiam
613 2354 660 2392 te,
675 2348 836 2383 Domine
854 2351 984 2382 sancte
999 2347 1070 2382 Pa-

328 2405 394 2443 ter,
409 2405 445 2435 et
456 2410 527 2444 pro
543 2399 742 2443 spiritibus
755 2398 923 2432 fidelium
939 2397 1070 2432 defun-

254 2451 413 2485 ctarum:
436 2455 478 2485 ut
495 2450 545 2484 sit
562 2449 639 2484 illis
657 2448 777 2490 salus,
798 2447 958 2491 sanitas,
979 2448 1069 2490 gali-

255 2499 359 2534 dium
376 2504 412 2535 et
427 2499 678 2543 refrigerium,
702 2498 777 2532 hoc
796 2507 975 2541 magnum
991 2496 1070 2540 pie-

253 2550 342 2585 tatis
357 2551 641 2584 sacramentum.
658 2548 819 2583 Domine
833 2547 937 2581 Deus
951 2556 1069 2588 meus,

254 2599 304 2634 sit
324 2599 402 2634 illis
423 2599 537 2634 hodie
558 2608 738 2642 magnum
760 2601 796 2632 et
812 2597 967 2640 plenum
983 2605 1069 2630 con-

254 2649 398 2684 vivium
422 2649 468 2684 de
491 2654 527 2684 te
549 2659 648 2693 pane
672 2649 783 2690 vivo,
809 2647 875 2691 qui
898 2646 945 2681 de
970 2646 1068 2680 coelo

255 2699 504 2742 descendisti,
536 2704 572 2734 et
597 2699 666 2734 das
691 2699 810 2733 vitam
834 2697 993 2739 mundo⁷
1022 2696 1068 2730 de

253 2753 318 2784 tua
341 2750 464 2785 Carne
493 2754 624 2784 sancta
653 2754 690 2784 et
717 2748 934 2790 benedicta,
967 2746 1070 2790 Agni

848 225 1082 267 Praeparatio
1108 225 1155 257 ad
1183 224 1347 257 Missam.

1125 318 1306 354 videlicet
1328 316 1572 359 immaculati,
1597 315 1663 360 qui
1684 315 1790 351 tollis
1811 315 1944 359 pecca-

1126 373 1164 404 ta
1187 368 1336 411 mundi,
1368 377 1455 411 quae
1484 366 1532 401 de
1555 369 1689 401 sancto
1713 369 1750 400 et
1772 364 1944 409 glorioso

1126 419 1250 453 beatae
1266 417 1436 461 Virginis
1452 416 1583 451 Mariae
1600 417 1708 450 litero
1725 418 1784 450 est
1799 415 1944 449 35511111-

1126 474 1207 513 pta,
1231 473 1268 504 et
1291 469 1338 503 de
1353 468 1498 512 Spiritu
1522 470 1655 502 sancto
1676 466 1875 509 concepta;
1900 474 1945 499 ac

1127 519 1174 554 de
1197 519 1265 554 illo
1288 518 1444 563 pietatis
1466 517 1582 560 fonte,
1607 516 1674 560 qui
1688 525 1758 560 per
1772 515 1945 549 lanceam

1125 569 1257 604 militis
1279 579 1327 603 ex
1348 572 1415 603 tuo
1436 566 1696 602 sacratissimo
1711 565 1829 599 latere
1846 573 1945 599 ema·

1125 620 1246 655 navit:
1274 623 1316 654 ut
1340 618 1477 653 exinde
1499 616 1631 652 refecti
1654 619 1692 651 et
1714 614 1860 658 satiati,
1888 623 1944 648 re-

1126 670 1297 714 frigerati
1314 674 1351 704 et
1367 667 1556 704 consolati
1572 666 1764 702 exsffltent
1778 665 1819 699 in
1830 663 1944 699 laude

1126 724 1163 755 et
1186 720 1309 764 gloria
1330 723 1406 754 tua.
1449 718 1544 753 Peto
1569 715 1808 752 clementiam
1829 718 1944 758 tuam,

1125 770 1306 814 Domine,
1340 773 1381 804 ut
1415 767 1623 804 descendat
1657 776 1774 810 super
1805 774 1946 809 panem

1125 821 1197 856 tibi
1226 818 1519 855 sacrificandum
1547 815 1747 862 plenitudo
1777 818 1854 850 tuae
1880 814 1944 849 be-

1125 870 1371 913 nedictffinis,
1404 873 1441 904 et
1468 866 1720 903 sanctificatio
1746 869 1825 900 tuae
1848 863 1944 899 divi-

1124 921 1265 956 nitatis.
1299 919 1517 955 Descendat
1533 917 1661 960 etiam,
1680 915 1857 958 Demine,
1877 914 1946 949 illa

1125 971 1249 1006 sancti
1271 970 1435 1014 Spiritus
1463 968 1521 1004 tui
1548 965 1772 1008 invisibilis,
1802 965 1944 999 incom-

1124 1020 1473 1065 prehensibilisque
1495 1018 1687 1061 majestas,
1710 1015 1810 1051 sicut
1826 1024 1944 1059 quon-

1125 1071 1214 1106 dam
1244 1071 1285 1105 in
1315 1073 1468 1114 patrum
1494 1067 1643 1103 hostias
1671 1064 1944 1101 descendebat:

1125 1122 1191 1166 qui
1223 1125 1259 1156 et
1290 1120 1506 1156 oblationes
1537 1121 1691 1154 nostras
1724 1115 1876 1159 Corpus
1908 1117 1946 1149 et

1124 1171 1357 1215 Sanguinem
1379 1174 1487 1205 tuum
1510 1167 1666 1211 efficiat,
1697 1170 1734 1201 et
1761 1175 1821 1200 me
1848 1163 1945 1199 indi—

1124 1232 1240 1266 gnum
1267 1220 1507 1257 sacerddtem
1535 1219 1672 1254 deceat
1697 1219 1845 1252 tantum
1870 1218 1945 1250 tra-

1125 1274 1226 1308 ctare
1254 1271 1479 1317 mysterium
1505 1279 1591 1304 cum
1621 1266 1750 1303 cordis
1779 1265 1945 1311 puritate

1124 1327 1161 1358 et
1190 1323 1434 1357 lacrimarum
1464 1318 1685 1361 devotione,
1725 1326 1813 1352 cum
1838 1325 1945 1351 reve-

1124 1373 1246 1408 rentia
1276 1377 1313 1407 et
1343 1371 1523 1414 tremere,
1562 1369 1616 1404 ita
1647 1371 1690 1403 ut
1718 1366 1871 1412 placide
1900 1375 1945 1400 ac

1123 1424 1286 1467 benigne
1315 1421 1506 1466 suscipias
1535 1418 1769 1455 sacrificium
1793 1416 1841 1452 de
1867 1417 1944 1451 ma-

1123 1474 1237 1509 nibus
1268 1472 1365 1507 meis
1401 1471 1451 1506 ad
1480 1470 1643 1505 saltitem
1670 1467 1839 1503 emnium
1866 1469 1945 1501 tam

1123 1523 1309 1566 vivorum,
1334 1532 1450 1566 quam
1473 1519 1747 1555 defunctorum.

1393 1614 1677 1651 Sabbata

1203 1702 1252 1736 go
1281 1692 1395 1727 etiam
1423 1695 1476 1734 te,
1508 1689 1686 1731 Demine,
1720 1697 1790 1731 per
1816 1686 1944 1730 ipsum

1081 1762 1090 1766 -
1124 1698 1489 1778 Rosacrosanctum
1510 1738 1735 1784 mysterium
1757 1735 1943 1780 Gorporis

1123 1796 1159 1828 et
1182 1792 1387 1836 Sanguinis
1410 1791 1481 1834 tui,
1512 1799 1588 1834 quo
1618 1786 1789 1833 quotidie
1813 1786 1853 1820 in
1874 1784 1943 1820 Ec-

1123 1843 1240 1878 clesia
1269 1846 1334 1877 tua
1362 1841 1558 1886 pascimur
1585 1842 1622 1874 et
1649 1838 1844 1882 potamur,
1879 1835 1943 1870 ab·

1121 1893 1261 1928 laimur
1289 1896 1327 1927 et
1355 1891 1650 1932 sanctificamur,
1685 1890 1799 1932 atque
1829 1885 1941 1921 unius

1122 1953 1280 1979 summae
1297 1941 1511 1978 divinitatis
1523 1939 1731 1985 participes
1744 1936 1941 1973 efficimur:

1122 1994 1171 2029 da
1194 1994 1289 2029 mihi
1310 1993 1472 2029 virtutes
1493 1995 1580 2026 tuas
1605 1991 1775 2032 sanctas,
1800 1986 1941 2032 quibus

1121 2044 1304 2088 repletus,
1336 2044 1439 2078 bona
1472 2038 1707 2076 conscientia
1739 2037 1790 2073 ad
1822 2036 1941 2071 altare

1121 2098 1227 2129 tuum
1259 2093 1455 2136 accedam,
1495 2091 1549 2126 ita
1579 2094 1622 2126 ut
1652 2089 1738 2124 haec
1769 2085 1942 2123 coelestia

1122 2146 1358 2179 sacramenta
1394 2142 1607 2178 efficiantur
1637 2139 1733 2175 mihi
1767 2138 1872 2173 salus
1905 2139 1943 2171 et

1120 2194 1211 2230 vita.
1256 2194 1316 2229 Tu
1345 2194 1445 2228 enim
1469 2191 1602 2227 dixisti
1627 2199 1692 2225 ore
1716 2193 1783 2224 tuo
1807 2190 1941 2222 sancto

1121 2249 1158 2280 et
1180 2244 1399 2280 benedicto:
1433 2242 1562 2285 Panis,
1594 2250 1708 2285 quem
1731 2249 1803 2283 ego
1828 2237 1941 2281 dabo,

1121 2305 1211 2331 caro
1244 2305 1330 2330 mea
1364 2298 1422 2330 est
1455 2303 1526 2338 pro
1559 2290 1694 2326 mundi
1725 2289 1824 2325 vita:
1857 2288 1941 2332 Ego

1121 2356 1206 2380 sum
1228 2345 1342 2389 panis
1365 2344 1490 2386 vivus,
1514 2341 1581 2386 qui
1603 2341 1651 2376 de
1670 2340 1769 2375 coelo
1787 2338 1941 2373 descen-

1122 2395 1175 2430 di:
1200 2395 1241 2430 Si
1264 2394 1351 2439 quis
1372 2391 1661 2428 manducaverit
1677 2400 1726 2425 ex
1740 2389 1815 2424 hoc
1830 2397 1941 2432 pane,

1120 2446 1226 2481 vivet
1256 2445 1295 2479 in
1324 2445 1515 2479 aeternum.
1560 2440 1678 2476 Panis
1709 2438 1941 2480 dulcissime,

1121 2506 1216 2530 sana
1238 2495 1409 2539 palatum
1437 2491 1566 2527 cordis
1589 2490 1682 2532 mei,
1710 2492 1752 2523 ut
1779 2487 1941 2523 sentiam

1121 2545 1349 2580 suavitatem
1372 2542 1513 2578 amoris
1536 2541 1601 2576 tui.
1647 2539 1749 2575 Sana
1771 2537 1869 2573 illud
1892 2537 1940 2572 ab

1122 2596 1224 2630 omni
1255 2595 1456 2638 languere,
1489 2596 1530 2627 ut
1561 2590 1706 2626 nullam
1733 2592 1874 2633 praeter
1903 2592 1939 2623 te

1122 2645 1283 2680 sentiam
1306 2643 1556 2679 dulcedinem.
1600 2640 1718 2675 Panis
1750 2637 1941 2674 candid1s-

1122 2695 1230 2738 sime,
1259 2694 1406 2729 habens
1428 2702 1539 2727 omne
1564 2690 1880 2726 delectamentum
1904 2691 1941 2722 et

1121 2754 1271 2780 omnem
1294 2744 1487 2788 saporem,
1517 2742 1582 2786 qui
1610 2750 1682 2776 nos
1707 2749 1859 2783 semper
1885 2739 1940 2773 re-
