2080 2990
502 234 677 268 Officium
704 235 877 268 votivum
903 234 950 267 dc
975 233 1009 267 S.
1034 234 1181 275 ¹Ioseph
1209 236 1361 276 „sponso
1393 235 1428 268 Β.
1456 235 1500 267 M.
1527 235 1565 267 Y.

232 334 282 385 R.
295 326 471 371 Dedisti
483 325 590 366 mihi
604 324 926 377 protectionem
942 337 1005 365 sa-

174 386 278 428 lutis
301 391 408 435 tuae,
437 390 480 426 et
505 383 688 424 dextera
711 386 787 423 tua
812 381 1007 433 suscepit

174 455 263 484 me:
299 447 322 471 *
351 441 582 482 Protector
613 450 757 487 meuS,
795 442 838 478 et
870 449 1006 478 cornu

176 498 330 540 salutis
361 509 492 545 meae,
527 499 572 536 et
607 495 840 545 susceptor
871 505 1006 533 meus.

177 554 227 603 V.
242 555 337 605 Ego
352 553 580 606 protector
594 554 695 591 tuus
712 562 818 598 sum,
831 554 883 603 ³et
896 561 1006 590 mer-

176 623 250 653 ces
268 616 344 652 tua
362 620 520 659 magna
538 606 678 647 nimis.
704 606 946 647 Protector.

487 668 639 708 Lectio
659 682 695 706 v.

272 735 330 763 on
354 725 421 762 est
445 719 644 768 dubium,
671 718 774 770 quin
798 717 940 759 bonus
965 722 1008 758 et

298 776 439 818 fidelis
475 775 609 816 homo
648 774 778 815 fuerit
817 774 900 814 iste
936 773 961 813 J
964 786 1007 813 o-

177 834 306 887 seph,
350 833 420 874 cui
455 832 596 872 Mater
634 830 904 882 desponsata
942 834 1009 871 est

176 889 428 932 Salvatoris.
454 886 629 936 Fidelis,
647 887 836 938 inquam,
855 899 1008 927 servus

177 945 445 999 et·prudens,
466 957 596 997 quem
616 941 843 984 constituit
860 942 1007 983 Domi-

176 1016 258 1044 nus
281 1015 373 1043 suae
390 1001 543 1042 Matris
564 999 779 1048 solatium,
805 1011 898 1039 suae
918 1012 1007 1039 car-

176 1059 243 1100 nis
279 1058 523 1106 nutritium,
561 1056 704 1097 solum
741 1054 929 1106 denique
965 1055 1008 1095 in

176 1114 304 1157 terris
331 1113 478 1165 magni
511 1112 679 1154 consilii
708 1111 1008 1162 coadjutorem

176 1170 490 1212 fidelissimum.
540 1169 640 1209 Huc
668 1166 858 1216 accedit,
887 1167 1008 1218 quod

177 1225 336 1268 dicitur
350 1226 485 1267 fuisse
500 1224 555 1266 de
570 1223 703 1266 domo
715 1222 871 1263 David.
890 1223 1007 1264 Vere

177 1283 292 1325 enim
311 1282 367 1324 de
388 1282 521 1324 domo
541 1280 697 1322 David.
731 1280 849 1321 Vere
870 1279 924 1320 de
944 1281 1006 1319 re-

176 1339 247 1390 gia
260 1339 396 1391 stirpe
413 1336 640 1379 descendit
653 1336 719 1377 vir
733 1336 815 1377 iste
829 1335 1007 1388 Joseph,

175 1395 335 1437 nebilis
350 1397 521 1446 genere,
534 1397 682 1434 mente
697 1392 898 1433 nobilior.
921 1391 1009 1432 Pla-

176 1463 232 1492 ne
255 1450 370 1492 filius
389 1449 549 1499 David,
576 1462 664 1490 non
690 1448 959 1498 degenerans
983 1461 1009 1488 a

176 1511 302 1560 patre
321 1520 401 1548 suo
422 1504 581 1556 David3
606 1517 800 1558 prorsus
819 1504 1008 1556 inquam,

177 1563 292 1604 filius
306 1562 462 1613 David,
481 1575 569 1603 non
583 1566 754 1603 tantum
768 1573 908 1609 carne,
929 1560 1009 1601 sed

177 1619 277 1670 fide,
298 1618 378 1661 sed
398 1618 639 1667 sanctitate,
662 1616 742 1658 sed
761 1616 1008 1666 devoti6ne‚

179 1688 310 1728 quem
324 1680 551 1727 tamquam
566 1673 753 1715 alterum
764 1671 910 1714 David
920 1673 1007 1714 De-

176 1732 319 1773 minus
337 1731 503 1772 invenit
522 1729 764 1772 secundum
779 1742 855 1770 cor
871 1742 1008 1779 suum,

178 1788 249 1830 cui
270 1792 368 1829 tuto
395 1789 643 1829 comitteret
668 1785 1009 1827 sacratissimum

178 1849 310 1896 atque
331 1844 672 1886 secretissimum
693 1843 760 1884 sui
780 1841 925 1883 cordis
945 1854 1008 1882 ar-

178 1903 350 1942 canum:
372 1900 451 1949 cui,
469 1905 694 1950 tamquam
713 1898 840 1939 alteri
853 1896 1008 1946 David,

177 1956 343 1998 incerta
375 1961 418 1997 et
451 1955 627 1997 occulta
659 1953 886 2006 sapientiae
918 1966 1010 1994 suae

177 2012 482 2061 manifestavit,
502 2015 546 2052 et
566 2009 689 2052 dedit
706 2009 768 2050 illi
786 2022 874 2050 non
893 2009 1009 2059 igna—

178 2082 275 2109 rum
290 2080 387 2109 esse
401 2066 608 2120 mysterii,
623 2065 744 2117 quod
753 2078 883 2106 nemo
895 2060 1009 2117 pri'n-

180 2125 327 2178 cipum
345 2123 471 2176 hujus
491 2122 642 2164 saeculi
661 2121 849 2172 agnovit.

231 2185 282 2236 R.
317 2180 490 2222 Statuet
520 2179 636 2220 filios
669 2190 774 2219 suos
806 2176 888 2218 sub
919 2178 1010 2227 teg-

180 2237 295 2278 mine
314 2236 440 2286 illius,
461 2241 503 2277 et
520 2234 601 2276 sub
616 2234 747 2275 ramis
765 2234 856 2286 ejus
870 2235 1011 2274 mora-

181 2292 312 2335 bitur:
326 2294 583 2346 protegetur
597 2290 678 2332 sub
693 2290 884 2340 tegmine
896 2289 1012 2330 illius

182 2362 208 2390 a
225 2349 412 2391 fervore:
428 2352 451 2376 *
468 2349 526 2389 Et
541 2348 585 2388 in
604 2346 744 2398 gloria
763 2347 853 2397 ejus
872 2345 1011 2396 requi-

183 2407 312 2447 escet.
336 2402 386 2454 V.
411 2405 595 2457 Sperate
609 2403 654 2443 in
669 2415 734 2452 eo,
755 2402 894 2443 omnis
911 2414 1010 2442 con-

182 2462 378 2512 gregatio
410 2459 583 2513 pepuli:
620 2458 829 2500 effundite
863 2469 1012 2499 coram

182 2517 258 2559 illo
278 2516 414 2558 corda
432 2521 590 2558 vestra.
618 2516 674 2557 Et
693 2515 736 2555 in
755 2514 904 2566 gloria.

483 2574 636 2615 Lectio
659 2574 709 2613 vi.

183 2625 300 2731 Cui
311 2627 498 2680 denique
509 2626 660 2669 datum
671 2631 748 2676 est,
759 2624 879 2678 quod
888 2624 1012 2666 multi

278 2696 404 2734 reges
422 2688 466 2725 et
483 2682 716 2735 prophetae
733 2695 832 2723 cum
850 2680 1013 2722 vellent

183 2738 343 2789 videre,
361 2751 450 2780 non
466 2739 678 2789 viderunt,
698 2737 850 2780 audite
865 2741 909 2779 et
923 2749 1012 2778 non

1799 228 1890 272 [215]

1060 324 1301 374 audierunt,
1321 338 1409 366 non
1428 325 1571 367 solum
1585 325 1735 367 videre
1756 329 1799 366 et
1819 337 1889 365 au-

1060 379 1168 428 dire,
1193 380 1272 422 sed
1291 382 1421 423 etiam
1440 385 1634 435 portare,
1660 381 1891 430 deducere,

1060 436 1280 489 amplecti,
1306 437 1568 487 deosculari,
1593 443 1636 479 et
1659 440 1824 479 nutrire
1849 443 1892 479 et

1060 492 1294 534 custodire.
1334 493 1436 534 Non
1461 499 1630 535 tantum
1656 499 1801 534 autem
1820 494 1845 534 J
1848 506 1891 534 o-

1061 548 1180 600 seph,
1199 548 1278 590 sed
1294 555 1337 590 et
1352 549 1489 589 Maria
1505 549 1786 590 descendisse
1802 562 1891 590 cre-

1061 603 1205 646 denda
1222 611 1288 647 est
1303 604 1358 646 de
1374 604 1506 646 domo
1522 604 1680 646 David:
1699 605 1890 658 alioquin

1060 673 1147 701 non
1163 666 1280 702 esset
1296 660 1564 713 desponsata
1578 661 1672 702 viro
1688 661 1742 702 de
1757 660 1890 702 domo

1060 717 1215 766 David,
1231 717 1266 758 si
1282 730 1369 758 non
1386 722 1504 758 esset
1519 723 1562 758 et
1576 717 1672 769 ipsa
1688 717 1743 758 de
1758 716 1890 758 domo

1061 772 1216 814 David.
1239 773 1384 814 Ambo
1400 773 1531 823 igitur
1546 778 1669 814 erant
1686 773 1740 814 de
1757 773 1891 814 domo

1060 829 1220 870 David:
1249 830 1328 871 sed
1350 830 1393 870 in
1419 829 1558 871 altera
1582 829 1802 881 completa
1826 834 1892 870 est

1061 886 1234 935 veritas,
1256 899 1387 937 quam
1404 886 1562 937 juravit
1576 885 1792 926 Dominus
1807 886 1891 926 Da-

1060 941 1149 991 vid,
1177 942 1315 983 altero
1338 947 1485 983 tamen
1511 942 1687 983 conscio
1713 946 1756 982 et
1779 947 1892 982 teste

1062 997 1313 1050 adimpletae
1331 997 1645 1050 promissic'mis.

1115 1062 1165 1113 Ru
1199 1059 1243 1100 Si
1278 1061 1519 1100 consistant
1554 1057 1788 1099 adversum
1821 1070 1891 1098 me

1062 1120 1216 1164 castra,
1235 1128 1323 1156 non
1342 1114 1513 1156 timebit
1533 1126 1609 1155 cor
1627 1126 1787 1154 meum:
1808 1121 1828 1143 *
1848 1114 1892 1154 Si

1061 1174 1269 1221 exsurgat
1284 1170 1517 1212 adversum
1531 1183 1602 1211 me
1617 1170 1828 1222 praelium,
1846 1170 1890 1210 in

1060 1226 1146 1268 hoc
1165 1240 1247 1277 ego
1268 1226 1470 1279 sperabo.
1500 1224 1549 1275 V.
1566 1227 1617 1273 In
1635 1232 1679 1267 te
1700 1226 1889 1267 cantatio

1060 1295 1159 1324 mea
1187 1296 1377 1335 semper,
1410 1283 1616 1333 queniam
1643 1287 1691 1323 tu
1718 1282 1890 1333 adjutor

1061 1339 1197 1380 fortis.
1225 1339 1279 1380 Si.
1312 1339 1460 1380 Gloria
1479 1339 1608 1380 Patri.
1637 1339 1692 1380 Si.

1277 1425 1326 1463 In
1353 1424 1423 1462 III.
1451 1423 1673 1462 Nocturno.

1116 1490 1213 1528 Ant.
1249 1485 1440 1527 Asidiens
1459 1485 1483 1525 J
1487 1484 1637 1537 oseph.

1341 1556 1535 1596 psalmus
1564 1557 1622 1594 14.

1063 1615 1339 1667 [fiamine
1375 1615 1472 1666 quis
1505 1613 1721 1655 habitabit
1753 1614 1798 1654 in
1829 1618 1890 1654 ta-

1072 1659 1157 1742 }14
1210 1671 1448 1712 bernaculo
1486 1669 1587 1712 tuo?
1624 1671 1648 1696 *
1682 1675 1756 1711 aut
1795 1670 1891 1720 quis

1064 1728 1185 1814 ³⁴3³*
1211 1728 1458 1779 requiescet
1489 1727 1533 1767 in
1560 1731 1710 1767 monte
1739 1731 1891 1766 sancto

1061 1789 1155 1826 tuo.

1114 1841 1199 1891 Qui
1217 1838 1459 1890 ingreditur
1479 1839 1570 1879 sine
1589 1838 1776 1887 macula,
1799 1838 1822 1863 *
1847 1842 1891 1878 et

1063 1898 1272 1949 operatur
1291 1895 1512 1947 justitiam:

1115 1953 1198 2004 Qui
1221 1952 1415 2004 loquitur
1433 1951 1664 1992 veritatem
1687 1950 1730 1990 in
1755 1948 1890 1990 corde

1063 2019 1165 2058 suo,
1189 2009 1213 2035 *
1230 2008 1317 2060 'qui
1342 2020 1431 2048 non
1456 2007 1544 2057 egit
1570 2006 1720 2048 dolum
1747 2006 1791 2046 in
1815 2006 1890 2046 lin-

1062 2078 1148 2116 gua
1167 2077 1260 2105 sua:

1114 2121 1209 2162 Nec
1227 2120 1330 2161 fecit
1347 2119 1551 2172 proximo
1572 2131 1651 2159 suo
1670 2117 1848 2167 malum,
1867 2118 1891 2143 *

1064 2181 1108 2218 et
1132 2176 1420 2229 opprebrium
1443 2187 1530 2216 non
1550 2175 1720 2226 accepit
1740 2174 1890 2215 adver-

1063 2246 1137 2274 sus
1156 2233 1383 2285 preximos
1403 2244 1516 2273 suos.

1115 2289 1188 2330 Ad
1206 2288 1387 2330 nihilum
1407 2287 1622 2329 deductus
1643 2291 1709 2328 est
1728 2286 1771 2326 in
1791 2298 1889 2326 con-

1064 2347 1219 2398 spectu
1247 2346 1337 2397 ejus
1366 2345 1600 2395 malignus:
1631 2343 1655 2368 *
1687 2342 1889 2383 timentes

1064 2406 1210 2443 autem
1228 2401 1466 2442 Deminum
1486 2398 1718 2450 glorificat:

1115 2458 1199 2508 Qui
1226 2458 1338 2509 jurat
1363 2457 1566 2510 preximo
1595 2466 1695 2502 suo,
1728 2457 1772 2500 et
1801 2465 1889 2493 non

1063 2513 1241 2565 decipit,
1265 2514 1289 2540 *
1318 2514 1392 2565 qui
1409 2511 1641 2565 pecuniam
1659 2522 1784 2550 suam
1802 2521 1889 2549 non

1063 2569 1185 2611 dedit
1205 2569 1261 2611 ad
1279 2572 1471 2618 usuram,
1494 2572 1538 2609 et
1555 2569 1737 2607 munera
1757 2577 1888 2616 super

1061 2625 1340 2667 innocentem
1357 2637 1444 2665 non
1463 2622 1644 2675 accepit.

1114 2682 1198 2732 Qui
1215 2681 1319 2723 facit
1337 2680 1452 2726 haec‚
1478 2681 1503 2706 *
1529 2691 1618 2720 non
1641 2676 1888 2719 movebitur

1061 2737 1105 2778 in
1124 2739 1346 2779 aeternum.
