2040 2990
560 206 663 240 Infra
687 206 981 241 Hebdomadam
1006 208 1027 242 i.
1053 213 1142 251 post
1166 209 1432 253 Epiphaniam.

145 295 229 337 Dei
249 309 346 348 quae
367 304 433 339 est
454 298 660 348 Corinthi,
685 300 968 342 sanctificatis

145 351 192 393 in
224 351 396 395 Christo
430 355 454 395 J
457 367 547 406 esu,
588 356 757 397 vocatis
796 357 968 406 83116118,

146 421 246 450 611111
265 410 466 452 omnibus
492 411 566 463 qui
584 414 790 454 invocant
807 426 968 454 nomen

144 465 320 507 Domini
334 468 473 508 nostri
486 467 510 507 J
513 480 591 509 esu
606 468 777 519 Christi,
791 470 835 510 in
850 470 969 510 omni

143 521 243 564 loco
271 523 490 576 ipsorum,
528 529 572 566 61
605 530 769 566 nostro.
816 526 968 567 Gratia

144 578 287 629 vobis,
318 584 360 621 et
384 593 471 633 pax
495 593 520 621 a
539 581 636 622 Deo
656 582 786 623 Patre
803 587 967 634 nostro,

148 639 192 677 et
209 635 401 678 Domino
420 637 444 678 J
447 650 525 678 esu
545 637 730 679 Christo.

199 701 250 753 R·
277 697 423 739 Hodie
453 698 497 738 in
519 698 713 740 'Jordane
740 699 966 751 baptizato

142 753 335 795 Domino
360 755 501 806 aperti
526 759 627 796 sunt
649 755 764 805 coeli,
790 760 833 796 et
855 756 968 797 sicut

144 809 347 851 columba
366 823 499 863 super
519 823 620 852 eum
638 812 824 864 Spiritus
850 825 965 853 man-

144 866 215 916 sit,
249 870 292 907 et
318 879 404 907 vox
430 867 574 908 Patris
601 868 805 910 intonuit:
833 874 857 898 *
881 869 966 910 Η16

144 926 210 963 681
238 922 373 964 Filius
405 936 529 965 meus
563 923 765 975 dilectus,
798 925 843 965 in
877 938 964 977 quo

143 978 248 1019 mihi
271 978 382 1020 bene
407 980 663 1033 complacui.
703 980 753 1032 V.
775 982 964 1022 Descen-

144 1034 208 1076 dit
226 1035 414 1088 Spiritus
434 1042 610 1078 sanctus
631 1038 852 1090 corporali
870 1040 965 1090 spe-

144 1092 210 1133 cie
229 1092 342 1133 sicut
361 1092 562 1134 columba
580 1094 624 1134 in
642 1094 797 1146 ipsum,
817 1099 860 1136 et
878 1107 965 1136 vox

144 1147 199 1190 de
218 1148 331 1189 coelo
350 1148 465 1190 facta
484 1154 560 1191 est.
587 1151 672 1191 Hic
692 1155 769 1192 est.

449 1224 601 1266 Lectio
622 1225 661 1265 ii.

146 1282 352 1391 Gratias
367 1302 449 1340 ago
461 1290 559 1332 Deo
578 1303 677 1332 meo
695 1303 868 1343 semper
881 1303 963 1343 pro

240 1345 368 1386 vobis
392 1346 437 1386 in
460 1347 603 1398 gratia
620 1347 719 1397 Dei,
745 1360 843 1399 quae
862 1347 964 1388 data

142 1405 209 1442 est
227 1401 355 1443 vobis
374 1402 418 1442 in
439 1402 614 1444 Christo
635 1404 659 1444 J
662 1416 753 1445 esu:
778 1403 898 1455 quod
920 1405 964 1444 in

143 1457 344 1499 omnibus
369 1458 526 1500 divites
545 1459 654 1501 facti
679 1460 783 1501 estis
807 1460 850 1501 in
876 1460 963 1511 illo,

140 1513 185 1554 in
204 1515 323 1555 omni
337 1514 486 1565 verbo,
507 1520 551 1557 et
569 1516 613 1557 in
632 1516 750 1557 omni
769 1517 963 1558 scientia:

142 1570 255 1612 sicut
285 1571 583 1613 testimonium
616 1572 778 1614 Christi
809 1573 962 1614 confir-

140 1628 306 1668 matum
339 1632 406 1669 est
436 1628 480 1668 in
511 1628 652 1670 vobis:
685 1629 746 1670 ita
777 1634 825 1671 ut
858 1629 963 1671 nihil

140 1681 268 1724 vobis
295 1683 410 1725 desit
437 1684 481 1725 in
508 1684 597 1726 ulla
624 1686 778 1737 gratia,
812 1699 961 1739 exspe-

141 1738 359 1781 ctantibus
375 1740 687 1783 revelationem
695 1743 872 1783 Domini
888 1756 962 1784 110-

140 1795 219 1836 stri
235 1795 259 1836 J
262 1808 341 1837 esu
360 1796 538 1848 Christi,
568 1798 642 1850 qui
667 1803 711 1840 61
735 1799 962 1840 confirma-

140 1849 205 1892 bit
222 1864 303 1893 vos
324 1866 463 1905 usque
485 1853 529 1894 in
552 1854 683 1895 finem
706 1855 798 1896 sine
822 1856 961 1896 crimi-

140 1919 211 1957 ne,
235 1907 280 1948 in
304 1908 374 1950 die
394 1909 609 1951 adventus
628 1910 806 1951 Domini
823 1911 963 1952 nostri

140 1963 244 2004 Jesu
280 1964 453 2007 Christi.
506 1966 668 2008 Fidelis
705 1967 840 2008 Deus:
882 1980 961 2020 per

141 2031 271 2071 quem
303 2023 450 2063 vocati
487 2023 591 2064 estis
627 2023 671 2064 in
703 2024 961 2065 societatem

139 2075 238 2117 F1lii
262 2078 352 2130 ejus
370 2079 396 2119 J
398 2091 477 2120 esu
500 2079 662 2120 Christi
684 2079 863 2120 Domini
886 2093 959 2121 no-

140 2134 229 2175 stri.

190 2190 242 2244 R.
276 2191 328 2231 In
355 2191 571 2234 columbae
602 2192 747 2245 specie
774 2191 960 2244 Spiritus

140 2252 316 2288 sanctus
336 2247 454 2288 visus
475 2253 555 2299 est,
574 2249 763 2290 Paterna
782 2261 870 2290 vox
888 2261 958 2289 311-

141 2301 233 2344 (1113
256 2307 337 2344 est:
356 2303 381 2330 *
398 2304 483 2346 Hic
510 2310 576 2347 est
593 2304 727 2346 Filius
751 2317 874 2346 meus
898 2304 958 2346 di-

138 2357 294 2409 lectus,
322 2359 367 2400 in
394 2373 481 2412 quo
506 2361 612 2402 mihi
634 2361 747 2403 bene
768 2359 958 2413 compla-

140 2415 220 2455 cui.
235 2409 288 2462 V.
305 2415 416 2457 Coeli
430 2417 571 2469 aperti
586 2422 686 2458 sunt
702 2429 833 2470 super
849 2429 958 2466 eum,

141 2474 185 2511 et
203 2483 291 2512 vox
307 2471 450 2514 Patris
468 2473 668 2515 intonuit.
694 2473 779 2514 Hic
799 2478 875 2515 est.

430 2543 582 2586 Lectio
606 2544 661 2585 111.

224 2607 380 2650 bsecro
414 2615 561 2652 31116111
588 2623 668 2652 vos
697 2611 852 2652 fratres
879 2623 959 2663 per

242 2676 401 2706 nomen
447 2666 625 2707 Domini
674 2667 813 2708 nostri
856 2667 881 2707 J
884 2679 959 2707 esu

143 2719 316 2761 Christi:
344 2725 393 2762 ut
411 2720 603 2774 idipsum
622 2722 777 2764 dicatis
797 2734 959 2771 01111168,

295 2861 358 2885 Pars
374 2861 507 2887 fflemalis.

1774 212 1838 248 281

1021 305 1065 341 et
1089 313 1177 342 11011
1196 301 1282 342 81111
1300 302 1344 342 111
1363 302 1490 345 vobis
1510 305 1759 347 schismata:
1787 307 1839 347 si-

1019 357 1075 398 tis
1097 362 1244 399 autem
1262 359 1445 411 perfecti
1463 361 1506 401 in
1527 361 1682 403 eodem
1699 375 1840 413 sensu,

1020 418 1063 455 et
1094 414 1139 454 in
1172 414 1326 456 eadem
1358 418 1580 459 sententia.
1621 419 1838 469 Significa-

1019 475 1113 511 tum
1132 476 1199 512 est
1219 472 1333 513 enim
1351 473 1457 514 mihi
1476 474 1530 515 de
1544 475 1668 516 vobis
1683 476 1839 517 fratres

1019 527 1106 568 mei
1131 527 1186 569 ab
1211 528 1281 578 iis,
1312 530 1386 581 qui
1409 535 1509 571 sunt
1534 531 1708 582 Chloes,
1738 533 1839 584 quia

1020 585 1322 626 contentiones
1350 591 1449 627 sunt
1474 587 1586 628 inter
1610 602 1701 630 vos.
1740 590 1839 631 Hoc

1020 646 1165 682 autem
1185 641 1295 692 dico,
1316 643 1435 694 quod
1454 647 1750 697 unusquisque
1770 660 1838 688 ve-

1019 702 1157 739 strum
1169 698 1287 740 dicit:
1303 699 1397 750 Ego
1412 700 1588 752 quidem
1599 714 1694 742 sum
1704 703 1839 743 Pauli:

1020 766 1100 805 ego
1129 759 1275 796 autem
1302 756 1482 808 Apollo:
1519 770 1600 808 ego
1629 771 1733 799 vero
1764 759 1837 800 Ce-

1018 810 1132 862 phae:
1166 824 1246 862 ego
1274 818 1421 854 autem
1451 813 1621 855 Christi.
1663 815 1838 856 Divisus
1889 815 1892 820 ⁷

1019 871 1085 907 est
1100 867 1318 909 Christus?
1336 869 1562 921 Numquid
1576 871 1735 912 Paulus
1755 884 1840 912 cru-

1018 924 1172 965 cifixus
1193 930 1259 966 est
1277 938 1358 978 pro
1378 925 1525 967 vobis?
1550 932 1624 968 aut
1643 928 1686 967 in
1705 928 1838 969 nomi-

1017 993 1071 1021 ne
1091 981 1214 1022 Pauli
1232 981 1444 1034 baptizati
1463 983 1587 1024 estis?

1072 1041 1123 1093 R.
1145 1038 1290 1088 Reges
1309 1038 1500 1081 Tharsis.
1518 1041 1610 1081 252.

1074 1104 1118 1138 ln
1148 1103 1193 1137 Π.
1226 1107 1262 1137 61
1292 1103 1355 1137 ΠΙ.
1386 1104 1494 1139 Νο61.
1530 1106 1707 1149 leguntur
1741 1106 1839 1140 Lect.

1020 1151 1170 1185 Domin.
1195 1151 1293 1185 infra
1321 1151 1488 1188 Oet.275.

1075 1204 1115 1238 Si
1138 1213 1231 1238 vcro
1257 1204 1340 1237 dics
1367 1204 1510 1238 Octava
1535 1205 1684 1238 venerit
1708 1205 1746 1238 in
1767 1205 1841 1239 Do-

1020 1251 1170 1294 minica,
1197 1252 1374 1286 dicuntur
1398 1252 1444 1286 de
1471 1253 1531 1286 die
1557 1252 1711 1287 Octava.
1729 1256 1804 1291 279,

1187 1359 1354 1396 Feria
1389 1361 1663 1400 Secunda.

1019 1423 1084 1463 De
1108 1420 1306 1473 Epistola
1330 1423 1470 1475 prima
1495 1423 1552 1465 ad
1578 1425 1834 1468 Corinthios.

1125 1489 1276 1530 Lectio
1298 1490 1322 1529 i.
1581 1489 1682 1541 Cap.
1701 1490 1738 1529 2.

1026 1551 1121 1599 ‘'mt
1150 1560 1248 1598 ego,
1288 1561 1386 1589 cum
1413 1553 1630 1593 venissem
1658 1553 1715 1594 ad
1743 1566 1834 1603 vos,

1119 1604 1296 1654 fratres,
1332 1606 1431 1647 Veni
1457 1620 1545 1648 non
1572 1609 1615 1648 in
1644 1609 1834 1651 sublimi-

1015 1662 1106 1702 tate
1130 1662 1357 1711 sermonis,
1394 1667 1468 1704 aut
1492 1665 1732 1716 sapientiae,
1762 1679 1832 1707 an-

1014 1717 1217 1758 nuntians
1242 1717 1367 1759 vobis
1392 1720 1689 1762 testimonium
1715 1722 1831 1763 Chri-

1015 1773 1080 1814 sti.
1120 1773 1222 1814 Non
1255 1774 1370 1814 enim
1400 1775 1586 1826 judicavi
1617 1790 1686 1818 me
1719 1779 1831 1820 scire

1015 1829 1180 1881 aliquid
1199 1830 1311 1870 inter
1330 1843 1424 1880 vos,
1443 1831 1527 1872 nisi
1545 1833 1570 1872 J
1572 1845 1693 1873 esum
1714 1834 1832 1875 Chri-

1014 1890 1146 1935 stum,
1172 1891 1216 1927 et
1234 1885 1348 1927 hunc
1368 1887 1632 1930 crucifixum.
1668 1890 1724 1931 Et
1749 1903 1830 1942 ego

1013 1942 1057 1982 in
1074 1942 1336 1991 infirmitate,
1357 1947 1400 1983 et
1419 1943 1586 1994 timore,
1613 1949 1656 1986 et
1673 1949 1831 1988 tremo—

1013 2010 1060 2039 re
1086 1997 1224 2039 multo
1252 1998 1313 2038 fui
1341 1999 1459 2051 apud
1486 2012 1583 2041 vos:
1615 2006 1659 2042 et
1688 2015 1830 2044 sermo

1013 2066 1155 2104 meus,
1189 2058 1232 2095 et
1262 2055 1521 2106 praedicatio
1549 2070 1646 2099 mea
1672 2071 1760 2100 non
1787 2060 1831 2100 in

1011 2109 1369 2162 persuasibilibus
1388 2111 1590 2154 humanae
1605 2115 1831 2167 sapientiae

1012 2165 1175 2216 verbis,
1203 2165 1283 2207 sed.
1309 2167 1352 2207 in
1379 2169 1629 2211 ostensione
1653 2172 1830 2223 spiritus

1013 2227 1057 2263 et
1075 2222 1263 2264 virtutis:
1292 2227 1341 2264 ut
1364 2223 1476 2265 fides
1499 2230 1645 2267 vestra
1669 2240 1757 2268 non
1775 2228 1831 2268 sit

1010 2278 1054 2318 in
1081 2278 1293 2331 sapientia
1317 2278 1557 2331 hominum,
1586 2282 1664 2324 sed
1687 2283 1730 2323 111
1750 2283 1829 2323 vir-

1010 2337 1103 2376 tute
1124 2335 1217 2376 Dei.

1316 2385 1467 2427 Lectio
1487 2386 1527 2426 ii.

1013 2437 1313 2544 Sapientiam
1329 2450 1474 2487 autem
1488 2445 1706 2498 loquimur
1719 2447 1830 2488 inter

1087 2500 1323 2552 perfectos:
1342 2502 1600 2554 sapientiam
1619 2515 1723 2543 vero
1742 2515 1828 2544 non

1011 2554 1136 2606 hujus
1155 2557 1315 2606 saeculi,
1333 2570 1475 2609 neque
1493 2558 1737 2610 principum
1755 2558 1828 2598 hu-

1010 2611 1076 2662 jus
1094 2612 1254 2662 saeculi,
1273 2613 1347 2665 qui
1362 2613 1660 2654 destruuntur:
1679 2613 1757 2655 sed
1770 2613 1829 2653 lo-

1002 2668 1184 2718 ‚quimur
1209 2669 1293 2710 Dei
1320 2670 1578 2721 sapientiam
1604 2669 1648 2709 in
1675 2670 1829 2720 myste-

1012 2724 1089 2773 rio,
1105 2736 1203 2775 quae
1220 2723 1478 2766 abscondita
1493 2730 1569 2775 est,
1587 2737 1713 2776 quam
1729 2737 1831 2776 prae-

1587 2853 1626 2884 19
