2080 2990
267 997 280 1012 α
289 992 395 1009 *⁷4⁴4ssss
403 996 418 1002 s*

213 999 248 1019 1³21<

333 1177 687 1254 OFFICIA
727 1175 1069 1252 VOTIVA
1116 1175 1290 1251 PER
1334 1174 1674 1250 ANNUNI.

197 1333 272 1360 ffieia
295 1333 356 1360 haec
379 1334 482 1360 Votiva
506 1341 556 1368 per
580 1341 684 1360 annum
708 1334 763 1361 ritu
788 1334 967 1368 Semiduplici
992 1342 1043 1368 pro
1069 1335 1183 1367 singulis
1208 1334 1392 1361 hebdomadae
1416 1333 1518 1367 Feriis,
1549 1341 1566 1359 a
1589 1333 1704 1360 Summo
1730 1333 1867 1360 Pontifice

149 1343 188 1403 O
209 1373 304 1399 Leone
321 1373 401 1399 XIII.
419 1381 470 1407 per
488 1374 639 1400 Decretum
658 1374 743 1400 Urbis
766 1377 793 1400 et
812 1374 895 1400 Orbis
913 1373 1062 1400 Sacrorum
1082 1374 1198 1400 Rituum
1217 1373 1444 1406 Congregationis
1463 1373 1507 1399 die
1526 1373 1549 1399 5.
1568 1373 1636 1399 ,Iulii
1656 1374 1722 1399 1883
1746 1372 1867 1406 generali

153 1412 266 1439 Indulto
284 1419 428 1445 concessa,
452 1413 574 1446 persolvi
598 1416 728 1446 possunt,
752 1413 829 1446 juxta
847 1413 921 1439 idem
940 1413 1096 1446 Indultum,
1120 1413 1181 1439 loco
1201 1412 1363 1439 Officiorum
1384 1412 1533 1438 Ferialium
1556 1412 1774 1444 occurrentium,
1799 1418 1866 1444 quo-

152 1459 272 1484 cumque
290 1451 355 1477 anni
374 1455 512 1484 tempore3
531 1451 654 1485 exceptis
672 1452 753 1478 Feria
773 1452 820 1478 IV.
840 1451 983 1483 Cinerum,
1003 1451 1090 1477 Feriis
1109 1452 1193 1478 totius
1211 1450 1344 1484 temporis
1363 1451 1518 1483 Passionis,
1537 1458 1570 1477 ac
1587 1450 1665 1477 Sacri
1684 1450 1832 1476 Adventus
1850 1458 1867 1476 a

153 1490 198 1516 die
216 1490 256 1517 17.
276 1490 313 1516 ad
330 1490 372 1516 24.
391 1490 555 1516 Decembris
573 1490 714 1517 inclusive.
751 1490 864 1516 Habent
882 1490 959 1523 juxta
978 1490 1129 1524 Rubrieas,
1148 1494 1231 1525 prout
1250 1490 1304 1516 alia
1321 1490 1405 1516 Festa
1424 1489 1621 1523 Semiduplicia
1639 1496 1740 1515 novem
1759 1489 1866 1515 Lectio-

152 1537 232 1562 num,
256 1532 316 1555 tum
340 1528 625 1556 Commemorationes
650 1530 738 1556 Feriae
763 1532 790 1556 et
814 1529 889 1556 Festi
912 1529 1050 1563 Simplicis
1074 1530 1259 1562 occurrentis,
1287 1532 1346 1555 tum
1370 1535 1473 1554 nonam
1498 1528 1659 1554 Lectionem
1685 1527 1719 1553 de
1743 1527 1867 1554 Homilia

152 1575 237 1602 super
254 1567 436 1601 Evangelium
455 1568 579 1601 ejusdem
597 1569 698 1601 Feriae,
723 1572 771 1594 aut
789 1568 825 1594 de
842 1568 953 1595 Sancto.
990 1568 1143 1595 Adduntur
1161 1567 1447 1594 Commemorationes
1465 1574 1640 1599 communes,
1658 1575 1708 1593 seu
1727 1566 1865 1600 Suffragia

152 1607 327 1639 Sanctorum,
345 1609 376 1632 ut
394 1606 422 1632 in
441 1607 591 1640 Psalmi-io,
615 1607 637 1633 si
657 1607 783 1634 facienda
801 1607 869 1640 sint,
893 1607 997 1633 omissa
1015 1607 1286 1634 Commemoratione
1304 1607 1375 1639 ejus,
1400 1606 1435 1632 de
1456 1613 1513 1640 quo
1533 1606 1564 1631 fit
1581 1605 1706 1632 officium
1724 1605 1866 1632 Votivum.

152 1644 182 1672 Si
199 1645 243 1671 die
261 1645 429 1679 praecedenti
448 1648 496 1671 aut
514 1646 641 1680 sequenti
664 1650 793 1673 occurrat
817 1646 948 1673 Officium
971 1646 1048 1672 aliud
1070 1646 1268 1679 quodcumque
1291 1653 1392 1672 novem
1416 1645 1593 1677 Lectionum,
1617 1645 1750 1679 Vesperae
1774 1644 1866 1671 Officii

422 1684 517 1711 votivi
532 1685 669 1712 currentis
686 1685 850 1712 ordinandae
868 1689 949 1712 erunt
967 1685 1044 1719 juxta
1063 1685 1215 1711 Rubricam
1235 1685 1270 1711 de
1288 1684 1479 1712 Conmcrrentia
1498 1684 1598 1718 Officii.

355 1813 392 1854 P
406 1825 428 1854 r
442 1826 469 1855 o
496 1814 532 1854 F
547 1826 572 1855 e
586 1826 608 1854 r
623 1813 639 1854 i
653 1827 679 1855 a
705 1815 727 1855 I
742 1815 775 1855 I.
1062 1814 1279 1856 Draconis
1300 1813 1372 1854 hic
1391 1812 1534 1854 dirum
1554 1817 1686 1865 caput

372 1873 551 1908 Officium
575 1875 749 1909 votivum
1113 1871 1165 1911 In
1183 1870 1270 1911 ima
1288 1869 1413 1921 pellit
1431 1871 1606 1918 tartara,

299 1923 361 1963 de
389 1923 586 1966 Sanctis
613 1925 835 1975 Angelis.
1113 1926 1372 1977 Ducemque
1392 1937 1491 1965 cum
1509 1923 1747 1965 rebellibus

433 1984 694 2028 Semiduplex.
1114 1981 1297 2022 Coelesti
1316 1980 1371 2022 ab
1391 1992 1492 2022 arce
1510 1979 1720 2022 fulminat.

367 2050 429 2091 In
454 2050 492 2091 1.
511 2050 765 2100 vesperis.
1063 2050 1226 2088 Contra
1245 2044 1402 2086 ducem
1422 2044 1640 2097 superbiae

199 2113 287 2146 Ant.
313 2117 349 2146 et
374 2111 497 2155 Capit.
523 2113 570 2147 de
595 2113 713 2148 Laud.
743 2112 842 2156 [207]
1112 2102 1356 2152 sequamur
1375 2100 1491 2141 hunc
1509 2112 1591 2141 nos
1610 2099 1864 2152 principem,

198 2163 344 2198 Psalmi
369 2168 409 2198 ut
434 2165 473 2198 in
497 2164 522 2198 I.
546 2165 731 2208 Vesperis
758 2166 804 2200 de
830 2166 974 2200 Comm.
1113 2157 1172 2198 Ut
1191 2155 1319 2197 detur
1338 2168 1393 2196 ex
1412 2156 1527 2206 Agni
1544 2155 1704 2197 throno

148 2211 284 2255 Apost.
316 2210 363 2254 [2]
1111 2211 1253 2253 Nobis
1273 2214 1437 2253 corona
1455 2211 1618 2263 gloriae.

453 2263 664 2331 Hymnus:
885 2323 893 2331 ,
1062 2278 1191 2327 Patri,
1211 2276 1427 2328 simulque
1445 2275 1569 2325 Filio,

191 2335 219 2398 τ,
273 2335 297 2364 e
317 2322 537 2387 splendor,
558 2327 602 2364 et
620 2327 763 2387 vlrtus·
776 2322 930 2372 Patris,
1111 2332 1301 2384 Tibique
1320 2336 1471 2373 sancte
1489 2331 1686 2383 Spiritus,

303 2379 368 2420 Te
388 2384 489 2442 v1ta3
506 2378 531 2419 J
534 2391 621 2428 esu,
641 2377 851 2428 cordmm,
1111 2388 1231 2429 Sicut
1251 2387 1340 2438 fuit,
1361 2387 1417 2428 sit
1434 2387 1591 2439 jugiter

231 2434 302 2476 Ab
322 2447 399 2475 01·ss
418 2446 493 2486 <1¹11
511 2434 705 2486 pendent
722 2439 811 2484 1¹10,
1112 2443 1299 2485 Saeclum
1317 2455 1398 2495 per
1418 2455 1546 2483 omne
1565 2442 1715 2493 gloria.

229 2489 481 2531 Laudamus
500 2490 613 2531 inter
631 2490 839 2540 Angelos.
1345 2499 1500 2539 Amen,

178 2554 280 2595 Tibi
298 2554 415 2596 mille
436 2554 572 2596 densa
589 2554 773 2595 millium
1082 2551 1132 2600 V.
1148 2555 1199 2595 In
1214 2556 1457 2606 conspectu
1472 2552 1743 2603 Ange16rum
1753 2553 1861 2605 psal-

232 2610 404 2651 Ducum
423 2613 588 2651 corona
605 2611 777 2651 militat:
1033 2611 1120 2652 lam
1146 2610 1226 2652 tibi
1249 2610 1370 2652 Deus
1394 2621 1529 2650 meus.
1570 2610 1619 2660 R.
1646 2608 1858 2650 Adorzibo

229 2664 317 2707 Sed
337 2665 526 2718 explicat
543 2666 685 2707 victor
703 2678 878 2707 crucem
1031 2665 1087 2708 ad
1105 2666 1319 2718 templum
1336 2669 1534 2706 sanctum
1547 2668 1681 2714 tuum,
1701 2670 1744 2706 et
1758 2677 1858 2706 con-

229 2721 417 2762 MIchael
435 2721 588 2764 salutis
607 2722 796 2773 signifer.
1029 2722 1189 2764 fitebor
1206 2722 1370 2763 nomini
1386 2726 1475 2763 tuo.
