2080 2990
637 219 847 254 Commune
874 219 1120 254 Confessoris
1146 220 1353 254 l‘ontifieis.

150 314 401 360 mundavit?
439 316 712 366 Quantorum
731 315 896 357 animas
915 314 975 357 vi-

151 376 305 416 ventes
332 373 377 414 in
405 374 593 425 corpore
624 373 709 424 iam
737 371 975 422 defunctas»,

151 435 194 473 et
232 430 493 472 delictorum
535 428 653 470 mole
699 428 881 470 obrutas
925 440 976 469 ac

149 486 364 540 sepultas,
406 485 462 527 ad
490 485 841 527 emendationem
869 489 975 526 tam-

151 556 282 596 quam
328 542 386 584 ad
425 542 569 584 lucem
610 541 833 591 vocando,
876 541 974 583 Deo

150 600 446 641 resuscitavit:
472 603 521 641 ut
544 598 724 640 Domini
748 599 815 639 sui
842 598 975 640 admi-

150 656 314 698 randus
330 656 535 706 imitator,
554 657 639 708 jam
652 657 850 696 mortuas
866 655 975 705 Deo,

151 725 174 754 e
195 713 417 755 contrario
436 712 673 754 mortificet
691 711 815 753 vitali
833 716 975 753 morte

149 768 361 821 peccato?

199 831 248 882 R.
281 827 371 867 Iste
398 830 464 867 est
490 825 574 877 qui.
599 825 682 878 [54]

369 901 418 940 In
436 901 507 940 ΙΙΙ.
526 901 748 942 Nocturno.

145 965 299 1008 Lectio
322 965 461 1007 sancti
484 964 711 1016 Evangelii
734 965 976 1007 secundum

393 1045 400 1050 ·
422 1021 692 1064 Matthaeum.

248 1083 401 1125 Lectio
422 1082 489 1124 vii.
630 1084 731 1135 Cap.
749 1086 815 1124 24.
830 1084 868 1125 d.

149 1139 226 1246 In
239 1143 316 1186 illo
330 1145 545 1196 tempore:
567 1142 690 1184 Dixit
703 1143 728 1183 J
731 1155 832 1184 esus
849 1143 975 1185 disci-

212 1200 328 1253 pulis
343 1201 449 1242 suis:
459 1199 663 1251 Vigilate,
680 1200 783 1251 quia
796 1201 975 1241 nescitis

151 1269 237 1309 qua
251 1257 361 1299 hora
374 1256 589 1298 Dominus
604 1260 751 1298 vester
766 1260 975 1298 venturus

150 1313 218 1355 sit.
246 1314 304 1355 Et
322 1314 501 1366 reliqua.

172 1386 214 1426 H
220 1383 367 1425 omilia
385 1383 525 1425 sancti
543 1383 701 1424 Hilarii
719 1383 941 1436 Episcopi.

200 1450 371 1485 Comcnt.
389 1451 426 1484 in
443 1450 574 1484 Matth.
593 1460 673 1484 can.
694 1451 756 1486 26..
783 1451 819 1484 in
839 1451 921 1485 fine.

163 1508 250 1580 {W
266 1509 300 1561 t
334 1505 627 1557 ignorantiam
658 1504 777 1545 illam
812 1504 899 1546 diei
932 1508 975 1547 o-

164 1565 249 1610 (3)
266 1571 269 1599 ι
306 1561 480 1603 mnibus
498 1561 631 1611 taciti,
658 1573 748 1602 non
775 1561 868 1604 sine
895 1563 976 1604 uti-

154 1605 235 1641 ³³44
241 1592 272 1635 ²⁴
307 1618 361 1659 lis
390 1618 553 1660 silentii
579 1618 750 1660 ratione
772 1631 869 1660 esse
897 1619 976 1660 sci-

147 1676 305 1725 remus,
331 1674 514 1727 vigilare
541 1687 623 1716 nos
641 1675 858 1716 Dominus
875 1688 976 1728 pro-

147 1735 247 1784 pter
266 1731 505 1773 adventum
527 1731 636 1773 furis
664 1731 903 1782 admonuit,
932 1738 976 1774 et

148 1788 398 1830 orationum
451 1787 711 1830 assiduitate
762 1788 975 1839 detentos,

149 1844 351 1886 omnibus
410 1846 737 1897 praeceptorum
797 1846 976 1886 suorum

149 1900 358 1953 operibus
392 1900 619 1942 inhaerere.
670 1901 832 1943 Furem
861 1902 975 1944 enim

149 1969 247 1998 esse
276 1956 471 1999 ostendit
498 1956 714 2007 zabulum,
748 1957 805 1999 ad
834 1957 974 2000 detra-

147 2013 291 2056 henda
311 2026 365 2055 ex
383 2013 514 2055 nobis
538 2013 680 2066 spolia
707 2014 975 2066 pervigilem,

149 2074 194 2112 et
221 2072 458 2123 corporum
488 2072 742 2112 nostrorum
771 2070 975 2113 domibus

148 2125 444 2168 insidiantem:
479 2131 528 2168 ut
560 2140 611 2168 ea
643 2127 873 2168 incuriosis
901 2140 975 2169 no-

148 2182 229 2233 bis,
255 2187 299 2225 et
318 2196 473 2225 somno
494 2183 666 2233 deditis,
691 2183 975 2225 consiliorum

149 2241 328 2281 suorum
347 2244 480 2292 atque
499 2239 805 2282 illecebrarum
824 2241 975 2292 jaculis

150 2296 380 2348 perfodiat.
415 2297 602 2338 Paratos
620 2297 754 2348 igitur
774 2310 870 2338 esse
893 2309 975 2338 nos

150 2353 373 2403 convenit,
411 2353 514 2405 quia
546 2353 634 2395 diei
667 2353 885 2404 ignoratio
915 2354 975 2394 in-

149 2409 315 2449 tentam
360 2409 703 2451 sollicitudinem
747 2412 975 2463 suspensae

152 2466 495 2516 exspectationis
524 2466 727 2518 exagitet.

203 2521 254 2572 R.
280 2521 458 2564 Amavit
478 2535 577 2564 eum
597 2523 824 2573 Dominus,
845 2527 888 2564 et
909 2535 975 2564 or-

150 2577 271 2619 navit
306 2581 422 2619 eum‘:
459 2579 618 2621 stolam
651 2579 804 2630 gloriae
835 2579 976 2621 induit

152 2646 262 2683 eum,
289 2634 311 2658 *
337 2635 394 2675 Et
420 2635 478 2677 ad
505 2640 658 2702 portas
686 2635 879 2689 paradisi
905 2648 975 2677 co-

152 2690 325 2731 ronavit
353 2703 461 2732 eum.
498 2691 548 2738 V.
578 2692 727 2734 Induit
756 2705 855 2734 eum
882 2692 975 2732 Dfis

151 2746 332 2788 loricam
358 2746 473 2798 fidei,
501 2753 545 2791 et
569 2749 741 2790 ornavit
765 2762 875 2790 eum.
908 2749 976 2790 Et.

1132 316 1285 357 Lectio
1306 316 1389 356 viii.
1572 319 1671 357 Can.
1687 317 1749 356 27.

1114 372 1285 413 uisnam
1330 376 1396 413 est
1437 371 1581 413 fidelis
1619 384 1772 413 servus
1811 375 1855 413 et

1131 428 1336 482 prudens,
1367 440 1498 480 quem
1518 428 1747 469 constituit
1767 428 1854 469 Do-

1027 485 1169 526 minus
1230 497 1363 537 super
1426 485 1634 526 familiam
1701 483 1855 526 suam?

1029 544 1305 594 Quamquam
1341 541 1385 582 in
1418 544 1649 583 commune
1682 554 1765 582 nos
1799 541 1855 583 ad

1028 599 1291 640 indefessam
1325 597 1564 649 vigilantiae
1602 611 1751 639 curam
1783 598 1855 640 ad-

1028 656 1245 697 hortetur:
1273 654 1511 707 specialem
1531 659 1679 696 tamen
1701 655 1856 707 populi

1029 711 1318 765 principibus,
1352 710 1398 752 id
1424 715 1505 761 est,
1541 711 1778 764 episcopis,
1812 712 1856 752 in

1030 769 1362 822 exspectatione
1429 767 1710 819 adventuque
1776 781 1855 809 suo

1029 825 1373 867 sollicitudinem
1389 823 1581 866 mandat.
1597 825 1727 865 Hunc
1743 825 1856 866 enim

1029 895 1205 924 servum
1226 882 1402 925 fidelem
1427 886 1560 933 atque
1584 881 1857 934 prudentem,

1028 939 1318 992 praepositum
1389 937 1563 980 familiae
1633 938 1858 989 significat,

1029 996 1262 1038 commoda
1305 1000 1438 1048 atque
1482 995 1694 1036 utilitates
1741 1007 1857 1036 com-

1027 1053 1150 1094 missi
1183 1052 1268 1094 sibi
1300 1052 1457 1106 populi
1490 1053 1728 1093 curantem.
1773 1052 1857 1102 Qui

1029 1110 1067 1150 si
1112 1109 1231 1151 dicto
1279 1109 1483 1159 audiens,
1536 1113 1580 1150 et
1619 1109 1857 1161 praeceptis

1028 1166 1239 1208 obediens
1269 1166 1367 1216 erit,
1401 1165 1448 1207 id
1468 1170 1550 1215 est,
1583 1165 1620 1206 si
1643 1165 1856 1207 doctrinae

1029 1223 1360 1276 opportunitate
1394 1227 1438 1264 et
1468 1222 1653 1264 veritate
1686 1222 1857 1263 infirma

1029 1280 1277 1329 confirmet,
1341 1279 1543 1331 disrupta
1597 1278 1856 1329 consolidet,

1029 1336 1269 1389 depravata
1306 1338 1555 1385 convertat,
1597 1340 1640 1377 et
1673 1335 1857 1377 verbum

1028 1393 1131 1434 vitae
1159 1393 1203 1434 in
1231 1393 1491 1435 aeternitatis
1517 1392 1663 1434 cibum
1687 1392 1856 1433 alendae

1028 1450 1202 1491 familiae
1257 1449 1515 1502 dispendat,
1575 1453 1708 1501 atque
1760 1448 1856 1490 haee

1028 1519 1182 1558 agens,
1227 1506 1384 1559 hisque
1422 1508 1660 1546 immorans
1703 1505 1855 1558 depre-

1028 1563 1255 1613 hendatur,
1284 1562 1469 1614 gloriam
1493 1575 1518 1603 a
1536 1562 1728 1603 Domino
1749 1566 1855 1603 tam-

1030 1632 1161 1672 quam
1189 1619 1468 1672 dispensator
1498 1618 1652 1668 fidelis,
1681 1623 1724 1660 et
1750 1618 1856 1659 villi-

1028 1689 1105 1717 cus
1139 1676 1259 1717 utilis
1293 1677 1607 1727 consequetur,
1652 1680 1696 1716 et
1725 1688 1857 1728 super

1029 1732 1175 1773 omnia
1209 1732 1326 1774 bona
1361 1732 1669 1782 constituetur3
1706 1731 1751 1773 id
1780 1737 1855 1781 est,

1028 1789 1073 1829 in
1107 1789 1189 1830 Dei
1224 1789 1365 1840 gloria
1401 1787 1709 1837 collocabitur,
1754 1788 1856 1839 quia

1027 1845 1135 1885 nihil
1163 1846 1219 1886 sit
1246 1845 1377 1894 ultra,
1411 1844 1530 1896 quod
1553 1844 1708 1885 melius
1736 1844 1804 1885 sit.

1083 1904 1131 1954 R.
1166 1902 1261 1943 Sint
1288 1901 1426 1943 lumbi
1453 1901 1590 1943 vestri
1617 1901 1854 1953 praecincti,

1028 1963 1072 2000 et
1107 1958 1298 2000 lucernae
1331 1958 1536 2000 ardentes
1572 1958 1617 1998 in
1653 1957 1855 1999 manibus

1028 2014 1204 2056 vestris:
1220 2017 1241 2040 *
1256 2014 1314 2056 Et
1327 2027 1407 2056 vos
1427 2014 1591 2056 similes
1606 2013 1855 2055 hominibus

1028 2071 1389 2124 exspectantibus
1440 2071 1666 2113 dominum
1717 2084 1854 2120 suum,

1028 2127 1205 2179 quando
1221 2130 1471 2170 revertatur
1485 2140 1511 2168 a
1525 2127 1702 2180 nuptiis.
1720 2126 1770 2178 V.
1780 2128 1854 2169 Vi-

1027 2183 1161 2235 gilate
1181 2197 1297 2236 ergo,
1322 2185 1425 2236 quia
1441 2185 1620 2226 nescitis
1641 2197 1727 2236 qua
1745 2183 1855 2225 hora

1026 2241 1242 2282 Dominus
1270 2246 1417 2283 vester
1443 2244 1654 2283 venturus
1681 2241 1749 2282 sit.
1785 2241 1852 2281 Et.

1030 2296 1182 2338 Gloria
1199 2298 1331 2339 Patri.
1366 2298 1434 2339 Et.

1328 2354 1480 2395 Lectio
1500 2354 1554 2394 ix.

1032 2395 1205 2519 Quod
1240 2410 1278 2451 si
1315 2412 1528 2452 contuens
1560 2410 1737 2460 longam
1770 2410 1853 2451 Dei

1131 2467 1397 2520 patientiam,
1426 2480 1525 2519 quae
1546 2467 1590 2507 in
1608 2466 1854 2519 profectum

1027 2523 1229 2565 humanae
1250 2524 1403 2566 salutis
1422 2523 1683 2573 extenditur,
1704 2522 1853 2565 adver-

1028 2593 1125 2621 sum
1153 2582 1390 2623 conservos
1418 2579 1670 2629 insolescet,
1705 2584 1749 2621 et
1776 2581 1852 2620 sae-

1028 2636 1114 2678 culi
1130 2637 1257 2678 malis
1276 2637 1481 2689 vitiisque
1500 2649 1548 2678 se
1565 2636 1722 2685 tradet,
1744 2647 1852 2687 prae-

1028 2693 1217 2735 sentium
1257 2698 1428 2735 tantum
1465 2705 1614 2734 curam
1655 2692 1698 2732 in
1735 2690 1853 2732 cultu

1028 2750 1194 2791 ventris
1235 2751 1460 2791 exercens:
1507 2748 1740 2801 desperata
1781 2746 1853 2788 die
