2040 2990
624 215 763 251 Quarta
792 213 852 246 die
881 213 975 246 infra
1002 215 1184 246 (jetan-am
1210 212 1450 255 Epiphaniae.

498 306 647 347 Lectio
669 307 705 346 ii.

189 363 270 470 Si
283 376 429 412 autem
440 371 601 412 malum
612 371 778 422 feceriS,
793 371 911 413 time:
924 383 1011 412 non

274 428 387 468 enim
415 427 507 469 sine
535 440 666 469 causa
693 427 885 478 gladium
912 439 1011 480 por-

187 488 262 526 tat.
296 484 379 525 Dei
399 484 514 525 enim
532 484 728 526 minister
747 488 828 525 est:
851 483 1012 525 vindex

186 541 230 581 in
254 541 363 581 iram
388 541 444 589 ei,
473 541 546 593 qui
570 540 733 582 malum
758 540 858 591 agit.
903 539 1011 581 Ideo

185 598 447 639 necessitate
475 597 639 639 subditi
667 599 808 639 estote
833 610 920 638 non
945 609 1011 638 so-

186 654 276 695 lum
299 659 484 707 propter
507 655 631 703 iram,
657 653 737 695 sed
760 653 891 695 etiam
913 666 1011 706 pro-

185 716 284 763 pter
317 711 639 752 conscientiam.
689 710 797 752 Ideo
826 707 941 752 eniin
969 714 1012 751 et

185 767 350 809 tributa
389 768 631 820 praestatis:
671 767 855 808 ministri
897 767 1012 808 enim

184 824 270 865 Dei
290 830 405 874 sunt,
430 825 473 865 in
491 824 576 866 hoc
599 824 743 876 ipsum
762 823 1011 865 servientes.

185 880 376 922 Reddite
401 893 505 932 ergo
530 880 731 922 omnibus
752 879 914 922 debita:
942 880 1011 921 cui

183 937 416 987 tributum,
449 937 679 979 tributum:
715 937 785 978 cui
815 937 1011 988 vectigal,

184 994 390 1045 vectigal:
427 995 497 1036 cui
533 995 755 1043 timorem,
792 993 1011 1049 timorem:

186 1051 255 1092 cui
273 1050 496 1101 honorem,
519 1051 742 1092 honorem.

238 1111 287 1162 Rg.
317 1107 368 1148 In
402 1107 618 1149 columbae
651 1107 798 1160 specie
825 1107 1010 1160 Spiritus

185 1168 362 1205 sanctus
382 1165 500 1206 visus
523 1170 603 1215 est,
624 1164 813 1205 Paterna
832 1177 921 1206 vox
940 1177 1010 1206 au-

185 1220 276 1262 dita
301 1226 382 1262 est:
406 1224 426 1245 *
454 1222 538 1262 Hic
563 1226 630 1263 est
647 1221 782 1262 Filius
805 1234 927 1263 meus
949 1221 1009 1262 di-

183 1277 340 1327 lectus,
367 1278 411 1318 in
438 1291 525 1331 quo
550 1278 655 1319 mihi
682 1277 794 1319 bene
820 1278 1010 1331 compla—

183 1335 263 1375 cui.
290 1330 339 1381 Y
356 1334 466 1376 Coeli
480 1335 620 1388 aperti
637 1339 737 1376 sunt
751 1347 884 1388 super
900 1347 1010 1384 eum,

184 1395 227 1432 et
246 1404 334 1432 vox
353 1392 496 1434 Patris
515 1392 714 1433 intonuit.
741 1391 827 1433 Hic
847 1396 924 1433 est.

484 1458 635 1499 Lectio
656 1459 708 1498 iii.

182 1512 408 1619 Nemini
428 1522 667 1575 quidquam
688 1522 902 1572 debeatis,
927 1522 1010 1564 nisi

294 1584 343 1620 ut
362 1579 548 1621 invicem
567 1579 773 1630 diligatis:
801 1579 875 1632 qui
895 1579 1010 1621 enim

182 1635 322 1687 diligit
346 1636 611 1688 proximum,
636 1635 778 1687 legem
801 1635 1009 1688 implevit.

180 1692 310 1742 Nam,
335 1692 437 1734 Non
462 1691 746 1741 adulterabis,
770 1691 871 1733 Non
897 1694 1008 1734 occi-

182 1748 280 1798 des,
316 1749 418 1790 Non
450 1748 684 1798 furaberis,
719 1748 819 1790 Non
852 1748 1009 1790 falsum

181 1806 480 1847 testimenium
508 1804 648 1854 dices,
675 1805 777 1846 Non
805 1807 1007 1858 concupi-

182 1875 294 1903 sces:
323 1867 366 1904 et
391 1862 428 1903 si
453 1861 573 1914 quod
598 1866 665 1903 est
689 1860 809 1903 aliud
832 1861 1008 1903 manda-

181 1923 285 1968 tum,
307 1918 350 1958 in
369 1917 455 1960 hoc
474 1918 610 1960 verbo
629 1918 911 1960 instauratur:
933 1918 1007 1959 Di-

182 1974 291 2025 liges
322 1975 573 2027 proximum
603 1979 727 2016 tuum
758 1974 870 2016 sicut
901 1977 1008 2028 teip-

183 2043 289 2072 sum.
323 2030 513 2072 Dilectio
532 2031 721 2084 proximi
739 2030 902 2072 malum
920 2043 1009 2072 non

182 2089 401 2139 operatur.
436 2086 668 2129 Plenitudo
689 2100 794 2139 ergo
813 2087 922 2138 legis
942 2091 1009 2129 est

181 2142 371 2185 dileetio.

235 2198 285 2250 Ra
310 2200 457 2251 Reges
476 2200 668 2241 Tharsis.
694 2201 787 2241 252.

411 2274 460 2313 In
482 2275 532 2313 Π.
556 2275 778 2316 Nocturno.

265 2339 417 2380 Sermo
444 2339 581 2380 sancti
600 2339 760 2380 Leonis
778 2339 923 2391 Papae.

336 2406 468 2439 sermo
495 2406 522 2439 1.
551 2406 596 2439 de
624 2406 850 2449 Epiphania.

482 2462 631 2503 Lectio
653 2464 704 2502 iv.

511 2520 713 2572 proximo
734 2519 814 2569 die,
837 2532 924 2572 quo
947 2521 1005 2560 in-

311 2579 524 2619 temerata
564 2576 789 2626 virginitas
828 2575 1005 2617 humani

186 2626 282 2660 ‘³²³3‘
311 2634 482 2684 generis
533 2632 670 2674 edidit
716 2632 1005 2682 Salvatorem,

178 2690 436 2743 Epiphaniae
457 2689 600 2738 nobis,
626 2688 911 2739 dilectissimi,
935 2702 1004 2730 ve-

178 2746 374 2789 neranda
395 2746 609 2787 festivitas
629 2745 703 2787 dat
723 2747 1004 2798 perseveran-

1064 308 1170 349 tiam
1190 307 1466 359 gaudiorum:
1491 314 1539 351 ut
1556 309 1668 352 inter
1687 313 1890 362 cognata-

1064 378 1161 405 rum
1203 364 1527 407 solemnitatum
1567 366 1709 408 vicina
1750 380 1890 408 sacra-

1064 422 1226 471 menta,
1252 421 1554 464 exsultationis
1576 423 1717 475 vigor,
1743 429 1787 466 et
1810 424 1890 466 fer-

1065 491 1145 519 vor
1159 477 1262 520 fidei
1277 491 1364 520 non
1379 481 1589 532 tepescat.
1611 479 1684 522 Ad
1698 481 1890 522 omnium

1066 534 1177 576 enim
1218 534 1442 576 hominum
1483 541 1655 589 spectat
1695 537 1890 589 salutem,
1909 535 1918 545 '

1066 590 1185 643 quod
1221 591 1401 634 infantia
1436 592 1690 635 mediatoris
1725 593 1809 635 Dei
1846 599 1891 636 et

1064 647 1306 698 hominum,
1343 650 1428 701 jam
1461 649 1666 691 universo
1698 649 1890 693 declara-

1063 704 1192 747 batur
1219 705 1402 755 mundo,
1436 718 1535 747 cum
1562 706 1705 748 adhue
1732 709 1889 758 exiguo

1065 760 1333 804 detineretur
1352 762 1574 815 oppidulo.

1117 821 1167 873 R.
1198 818 1467 868 Illuminare,
1501 819 1744 862 illuminare
1770 819 1890 862 Jeru-

1064 874 1211 925 salem,
1232 875 1332 928 quja
1351 876 1470 918 venit
1488 876 1563 917 lux
1579 881 1669 918 tua:
1688 880 1712 904 *
1726 877 1783 918 Et
1800 877 1888 928 glo-

1065 931 1127 972 ria
1140 931 1317 973 Domini
1337 946 1468 986 super
1488 937 1532 974 te
1552 938 1650 974 orta
1670 938 1747 975 est.
1770 930 1820 982 V.
1833 934 1890 976 Et

1064 987 1349 1031 ambulabunt
1369 990 1534 1031 Gentes
1557 989 1602 1030 in
1619 989 1781 1031 lumine
1799 995 1889 1040 tuo,

1064 1050 1107 1086 et
1126 1057 1251 1095 reges
1270 1045 1314 1086 in
1333 1045 1570 1098 splendore
1590 1050 1713 1088 ortus
1727 1046 1801 1088 tui.
1822 1046 1890 1088 Et.

1372 1107 1523 1150 Lectio
1544 1123 1580 1149 v.

1067 1146 1317 1270 Quamvis
1342 1159 1456 1201 enim
1480 1160 1765 1202 Israeliticam
1787 1173 1889 1212 gen-

1165 1221 1270 1266 tem,
1296 1221 1340 1258 et
1361 1216 1499 1269 ipsius
1519 1217 1661 1268 gentis
1681 1229 1812 1258 unam
1830 1217 1889 1259 fa-

1062 1273 1225 1314 miliam
1244 1272 1489 1323 delegisset,
1509 1272 1564 1315 de
1585 1286 1670 1326 qua
1689 1276 1890 1315 naturam

1062 1330 1278 1371 universae
1314 1329 1595 1371 humanitatis
1631 1333 1889 1372 assumeret:

1062 1386 1201 1428 noluit
1227 1391 1375 1428 tamen
1399 1386 1512 1428 intra
1536 1388 1746 1428 matemae
1769 1386 1888 1430 habi-

1061 1443 1240 1484 tationis
1268 1443 1489 1494 angustias
1515 1448 1638 1485 ortus
1662 1443 1729 1486 sui
1751 1443 1889 1486 latere

1060 1499 1320 1552 primordia:
1354 1499 1434 1542 sed
1461 1513 1565 1542 mox
1597 1500 1652 1542 ab
1685 1500 1888 1543 omnibus

1060 1556 1199 1598 voluit
1213 1556 1403 1608 agnosci,
1415 1556 1489 1609 qui
1504 1556 1708 1608 dignatus
1723 1562 1791 1599 est
1803 1569 1895 1610 pro'

1062 1613 1263 1655 omnibus
1277 1613 1408 1654 nasci.
1427 1612 1589 1655 Tribus
1602 1613 1734 1664 igitur
1748 1613 1888 1665 Magis

1061 1669 1105 1710 in
1119 1669 1298 1720 regione
1314 1669 1504 1711 Orientis
1520 1669 1647 1712 stella
1659 1683 1787 1712 novae
1803 1669 1887 1712 cla-

1060 1726 1203 1767 ritatis
1222 1726 1443 1779 apparuit,
1469 1739 1567 1779 quae
1590 1726 1802 1769 illustrior
1820 1729 1887 1769 ce-

1060 1782 1166 1824 teris
1182 1782 1496 1836 pulchriorque
1515 1782 1742 1834 sideribus,
1759 1783 1888 1826 facile

1060 1839 1104 1880 in
1123 1851 1170 1881 se
1189 1839 1449 1881 intuentium
1464 1839 1616 1882 oculos
1631 1840 1888 1893 animosque

1061 1897 1354 1938 converteret:
1374 1901 1423 1938 ut
1441 1896 1672 1938 confestim
1690 1896 1887 1939 adverte-

1061 1954 1190 2002 retur,
1211 1965 1299 1994 non
1319 1965 1415 1995 esse
1435 1953 1637 2003 otiosum,
1660 1953 1780 2006 quod
1797 1958 1887 1996 tam

1061 2009 1283 2051 insolitum
1301 2009 1542 2052 videbatur.

1114 2068 1166 2120 R.
1189 2065 1352 2107 Omnes
1378 2065 1433 2108 de
1456 2066 1571 2108 Saba
1596 2066 1787 2116 venient,
1815 2078 1886 2107 au-

1060 2135 1157 2163 rum
1176 2127 1219 2164 et
1241 2122 1342 2164 thus
1363 2122 1625 2173 deferentes,
1650 2127 1694 2164 et
1712 2122 1887 2164 laudem

1059 2178 1249 2220 Domino
1282 2180 1605 2229 annuntianteS,
1639 2181 1663 2206 *
1689 2178 1886 2232 Alleluia,

1059 2235 1241 2287 alleluia,
1260 2235 1442 2288 alleluJa.
1472 2232 1523 2284 V.
1539 2236 1684 2287 Reges
1704 2235 1885 2277 Tharsis

1060 2296 1103 2333 et
1129 2291 1283 2333 insulae
1310 2295 1491 2334 munera
1523 2291 1727 2342 offerent,
1759 2304 1885 2343 reges

1059 2347 1254 2390 Arabum
1287 2354 1331 2390 et
1361 2348 1476 2390 Saba
1508 2348 1625 2391 dona
1655 2347 1885 2391 adducent.

1058 2404 1255 2456 Alleluia,
1283 2404 1465 2457 alleluja,
1493 2405 1676 2456 alleluja.

1360 2466 1511 2507 Lectio
1533 2466 1587 2506 vi.

1061 2518 1239 2623 Dedit
1263 2530 1367 2569 ergo
1390 2518 1701 2571 aspicientibus
1723 2518 1885 2561 intelle-

1157 2581 1290 2624 ctum,
1312 2575 1386 2627 qui
1406 2575 1611 2627 praestitit
1630 2575 1816 2627 signum:
1842 2580 1886 2617 et

1059 2632 1179 2685 quod
1198 2632 1299 2673 fecit
1317 2631 1508 2683 intelligi,
1530 2631 1632 2674 fecit
1652 2632 1821 2685 inquiri,
1841 2636 1885 2674 et

1058 2702 1105 2731 se
1129 2687 1433 2730 inveniendum
1456 2687 1614 2730 obtulit
1638 2689 1884 2741 requisitus.

1057 2746 1305 2797 Sequuntur
1319 2750 1411 2786 tres
1425 2745 1505 2786 viri
1521 2745 1698 2797 superni
1711 2743 1884 2786 luminis
