2080 2990
814 193 855 227 In
882 194 1132 228 Dedit-atione
1156 194 1351 228 Ecclesiae.

243 290 433 342 po'pulus
452 301 590 338 meus,
615 301 747 341 super
766 301 877 340 quos
896 290 1068 330 invoca-

242 351 335 387 tum
355 350 422 387 est
440 358 599 387 nomen
618 358 778 393 meum,
807 344 1069 398 deprecatus

242 415 311 443 me
328 402 467 452 fuerit,
485 407 528 443 et
544 401 798 454 exquisierit
812 401 969 443 faciem
982 414 1068 442 me-

242 471 329 507 am,
366 463 408 499 et
441 459 578 509 e'gerit
606 458 909 511 poenitentiam
937 471 962 499 a
988 458 1068 499 viis

243 515 331 556 suis
350 515 566 568 pessimis:
591 520 634 557 et
657 527 739 565 ego
764 514 994 556 exaudiam
1014 514 1068 556 de

243 572 368 621 coelo,
389 577 432 613 et
451 572 667 625 propitius
688 584 763 613 ero
784 571 979 624 peccatis
999 573 1069 612 eo-

242 642 349 678 rum,
363 634 406 670 et
417 628 581 670 sanabo
592 633 754 670 terram
765 630 927 669 eorum.
943 627 1069 669 Oculi

244 698 419 738 quoque
438 685 524 726 mei
544 690 670 726 erunt
694 684 850 737 aperti,
875 689 918 726 et
941 697 1068 726 aures

241 755 351 784 meae
371 743 529 783 erectae
546 741 603 783 ad
623 741 868 783 orationem
887 741 976 792 ejus
995 741 1069 793 qui

241 799 284 840 in
312 798 412 840 loco
439 798 525 840 isto
554 798 756 839 oraverit.
792 797 917 848 Elegi
944 798 1068 847 enim,

242 860 285 897 et
305 855 574 896 sanctificavi
599 854 744 896 locum
763 854 912 903 istum,
939 859 988 896 ut
1013 855 1069 896 sit

242 925 401 954 nomen
424 924 570 953 meum
593 910 654 952 ibi
678 911 721 951 in
745 911 1068 963 sempiternum,

242 973 285 1010 et
320 970 605 1021 permaneant
642 967 757 1009 oculi
792 967 878 1009 mei
914 972 958 1010 et
993 980 1069 1009 cor

241 1038 387 1067 meum
405 1025 465 1066 ibi
485 1024 652 1066 cunetis
672 1024 837 1066 diebus.

294 1100 343 1151 R.
374 1098 569 1139 Benedie
593 1098 690 1139 Dfie
724 1097 903 1139 domum
922 1098 1068 1149 istam,

244 1168 374 1208 quam
411 1154 627 1196 aedifice'lvi
662 1154 829 1195 n6mini
864 1159 956 1196 tuo:
999 1168 1068 1196 ve-

242 1212 451 1253 nientium
466 1211 509 1252 in
524 1211 623 1252 loeo
636 1209 767 1261 isto‚*
786 1211 959 1252 Exaudi
973 1224 1068 1264 pre-

243 1281 315 1310 ces
351 1268 394 1308 in
432 1267 605 1309 excelso
643 1267 754 1309 solio
787 1267 938 1318 gloriae
970 1273 1069 1310 tuae.

240 1320 289 1373 Y.
311 1324 512 1374 Domine,
532 1324 568 1365 si
589 1326 826 1366 conversus
846 1324 978 1366 fuerit
993 1326 1068 1377 po-

241 1380 370 1433 pulus
389 1385 506 1430 tuuS‚
526 1386 570 1422 et
590 1381 779 1423 oraverit
798 1380 854 1422 ad
873 1383 1068 1422 sanctua-

243 1437 355 1478 rium
377 1442 512 1478 tuum.
548 1437 732 1479 Exaudi.
766 1436 919 1478 Gloria
939 1436 1069 1478 Patri.

242 1493 423 1535 Exaudi.

473 1592 521 1630 In
540 1592 589 1630 11.
610 1593 832 1632 Nocturno.

294 1664 393 1704 Ant.
431 1664 532 1706 Non
568 1669 635 1706 est
666 1663 736 1705 hic
769 1663 902 1713 aliud,
933 1664 957 1690 *
988 1664 1070 1705 nisi

244 1722 401 1764 domus
420 1722 514 1771 Dei,
535 1725 578 1763 et
596 1725 726 1774 porta
744 1720 854 1762 coeli.

509 1795 708 1837 Psalmus
737 1798 801 1838 83.

257 1870 475 1949 fffiuam
501 1865 661 1907 dilecta
684 1864 968 1907 tabernacula
994 1871 1070 1908 tua

275 1923 336 1990 §3⁶¹³
357 1972 367 1980 A*
386 1923 574 1965 Domine
588 1923 815 1964 virtutum:
828 1922 852 1948 *
867 1925 1069 1975 concupi—

249 1953 330 2004 *—
388 1980 486 2030 seit,
515 1985 559 2021 et
582 1979 730 2021 deficit
749 1979 892 2020 anima
910 1991 1007 2021 mea
1026 1979 1070 2020 in

245 2037 355 2077 atria
374 2037 562 2078 D6mini.

299 2093 385 2134 Cor
403 2106 563 2143 meum,
584 2097 627 2135 et
648 2104 750 2134 earo
770 2105 869 2134 mea
887 2093 911 2119 *
930 2092 1070 2135 exsul-

245 2151 448 2191 taverunt
466 2150 509 2190 in
528 2150 671 2191 Deum
688 2149 846 2190 vivum.

296 2206 470 2248 Etenim
501 2219 653 2258 passer
684 2206 847 2248 inve'nit
880 2206 963 2249 sibi
995 2206 1070 2249 do-

244 2276 378 2305 mum:
401 2263 425 2289 *
449 2268 493 2304 et
519 2267 662 2304 turtur
690 2262 839 2304 nidum
865 2263 964 2313 sibi,
996 2263 1070 2306 ubi

243 2324 382 2372 ponat
399 2319 544 2373 pullos
564 2331 678 2360 suos.

296 2376 464 2418 Altaria
489 2381 565 2418 tua
582 2376 772 2417 Domine
797 2376 1022 2419 virtutum:
1046 2378 1070 2403 *

244 2446 322 2475 rex
339 2446 474 2483 meus,
493 2438 537 2475 et
554 2433 675 2474 Deus
693 2445 828 2474 meus.

297 2489 438 2538 Beati,
468 2489 541 2542 qui
558 2488 758 2531 habitant
777 2489 821 2529 in
843 2489 975 2532 domo
994 2495 1070 2532 tua

244 2546 446 2588 Domine:
477 2547 500 2572 *
532 2547 575 2587 in
613 2545 774 2588 saecula
808 2546 1069 2589 saeculorum

243 2602 484 2645 laudabunt
501 2608 557 2645 te.

296 2660 460 2702 Beatus
493 2660 578 2709 vir,
611 2660 731 2712 eujus
763 2663 830 2701 est
863 2659 1069 2702 auxilium

245 2716 324 2758 abs
343 2721 401 2758 te:
420 2717 444 2742 *
464 2717 743 2759 ascensiones
765 2716 808 2758 in
833 2717 967 2759 corde
991 2730 1069 2758 suo

1125 286 1360 339 disposuit,
1388 286 1432 331 in
1460 285 1573 328 valle
1598 285 1876 328 lacrimarum
1903 285 1946 326 in

1121 343 1233 392 loco,
1254 355 1383 395 quem
1402 342 1561 396 posuit.

1173 399 1348 441 Etenim
1370 398 1721 440 benedictionem
1746 397 1867 440 dabit
1889 398 1946 440 le-

1120 455 1318 507 gislAton
1347 455 1471 497 ibunt
1495 454 1551 497 de
1570 455 1729 496 virtute
1753 455 1797 496 in
1815 455 1946 496 virtu-

1119 517 1223 554 tem:
1247 513 1271 538 *
1297 511 1516 554 videbitur
1543 512 1664 553 Deus
1693 510 1876 553 deorum
1903 511 1947 552 in

1121 569 1235 610 Sion.

1172 625 1360 667 Domine
1391 625 1513 666 Deus
1546 624 1757 666 virtutum
1789 623 1948 666 exaudi

1122 682 1365 723 orationem
1389 694 1546 722 meam:
1565 681 1589 707 *
1609 679 1787 722 auribus
1810 679 1947 733 perci-

1120 751 1176 791 pe
1195 738 1316 780 Deus
1336 737 1485 779 Jacob.

1173 795 1404 836 Protector
1427 798 1577 836 noster
1601 793 1748 846 aspice
1770 793 1905 834 Deus:
1924 794 1948 820 *

1123 856 1165 894 et
1184 851 1352 904 respice
1370 851 1415 892 in
1433 850 1590 892 faciem
1610 849 1770 892 Christi
1786 849 1865 891 tui:

1174 908 1284 959 Quia
1302 907 1457 949 melior
1475 912 1541 949 est
1557 907 1650 949 dies
1668 919 1754 948 una
1767 906 1812 947 in
1827 905 1948 948 atriis

1121 964 1219 1014 tuis,
1238 964 1261 989 *
1281 976 1413 1016 super
1433 963 1578 1004 millia.

1171 1020 1296 1071 Elegi
1315 1020 1509 1072 abjectus
1529 1032 1625 1061 esse
1648 1019 1691 1060 in
1711 1018 1844 1060 domo
1863 1018 1947 1060 Dei

1121 1077 1221 1119 mei:
1239 1077 1262 1103 *
1282 1077 1419 1128 magis
1445 1089 1575 1129 quam
1598 1075 1796 1118 habitare
1818 1075 1862 1116 in
1886 1079 1947 1117 ta-

1120 1133 1369 1175 bernaculis
1388 1134 1683 1186 peccatorum.

1175 1190 1286 1240 Quia
1295 1188 1651 1239 misericordiam,
1666 1193 1709 1230 et
1719 1187 1949 1229 veritatem

1122 1244 1260 1297 diligit
1278 1246 1414 1288 Deus:
1433 1246 1456 1272 *
1475 1245 1675 1297 gratiam,
1700 1249 1743 1286 et
1766 1243 1950 1295 gloriam

1122 1301 1244 1344 dabit
1262 1302 1489 1344 Dominus.

1173 1359 1275 1401 Non
1293 1358 1484 1412 privait
1502 1358 1631 1400 bonis
1651 1370 1744 1407 eos⁷
1770 1357 1843 1410 qui
1863 1359 1949 1398 am·
1979 1373 1983 1381 ·

1121 1416 1274 1458 bulant
1291 1416 1335 1457 in
1349 1416 1611 1457 innocentia:
1625 1415 1649 1441 *
1663 1413 1852 1456 Domine
1866 1413 1949 1454 vir-

1122 1475 1283 1523 tutum,
1314 1471 1471 1514 beatus
1503 1472 1657 1523 homo,
1695 1470 1770 1524 qui
1802 1474 1951 1523 sperat

1122 1530 1166 1570 in
1189 1534 1244 1571 te.

1174 1587 1272 1627 Ant.
1300 1585 1401 1627 Non
1429 1590 1496 1628 est
1518 1585 1590 1627 hic
1614 1585 1748 1637 Aliud,
1774 1585 1858 1628 nisi
1876 1585 1950 1628 do-

1122 1656 1219 1685 mus
1237 1643 1331 1694 Dei,
1354 1647 1398 1684 et
1416 1647 1546 1696 porta
1565 1642 1675 1684 coeli.

1172 1698 1271 1739 Ant.
1295 1697 1423 1741 Vidit
1443 1698 1581 1741 Jacob
1601 1699 1776 1750 scalam,
1794 1698 1819 1726 *
1837 1702 1950 1741 sum-

1122 1756 1250 1799 mitas
1279 1757 1370 1809 ejus
1398 1755 1535 1798 coelos
1561 1755 1788 1808 tangebat,
1816 1760 1861 1798 et
1880 1755 1951 1798 de-

1123 1812 1383 1855 scendentes
1398 1812 1605 1864 Angelos,
1625 1817 1670 1854 et
1690 1812 1815 1854 dixit:
1831 1812 1951 1855 Vere

1122 1870 1247 1912 loeus
1266 1870 1349 1912 iste
1369 1874 1546 1911 sanetus
1567 1873 1643 1911 est.

1391 1921 1590 1966 Psalmus
1611 1927 1677 1967 86.

1204 1982 1469 2025 undamenta
1513 1983 1604 2034 ejus
1644 1981 1688 2023 in
1729 1981 1951 2024 montibus

1219 2039 1397 2082 sanctis:
1415 2041 1439 2067 ¹⁸¹
1458 2038 1600 2090 diligit
1617 2039 1832 2080 Dominus
1850 2050 1950 2092 por-

1123 2101 1190 2138 tas
1213 2096 1318 2138 Sion
1341 2109 1474 2150 super
1499 2095 1644 2138 omnia
1667 2094 1951 2137 tabernacula

1122 2153 1271 2195 Jacob.

1175 2209 1382 2251 Gloriosa
1401 2208 1517 2250 dicta
1536 2212 1637 2250 sunt
1657 2207 1713 2250 de
1731 2212 1787 2258 te,
1806 2208 1830 2234 *
1850 2207 1950 2250 civi-

1123 2271 1191 2308 tas
1212 2265 1306 2307 Dei.

1174 2321 1344 2364 Memor
1363 2333 1438 2364 ero
1460 2320 1627 2371 Rahab,
1650 2325 1693 2363 et
1710 2320 1950 2374 Baby16nis

1123 2379 1146 2405 *
1166 2379 1394 2421 scientium
1413 2390 1494 2420 me.

1175 2436 1290 2477 Ecce
1322 2434 1593 2485 alienigenae,
1630 2438 1674 2476 et
1706 2434 1870 2486 Tyrus,
1906 2438 1950 2476 et

1123 2492 1314 2545 populus
1341 2490 1618 2544 AEthiopum‚
1646 2491 1670 2517 *
1696 2490 1741 2532 hi
1774 2491 1950 2532 fuerunt
2030 2513 2032 2519 ν

1122 2549 1400 2657 llll§nmquid
1423 2604 1527 2645 Sion
1552 2603 1687 2646 dicet:
1715 2605 1879 2654 Homo,
1906 2608 1950 2647 et

1123 2662 1255 2704 homo
1274 2666 1401 2702 natus
1422 2665 1490 2702 est
1507 2660 1552 2701 in
1571 2673 1636 2702 ea:
1651 2662 1674 2687 *
1691 2666 1734 2703 et
1746 2661 1842 2714 ipse
1857 2660 1948 2702 fun-

1123 2718 1244 2759 davit
1263 2730 1359 2759 eam
1379 2716 1651 2759 Altissimus?
