2080 2990
211 200 283 245 [58]

715 203 924 234 Commune
952 201 1198 234 (Iour'cssoris
1228 200 1434 234 pontificis.

272 299 405 349 llujus
423 297 637 347 benignus
655 298 796 337 annue

313 353 453 395 Nobis
474 353 598 405 sequi
619 352 817 403 vestigia:

315 411 453 461 Hujus
473 411 657 462 precatu
676 408 862 450 servulis

314 467 496 508 Dimitte
519 479 679 507 noxam
700 466 902 507 criminis.

265 537 328 578 Sit
348 536 518 577 Christe
538 536 635 577 Rex
651 535 845 588 piissime

314 593 426 642 Tibi,
455 593 662 644 Patrique
681 592 832 643 gloria,

316 650 425 691 Cum
444 649 608 702 Spiritu
628 648 859 697 Paraclito,

314 706 442 747 Nunc
462 710 506 747 et
524 718 605 759 per
622 718 751 747 omne
772 704 993 746 saeculum.

523 763 676 804 Amen.

263 827 311 874 Y.
339 826 362 866 J
365 832 510 868 ustum
529 826 712 868 deduxit
726 826 942 866 Dominus
961 838 1041 878 per

211 883 304 924 vias
323 888 477 924 rectas.
517 886 561 935 Ιζ·ι
592 883 648 923 Et
675 882 868 924 ostendit
891 882 952 923 illi
976 895 1040 924 re-

210 952 344 989 gnum
361 939 456 981 Dei.

266 1006 330 1046 ,xd
350 1006 505 1046 Bened.
527 1007 623 1044 Ant.
648 1007 766 1055 Euge
783 1017 909 1046 serve
924 1004 1040 1046 bone

210 1063 234 1087 *
267 1067 310 1103 et
342 1061 500 1110 fidelis,
539 1062 640 1113 quia
673 1061 716 1101 in
749 1074 889 1114 pauca
923 1062 1040 1103 fuisti

210 1117 363 1167 fidelis,
392 1132 524 1171 supra
542 1118 678 1159 multa
699 1122 742 1159 te
765 1120 1040 1169 constituam,

210 1174 316 1216 dicit
334 1175 560 1216 Dominus.

545 1250 709 1289 Oratio.

210 1304 335 1409 Da,
353 1308 604 1358 quaesumus
615 1309 896 1359 omnipotens
903 1307 1039 1349 Deus:

319 1367 367 1403 ut
386 1362 505 1404 beati
528 1363 578 1402 N.
599 1363 876 1405 Confessoris
895 1364 959 1405 tui
979 1370 1038 1406 at-

209 1432 293 1472 que
312 1419 538 1461 Pontifieis
563 1420 814 1462 veneranda
839 1421 1038 1462 solemni-

207 1481 294 1526 tas,
332 1481 376 1517 et
403 1475 685 1518 devotionem
712 1476 841 1518 nobis
870 1481 1038 1529 augeat,

209 1538 252 1574 et
272 1533 469 1574 salutem.
506 1533 590 1574 Per
608 1533 857 1575 Dominum.

489 1605 582 1645 Alia
605 1605 766 1645 Oratio.

207 1657 432 1764 Exaudi,
455 1665 706 1715 quaesumus
723 1664 922 1714 Domine,
941 1679 1037 1718 pre-

315 1733 388 1761 ces
415 1725 600 1770 nostras,
638 1733 747 1772 quas
774 1721 818 1761 in
845 1721 962 1763 beati
990 1723 1039 1762 N.

208 1776 484 1818 Confessoris
531 1777 595 1819 tui
637 1782 770 1830 atque
811 1778 1038 1821 Pontificis

208 1833 488 1875 solemnitate
516 1833 767 1876 deferimus:
800 1840 844 1876 et
864 1835 937 1886 qm·
957 1835 1038 1877 tibi

208 1889 338 1941 digne
362 1891 520 1932 meruit
544 1890 759 1940 famulari,
793 1892 885 1943 ejus
909 1892 1037 1934 inter-

209 1946 466 1989 cedentibus
481 1948 647 1989 meritis
664 1947 719 1989 ab
736 1948 937 1990 omnibus
956 1962 1038 1990 nos

208 2003 389 2045 absolve
408 2005 614 2056 peccatis.
642 2005 727 2046 Per
744 2005 994 2047 Dominum.

321 2075 401 2113 1‘r‹›
427 2075 628 2114 Duc-tore.
773 2074 936 2114 (Th-atio.

213 2130 397 2235 Deus,
440 2135 514 2186 qui
546 2134 713 2187 populo
748 2140 826 2177 tuo
861 2138 1038 2178 aeternae

327 2190 479 2232 salutis
506 2190 686 2233 beatum
718 2192 766 2231 N.
794 2192 1038 2235 ministrum

208 2246 418 2288 tribuisti:
462 2252 626 2300 praesta
667 2250 936 2300 quaesumus;
980 2255 1039 2300 ut,

210 2316 340 2355 quem
360 2304 601 2346 Doctorem
619 2304 721 2346 vitae
740 2304 972 2348 habuimus
995 2307 1038 2347 in

208 2361 348 2410 terris,
372 2361 709 2403 intercessorem
729 2360 891 2403 habere
910 2376 1039 2405 mere-

211 2418 335 2458 amur
354 2417 397 2458 in
419 2417 554 2459 coelis.
581 2417 667 2459 Per
686 2418 934 2460 Dominum.

479 2496 547 2532 Ad
570 2496 773 2533 Tertiam.

269 2557 364 2595 Ant.
397 2555 491 2594 Non
511 2558 578 2595 est
597 2553 810 2595 inventus.

270 2616 406 2667 (Inpit.
436 2616 547 2655 licce
566 2613 784 2656 sacerdos.
812 2615 895 2667 [57]

271 2678 316 2727 Ν.
339 2676 398 2716 br.
438 2674 615 2717 Amavit
643 2687 743 2716 eum
770 2676 996 2726 Dominus,
1022 2682 1040 2700 *

211 2733 266 2774 Et
282 2731 454 2774 ornavit
468 2744 578 2773 eum.
596 2731 784 2773 Amavit.
813 2730 857 2779 Y.
871 2732 1039 2775 Stolam

1092 293 1245 344 gloriae
1269 293 1409 335 induit
1433 306 1543 336 eum.
1572 295 1639 336 Et.
1675 295 1824 338 (iloria
1842 296 1922 338 Pa-

1092 350 1159 391 tri.
1187 349 1378 392 Amavit.

1150 406 1197 457 N
1236 410 1380 462 Elegit
1408 423 1508 452 eum
1537 412 1753 455 Dominus
1781 426 1921 455 sacer-

1093 466 1242 508 dotem
1271 467 1362 508 sibi.
1414 469 1463 520 Ra
1487 468 1560 510 Ad
1588 469 1922 512 sacrificandum

1094 524 1132 564 ei
1160 523 1349 565 hostiam
1376 524 1529 566 laudis.

1366 602 1433 638 Ad
1457 601 1645 640 Sextam.

1153 661 1247 700 Ant.
1283 657 1383 700 Ideo
1404 659 1692 712 jurejurando.

1150 726 1406 777 Capitulum.
1616 725 1742 766 Eccli.
1759 728 1823 766 44.
1841 740 1874 767 c.

1091 778 1246 886 Non
1267 789 1334 826 est
1354 785 1557 827 inventus
1578 786 1730 828 similis
1749 787 1822 837 illi,
1849 788 1923 840 qui

1224 845 1509 884 conservaret
1542 843 1685 894 legem
1729 844 1924 886 Excelsi:

1093 896 1193 940 ideo
1213 899 1491 950 jurejurando
1512 899 1615 941 fecit
1635 899 1756 942 illum
1775 901 1923 942 Domi-

1092 967 1174 995 nus
1194 956 1393 997 crescere
1410 955 1454 996 in
1473 955 1652 1008 plebem
1671 969 1805 998 suam.

1148 1015 1198 1066 Rg.
1217 1014 1276 1053 br.
1297 1012 1442 1063 Elegit
1461 1026 1561 1055 eum
1575 1013 1791 1055 Dominus
1814 1017 1835 1039 *
1850 1014 1923 1056 Sa-

1093 1067 1319 1110 cerdotem
1338 1068 1432 1110 sibi.
1455 1069 1610 1121 Elegit.
1636 1067 1683 1118 X'.
1702 1069 1775 1112 Ad
1794 1071 1923 1112 sacri-

1092 1124 1314 1166 ficandum
1334 1125 1373 1166 ei
1392 1125 1579 1168 hostiam
1598 1126 1751 1168 laudis.
1775 1127 1923 1169 Sacer-

1093 1181 1253 1223 dotem.
1286 1181 1435 1223 Gloria
1454 1182 1585 1225 Patri.
1612 1183 1767 1234 Elegit.

1152 1237 1199 1287 Y.
1222 1239 1291 1280 Tu
1321 1252 1368 1280 es
1394 1239 1603 1282 sacerdos
1630 1240 1674 1280 in
1700 1241 1924 1281 aetemum.

1103 1300 1148 1340 R».
1193 1295 1445 1338 Secundum
1496 1296 1695 1338 ordinem
1745 1295 1922 1338 Melchi-

1092 1342 1265 1394 sedech.

1372 1405 1440 1441 Ad
1463 1405 1648 1442 Nonam.

1153 1463 1249 1503 Ant.
1276 1464 1411 1503 Serve
1431 1461 1558 1504 bone.

1203 1527 1463 1579 Capitulum.
1575 1525 1703 1567 Eccli.
1716 1526 1781 1566 45.
1792 1539 1826 1566 c.

1180 1593 1283 1643 ungi
1303 1591 1568 1642 sacerdotio,
1593 1597 1636 1634 et
1654 1591 1818 1634 habere
1835 1591 1924 1634 lau-

1181 1649 1283 1691 dem
1298 1649 1342 1690 in
1356 1649 1533 1690 nomine
1547 1649 1695 1702 ipsius,
1707 1653 1750 1690 et
1765 1647 1923 1690 offerre

1090 1706 1152 1747 illi
1183 1707 1411 1747 incensum
1443 1705 1623 1757 dignum
1658 1705 1702 1746 in
1737 1703 1923 1746 odorem

1090 1762 1330 1805 suavitatis.

1152 1819 1200 1870 Rg.
1225 1818 1284 1858 br.
1298 1818 1368 1860 Tu
1387 1831 1434 1860 es
1455 1817 1664 1859 sacerdos
1693 1818 1714 1839 *
1727 1818 1780 1859 In
1798 1819 1922 1859 aeter-

1090 1889 1203 1917 num.
1239 1876 1320 1916 Tu.
1364 1871 1413 1922 Y.
1440 1873 1690 1916 Secundum
1722 1873 1922 1916 ordinem

1091 1930 1427 1974 Melchisedech.
1446 1931 1508 1972 In.
1533 1930 1682 1972 Gloria
1695 1931 1825 1972 Patri.
1842 1931 1922 1972 Tu.

1152 1987 1199 2038 Y.
1211 1989 1235 2030 J
1238 1994 1384 2031 ustum
1404 1987 1588 2030 deduxit
1602 1987 1819 2029 Dominus
1838 1999 1920 2040 per

1090 2046 1184 2087 vias
1208 2050 1363 2087 rectas.
1410 2050 1455 2099 R:-
1478 2045 1535 2086 Et
1558 2043 1752 2086 ostendit
1773 2043 1836 2084 illi
1858 2055 1923 2086 re-

1090 2115 1223 2154 gnum
1242 2103 1337 2144 Dei.

1298 2171 1359 2211 In
1382 2170 1445 2211 11.
1460 2168 1713 2220 vesperis.
1746 2183 1749 2186 >

1154 2236 1238 2269 Ant.
1259 2235 1304 2268 dc
1327 2231 1535 2275 1.aud.[57],
1566 2233 1626 2266 Ps.
1649 2238 1686 2266 ut
1713 2232 1750 2265 in
1769 2232 1794 2265 l.
1812 2232 1926 2275 Vcsp.

1099 2285 1145 2318 dc
1163 2282 1366 2318 Communi
1387 2279 1580 2325 Apost.[2]
1609 2288 1643 2315 et
1662 2281 1747 2314 loco
1766 2280 1888 2314 ultimi

1367 2338 1563 2378 l'salmus
1586 2340 1661 2378 131.

1099 2392 1375 2498 Memento
1409 2392 1597 2434 Domine
1629 2391 1790 2441 David,
1822 2392 1845 2418 *
1879 2397 1923 2433 et

1220 2450 1361 2492 omnis
1390 2447 1738 2490 mansuetudinis
1767 2449 1877 2500 ejus:

1142 2508 1264 2550 Sicut
1295 2505 1451 2558 juravit
1475 2505 1685 2555 Domino,
1713 2506 1736 2531 *
1770 2510 1922 2546 votum

1091 2564 1214 2606 vovit
1238 2563 1335 2605 Deo
1363 2561 1519 2604 Jacob:

1143 2621 1188 2662 Si
1207 2621 1417 2661 introiero
1435 2619 1479 2659 in
1497 2617 1830 2660 tabernaculum
1845 2617 1921 2660 do-

1091 2690 1189 2718 mus
1209 2689 1331 2725 meae,
1346 2676 1370 2701 *
1386 2675 1423 2716 si
1440 2674 1681 2717 ascendero
1701 2675 1745 2716 in
1759 2673 1922 2716 lectum

1093 2733 1219 2775 strati
1235 2732 1340 2774 mei:
