2040 2990
706 183 879 218 Rubrica·
904 180 1100 223 generales
1125 177 1323 212 Breviarii.

175 286 211 313 de
229 284 348 312 Humilia
368 282 520 310 Dominicae
539 281 582 307 vel
602 279 702 307 Feriae.
725 282 754 304 ut
773 284 870 310 supra:
892 283 942 302 nec
965 275 993 301 in

176 324 270 356 Feriis,
283 327 310 350 et
323 322 383 349 aliis
397 321 502 353 diebus,
515 319 628 354 quando
641 318 669 344 in
683 317 783 343 Officio
797 315 850 342 diei
866 315 994 347 leguntur

175 367 280 390 tantum
295 366 350 388 tres
365 360 520 387 lectiones:
539 366 589 385 nec
603 357 685 384 etiam
700 363 772 382 nona
787 354 882 380 Lectio
895 353 994 386 legitur

175 403 209 429 de
228 402 271 428 die
289 400 360 426 infra
379 399 527 427 Octavam,
546 396 658 431 quando
677 396 712 422 de
729 403 761 422 ea
782 394 811 420 fit
830 399 993 420 commemo-

176 441 244 468 ratio
267 440 294 465 in
320 438 478 467 Dominica.
503 437 546 463 vel
572 435 664 469 aliquo
689 435 783 464 Festo,
808 433 871 459 licet
894 431 993 457 habeat

177 478 352 511 Evangelium
371 477 512 510 proprium
531 479 557 502 et
577 474 732 501 Homiliam.
768 472 884 498 Servata
897 469 992 496 eadem

175 518 275 551 regula.
284 516 396 551 quando
407 515 433 542 in
444 515 544 542 Officio
554 521 652 540 novem
664 512 826 539 Lectionum
838 510 867 536 fit
876 516 994 536 comme-

175 556 291 583 moratio
310 556 344 581 de
361 555 440 581 Festo
456 553 564 587 Duplici
579 556 626 578 aut
640 549 815 584 semiduplici
831 549 943 575 redacto
957 548 992 574 ad

175 597 262 622 instar
281 594 427 628 Simplicis,
446 596 475 619 ut
495 593 522 618 in
541 590 666 625 sequenti
688 589 819 618 Rubrica.
838 589 873 614 de
891 587 993 614 Sancto

175 634 290 666 legenda
313 637 354 660 est
379 639 450 658 nona
476 631 569 657 Lectio
594 630 628 656 ad
652 629 815 655 Matutinum
840 626 992 660 composita

174 682 208 700 ex
232 672 345 703 singulis
368 672 426 704 ejus
447 670 624 697 Lectionibus
648 667 784 694 historicis
807 666 921 693 secundi
941 665 993 691 No-

174 712 264 739 cturni
279 718 327 745 per
342 710 452 736 modum
468 709 556 739 unius,
575 712 759 742 praeterquam
775 706 802 732 in
817 709 874 732 tota
889 706 994 731 Octava

175 751 248 779 Festi
268 749 399 783 Corporis
417 749 532 776 Christi.
554 748 576 773 si
600 747 634 773 dc
657 754 689 773 ea
710 746 756 772 iiat
775 745 918 775 Officium:
938 751 993 777 quo

175 791 203 817 in
221 798 286 817 casu
305 789 386 815 etiam
401 787 551 814 omittenda
565 794 637 812 nona
654 785 746 812 Lectio
764 784 834 811 Festi
848 782 992 817 Simplicis.

229 830 266 855 11.
286 828 402 861 Quando
421 826 551 859 contingit
572 825 628 851 fieri
649 825 741 858 plures
759 822 994 851 commemoratio-

176 877 238 899 nea,
262 871 388 894 servetur
411 866 454 891 hic
478 865 554 891 ordo.
598 865 639 890 Dc
665 863 787 897 Duplici.
812 863 874 888 licet
898 865 995 894 agatur

177 912 316 940 tamquam
335 905 471 939 Simplex,
491 904 538 930 fiat
557 907 619 930 ante
639 903 824 934 Dominicam,
847 901 881 927 de
901 900 994 927 Domi-

176 947 235 973 nica
255 949 318 972 ante
334 945 443 971 Festum
458 942 642 976 Semiduplex,
664 942 698 968 de
712 940 898 974 semiduplici,
912 940 993 966 etiam

176 985 288 1019 quando
307 983 446 1010 reducitur
470 982 506 1008 ad
529 982 640 1008 modum
660 981 811 1014 Simplicis,
836 983 899 1006 ante
922 979 993 1005 diem

177 1024 247 1050 insta
267 1024 413 1050 Octavam.
438 1022 471 1048 de
496 1021 539 1046 die
559 1021 630 1047 infra
649 1022 797 1051 Octavam,
819 1022 883 1044 ante
901 1018 995 1045 Ferias

177 1063 331 1091 Adventus.
348 1062 475 1094 Quatuor
489 1061 666 1093 Temporum,
682 1058 851 1091 Vigiliarum,
865 1061 891 1084 et
908 1058 995 1090 Roga—

177 1102 291 1133 tionum,
308 1105 335 1127 et
351 1100 386 1126 dc
399 1099 479 1126 dictis
493 1099 579 1126 Feriis
594 1103 656 1125 ante
671 1098 781 1124 Festum
795 1097 924 1130 Simplex.
954 1097 995 1122 De

176 1144 270 1167 sancta
295 1139 381 1167 Maria
410 1139 532 1172 (quando
560 1138 586 1164 in
613 1137 741 1164 secundis
767 1136 894 1170 Vesperis
922 1136 995 1162 Festi

176 1187 274 1206 novem
297 1179 465 1208 Lectionum,
484 1177 559 1211 quod
574 1177 653 1203 Feria
671 1180 749 1202 sexta
767 1176 936 1202 celebratum
951 1174 994 1204 sit,

177 1219 211 1245 dc
229 1226 260 1244 ea
282 1218 339 1244 fieri
359 1218 439 1243 debet
452 1216 678 1243 commemoratio
697 1223 747 1249 pro
763 1215 862 1241 Officio
881 1222 995 1247 sequen-

175 1258 210 1284 tis
233 1256 356 1283 sabbati»
383 1256 429 1282 fiat
454 1260 517 1282 ante
536 1256 647 1282 Festum
672 1254 794 1288 Simplex
820 1254 846 1280 in
872 1253 995 1279 Sabbato

175 1303 330 1323 occurrens,
358 1296 399 1322 De
414 1295 495 1321 Festo
509 1294 625 1328 simplici
646 1294 675 1320 fit
693 1293 917 1320 commemoratio
932 1295 994 1318 ante

174 1334 318 1367 Suffragia,
332 1342 379 1360 seu
394 1342 554 1360 communes
564 1333 839 1360 commemorationes
854 1332 887 1358 de
898 1333 995 1364 Cruce,

175 1378 270 1400 sancta
283 1374 376 1405 Maria,
390 1377 487 1400 sancto
500 1373 615 1407 Joseph,
629 1372 771 1406 Apostolis
785 1375 811 1398 et
825 1372 860 1398 de
874 1371 954 1403 Pace,
968 1373 995 1396 et

175 1412 545 1439 ante'commemorationem
563 1412 760 1446 cujuscumque
774 1411 868 1443 Tituli,
884 1410 926 1436 vel
944 1411 995 1436 I'a-

177 1451 247 1478 troni
267 1452 408 1481 Ecclesiae,
435 1459 497 1484 quae
525 1451 607 1477 etiam
635 1459 685 1485 pro
713 1451 755 1477 sui
779 1450 911 1483 dignitate
935 1449 995 1475 aliis

175 1491 318 1523 Suffragiis
331 1491 468 1524 praedictis
482 1495 696 1524 praeponcretur.
724 1490 766 1516 De
781 1490 882 1523 quibus
892 1489 994 1515 Suffra-

175 1530 233 1563 giis,
252 1530 391 1563 quomodo
415 1534 440 1556 et
459 1530 570 1564 quando
591 1529 715 1557 facienda
736 1529 802 1562 sint,
821 1529 938 1554 habetur
957 1527 994 1553 in—

178 1569 262 1596 ferius
279 1570 390 1603 propria
409 1570 538 1596 Rubrica.

303 1641 344 1672 X.
362 1642 410 1673 De
434 1640 664 1672 'l‘ranslatione
689 1642 872 1672 Festorum.

179 1700 227 1762 Si
246 1699 358 1733 aliquod
384 1698 491 1725 Festum
511 1697 621 1731 Duplex
646 1700 772 1723 occurrat
796 1697 822 1722 in
844 1695 995 1722 Dominicis

236 1739 390 1770 Adventus
408 1741 435 1763 et
449 1737 476 1763 in
491 1736 643 1763 Dominicis
657 1744 672 1763 a
689 1736 894 1770 Septuagesima
910 1743 997 1769 usque

177 1778 212 1804 ad
232 1777 403 1812 Dominicam
423 1776 449 1802 in
468 1775 548 1802 Albis
566 1775 712 1808 inclusive,
731 1775 757 1801 in
778 1775 875 1807 Vigilia
894 1775 997 1801 Nativi-

178 1817 241 1843 tatis
260 1816 383 1848 Domini,
405 1815 432 1841 in
451 1815 495 1841 die
514 1814 747 1846 Circumcisionis,
771 1814 797 1840 in
816 1818 873 1840 tota
892 1816 997 1840 Octava

179 1854 347 1889 Epiphaniae,
366 1854 392 1881 in
412 1854 490 1880 Feria
509 1858 607 1888 quarta
622 1853 760 1886 Cinerum,
779 1853 805 1879 in
825 1857 883 1879 tota
901 1852 997 1886 majori

179 1894 374 1926 Hebdomada,
397 1897 424 1919 et
447 1893 520 1919 infra
539 1894 671 1919 Octavam
692 1893 820 1926 Paschae‚
845 1893 872 1918 in
894 1892 997 1918 Ascen-

179 1933 255 1959 sione
275 1932 393 1966 Domini,
411 1932 438 1959 in
456 1932 553 1958 diebus
571 1940 587 1958 a
602 1931 700 1965 Vigilia
715 1932 891 1958 Pentecostes
909 1938 998 1964 usque

179 1971 215 1998 ad
235 1971 343 1998 Festum
358 1970 542 1998 Sanctissimae
556 1971 699 1997 Trinitatis
714 1971 854 2003 inclusive,
872 1971 899 1996 in
914 1972 998 1998 Festo

179 2010 311 2044 Corporis
324 2009 434 2043 Christi,
452 2014 478 2036 et
496 2010 554 2042 ejus
572 2009 616 2035 die
630 2010 743 2039 Octava.
761 2010 787 2035 in
804 2010 885 2036 Festo
899 2011 997 2036 Imma-

179 2049 278 2076 eulatae
296 2049 490 2083 conceptionis
514 2052 541 2075 et
563 2048 769 2082 Assumptionis
793 2049 880 2076 beatae
903 2049 998 2076 Mariae

181 2088 307 2122 Virginis,
325 2087 353 2114 in
371 2087 453 2114 Festo
472 2087 559 2114 sancti
577 2088 682 2122 soseph
700 2087 799 2121 sponsi
818 2089 953 2122 ejusdem,
971 2093 998 2115 et

181 2127 309 2154 Omnium
333 2126 511 2159 Sanctorum,
540 2127 707 2153 transfertur
733 2126 759 2152 in
784 2127 900 2161 primam
926 2127 998 2154 diem

181 2166 262 2193 Festo
281 2165 391 2200 Duplici
415 2166 458 2192 vel
477 2165 655 2199 Semiduplici
678 2173 733 2191 non
758 2166 930 2200 impeditam:
954 2175 998 2193 ex-

180 2205 266 2239 eeptis
277 2208 367 2231 tamen
379 2205 466 2231 Festis
473 2205 629 2231 Nativitatis
639 2205 851 2231 saneti.10annis
859 2205 999 2239 Baptistae,

181 2247 207 2270 et
221 2248 379 2271 sanctorum
390 2243 589 2278 Apostolorum
604 2243 679 2270 Petri
693 2247 718 2269 et
735 2244 822 2277 Pauli,
837 2252 900 2278 quae
914 2244 941 2271 in
955 2245 999 2271 die

182 2286 279 2309 octava
293 2282 424 2316 Corporis
437 2282 538 2309 Christi
553 2283 740 2309 celebrantur:
758 2287 872 2316 excepto
888 2291 999 2317 quoque

183 2322 263 2348 Festo
277 2329 451 2355 quocumque
465 2321 580 2348 solemni
595 2321 710 2354 alicujus
724 2322 784 2354 loci,
803 2322 879 2355 quod
897 2323 924 2348 in
938 2331 999 2356 pro—

182 2360 242 2394 pria
261 2364 365 2387 tantum
387 2361 520 2393 Ecclesia,
542 2360 624 2387 ctiam
647 2360 674 2386 in
693 2361 831 2394 aliquibus
853 2369 886 2387 cx
906 2369 999 2395 supra-

183 2399 263 2426 dictis
277 2399 374 2426 diebus
387 2407 543 2431 occurrens,
557 2399 659 2426 scilicet
673 2399 700 2425 in
712 2400 862 2426 Dominicis
872 2401 1000 2434 secunda,

183 2438 262 2465 tertia
281 2443 306 2465 et
325 2442 422 2472 quarta
443 2438 598 2471 Adventus,
616 2442 643 2464 et
657 2438 888 2472 Quadragesimae,
908 2440 1000 2466 Domi-

184 2477 244 2510 nica
262 2477 483 2512 Septuagesimae.
502 2477 693 2510 sexagesimae,
712 2481 738 2503 et
753 2478 1001 2511 Quinquagesimae‚

184 2520 211 2542 ct
229 2516 326 2543 diebus
344 2515 415 2542 infra
435 2516 568 2542 Octavam
588 2516 748 2550 Epiphaniae
768 2521 808 2543 <ut
833 2517 859 2543 in
880 2517 1001 2544 Rubrica

185 2556 219 2582 de
237 2555 550 2582 commemorationibus
571 2555 674 2582 dictum
698 2560 749 2582 εει]
774 2557 937 2582 celebratur
973 2557 1000 2583 Si

185 2598 276 2620 autem
291 2594 401 2621 Festum
417 2594 618 2620 l'urificationis
637 2594 724 2620 beatae
739 2595 832 2621 Mariae
852 2596 955 2621 venerit
975 2596 1000 2621 in

185 2633 277 2666 aliqua
298 2633 441 2659 Dominica
460 2633 587 2659 secundae
605 2633 710 2665 elassis,
729 2634 894 2660 transfertur
913 2635 938 2660 in
956 2635 1001 2661 Fe-

186 2672 253 2698 riam
264 2671 411 2699 secundam
423 2676 591 2705 sequentem,
601 2673 728 2705 quamvis
738 2673 903 2706 impeditam.
920 2674 1003 2699 Idem·

187 2718 240 2743 que
257 2714 298 2737 est
312 2711 346 2738 de
362 2710 576 2737 Annuntiatione
596 2711 682 2737 beatae
698 2711 799 2738 Mariae.
832 2712 899 2738 Item
918 2712 940 2737 si
957 2713 1002 2738 Fe-

1044 276 1116 299 stum
1138 270 1295 298 Nativitatis
1317 269 1405 296 sancti
1423 268 1540 295 Joannis
1559 267 1693 301 Baptistae
1711 265 1818 292 venerit
1841 265 1870 292 in

1044 312 1089 338 die
1108 309 1239 344 Corporis
1253 308 1364 340 Christi,
1383 307 1551 345 transfertur
1568 306 1597 332 in
1615 307 1777 340 sequentem
1795 304 1868 331 diem

1043 358 1105 377 eum
1119 347 1381 376 commemoratione
1395 347 1518 378 Octavae,
1535 349 1562 372 et
1580 345 1608 372 in
1622 343 1752 372 secundis
1766 344 1870 378 Vespe-

1043 390 1081 416 ris
1095 388 1227 422 Corporis
1241 386 1343 414 Christi
1362 386 1393 413 fit
1412 389 1519 412 tantum
1537 382 1766 412 commemoratio
1781 382 1870 410 sancti

1043 428 1172 455 Joannis:
1195 426 1375 461 sequentibus
1399 428 1491 451 autem
1513 424 1612 450 diebus
1635 423 1667 449 fit
1685 421 1816 449 Officium
1835 421 1870 449 de

1043 468 1139 494 eadem
1150 469 1253 492 (mave
1265 465 1397 499 Corporis
1407 463 1517 495 Christi,
1530 471 1594 490 cum
1607 461 1871 489 commemoratione

1044 509 1157 533 octavae
1181 505 1268 531 sancti
1288 504 1412 531 Joannis.
1450 503 1516 529 Dies
1541 506 1634 528 autem
1653 501 1759 528 Octava
1783 499 1871 527 sancti

1043 545 1160 573 Joannis
1179 548 1244 570 tunc
1260 543 1372 570 veniens
1390 543 1418 569 in
1438 542 1482 568 die
1499 545 1598 568 octava
1613 540 1747 574 Corporis
1759 538 1871 571 Clu-isti,

1045 593 1099 611 non
1109 584 1284 615 transfertur,
1299 582 1348 609 sed
1358 582 1393 609 de
1402 582 1450 608 illa
1460 589 1492 608 eo
1503 588 1575 607 anno
1590 580 1622 606 fit
1630 582 1739 606 tantum
1752 586 1871 606 comme-

1045 623 1162 650 moratio
1177 623 1204 648 in
1219 622 1343 655 utrisque
1356 620 1485 655 Vesperis
1499 624 1526 646 et
1537 619 1681 646 Laudibus
1696 618 1749 645 diei
1764 620 1871 645 octavae

1045 662 1176 696 Corporis
1203 661 1318 687 Christi:
1345 664 1372 686 et
1399 660 1427 686 id
1454 667 1564 694 semper
1589 662 1732 686 servetur.
1758 655 1872 690 quando

1046 703 1156 729 Festum
1181 701 1286 727 habens
1311 702 1443 726 Octavam
1469 698 1650 726 transfertur:
1675 701 1705 724 ut
1729 704 1785 724 non
1809 695 1872 722 ideo

1045 741 1104 767 dies
1129 743 1227 766 octava
1250 739 1448 772 transferatur,
1475 737 1525 764 sed
1549 737 1610 771 ipsa
1634 737 1679 764 die
1705 736 1741 763 de
1765 743 1798 762 ea
1824 735 1872 761 fiat

1044 779 1285 811 commemoratio,
1310 786 1372 812 quae
1397 778 1466 804 alias
1490 780 1550 803 erat
1569 776 1688 809 Octava,
1712 775 1735 803 si
1759 775 1872 801 Festum

1045 827 1100 845 non
1121 819 1217 844 fuisset
1235 818 1409 844 translatum.
1447 817 1529 850 Quod
1543 815 1567 842 si
1581 816 1694 842 Festum
1708 817 1772 849 post
1785 817 1872 840 totam

1046 866 1123 885 suain
1143 860 1275 884 ‹ictavam
1295 856 1439 883 transferri
1459 855 1617 888 contigerit,
1641 854 1690 881 ilio
1712 861 1786 880 anno
1803 852 1873 880 eele-

1046 899 1142 924 bretur
1155 897 1214 922 sine
1228 898 1346 923 Octava:
1366 895 1418 922 nisi
1434 895 1568 922 Titularis
1582 893 1714 921 Ecclesiae
1728 891 1872 927 privilegio

1046 937 1125 963 aliter
1145 936 1203 962 fieri
1222 939 1356 970 oporteat.
1394 936 1476 961 Festa
1495 938 1587 961 tamen
1607 932 1737 967 Duplicia
1755 931 1873 964 minora,

1046 976 1167 1009 exceptis
1187 975 1240 1001 illis
1258 975 1423 1001 Sanctorum
1444 973 1575 1001 Eoelesiae
1594 973 1762 1003 Doctorum,
1783 970 1806 997 si
1829 977 1874 997 ot>

1045 1023 1128 1041 cursu
1149 1014 1314 1045 Dominicae,
1334 1014 1376 1040 vel
1395 1013 1507 1046 majoris
1526 1012 1600 1039 Festi
1623 1019 1671 1038 seu
1691 1010 1784 1037 Officii
1806 1016 1874 1043 quo-

1046 1054 1249 1087 modocumque
1275 1053 1475 1088 impediantur,
1500 1059 1555 1079 non
1578 1050 1800 1083 transferuntur,
1823 1048 1874 1076 sed

1046 1094 1106 1127 ipso
1125 1093 1169 1119 die
1188 1100 1243 1126 quo
1261 1093 1373 1124 cadunt,
1392 1092 1427 1118 de
1445 1091 1484 1118 eis
1504 1092 1533 1117 fit
1550 1091 1577 1118 in
1597 1090 1723 1123 utrisque
1742 1087 1874 1123 vesperis

1045 1136 1073 1159 et
1091 1132 1234 1159 Laudibus
1251 1131 1490 1164 commemoratio,
1515 1134 1542 1158 et
1566 1131 1668 1164 legitur
1684 1135 1759 1156 nona
1777 1127 1874 1155 Lectio

1046 1171 1176 1198 historica
1195 1171 1230 1197 ad
1250 1171 1430 1202 Matutinum,
1455 1170 1477 1197 si
1503 1173 1595 1197 tamen
1614 1170 1675 1196 haec
1697 1175 1732 1205 eq
1754 1167 1799 1195 die
1815 1166 1875 1194 fieri

1046 1211 1163 1245 possint;
1187 1219 1267 1238 secus
1286 1210 1444 1242 huiusmodi
1462 1210 1543 1236 Festa
1564 1208 1692 1243 Duplicia
1713 1207 1821 1234 minora
1838 1213 1872 1233 eo

1046 1258 1118 1276 anno
1139 1250 1247 1284 penitus
1266 1249 1443 1281 omittuntur,
1468 1253 1497 1276 ut
1516 1249 1543 1275 in
1562 1247 1730 1282 praeeedenti
1749 1245 1872 1274 Rubrica

1046 1290 1148 1316 dictum
1170 1293 1211 1316 est
1230 1297 1304 1315 num.
1321 1290 1335 1315 7
1350 1292 1376 1315 et
1394 1290 1432 1320 10,
1450 1292 1477 1315 et
1493 1288 1565 1314 infra
1579 1288 1614 1314 de
1628 1286 1751 1321 Simplici
1766 1285 1874 1313 dicetur

1046 1337 1119 1355 num.
1139 1331 1162 1355 Β.
1196 1329 1296 1355 Iisdem
1315 1328 1589 1361 comprehenduntur
1606 1326 1708 1359 regulis
1722 1325 1777 1353 alia
1790 1325 1873 1352 Festa

1047 1368 1188 1402 Duplicia,
1212 1375 1331 1401 quorum
1351 1367 1524 1393 translationi
1547 1367 1574 1393 in
1594 1370 1653 1393 toto
1671 1365 1736 1392 anni
1753 1365 1873 1392 decursu

1047 1408 1123 1434 locus
1143 1415 1196 1433 non
1217 1410 1351 1440 superest.

1097 1447 1119 1472 2.
1140 1446 1168 1472 Si
1187 1446 1214 1472 in
1233 1446 1277 1472 die
1297 1446 1403 1472 Octava
1422 1445 1538 1479 alicujus
1557 1444 1631 1472 Festi
1650 1443 1778 1471 habentis
1794 1442 1874 1470 Octa-

1046 1494 1117 1514 vam.
1137 1489 1263 1512 occurrat
1283 1485 1397 1519 aliquod
1412 1486 1523 1511 Festum
1538 1484 1652 1518 Duplex
1669 1491 1704 1510 ex
1722 1481 1875 1516 majoribus

1045 1532 1129 1558 supra
1149 1524 1175 1550 in
1196 1524 1316 1550 Rubrica
1335 1525 1370 1551 de
1389 1523 1680 1552 Comemorationibus
1697 1519 1875 1554 enumeratis,
1897 1519 1900 1522 ’

1046 1564 1095 1590 fiat
1113 1565 1148 1591 de
1163 1564 1243 1590 Festo
1261 1572 1324 1590 cum
1338 1563 1602 1590 commemoratione
1616 1562 1670 1589 diei
1684 1562 1811 1589 Octavae:
1828 1567 1874 1586 ex-

1045 1608 1126 1638 cepta
1140 1603 1184 1630 die
1199 1606 1304 1630 octava
1320 1603 1480 1630 Nativitatis
1490 1602 1603 1629 Domini
1617 1605 1644 1629 et
1658 1599 1831 1636 Epiphaniae,
1845 1598 1875 1626 in

1046 1643 1148 1677 quibus
1167 1650 1222 1668 non
1247 1643 1277 1668 fit
1296 1643 1331 1669 de
1350 1642 1445 1676 aliquo
1463 1641 1561 1675 Festo,
1585 1641 1636 1668 sed
1659 1639 1829 1668 transfertur
1846 1637 1875 1665 in

1046 1682 1163 1716 primam
1179 1681 1252 1708 diem
1266 1682 1389 1708 similiter
1403 1689 1459 1708 non
1474 1681 1644 1716 impeditam.
1668 1680 1696 1708 Si
1711 1682 1805 1706 autem
1818 1685 1875 1705 non

1048 1721 1129 1747 fuerit
1148 1729 1182 1747 ex
1202 1721 1341 1755 praedictis
1355 1719 1453 1754 Festis,
1473 1720 1522 1748 fiat
1540 1720 1576 1748 de
1590 1720 1705 1753 Octava,
1720 1722 1749 1746 et
1762 1718 1876 1756 Festum

1047 1760 1239 1793 transferatur,
1258 1763 1305 1786 aut
1319 1760 1354 1787 de
1372 1768 1405 1787 eo
1420 1760 1468 1787 fiat
1486 1758 1724 1792 commemoratio,
1736 1761 1768 1785 ut
1782 1763 1876 1791 snpra.

1099 1805 1123 1829 3.
1144 1803 1172 1830 Si
1192 1803 1303 1837 aliquod
1322 1804 1435 1831 Festum
1454 1804 1567 1839 Duplex
1585 1803 1660 1830 infra
1678 1803 1814 1829 Octavam
1831 1808 1876 1828 oce

1046 1851 1169 1875 currens,
1188 1843 1242 1869 alio
1256 1843 1353 1876 majori
1368 1844 1450 1870 Festo
1465 1843 1577 1878 Duplici
1590 1842 1766 1877 impediatur,
1786 1843 1876 1868 trans·

1048 1882 1153 1909 feratur
1163 1882 1189 1908 in
1201 1882 1317 1916 primam
1328 1883 1401 1909 diem
1411 1883 1537 1909 similiter
1550 1889 1607 1908 non
1620 1880 1791 1916 impeditam,
1803 1883 1832 1907 et
1844 1879 1874 1907 in

1047 1930 1079 1948 eo
1100 1922 1146 1948 fiat
1165 1922 1391 1948 commemoratio
1407 1922 1442 1949 de
1455 1922 1568 1948 Octava.
1595 1921 1678 1954 Quod
1692 1919 1715 1947 si
1729 1918 1875 1947 transferri

1048 1964 1174 1995 nequeat,
1188 1961 1223 1987 de
1232 1961 1329 1988 eodem
1340 1969 1452 1995 quoque
1463 1961 1511 1988 fiat
1520 1959 1728 1993 comemoratio,
1741 1962 1874 1993 utsupra.

1098 2006 1122 2031 4.
1141 2004 1171 2031 Si
1190 2005 1217 2030 in
1236 2005 1297 2031 aliis
1311 2005 1464 2031 Dominicis
1482 2012 1533 2039 per
1551 2012 1655 2031 annum
1673 2011 1690 2030 a
1707 2001 1875 2037 supradictis

1048 2047 1174 2071 occurrat
1188 2043 1300 2070 Festum
1315 2044 1434 2078 Duplex,
1453 2052 1509 2071 non
1527 2043 1703 2077 transfertur,
1721 2050 1772 2070 nec
1789 2042 1825 2069 de
1842 2049 1875 2069 eo

1049 2083 1079 2109 fit
1096 2083 1337 2116 commemoratio,
1360 2083 1411 2110 sed
1434 2083 1572 2117 officium,
1597 2086 1628 2110 ut
1651 2083 1756 2110 dictum
1780 2084 1823 2109 est
1847 2081 1876 2107 in

1050 2122 1171 2148 Rubrica
1189 2122 1223 2149 de
1242 2122 1568 2149 Commemorationibus.

1099 2167 1123 2192 ἵ).
1147 2166 1259 2192 Festum
1281 2165 1459 2200 Semiduplex
1484 2174 1633 2193 occurrens
1657 2165 1756 2193 diebus
1779 2172 1876 2199 supra-

1049 2205 1143 2238 dictis,
1167 2208 1194 2231 et
1217 2204 1289 2230 infra
1314 2206 1448 2232 Octavam
1473 2205 1605 2240 Corporis
1623 2205 1740 2238 Christi,
1763 2199 1791 2231 ei
1815 2203 1875 2231 aliis

1050 2243 1202 2270 Dominicis
1220 2251 1270 2277 per
1287 2251 1398 2278 annum,
1417 2252 1473 2271 non
1490 2245 1665 2278 transfertur,
1684 2244 1733 2272 sed
1751 2244 1813 2279 ipso
1831 2243 1875 2270 die

1049 2291 1105 2316 quo
1119 2283 1202 2314 eadit,
1216 2283 1249 2309 de
1264 2291 1296 2309 eo
1312 2283 1341 2309 fit
1355 2284 1582 2310 commemoratio
1596 2285 1624 2310 in
1638 2285 1764 2319 utrisque
1774 2283 1876 2317 Vespe-

1050 2322 1087 2348 ris
1111 2326 1138 2348 et
1162 2322 1320 2355 Laudibus,
1346 2326 1372 2348 ct
1396 2323 1495 2356 legitur
1519 2331 1592 2350 nona
1616 2324 1712 2350 Lectio
1736 2322 1877 2355 historica,

1050 2365 1096 2397 aut
1115 2361 1183 2387 illud
1203 2361 1311 2394 penitus
1330 2362 1474 2395 omittitur,
1492 2366 1522 2389 ut
1542 2371 1628 2397 supra
1647 2363 1681 2390 de
1698 2361 1811 2396 Duplici
1829 2361 1876 2388 mi-

1050 2400 1110 2426 nori
1130 2400 1234 2427 dictum
1253 2405 1302 2427 est.

1102 2440 1126 2466 ⁴5.
1141 2439 1169 2466 Si
1184 2439 1239 2466 duo
1255 2440 1298 2466 vel
1313 2440 1391 2474 plura
1408 2440 1488 2467 Festa
1503 2449 1603 2476 novem
1615 2441 1780 2468 Lectionum
1794 2441 1877 2468 simul

1051 2479 1147 2505 eodem
1167 2478 1211 2504 die
1231 2479 1351 2511 veniant,
1370 2480 1417 2506 fiat
1433 2480 1562 2507 Officium
1579 2481 1614 2507 de
1632 2480 1737 2514 majori,
1755 2479 1827 2507 idest
1842 2479 1877 2506 de

1052 2518 1170 2552 Duplici,
1188 2522 1214 2544 et
1231 2508 1265 2544 de
1279 2518 1457 2552 Semidupliei
1473 2519 1520 2546 fiat
1538 2519 1766 2546 commemoratio
1783 2522 1814 2547 ut
1833 2527 1877 2546 su-

1052 2564 1108 2590 pra.
1143 2557 1180 2583 At
1199 2557 1221 2583 si
1240 2557 1333 2583 omnia
1353 2557 1454 2584 fuerint
1470 2558 1606 2592 Duplieia‚
1625 2559 1667 2586 vel
1687 2558 1780 2586 omnia
1793 2558 1878 2586 Semi-

1052 2595 1179 2629 duplicia,
1199 2596 1247 2622 fiat
1261 2596 1296 2622 de
1309 2596 1434 2630 digniori,
1453 2605 1501 2623 seu
1515 2597 1684 2630 solemniori,
1703 2601 1730 2625 et
1743 2606 1806 2632 quae
1819 2598 1877 2625 Du-

1052 2635 1133 2668 piieia
1148 2634 1262 2661 minoris
1275 2635 1457 2662 solemnitatis
1471 2640 1544 2669 sunt,
1561 2637 1585 2662 si
1599 2637 1744 2664 transferri
1758 2637 1878 2669 valeant,

1052 2674 1264 2706 transferantur,
1282 2674 1363 2701 aliter
1376 2675 1410 2701 de
1426 2675 1473 2707 eis,
1492 2676 1728 2709 quemadmodum
1744 2676 1779 2703 de
1793 2675 1878 2704 Semi-

1053 2712 1216 2746 duplicibus,
1232 2713 1280 2739 fiat
1292 2714 1489 2741 comemoratio
1502 2715 1577 2748 iuxta
1592 2715 1721 2749 superius
1732 2715 1877 2750 explicata.
