2080 2990
653 208 864 241 Communc
891 207 1138 241 (loures-soris
1165 216 1239 240 non
1267 206 1474 240 Pontificis.

433 298 481 337 In
510 298 560 338 ΙΙ.
586 299 810 339 Νο01111110.

211 359 272 397 Ex
293 355 406 397 libro
422 356 657 398 Moralium
677 358 817 399 sancti
832 357 1035 408 Gregorii

551 413 697 466 Papae.

314 477 393 511 Lib.
415 478 470 511 lo.
490 478 582 520 Cap.
605 478 651 511 1⁴3.
673 479 708 512 in
728 490 756 512 0.
778 479 825 513 12.
844 480 929 514 Job.

507 527 660 569 Lectio
681 529 733 568 iv.

210 583 220 600 Γ
243 593 313 627 κ
326 614 331 635 ,1
341 577 534 620 eridetur
548 578 649 630 justi
664 579 933 631 simplicitas.
952 579 1041 620 Hu-

216 635 219 684 J
244 654 294 682 s
327 635 332 678 ,'
352 634 417 685 jus
436 634 590 677 mundi
613 635 829 687 sapientia
853 640 936 685 est,
965 648 1042 677 cor

211 686 751 733 445-111301111131101111138
766 693 926 743 tegere,
947 705 1041 733 sen—

207 760 305 788 sum
323 747 472 789 verbis
492 748 656 799 velare,
679 761 779 800 quae
799 748 910 789 falsa
929 754 1041 799 sunt,

207 816 311 845 vera
348 804 600 855 ostendere3
643 817 743 857 quae
781 818 886 847 vera
924 810 1041 856 sunt,

206 860 317 901 falsa
343 860 660 903 demonstrare.
702 862 813 903 Haec
837 862 1041 903 nimirum

205 916 441 969 prudentia
469 930 551 958 usu
579 930 605 958 a
632 918 863 970 juvenibus
892 919 1041 968 scitur,

206 973 302 1015 haec
322 986 348 1014 a
366 974 515 1026 pueris
535 975 678 1027 pretio
705 974 903 1016 discitur:
928 975 1041 1017 hanc

207 1030 282 1082 qui
301 1030 456 1080 sciunt,
476 1032 648 1072 ceteros
668 1030 956 1084 despiciendo
973 1045 1040 1073 su-

205 1086 426 1139 perbiunt:
452 1087 565 1128 hanc
597 1088 671 1140 qui
697 1089 915 1138 nesciunt,
941 1089 1041 1130 sub-

205 1143 306 1195 jecti
344 1147 388 1185 et
424 1143 567 1185 timidi
603 1144 648 1185 in
684 1144 782 1185 aliis
814 1145 1041 1187 mirantur:

206 1200 308 1251 quia
334 1199 390 1241 ab
418 1200 480 1242 eis
506 1200 603 1242 haec
630 1200 786 1243 eadem
811 1201 1040 1254 duplicita-

205 1256 263 1297 tis
291 1256 500 1309 iniquitas
529 1257 706 1299 nomine
736 1257 920 1310 palliata
948 1258 1040 1300 dili-

203 1312 336 1363 gitur,
363 1313 469 1355 dum
492 1314 652 1356 mentis
679 1315 949 1367 perversitas
972 1328 1040 1356 ur-

203 1369 378 1412 banitas
408 1372 604 1412 vocatur.
653 1371 765 1413 Haec
795 1371 880 1414 sibi
915 1371 1040 1414 obse—

205 1426 440 1477 quentibus
471 1427 677 1480 praecipit
704 1427 922 1469 honorum
952 1429 1039 1471 cul-

203 1483 322 1524 mina
347 1485 562 1535 quaerere,
590 1483 754 1537 adepta
779 1485 1040 1538 temporalis

203 1539 358 1589 gloriae
386 1543 581 1582 vanitate
606 1540 817 1592 gaudere,
845 1541 1041 1593 irrogata

204 1595 260 1637 ab
280 1596 377 1637 aliis
397 1597 512 1638 mala
531 1597 818 1650 multiplicius
838 1597 1039 1640 reddere:

204 1664 304 1693 cum
332 1653 449 1695 vires
479 1656 740 1706 suppetunt,
776 1654 908 1695 nullis
936 1655 1039 1696 resi-

204 1709 422 1751 stentibus
439 1709 611 1752 cedere:
631 1723 731 1751 cum
746 1710 923 1752 virtutis
939 1724 1038 1763 pos-

118 1776 127 1782 ·
204 1765 391 1807 sibilitas
425 1766 569 1817 deest,
610 1766 826 1819 quidquid
859 1767 1039 1820 explere

203 1834 283 1873 per
312 1822 524 1864 malitiam
555 1836 644 1865 non
670 1823 839 1873 valent,
876 1823 962 1866 1100
994 1825 1038 1865 111

203 1879 387 1930 pacifica
406 1879 606 1921 bonitate
625 1880 842 1922 simulare.

259 1940 307 1990 R».
333 1936 582 1977 Honestum
602 1936 707 1978 fecit
726 1936 849 1978 illum
868 1937 974 1986 Dfis,
994 1941 1038 1979 et

205 1991 445 2034 custodivit
460 2005 560 2034 eum
578 1993 633 2034 ab
653 1993 852 2043 inimicis,
868 1998 912 2035 et
932 2006 957 2034 3
973 2006 1036 2035 80-

205 2046 463 2090 ductoribus
479 2050 640 2091 tutavit
655 2049 791 2091 illum:
808 2054 829 2076 ⁴¹
841 2050 898 2091 Et
914 2049 1038 2092 dedit

203 2103 266 2144 illi
281 2103 527 2146 claritatem
543 2108 762 2147 aeternam.
794 2104 842 2155 Y.
862 2107 887 2147 J
888 2111 1037 2148 ustum

204 2159 389 2202 deduxit
413 2161 630 2203 Dominus
656 2175 736 2215 per
762 2163 857 2204 vias
881 2168 1037 2214 rectas,

206 2221 250 2258 et
269 2217 463 2259 ostendit
482 2218 545 2258 illi
564 2231 745 2270 regnum
765 2219 860 2261 Dei.
900 2220 968 2261 Et.

518 2275 670 2316 Lectio
693 2290 726 2315 v.

282 2334 301 2371 t
342 2335 513 2380 0011113,
559 2331 777 2384 sapientia
821 2333 1037 2384 1381013111

309 2391 392 2429 est:
426 2386 487 2428 nil
518 2400 599 2440 per
631 2388 931 2430 081011810110111
960 2389 1036 2430 fin-

203 2455 323 2493 gere,
351 2456 530 2485 sensum
549 2443 697 2485 verbis
717 2447 904 2497 aperire,
932 2458 1037 2487 vera

204 2503 253 2541 ut
267 2504 370 2541 sunt
385 2500 579 2552 diligere,
600 2500 708 2542 falsa
729 2500 940 2552 devitare:
959 2501 1036 2543 bo-

204 2568 261 2597 na
283 2557 421 2607 gratis
443 2556 666 2606 exhibere,
694 2557 809 2598 mala
831 2557 1037 2599 libentius

204 2612 412 2663 tolerare,
440 2626 572 2665 quam
599 2613 759 2663 facere:
787 2613 952 2654 nullam
976 2614 1036 2654 in-

204 2670 327 2721 juriae
347 2669 560 2711 ultionem
587 2672 800 2722 quaerere,
825 2682 908 2722 pro
928 2671 1037 2711 veri-

204 2728 295 2768 tate
323 2726 634 2768 contumeliam
669 2726 840 2768 lucrum
867 2729 1037 2778 putare.

1094 296 1182 338 Sed
1206 296 1303 339 11300
1327 298 1543 349 1381013111
1569 298 1830 352 simplicitas
1857 300 1928 342 de-

1094 352 1278 394 ridetur:
1315 355 1416 406 quia
1443 354 1499 396 ab
1528 353 1656 407 hujus
1683 356 1835 398 mundi
1863 369 1928 398 83-

1095 409 1319 461 pientibus
1346 410 1554 463 puritatis
1580 411 1722 453 virtus
1750 412 1928 454 fatuitas

1096 465 1301 508 creditur.
1345 467 1486 509 Omne
1515 467 1631 509 enim
1659 468 1780 521 quod
1806 469 1927 511 inno-

1095 523 1246 564 center
1273 523 1432 575 agitur,
1458 523 1513 565 ab
1540 524 1604 566 eis
1632 524 1928 577 proculdubio

1095 578 1279 620 stultum
1314 582 1512 632 putatur:
1549 585 1594 622 et
1631 580 1848 633 quidquid
1884 582 1928 623 in

1095 637 1230 688 opere
1246 637 1409 678 veritas
1430 636 1660 689 approbat,
1679 637 1844 679 carnali
1863 651 1928 680 sa·

1094 692 1273 745 pientiae
1299 693 1471 734 fatuum
1496 698 1636 735 sonat.
1673 693 1790 744 Quid
1810 707 1928 736 nam-

1096 761 1181 800 que
1201 749 1378 791 stultius
1398 749 1572 791 videtur
1591 749 1770 801 mundo,
1798 763 1930 804 quam

1094 810 1287 847 mentem
1305 805 1454 848 verbis
1481 806 1734 857 ostendere,
1758 806 1820 848 nil
1844 807 1929 849 cal-

1094 861 1185 903 lida
1203 862 1529 904 machinatione
1549 862 1767 913 simulare,
1786 863 1928 906 nullas

1094 918 1262 970 injuriis
1292 919 1582 961 contumelias
1610 919 1814 970 reddere,
1845 932 1928 973 pro

1094 974 1459 1017 maledicentibus
1471 978 1606 1027 orare,
1618 978 1928 1029 paupertatem

1096 1033 1309 1084 quaerere,
1337 1034 1547 1085 possessa
1570 1032 1834 1084 relinquere,
1862 1046 1927 1074 ra-

1093 1088 1232 1140 pienti
1246 1090 1570 1139 non'resistere,
1589 1089 1855 1142 percutienti
1869 1089 1928 1131 al-

1094 1149 1235 1187 teram
1253 1145 1477 1186 maxillam
1495 1144 1720 1198 praebere?

1147 1204 1195 1255 Rg.
1226 1202 1406 1244 Amavit
1426 1215 1526 1244 eum
1543 1202 1778 1252 Dominus,
1800 1207 1844 1244 et
1862 1215 1929 1244 or-

1094 1258 1215 1300 navit
1249 1271 1368 1301 eum:
1405 1259 1566 1301 stolam
1598 1258 1752 1311 gloriae
1784 1259 1928 1302 induit

1095 1327 1212 1365 eum,
1231 1320 1253 1343 *
1285 1315 1343 1357 Et
1371 1315 1429 1357 ad
1456 1320 1609 1380 portas
1634 1315 1830 1368 paradisi
1858 1328 1928 1358 00-

1094 1372 1267 1414 ronavit
1296 1385 1407 1414 eum.
1443 1374 1491 1420 Υ.
1524 1371 1675 1414 Induit
1706 1384 1806 1414 eum
1833 1372 1928 1414 Dfis

1093 1427 1277 1470 loricam
1301 1428 1422 1479 fidei,
1448 1433 1492 1470 et
1517 1428 1691 1471 ornavit
1716 1441 1827 1470 eum.
1860 1428 1928 1471 Et.

1171 1487 1323 1527 Lectio
1346 1487 1396 1526 vi.
1477 1491 1569 1534 Cap.
1593 1491 1639 1525 17.
1660 1498 1748 1535 post
1766 1492 1845 1526 init.

1159 1554 1312 1594 ampas
1338 1543 1594 1594 contempta
1619 1540 1739 1594 apud
1764 1541 1927 1593 cogita-

1187 1598 1333 1640 tiones
1367 1598 1563 1640 divitum.
1601 1598 1730 1650 Saepe
1761 1600 1926 1639 contin-

1092 1654 1171 1704 git,
1196 1659 1246 1695 ut
1270 1655 1437 1696 electus
1464 1655 1667 1707 quisque,
1695 1654 1770 1706 qui
1794 1653 1852 1696 ad
1871 1667 1926 1695 ae·

1091 1712 1263 1752 ternam
1290 1710 1544 1753 felicitatem
1571 1709 1763 1760 ducitur,
1791 1713 1926 1753 conti-

1091 1779 1178 1808 nua
1214 1767 1286 1809 hic
1322 1767 1591 1809 adversitate
1634 1765 1926 1819 deprimatur:

1091 1836 1180 1865 non
1212 1823 1329 1865 hunc
1365 1836 1514 1865 rerum
1547 1822 1818 1864 abundantia
1848 1823 1926 1864 ful-

1092 1880 1196 1930 ciat,
1225 1893 1314 1921 non
1342 1880 1605 1932 dignitatum
1629 1879 1770 1931 gleria
1789 1879 1926 1922 hono-

1091 1936 1276 1979 rabilem
1307 1936 1532 1987 ostendat‚
1572 1935 1691 1977 nulla
1726 1936 1767 1977 ei
1800 1935 1926 1979 obse-

1093 1994 1319 2046 quentium
1333 1993 1580 2046 frequentia
1595 1996 1815 2045 suppetat,
1833 1992 1925 2034 nul-

1090 2050 1132 2091 la
1168 2050 1285 2092 hune
1322 2050 1524 2091 humanis
1565 2048 1704 2091 003118
1736 2048 1925 2090 1708113111

1090 2119 1257 2160 pompa
1282 2108 1537 2159 componat:
1567 2118 1593 2147 a
1621 2104 1792 2146 cunctis
1816 2117 1923 2147 vero

1091 2163 1376 2216 despicabilis
1431 2163 1644 2207 cernitur,
1702 2166 1747 2203 et
1796 2161 1923 2214 hujus

1089 2220 1242 2262 mundi
1266 2219 1408 2271 gratia
1433 2218 1638 2270 indignus
1665 2218 1923 2260 aestimatur:
1965 2271 1968 2274 Δ

1090 2276 1170 2318 8οἀ
1190 2281 1339 2318 13111011
1353 2280 1456 2317 31110
1474 2274 1638 2316 0003111
1652 2273 1807 2326 judicis
1822 2276 1922 2316 003-

1089 2332 1156 2374 108
1176 2331 1414 2374 virtutibus
1433 2331 1606 2380 emicat,
1633 2331 1736 2373 vitae
1755 2331 1923 2373 meritis

1091 2392 1310 2430 coruscat:
1333 2387 1543 2430 honorari
1559 2387 1732 2436 metuit,
1754 2386 1923 2440 despici

1090 2458 1178 2487 non
1198 2444 1374 2496 refugit:
1396 2457 1557 2496 corpus
1577 2443 1846 2485 continentia
1864 2443 1923 2495 af-

1090 2502 1197 2552 ficit,
1223 2501 1319 2542 sola
1342 2501 1387 2541 in
1407 2500 1553 2541 animo
1574 2499 1811 2541 dilectione
1830 2499 1922 2552 pin·

1089 2557 1274 2609 guescit:
1289 2561 1482 2598 mentem
1498 2569 1672 2608 semper
1686 2555 1743 2597 ad
1758 2556 1922 2608 patien-

1090 2615 1197 2656 tiam
1239 2615 1481 2666 praeparat,
1530 2617 1574 2654 et
1622 2614 1796 2654 erectus
1837 2624 1921 2665 pro

1091 2670 1270 2723 justitia,
1308 2669 1364 2711 de
1392 2668 1617 2721 perceptis
1645 2667 1922 2710 contumeliis

1091 2726 1296 2769 exsultat:
1320 2724 1495 2767 afflictis
1515 2738 1570 2766 ex
1589 2724 1725 2766 corde
1745 2725 1922 2776 compa-
