2040 2990
551 231 652 265 Infra
677 232 967 265 Hebdomadam
996 242 1027 265 V.
1053 238 1142 274 post
1168 233 1433 275 Epiphaniam.

143 330 377 380 discenteS‚
410 334 454 372 et
480 342 717 382 numquam
745 329 801 371 ad
829 329 962 370 scien-

141 387 247 428 tiam
261 387 458 429 veritatis
472 388 786 440 pervenientes.
808 387 963 437 Quem-

142 443 379 485 admodum
406 449 551 485 autem
574 444 598 484 J
601 457 734 485 annes
762 447 806 485 et
830 443 963 484 Mam-

140 499 240 542 bres
274 501 525 542 restiterunt
557 500 716 553 Moysi:
752 500 813 542 ita
846 505 889 541 et
920 499 964 540 hi

141 559 348 599 resistunt
358 557 540 606 veritati,
555 557 753 598 homines
768 557 964 609 corrupti

140 618 296 664 mente,
315 613 494 666 reprobi
513 614 626 655 circa
645 613 788 663 fidem,
809 613 887 655 sed
903 613 963 654 ul-

139 673 208 710 tra
223 683 310 711 non
324 670 570 722 proficient:
586 670 834 723 insipientia
849 670 963 711 enim

141 727 294 767 eorum
311 726 541 768 manifesta
558 727 639 768 erit
654 726 868 776 omnibus,
883 726 962 767 sic-

140 787 188 824 ut
207 787 250 825 et
268 782 441 824 illorum
459 783 550 825 fuit.

190 841 241 893 R.
266 840 473 881 Paratum
492 852 579 881 cor.
597 841 697 881 290.

437 897 587 938 Lectio
610 898 662 937 iii.

220 966 250 994 u
292 958 438 995 autem
474 956 699 995 assecutus
737 967 782 995 es
819 966 961 995 meam

232 1008 490 1060 doctrinam,
509 1011 842 1060 institutionem,
861 1023 960 1063 pro-

137 1066 344 1118 positum,
386 1066 533 1117 fidem,
576 1067 961 1118 longanimitatem,

139 1121 432 1173 dilectionem,
461 1125 732 1177 patientiam,
759 1137 959 1177 perseeu-

137 1178 296 1228 tioneS,
324 1181 568 1232 passiones:
598 1181 742 1233 qualia
769 1181 875 1222 mihi
902 1181 959 1222 fa-

138 1239 209 1277 cta
228 1240 329 1277 sunt
346 1237 611 1287 Antiochiae,
635 1237 788 1287 Iconii,
815 1242 858 1279 et
878 1237 959 1290 Ly-

137 1292 254 1334 stris:
293 1293 443 1345 quales
474 1294 804 1347 persecutiones
836 1297 959 1336 susti-

136 1350 226 1400 nui,
251 1355 294 1392 et
313 1363 368 1392 ex
388 1350 588 1392 omnibus
609 1351 766 1403 eripuit
784 1364 854 1392 me
872 1351 959 1392 Do-

137 1406 290 1448 minus.
329 1407 386 1448 Et
412 1419 580 1457 omnes,
609 1408 683 1460 qui
708 1408 780 1460 pie
808 1407 961 1449 volunt

71 1476 75 1480 ’
137 1464 286 1504 vivere
304 1463 348 1503 in
368 1463 542 1505 Christo
560 1464 584 1505 J
587 1477 675 1514 esu,
693 1464 960 1517 persecutio-

137 1532 237 1560 nem
259 1519 491 1572 patientur.
526 1520 630 1561 Mali
655 1525 799 1562 autem
825 1520 959 1562 homi-

137 1588 214 1617 nes
234 1580 277 1617 et
295 1575 550 1618 seductores
574 1577 807 1630 proficient
825 1578 869 1618 in
887 1590 959 1630 pe—

135 1632 219 1683 jus,
253 1635 466 1684 errantes,
500 1638 544 1675 et
570 1634 614 1674 in
643 1636 837 1676 errorem
864 1634 959 1675 mit-

134 1689 287 1731 tentes.

187 1746 237 1799 R.
264 1746 453 1798 Adjutor
470 1759 605 1789 meus.
628 1747 727 1788 290.

316 1850 501 1887 Feria
536 1851 776 1898 Quinta.

138 1906 297 1959 1ncipit
323 1907 524 1960 Epistola
548 1908 667 1950 beati
694 1907 817 1949 Pauli
841 1908 959 1960 Apo-

369 1964 472 2006 stoli
491 1964 549 2006 ad
567 1964 726 2006 Titum.

239 2024 389 2066 Lectio
410 2026 434 2065 i.
703 2024 804 2077 Cap.
826 2026 853 2064 1.

138 2079 347 2182 .aulus
383 2094 533 2123 servus
570 2082 671 2131 Dei,
714 2081 957 2134 Apostolus

174 2135 209 2162 Μ’
239 2142 385 2178 autem
407 2138 432 2178 J
435 2151 512 2179 esu
535 2138 696 2180 Christi
719 2137 958 2179 secundum

137 2191 269 2234 fidem
301 2193 539 2236 electorum
571 2195 670 2244 Dei,
705 2199 747 2235 et
779 2194 957 2246 agnitio-

135 2261 236 2290 nem
254 2250 465 2301 veritatis,
493 2263 591 2302 quae
611 2250 851 2292 seeundum
870 2250 957 2303 pie-

135 2306 275 2347 tatem.
302 2311 369 2348 est
403 2307 447 2347 in
478 2320 601 2359 spem
634 2308 735 2348 vitae
769 2309 957 2356 aetornae,

137 2373 267 2413 quam
293 2363 495 2415 promisit
523 2364 597 2415 qui
629 2377 717 2405 non
742 2366 958 2413 mentitur,

136 2417 268 2468 Deus,
284 2423 383 2461 ante
397 2421 598 2472 tempora
613 2420 853 2461 saecularia:
871 2433 957 2460 ma-

136 2474 356 2517 nifestavit
387 2480 532 2517 autem
562 2477 833 2529 temporibus
870 2477 957 2517 suis

137 2529 319 2571 verbum
368 2544 494 2578 suum
537 2533 581 2573 in
629 2532 957 2589 praedicatione,

139 2598 237 2637 quae
275 2587 442 2629 credita
479 2593 545 2630 est
580 2588 686 2630 mihi
719 2588 958 2630 secundum

138 2643 408 2694 praeceptum
433 2644 670 2686 Salvatoris
698 2644 837 2686 nostri
860 2644 958 2684 Dei:

138 2697 240 2738 Tito
269 2697 430 2740 dilecto
458 2700 548 2742 filio
577 2701 816 2743 secundum
844 2712 956 2741 com-

137 2757 313 2795 munem
331 2754 474 2805 fidem,
493 2757 643 2807 gratia,
663 2761 707 2798 et
719 2769 807 2809 pax
822 2769 847 2797 a
860 2756 957 2796 Deo

1016 329 1166 377 Patre,
1200 332 1243 369 et
1275 327 1448 369 Christo
1480 328 1582 369 Jesu
1614 328 1839 371 Salvatore

1016 390 1178 427 nostro.

1066 445 1115 496 Ην.
1144 442 1265 483 Deus
1284 441 1327 481 in
1345 445 1400 482 te.
1417 442 1504 481 291.

1322 499 1473 540 Lectio
1494 500 1530 539 ii.

1111 556 1206 607 ujus
1235 555 1298 596 rei
1323 555 1463 606 gratia
1488 554 1643 606 reliqui
1667 559 1711 595 te
1738 555 1836 597 Cre-

1119 617 1187 662 tae,
1206 616 1253 652 ut
1273 624 1324 653 ea
1345 623 1442 663 quae
1460 610 1618 652 desunt
1633 612 1836 662 corrigas,

1017 673 1060 709 et
1079 670 1321 709 constituas
1340 680 1419 720 per
1439 668 1638 709 civitates
1657 667 1835 721 presby-

1015 730 1150 773 terOS‚
1183 725 1295 766 sicut
1327 729 1371 766 et
1404 737 1485 775 ego
1520 724 1716 777 disposui
1747 724 1836 766 tibi.

1015 781 1060 822 Si
1097 781 1194 834 quis
1231 781 1324 823 sine
1365 782 1543 822 crimine
1580 786 1664 830 est,
1710 783 1835 822 unius

1015 838 1164 879 uxoris
1196 838 1278 888 vir,
1317 838 1430 879 filios
1467 837 1632 879 habens
1668 837 1836 887 fideles,

1014 907 1100 935 non
1140 895 1184 935 in
1216 894 1493 936 accusatione
1525 894 1727 943 luxuriae,
1763 899 1836 935 aut

1014 964 1102 992 non
1126 951 1339 993 subditos.
1395 951 1581 1004 Oportet
1609 951 1722 991 enim
1751 954 1836 1003 epi-

1014 1020 1197 1060 scopum
1234 1008 1326 1049 sine
1362 1008 1540 1049 crimine
1574 1020 1688 1057 esse,
1725 1008 1836 1048 sicut

1012 1064 1096 1105 Dei
1112 1064 1475 1117 dispensatorem:
1489 1077 1576 1105 non
1588 1063 1835 1116 superbum,

1013 1133 1100 1162 non
1131 1120 1402 1176 iracundum,
1434 1134 1521 1163 non
1552 1120 1834 1170 vinolentum,

1013 1190 1100 1218 non
1118 1180 1441 1230 percussorem,
1461 1190 1549 1218 non
1568 1177 1708 1229 turpis
1727 1177 1835 1218 lucri

1013 1233 1234 1286 cupidum:
1280 1234 1359 1276 sed
1402 1233 1681 1286 hospitalem,
1718 1233 1833 1274 beni-

1012 1304 1160 1342 gnum,
1187 1291 1396 1341 sobrium,
1424 1292 1598 1343 justum,
1627 1295 1835 1339 sanctum,

1013 1348 1322 1397 continentem,
1355 1347 1690 1400 amplectentem
1723 1359 1835 1396 eum,

1014 1404 1086 1455 qui
1106 1404 1346 1446 secundum
1365 1404 1608 1445 doctrinam
1628 1407 1709 1451 est,
1733 1402 1834 1444 fide-

1012 1460 1098 1501 lem
1132 1463 1391 1502 sermonem:
1426 1465 1473 1502 ut
1497 1464 1656 1513 potens
1685 1459 1741 1500 sit
1766 1472 1835 1500 ex·
1880 1495 1881 1498 ,

1012 1516 1178 1559 hortari
1210 1517 1254 1557 in
1286 1517 1484 1559 doctrina
1514 1529 1634 1565 sana,
1669 1520 1712 1557 et
1744 1528 1835 1566 eos,

1014 1573 1088 1626 qui
1111 1573 1426 1624 contradicunt,
1445 1576 1637 1625 arguere.

1063 1632 1113 1683 Rt-
1140 1629 1393 1683 Repleatur.
1413 1631 1500 1671 291.

1313 1692 1461 1733 Lectio
1484 1694 1537 1733 iii.

1081 1752 1158 1789 unt
1174 1748 1287 1789 enim
1302 1748 1427 1789 multi
1441 1747 1571 1788 etiam
1587 1746 1834 1787 inobedien-

1098 1809 1183 1854 tes,
1214 1804 1454 1856 vaniloqui,
1488 1807 1531 1844 et
1563 1802 1835 1843 seductores:

1010 1860 1199 1902 maixime
1220 1860 1295 1912 qui
1309 1859 1364 1901 de
1380 1858 1706 1901 circumcisione
1721 1862 1834 1899 sunt:

1013 1930 1124 1969 quos
1143 1918 1320 1968 oportet
1339 1915 1555 1966 redargui:
1575 1915 1649 1967 qui
1667 1915 1832 1955 univer-

1011 1987 1081 2015 sas
1118 1973 1273 2015 domos
1310 1972 1585 2020 subvertunt,
1623 1970 1832 2013 docentes

1012 2043 1110 2082 quae
1129 2042 1216 2070 non
1236 2031 1429 2081 oportet,
1454 2028 1594 2080 turpis
1614 2027 1723 2068 lucri
1740 2029 1832 2079 gra-

1010 2087 1081 2127 tia.
1109 2086 1230 2127 Dixit
1250 2084 1427 2138 quidam
1446 2097 1499 2126 ex
1514 2083 1609 2131 illis,
1628 2083 1832 2136 proprius

1009 2142 1205 2195 ipsorum
1223 2141 1456 2194 propheta:
1476 2141 1704 2182 Cretenses
1724 2152 1831 2181 sem-

1009 2211 1089 2251 per
1107 2198 1360 2247 mendaces,
1387 2197 1515 2239 malae
1533 2196 1704 2246 bestiae,
1731 2209 1831 2237 ven-

1009 2259 1098 2296 tres
1130 2254 1253 2307 pigri.
1297 2253 1613 2296 Testimonium
1648 2252 1732 2293 hoc
1763 2264 1831 2293 ve-

1009 2324 1104 2352 rum
1124 2316 1199 2352 est.
1225 2312 1365 2362 Quam
1383 2310 1440 2352 ob
1461 2322 1636 2351 causam
1655 2311 1830 2360 increpa

1008 2366 1107 2408 illos
1127 2366 1250 2416 dure,
1273 2372 1320 2408 ut
1339 2367 1432 2408 sani
1451 2367 1536 2407 sint
1556 2366 1600 2406 in
1618 2364 1720 2414 fide,
1743 2376 1830 2405 non

1008 2422 1282 2464 intendentes
1324 2423 1516 2464 Judaicis
1564 2419 1738 2470 fabulis,
1789 2425 1832 2461 et

1008 2478 1226 2520 mandatis
1270 2479 1495 2520 hominum
1539 2476 1830 2519 aversantium

1009 2547 1056 2576 se
1076 2547 1101 2575 a
1120 2536 1313 2577 veritate.
1350 2535 1506 2577 Omnia
1528 2532 1690 2574 munda
1712 2545 1829 2573 mun-

1010 2590 1091 2632 dis:
1116 2591 1406 2644 coinquinatis
1426 2595 1570 2632 autem
1590 2594 1633 2630 et
1651 2586 1829 2629 infideli-

1008 2645 1090 2688 bus
1109 2646 1215 2687 nihil
1234 2652 1302 2688 est
1319 2647 1540 2689 mundum.

1008 2707 1010 2711 '
1060 2705 1110 2744 R«.
1137 2702 1411 2745 Gaudebunt.
1430 2705 1515 2744 291.
