2080 2990
545 252 613 285 l)ie
641 254 686 285 ll.
714 251 822 285 Febr.

536 351 743 402 Hymnus.

355 417 460 458 atris
481 416 561 457 sub
582 415 709 457 almae
728 414 906 455 mimine

370 474 561 524 Septena
580 471 729 524 proles
749 469 953 517 nascitur,

304 530 408 581 Ipsa
428 530 616 569 vocante
637 526 693 568 ad
713 529 917 578 asperum

302 585 470 627 Senarii
490 583 631 626 tendit
651 582 870 624 verticem.

251 662 371 706 (mos
391 658 509 695 terra
529 653 696 694 fructus
715 650 925 703 proferet,

303 710 419 750 Dum
439 721 564 750 sacra
582 707 731 760 proles
750 704 975 757 germinat,

302 765 409 807 Uvis
428 767 611 817 repente
630 761 816 814 turgidis

309 822 480 863 Onusta
499 820 600 862 vitis
621 820 788 861 edocet.

258 891 428 932 Virtute
448 889 590 931 claros
608 887 745 929 nobili

303 947 423 987 Mors
444 950 595 986 sancta
614 943 728 985 coelo
749 944 978 983 cOnsecrat

303 1003 561 1053 Tenentque
581 999 758 1052 Olympi
776 998 934 1045 limina,

302 1058 426 1099 Servi
444 1057 598 1098 fideles
618 1054 798 1106 Virgini.

252 1131 289 1169 Ο
311 1139 418 1177 gens
435 1127 566 1168 beata
585 1125 755 1177 respice

302 1184 457 1233 Regno
478 1185 620 1234 potita
638 1180 851 1229 Ni'iminis,

303 1240 424 1289 Quos
444 1238 543 1279 hinc
562 1236 773 1279 recedens
792 1235 946 1277 tartari

306 1296 345 1336 A
365 1294 517 1336 fraude
537 1294 707 1335 cinctos
727 1291 904 1334 deseris.

255 1367 367 1415 Ergo
387 1376 466 1416 per
486 1363 612 1404 almae
632 1362 814 1403 vulnera

301 1420 455 1461 Matris
475 1421 681 1469 rogamus
701 1417 940 1470 supplices:

302 1476 462 1517 Mentis
481 1475 687 1516 tenebras
707 1476 874 1522 amove,

303 1532 549 1584 Cordisque
569 1532 727 1572 fluctus
748 1529 999 1581 cemprime.

251 1603 307 1642 Et
328 1606 375 1642 tu
396 1601 585 1652 superna
605 1599 796 1639 Trinitas

303 1655 522 1697 Perfunde
543 1660 696 1696 sancto
716 1654 889 1702 robore,

301 1712 541 1763 Vitamque
560 1711 629 1752 fac
649 1723 737 1751 non
756 1713 969 1762 imparem

302 1767 479 1809 Nostris
498 1767 640 1809 beatis
662 1766 835 1808 ducere.
865 1766 1018 1806 Amen.

468 1850 591 1890 Alius
612 1850 822 1900 Hymnus.

272 1926 406 1978 nclyti
421 1926 587 1974 Patres,
602 1925 892 1976 Dominaeque
906 1923 1057 1965 mundi

297 1982 478 2034 Impigri
498 1982 624 2031 servi,
645 1980 880 2021 famulatus
899 1980 983 2021 iste

276 2038 421 2079 Dicite
441 2051 467 2078 o
489 2037 606 2090 quali
625 2037 755 2078 rutila
774 2038 939 2078 corona

380 2093 476 2134 Vos
495 2092 730 2134 redimivit!

229 2164 382 2206 Noscis
402 2165 457 2206 ad
477 2166 614 2207 coelos
636 2164 783 2206 subito
803 2166 1013 2205 evocatus

283 2220 487 2261 Omnium
518 2221 725 2273 princeps
755 2219 940 2261 celebris
966 2220 1056 2261 Mo—

536 2275 677 2325 ualde,

278 2332 419 2381 Quem
461 2331 544 2372 sibi
584 2337 632 2372 ut
669 2344 819 2372 carum
855 2331 1057 2372 Genitrix
1092 2339 1094 2341 ’

536 2388 741 2438 suprema

380 2443 519 2484 Duxit
538 2442 595 2484 ad
613 2442 808 2484 aethram.

232 2515 384 2566 Tuque
408 2514 478 2555 dic
501 2515 628 2556 nobis
648 2514 920 2566 Bonajuncta
944 2516 1057 2565 felix,

278 2570 362 2619 Qui
408 2569 492 2610 Dei
537 2570 666 2611 funus
710 2572 958 2612 memorans
1001 2572 1057 2614 ad

537 2638 668 2674 aram,

278 2680 394 2721 Dum
414 2681 674 2722 recensebas
694 2682 858 2723 obiisse
877 2682 901 2722 J
904 2695 1026 2723 esum

381 2736 531 2777 Laetus
552 2737 694 2778 obisti.

870 251 937 284 Bb.
966 251 1032 283 Vll
1063 250 1180 283 Fund.
1207 249 1294 283 Ord.
1320 250 1424 283 Serv.
1451 248 1491 282 Β.
1518 247 1563 281 M.
1581 247 1625 280 V.

1111 341 1232 382 lndic
1253 346 1297 382 et
1315 345 1365 382 tu
1383 341 1605 390 Sostenee‚
1625 352 1677 382 ac
1695 340 1877 391 Ugucci,

1160 397 1307 438 Ambo
1329 397 1403 449 qui
1421 409 1445 439 e
1463 397 1594 462 terris
1613 396 1743 438 simul
1759 396 1939 447 emigra-

1161 509 1356 560 Angelos
1376 458 1505 559 inssgs'
1529 508 1767 551 revehente
1791 521 1941 550 secum

1263 565 1445 617 Virgine
1462 568 1708 617 utrumque.

1116 634 1174 671 Te
1193 630 1328 672 modo
1348 630 1495 672 cuncti
1513 632 1720 671 resonent
1734 629 1941 679 Manette,

1161 687 1245 737 Qui
1268 687 1391 728 velut
1415 699 1579 739 cycnus
1604 686 1739 728 cineri
1764 688 1941 739 propin-

1161 799 1378 840 Occinens
1404 756 1591 851 hssiiissos
1616 798 1761 840 alacer
1779 797 1941 848 Mariae,

1265 855 1376 896 Fata
1395 855 1562 897 subisti.

1109 918 1179 959 Sic
1200 918 1397 970 Amidee,
1421 925 1465 962 et
1483 920 1564 962 tibi
1582 919 1864 972 gratulamur,

1164 974 1296 1027 Cujus
1316 976 1522 1018 ardorem
1539 975 1766 1018 morientis
1783 975 1906 1026 ignis,

1161 1030 1296 1072 Visus
1315 1032 1530 1075 effervens
1554 1033 1680 1086 apice
1698 1032 1742 1073 in
1759 1031 1912 1073 Senari

1264 1088 1388 1130 Belle
1406 1089 1604 1142 aperivit.

1112 1156 1235 1196 Nunc
1254 1154 1335 1196 tibi
1353 1153 1476 1194 festis
1494 1153 1686 1195 modulis
1706 1151 1846 1202 Alexi,

1160 1210 1416 1252 Plaudimus
1430 1209 1553 1260 gnari
1567 1221 1709 1262 prope
1723 1208 1826 1250 vitae
1840 1209 1941 1259 ago-

1421 1279 1523 1307 nem

1161 1323 1354 1374 Virginis
1368 1324 1534 1365 Natum
1550 1321 1630 1364 tibi
1645 1319 1943 1363 blandientem

1266 1380 1392 1421 Serta
1411 1379 1600 1421 dedisse.

1110 1443 1174 1484 Sit
1194 1443 1329 1485 decus
1347 1444 1478 1493 Patri,
1497 1442 1714 1496 parilique
1732 1441 1864 1492 Proli,

1161 1499 1348 1540 Flamini
1380 1505 1424 1541 et
1455 1504 1628 1563 sancto,
1659 1497 1944 1550 tribuantque

1161 1611 1364 1653 AEmulos
1388 1554 1550 1652 hggffi?
1571 1610 1666 1652 fieri
1691 1610 1735 1651 in
1760 1608 1945 1652 colenda

1265 1667 1447 1718 Virgine
1467 1665 1580 1708 diva.
1609 1666 1763 1707 Amen.

1163 1722 1214 1772 V.
1243 1727 1538 1768 Exsultabunt
1562 1726 1702 1768 sancti
1725 1727 1769 1766 in
1793 1725 1946 1777 gloria.

1112 1782 1161 1833 R'·
1180 1783 1468 1825 Laetabuntur
1486 1782 1530 1823 in
1549 1781 1766 1824 cubilibus
1786 1781 1888 1822 suis.

1163 1842 1233 1883 Ad
1259 1842 1421 1885 Bened
1446 1844 1545 1884 Ant.
1564 1842 1684 1884 Fecit
1702 1842 1944 1884 misericor-

1110 1898 1228 1940 diam
1259 1899 1354 1939 Dns
1389 1912 1488 1940 cum
1525 1899 1731 1942 Patribus
1766 1897 1945 1940 nostris·

1110 1954 1248 1996 erexit
1272 1955 1400 1997 nobis
1420 1967 1557 1996 cornu
1576 1955 1758 1997 salutis‘
1747 1968 1791 1996 111
1810 1953 1944 1996 domo

1110 2023 1202 2051 suae
1230 2011 1772 2053 Genitr1cis.Serviamus
1798 2010 1872 2052 illi.

1448 2068 1612 2108 Oratio.

1110 2118 1292 2223 Deus,
1316 2123 1392 2175 qui
1409 2122 1466 2165 ad
1484 2121 1764 2165 recolendam
1782 2125 1944 2165 memo-

1206 2180 1316 2220 riam
1335 2179 1540 2221 dolorum
1554 2179 1842 2221 sanctissimae
1855 2184 1945 2221 tuae

1110 2235 1363 2285 Genitricis,
1390 2248 1471 2288 per
1494 2240 1666 2287 septem
1688 2234 1846 2276 beatos
1864 2236 1943 2276 Pa-

1109 2297 1200 2333 tres
1235 2303 1355 2332 nova
1385 2291 1622 2332 Servorum
1653 2292 1745 2342 ejus
1782 2290 1945 2332 familia

1109 2347 1354 2389 Ecclesiam
1381 2351 1502 2387 tuam
1528 2346 1808 2388 foecundasti:
1843 2359 1943 2388 con-

1111 2402 1219 2444 cede
1237 2402 1471 2455 propitius3
1490 2402 1552 2444 ita
1570 2415 1652 2443 nos
1671 2404 1824 2444 eorum
1843 2415 1942 2444 con-

1111 2459 1270 2500 sociari
1298 2457 1490 2507 fletibus,
1522 2463 1570 2499 ut
1597 2458 1874 2510 perfruamur
1901 2462 1946 2499 et

1110 2513 1298 2564 gaudiis:
1317 2513 1401 2564 Qui
1420 2513 1530 2555 vivis
1550 2518 1594 2554 et
1613 2526 1782 2564 regnas.

1270 2571 1355 2613 Vel
1381 2570 1478 2612 haec
1506 2572 1588 2612 alia
1617 2572 1780 2613 Oratio.

1111 2624 1345 2730 Domine
1368 2629 1473 2670 Jesu
1500 2629 1691 2679 Christe,
1720 2629 1795 2682 qui
1820 2630 1864 2670 in
1888 2630 1945 2680 ju-

1215 2699 1316 2736 gem
1339 2685 1596 2726 memoriam
1622 2685 1827 2727 dolorum
1851 2698 1945 2726 san-

1112 2742 1317 2782 ctissimae
1348 2746 1437 2782 tuae
1474 2741 1729 2790 Genitricis,
1769 2753 1851 2793 per
1881 2752 1946 2781 se-
