2040 2990
544 207 644 241 lnfru
671 208 961 242 Hebdomadam
988 211 1035 243 iv.
1062 215 1149 253 post
1176 211 1439 254 Epiphaniam.

341 304 512 340 Feria
542 303 754 340 Tertia.

145 373 300 426 Incipit
323 373 523 426 Epistola
549 372 670 414 beati
693 372 818 413 Pauli
842 372 960 425 Apo-

297 430 399 472 stoli
423 429 479 472 ad
504 428 799 498 Colossenses.

246 514 396 561 Lectio
427 516 449 555 i.
711 517 812 569 Cap.
834 520 861 558 1.

145 593 210 674 N}
221 587 344 628 aulus
380 586 763 685 i}potstplusDJesu
777 585 962 683 tCThris'ti

143 670 207 675 ι
295 657 316 683 r
696 657 711 683 1
856 655 960 683 1mo-

137 655 533 742 theugefrgtzgneas
541 657 655 752 <55qu
672 655 782 740 {tinet
811 699 958 740 Colos-

139 758 208 807 sis,
229 757 391 798 sanctis
412 761 455 798 et
473 756 675 798 fidelibus
695 755 901 797 fratribus
918 756 963 796 in

140 813 312 855 Christo
332 813 356 854 J
358 826 446 854 esu.
480 813 634 854 Gratia
653 812 792 861 vobis,
812 817 855 853 et
874 825 962 864 pax

139 883 164 911 a
173 870 270 911 Deo
280 870 411 911 Patre
424 874 589 919 nostro,
605 874 648 910 et
658 869 848 910 Domino
859 869 882 909 J
886 881 962 910 esu

140 926 326 968 Christo.
380 927 554 968 Gratias
590 926 756 976 agimus
786 926 882 967 Deo
919 930 963 967 et

138 983 259 1024 Patri
288 983 464 1025 Domini
495 983 634 1024 nostri
661 983 684 1023 J
688 995 764 1023 esu
794 982 962 1031 Christi,

139 1052 313 1092 semper
330 1052 412 1092 pro
432 1039 559 1080 vobis
579 1041 770 1080 orantes:
789 1038 962 1080 audien-

138 1100 205 1137 tes
227 1095 359 1138 fidem
379 1100 570 1138 vestram
589 1096 633 1136 in
654 1094 827 1137 Christo
847 1095 871 1135 J
875 1108 962 1145 esu,

141 1157 184 1194 et
220 1152 517 1202 dilectionem,
555 1165 687 1204 quam
718 1151 888 1193 habetis
919 1152 962 1192 in

140 1213 314 1250 sanctos
334 1222 485 1251 omnes
506 1213 689 1261 propter
708 1222 843 1261 spem,
864 1221 962 1260 quae

139 1266 334 1318 reposita
358 1270 425 1308 est
448 1265 574 1307 vobis
598 1266 642 1306 in
668 1265 805 1307 coelis:
832 1278 962 1317 quam

140 1321 322 1364 audistis
340 1323 384 1363 in
402 1322 538 1364 verbo
556 1323 753 1364 veritatis
768 1322 962 1373 Evange-

139 1377 201 1419 lii:
227 1378 346 1431 quod
368 1379 568 1431 pervenit
591 1379 648 1420 ad
668 1391 764 1427 vos,
789 1379 900 1420 sicut
920 1382 964 1420 et

140 1434 184 1475 in
206 1435 411 1476 universo
430 1434 594 1477 mundo
615 1440 696 1485 est,
722 1440 766 1476 et
786 1435 962 1476 fructifi-

141 1495 226 1541 cat,
246 1495 290 1533 et
309 1492 466 1533 crescit
486 1491 598 1534 sicut
615 1492 660 1532 in
678 1491 819 1541 vobis,
839 1505 894 1533 ex
913 1504 964 1533 ea

142 1546 213 1589 die
228 1561 314 1600 qua
328 1548 522 1597 audistis,
539 1553 582 1590 et
597 1548 863 1599 cognovistis
877 1551 963 1599 gra·

140 1603 246 1645 tiam
259 1604 343 1645 Dei
355 1604 399 1645 in
413 1605 607 1654 veritate,
624 1604 735 1646 sicut
750 1604 963 1646 didicistis

141 1659 196 1702 ab
206 1660 414 1713 Epaphra
428 1662 654 1703 carissimo
670 1663 884 1702 conservo
897 1674 964 1702 no-

142 1721 244 1766 stro,
259 1717 335 1768 qui
353 1722 420 1759 est
435 1717 577 1759 fidelis
596 1730 677 1770 pro
697 1717 824 1758 vobis
842 1718 963 1758 mini-

141 1777 230 1814 ster
254 1773 415 1815 Christi
436 1774 459 1814 J
462 1786 555 1824 esu,
582 1774 655 1826 qui
679 1774 809 1815 etiam
830 1775 963 1815 mani·
1023 1778 1050 1826 -ῑ-έῖς

141 1829 315 1870 festavit
332 1830 461 1872 nobis
479 1830 756 1872 dilectionem
771 1835 963 1873 vestram
1022 1828 1050 1863 '2⁷

141 1885 186 1926 in
204 1886 371 1938 spiritu.

191 1961 241 2012 R.
270 1959 463 2001 Auribus
481 1960 670 2013 percipe.
697 1961 791 2001 289.

448 2043 598 2084 Lectio
619 2044 656 2083 ii.

189 2111 272 2154 deo
289 2117 331 2153 et
344 2125 437 2162 nos,
455 2125 508 2154 ex
523 2125 610 2165 qua
625 2112 695 2155 die
710 2112 964 2163 audivimus,

201 2181 289 2210 non
305 2171 526 2210 cessamus
539 2182 621 2222 pro
635 2169 761 2210 vobis
777 2171 963 2219 orantes,

143 2229 186 2266 et
204 2225 477 2277 postulantes
496 2230 545 2267 ut
564 2226 831 2278 impleamini
849 2226 963 2276 agni-

141 2281 260 2322 tione
287 2281 522 2323 voluntatis
551 2283 658 2334 ejus,
687 2283 731 2323 in
758 2282 875 2323 omni
900 2294 962 2323 sa-

142 2337 306 2388 pientia
340 2342 383 2379 et
418 2338 642 2379 intellectu
678 2338 881 2391 spiritali:
916 2343 964 2379 ut

143 2392 371 2435 ambuletis
410 2394 538 2444 digne
571 2395 668 2436 Deo
704 2407 784 2447 per
821 2395 965 2435 omnia

143 2448 381 2500 placentes:
399 2450 442 2490 in
458 2451 575 2491 omni
595 2453 729 2503 opere
747 2450 865 2492 bono
881 2451 964 2491 fru—

145 2505 396 2556 ctificantes,
411 2511 453 2548 et
468 2509 714 2548 crescentes
729 2507 773 2547 in
786 2507 966 2547 scientia

143 2561 242 2602 Dei:
269 2561 312 2602 in
331 2563 449 2603 omni
468 2563 626 2605 virtute
650 2563 882 2604 confortati
902 2575 964 2604 se-

145 2616 335 2658 cundum
365 2619 608 2670 potentiam
635 2619 846 2660 claritatis
875 2620 964 2670 ejus

143 2673 187 2713 in
203 2673 319 2714 omni
336 2674 555 2726 patientia,
576 2680 619 2717 et
637 2675 965 2727 longanimitate

145 2742 244 2772 cum
276 2729 436 2780 gaudio
468 2731 632 2782 gratias
663 2733 841 2783 agentes
868 2732 965 2772 Deo

1011 302 1145 353 Patri,
1173 303 1246 355 qui
1271 303 1425 355 dignos
1446 316 1527 345 nos
1551 304 1653 347 fecit
1675 305 1719 346 in
1739 318 1835 357 par-

1011 363 1101 401 tem
1120 361 1251 402 sortis
1271 362 1521 402 sanctorum
1538 361 1582 401 in
1600 361 1772 402 lumine.

1072 421 1119 471 Rv.
1141 417 1300 459 Statuit
1317 417 1543 459 Dominus.
1570 419 1663 458 289.

1320 476 1469 518 Lectio
1491 478 1542 517 iii.

1096 531 1140 572 ui
1166 530 1324 583 eripuit
1347 543 1427 572 nos
1453 531 1507 572 de
1532 534 1752 583 potestate
1776 536 1836 573 te-

1116 587 1365 636 nebrarum,
1393 592 1436 628 et
1461 587 1682 629 transtulit
1707 588 1750 628 in
1774 601 1836 629 re-

1013 657 1145 695 gnum
1163 643 1261 684 Filii
1286 643 1531 685 dilectionis
1556 657 1661 695 suae,
1686 644 1730 684 in
1750 657 1836 696 quo

1013 700 1224 742 habemus
1256 700 1603 752 redemptionem
1632 713 1710 753 per
1743 703 1836 741 san-

1013 757 1188 808 guinem
1203 758 1302 808 ejus,
1321 757 1622 799 remissionem
1637 759 1837 810 peccato—

1014 827 1126 854 rum:
1153 814 1227 865 qui
1247 819 1314 855 est
1332 814 1477 864 imago
1497 814 1581 855 Dei
1599 813 1838 864 invisibilis,

1014 871 1331 923 primogenitus
1346 871 1484 911 omnis
1498 873 1725 912 creatorae:
1743 873 1839 922 quo-

1014 927 1131 968 niam
1148 928 1192 967 in
1210 928 1307 979 ipso
1324 927 1502 968 condita
1522 932 1621 968 sunt
1635 927 1838 968 universa

1015 984 1058 1024 in
1077 983 1200 1025 coelis
1221 988 1265 1026 et
1282 984 1326 1024 in
1343 988 1475 1034 terra,
1497 983 1696 1032 visibilia,
1716 988 1760 1025 et
1778 984 1838 1024 in-

1015 1040 1218 1090 visibilia,
1246 1041 1338 1081 sive
1363 1040 1546 1090 Throni‚
1576 1041 1666 1081 sive
1692 1040 1838 1081 Domi-

1015 1097 1234 1146 nationes‚
1278 1097 1369 1138 sive
1409 1097 1705 1149 Principatus,
1747 1097 1838 1138 sive

1015 1154 1280 1195 Potestates:
1302 1154 1446 1195 omnia
1464 1166 1543 1205 per
1562 1154 1714 1205 ipsum,
1735 1158 1777 1194 et
1796 1153 1838 1193 in

1015 1210 1114 1262 ipso
1142 1213 1288 1252 creata
1314 1214 1429 1251 sunt:
1458 1215 1501 1251 et
1526 1211 1622 1262 ipse
1649 1214 1715 1250 est
1739 1214 1838 1250 ante

1016 1279 1183 1316 omnes,
1211 1272 1254 1308 et
1276 1267 1420 1308 omnia
1442 1267 1485 1307 in
1506 1266 1603 1318 ipso
1626 1270 1838 1307 constant.

1015 1324 1071 1364 Et
1098 1324 1192 1376 ipse
1222 1328 1287 1365 est
1315 1328 1446 1376 caput
1474 1323 1671 1375 corporis
1691 1322 1838 1363 Eccle-

1016 1380 1102 1429 siae,
1120 1381 1193 1432 qui
1208 1384 1275 1422 est
1289 1380 1560 1432 principium,
1579 1379 1838 1431 primogeni-

1015 1441 1085 1477 tus
1106 1449 1160 1478 ex
1178 1436 1373 1477 mortuis.

1067 1495 1117 1545 R.
1144 1494 1238 1545 Ego
1260 1492 1360 1534 dixi.
1387 1493 1486 1533 290.

1229 1605 1389 1641 Feria
1414 1606 1626 1653 Quarta.

1081 1665 1146 1703 De
1174 1661 1373 1714 Epistola
1401 1661 1457 1703 ad
1486 1661 1777 1703 Colossenses.

1119 1722 1271 1762 Lectio
1299 1722 1321 1760 i.
1444 1726 1534 1768 Cap.
1552 1726 1580 1758 3-1.
1605 1726 1634 1758 b.
1654 1732 1689 1758 et
1705 1727 1733 1758 4.

1085 1775 1254 1816 nduite
1269 1788 1347 1816 vos
1362 1787 1465 1825 ergo
1481 1774 1593 1815 sicut
1609 1773 1838 1821 electiDei,

1121 1831 1260 1873 sancti
1280 1836 1323 1872 et
1342 1831 1504 1880 dilecti,
1528 1832 1696 1871 viscera
1714 1829 1838 1869 mise-

1016 1887 1238 1938 ricordiae,
1266 1887 1596 1938 benignitatem,
1623 1885 1838 1926 humilita-

1016 1949 1121 1993 tem,
1145 1943 1420 1993 modestiam,
1444 1942 1714 1995 patientiam:
1740 1954 1837 1993 sup-

1016 2002 1243 2053 portantes
1262 2000 1457 2049 invicem,
1478 2004 1521 2041 et
1538 1998 1750 2040 donantes
1765 2010 1837 2039 vo-

1016 2057 1281 2109 bismetipsis
1317 2057 1354 2097 si
1392 2056 1487 2108 quis
1524 2054 1733 2096 adversus
1765 2053 1838 2095 ali-

1018 2126 1147 2165 quem
1187 2112 1319 2154 habet
1360 2111 1600 2164 querelam:
1643 2111 1755 2152 sicut
1795 2115 1838 2151 et

1017 2169 1229 2210 Dominus
1249 2168 1430 2210 donavit
1448 2167 1588 2217 vobis,
1608 2167 1668 2208 ita
1686 2171 1730 2208 et
1748 2179 1838 2207 vos.

1017 2226 1156 2277 Super
1171 2225 1316 2266 omnia
1330 2229 1474 2266 autem
1488 2224 1594 2273 haec‚
1612 2223 1838 2265 caritatem

1016 2281 1192 2331 habete,
1223 2281 1342 2333 quod
1367 2286 1434 2322 est
1459 2280 1675 2323 vinculum
1701 2278 1837 2331 perfe-

1019 2338 1189 2379 ctionis:
1218 2343 1262 2379 et
1287 2350 1375 2390 pax
1399 2337 1558 2378 Christi
1585 2335 1770 2377 exsaltet
1794 2334 1838 2374 in

1018 2393 1224 2435 cordibus
1248 2394 1423 2444 vestris,
1450 2394 1494 2434 in
1519 2405 1604 2445 qua
1626 2396 1669 2433 et
1691 2390 1838 2431 vocati

1018 2450 1123 2491 estis
1134 2451 1179 2491 in
1189 2463 1276 2492 uno
1290 2453 1489 2503 corpore:
1505 2454 1548 2490 et
1560 2448 1674 2499 grati
1686 2449 1837 2489 estote.

1067 2509 1116 2560 R'·
1145 2507 1214 2549 Ne
1232 2506 1485 2560 perdideris.
1512 2507 1611 2546 290.

1323 2564 1472 2604 Lectio
1493 2565 1530 2604 ii.

1012 2615 1260 2722 Verbum
1279 2619 1439 2661 Christi
1458 2618 1627 2659 habitet
1647 2617 1690 2657 in
1711 2614 1836 2657 vobis

999 2707 1002 2711 -
1125 2676 1410 2725 abundanter,
1425 2675 1468 2715 in
1484 2674 1601 2716 omni
1616 2671 1835 2725 sapientia,
1855 2672 1861 2685 ‘

1017 2731 1238 2782 docenteS,
1255 2737 1298 2774 et
1312 2733 1637 2774 commonentes
1652 2731 1835 2770 vosmet-
