2080 2990
777 256 988 291 Commune
1012 256 1125 290 unius
1151 256 1341 299 Martyris.

254 360 304 411 Rz.
333 358 395 399 br.
442 358 602 409 Magna
630 359 697 398 est
724 355 865 407 gloria
892 356 984 407 ejus
1005 360 1027 384 *

206 415 257 455 In
289 414 469 456 salutari
500 419 589 455 tuo.
628 413 799 463 Magna.
841 410 886 461 V.
932 411 1034 453 Glo-

205 470 315 511 riam
343 475 387 512 et
418 482 625 522 magnum
658 469 865 511 decorem
896 468 1034 520 impo-

205 539 284 568 nes
312 539 446 580 super
474 539 584 567 eum.
624 527 686 566 In.
722 523 877 566 Gloria
903 523 1035 564 Patri.

205 582 375 634 Magna.

252 647 302 699 V.
357 651 507 693 Justus
556 656 605 692 ut
654 649 801 703 palma
846 648 1035 689 florebit.

201 710 251 762 R.
291 707 413 749 Sicut
449 707 607 750 cedrus
639 705 795 747 Libani
831 704 1035 756 multipli-

206 763 389 805 cabitur.

408 858 470 899 In
495 858 558 899 11.
577 855 830 906 vesperis.

250 934 490 978 Antiphonae
502 939 503 942 ’
515 934 562 969 de
586 934 797 970 Laudibus.
828 934 898 977 [29]

252 986 398 1021 Psalmi
427 991 469 1021 ut
498 986 537 1021 in
564 986 591 1021 1.
619 986 806 1031 Vesperis
837 986 883 1021 de
916 987 1027 1021 Com-

199 1036 305 1069 muni
329 1035 465 1079 Apost.
498 1035 546 1078 [2]
564 1039 601 1070 et
624 1037 712 1071 loco
737 1036 860 1070 ultimi

458 1110 657 1151 Psalmus
684 1111 764 1150 115.

200 1171 442 1279 Credidi,
481 1181 667 1230 propter
702 1175 821 1228 quod
858 1175 1033 1217 locutus

298 1247 409 1275 sum:
435 1234 459 1260 *
488 1246 570 1285 ego
604 1237 750 1274 autem
781 1231 1033 1272 humiliatus

205 1303 302 1332 sum
327 1291 466 1331 nimis.

255 1351 350 1402 Ego
378 1350 470 1392 dixi
495 1350 539 1390 in
568 1349 753 1390 excessu
779 1359 896 1388 meo:
925 1347 949 1372 *
977 1347 1032 1387 O-

203 1407 316 1447 mnis
332 1406 467 1448 homo
483 1404 684 1447 mendax.

256 1466 373 1517 Quid
399 1466 639 1508 retribuam
664 1464 872 1514 Domino,
899 1464 923 1489 *
950 1477 1032 1516 pro

205 1522 416 1573 omnibus,
446 1535 544 1575 quae
560 1520 762 1563 retribuit
777 1519 905 1561 mihi?

256 1582 448 1624 Calicem
472 1581 675 1624 salutaris
699 1581 925 1633 accipiam:
944 1582 968 1607 *
990 1586 1034 1623 et

202 1651 363 1681 nomen
381 1638 560 1680 Domini
578 1637 807 1679 invocabo.

254 1699 375 1741 Vota
405 1711 503 1740 mea
526 1697 718 1740 Domino
750 1696 936 1739 reddam
963 1710 1032 1739 co-

124 1750 127 1752 *
203 1767 298 1797 ram
326 1755 445 1797 omni
470 1754 638 1808 pupulo
667 1754 774 1805 ejus:
792 1754 816 1779 *
838 1754 1034 1806 pretiosa

203 1811 248 1852 in
267 1813 509 1865 conspectu
526 1810 705 1852 Dumini
722 1822 843 1851 mors
863 1812 1032 1852 sancto-

202 1880 301 1909 rum
320 1869 426 1920 eius:

256 1928 294 1970 O
313 1928 502 1970 Domine
523 1926 625 1980 quia
643 1938 725 1978 ego
746 1938 899 1967 servus
918 1931 1033 1967 tuus:

203 1984 228 2010 *¹
247 1997 329 2035 ego
350 1996 502 2026 servus
520 1988 637 2033 tuuS‚
665 1987 711 2024 et
729 1981 844 2023 filius
863 1981 1032 2023 ancsslae

202 2044 303 2082 tuae.

254 2099 472 2153 Dirupisti
490 2098 663 2141 vincula
681 2111 794 2140 mea:
817 2097 841 2124 *
863 2097 944 2139 tibi
968 2111 1033 2139 sa-

205 2156 411 2199 crificabo
429 2156 619 2198 hostiam
637 2154 790 2204 laudis,
810 2158 855 2196 et
872 2166 1033 2196 nomen

166 2216 173 2223 ’
204 2213 383 2254 1)όωίΠί
400 2211 630 2254 invocabo.

256 2273 376 2315 Vota
409 2285 510 2314 mea
540 2272 733 2313 Domino
769 2270 954 2312 reddam
989 2271 1033 2311 in

205 2331 445 2381 conspectu
477 2328 627 2370 -omnis
668 2327 823 2380 pepuli
865 2328 975 2378 ejus:
1009 2327 1033 2352 *

204 2384 249 2424 in
276 2384 398 2426 atriis
427 2384 584 2426 domus
602 2383 791 2433 Domni,
819 2383 863 2424 in
886 2382 1033 2424 medio

205 2440 269 2482 tui
294 2440 550 2482 Jerusalem.

307 2517 564 2570 Capitulum.
738 2519 760 2559 J
765 2531 825 2559 ac.
841 2519 870 2558 1.
884 2518 924 2558 b.

202 2587 414 2693 Beatus
441 2598 523 2648 vir,
554 2599 628 2651 qui
655 2598 809 2640 suffert
832 2597 1033 2640 tentatio-
1090 2613 1097 2626 ¹-
1124 2602 1165 2637 (μζ
1181 2606 1194 2632 1

314 2666 430 2695 nem:
458 2654 665 2706 quoniam
691 2667 792 2696 cum
818 2653 1034 2706 probatus

207 2709 348 2760 fuerit,
359 2709 546 2762 accipiet
556 2712 767 2751 coronam
777 2710 890 2758 vitae,
903 2721 1034 2761 quam

206 2765 458 2818 repromisit
476 2766 598 2807 Deus
618 2765 899 2817 diligentibus
918 2777 976 2806 se.

1847 262 1916 307 [31]

1396 365 1604 415 Hymnus.

1200 441 1277 470 eus
1295 432 1471 471 tuorum
1498 431 1684 473 militum

1224 486 1341 536 Sors,
1362 492 1405 528 et
1425 490 1599 537 corona,
1618 489 1859 540 praemium,

1164 542 1340 584 Laudes
1360 545 1566 585 canentes
1586 545 1792 596 Martyris

1164 597 1361 640 Abs61ve
1381 612 1497 640 nexu
1518 600 1719 641 criminis.

1112 674 1197 716 Hic
1214 688 1374 728 nempe
1393 676 1545 717 mundi
1563 676 1734 727 gaudia,

1165 731 1222 773 Et
1238 731 1403 774 blanda
1422 733 1626 774 fraudum
1645 733 1808 785 pabula

1163 787 1340 829 Imbuta
1358 788 1460 830 felle
1480 789 1709 842 deputans,

1162 843 1368 886 Pervenit
1386 845 1443 886 ad
1463 845 1671 887 coelestia.

1116 918 1273 961 Poenas
1292 922 1484 963 cucurrit
1503 922 1686 972 fortiter,

1164 976 1221 1017 Et
1241 978 1417 1019 sustulit
1436 978 1629 1028 viriliter⁷

1164 1032 1458 1086 Fundensque
1476 1047 1559 1087 pro
1583 1039 1628 1076 te
1651 1036 1916 1087 sanguinem,

1162 1089 1348 1131 AEterna
1367 1090 1484 1132 dona
1502 1090 1713 1143 possidet.

1112 1165 1182 1206 Ob
1202 1165 1288 1206 hoc
1306 1168 1490 1218 precatu
1510 1167 1699 1220 supplici

1162 1221 1227 1262 Te
1246 1222 1483 1274 poscimus,
1510 1223 1723 1275 piissime3

1163 1278 1214 1317 In
1240 1277 1326 1319 hoc
1345 1278 1569 1331 triumpho
1589 1279 1794 1331 Martyris

1163 1334 1346 1375 Dimitte
1364 1347 1527 1376 noxam
1546 1336 1741 1377 servulis.

1111 1410 1229 1452 Laus
1250 1415 1293 1452 et
1311 1411 1515 1463 perennis
1532 1412 1674 1462 gloria

1162 1467 1282 1508 Patri
1301 1468 1368 1518 sit,
1388 1472 1521 1520 atque
1540 1468 1663 1518 Filio,

1162 1524 1323 1565 Sancto
1345 1524 1473 1579 simul
1490 1524 1722 1574 Paraclito,

1163 1580 1215 1620 In
1234 1579 1501 1632 sempiterna
1521 1580 1694 1622 saecula.
1735 1580 1889 1621 Amen.

1137 1645 1186 1696 V.
1235 1648 1386 1689 Justus
1435 1653 1484 1689 ut
1533 1648 1680 1701 palma
1729 1648 1915 1690 florebit.

1084 1704 1295 1802 ἓέῦἰὸὧοὲῒ
1331 1703 1490 1746 cedrus
1522 1704 1678 1746 Libani
1710 1704 1915 1757 multipli-

1141 1830 1209 1871 Ad
1228 1832 1402 1881 Magnis.
1428 1831 1527 1871 Ant.
1548 1829 1636 1878 Qui
1655 1828 1748 1870 vult
1766 1831 1915 1870 venire

1084 1890 1188 1937 post
1220 1898 1306 1935 me,
1336 1886 1359 1910 *
1398 1885 1587 1935 abneget
1619 1887 1915 1937 semetipsum,

1086 1946 1130 1982 et
1156 1941 1284 1982 tollat
1311 1953 1488 1982 crucem
1514 1953 1651 1991 suam,
1689 1946 1734 1982 et
1762 1943 1915 1993 sequa-

1084 2001 1155 2038 tur
1182 2010 1264 2038 me.

1291 2055 1708 2084 βψ*

1292 2137 1421 2180 Αῌεθ
1448 2138 1710 2180 Lectiones

1183 2214 1300 2253 pro
1342 2214 1464 2243 uno
1503 2202 1811 2252 Martyre.

1306 2284 1356 2323 In
1382 2284 1434 2323 11.
1462 2284 1685 2324 Nocturno.

1083 2350 1152 2392 De
1179 2350 1469 2403 Expositione
1497 2351 1537 2392 S.
1564 2350 1787 2392 Ambrosii
1815 2349 1914 2402 Epi-

1133 2407 1258 2459 scopi
1277 2406 1322 2447 in
1339 2406 1564 2447 Psalmum
1582 2406 1869 2448 centesimum

1274 2461 1492 2504 decimum
1513 2464 1729 2504 octavum.

1190 2527 1342 2570 Lectio
1363 2528 1416 2568 iv.
1551 2532 1733 2566 Sermone
1755 2531 1806 2565 21.

1130 2640 1138 2648 ..
1193 2597 1424 2655 rincipes
1457 2596 1679 2650 persecuti
1713 2600 1814 2636 sunt
1845 2606 1914 2634 me

1135 2652 1146 2655 ”’
1178 2662 1188 2679 ·’
1216 2653 1367 2703 gratis:
1395 2657 1438 2694 et
1462 2666 1487 2694 a
1506 2651 1652 2693 verbis
1675 2651 1764 2692 tuis
1785 2650 1913 2701 trepi-

1218 2708 1339 2750 davit
1370 2721 1449 2750 cor
1478 2721 1636 2749 meum.
1678 2707 1798 2748 Bene
1829 2705 1914 2745 hoc

1128 2681 1195 2723 ..³3:321

1086 2764 1253 2816 Martyr
1278 2765 1402 2814 dicit,
1440 2763 1562 2816 quod
1586 2763 1744 2814 injuste
1769 2773 1914 2813 perse-
