2080 2990
807 239 1014 271 Commune
1040 237 1327 280 Apostohirum.

267 338 372 380 Dies
404 337 490 379 diei
522 340 692 379 eructat
723 336 922 386 verbum,
946 337 970 362 *
999 341 1043 378 et

215 408 303 437 nox
321 394 440 436 nocti
458 393 621 435 indicat
639 394 874 435 scientiam.

265 456 367 497 Non
386 460 487 497 sunt
504 455 704 509 loquelae,
723 468 865 507 neque
881 455 1041 496 sermo-

214 525 308 562 nes,
333 513 356 539 *
381 525 566 565 quorum
595 526 683 554 non
711 512 941 554 audiantur
968 523 1041 552 vo-

215 582 288 610 ces
309 570 471 610 eorum.

266 631 317 671 In
349 642 523 671 omnem
555 634 717 671 terram
746 629 880 670 exivit
908 641 1041 670 sonus

216 688 382 728 eorum:
413 687 436 711 *
470 691 514 727 et
544 686 587 727 in
620 687 729 728 fines
761 685 880 727 orbis
911 690 1041 727 terrae

215 743 349 785 verba
369 744 531 784 eorum.

266 805 317 845 In
342 803 434 845 sole
456 803 604 856 posuit
626 802 955 844 tabernaculum
975 815 1041 843 su-

215 874 307 901 um:
338 862 362 886 *
394 865 437 902 et
467 860 562 912 ipse
598 863 822 912 tamquam
854 872 1042 912 sponsus

215 916 459 970 procedens
479 915 534 957 de
552 915 745 957 thalamo
766 928 861 957 suo:

267 977 514 1019 Exsultavit
545 981 594 1017 ut
624 976 747 1027 gigas
782 976 838 1018 ad
870 979 1041 1018 curren-

216 1033 317 1075 dam
336 1035 465 1083 viam,
484 1034 508 1059 *
527 1046 552 1074 a
571 1046 741 1074 summo
765 1033 879 1075 coelo
901 1036 1041 1085 egres-

217 1091 282 1132 sio
302 1091 408 1143 ejus:

266 1152 323 1193 Et
348 1154 557 1193 occursus
582 1151 672 1202 ejus
695 1163 834 1203 usque
854 1150 910 1192 ad
930 1164 1042 1192 sum-

215 1222 334 1250 mum
349 1209 453 1260 ejus:
471 1208 495 1233 *
514 1220 595 1248 nec
615 1212 682 1248 est
703 1208 776 1259 qui
795 1220 842 1248 se
861 1207 1042 1249 abscon-

215 1264 291 1306 dat
310 1278 335 1306 a
354 1265 499 1306 calore
519 1265 620 1316 ejus.

264 1326 358 1368 Lex
371 1325 549 1367 Domini
566 1324 844 1366 immaculata
864 1328 1041 1367 conver-

214 1387 311 1424 tens
330 1383 510 1424 animas:
520 1382 543 1407 *
554 1381 850 1423 testimonium
866 1382 1043 1423 Domini

214 1439 363 1489 fidele,
400 1438 657 1491 sapientiam
694 1443 909 1490 praestans
945 1441 1041 1491 par-

214 1495 337 1536 vulis.

265 1557 291 1597 J
291 1556 452 1598 ustitiae
466 1557 644 1598 Domini
658 1562 802 1606 rectae,
820 1556 1041 1597 laetifican-

214 1617 281 1654 tes
318 1612 469 1655 corda:
501 1614 524 1639 *
556 1615 829 1667 praeceptum
865 1613 1043 1654 Domini

214 1668 421 1720 lucidum3
439 1669 685 1712 illuminans
706 1669 869 1711 oculos.

265 1730 418 1772 Timor
443 1731 622 1772 Domini
649 1736 840 1780 sanctus,
873 1732 1040 1783 perma-

213 1799 320 1828 nens
347 1787 391 1827 in
419 1787 627 1828 saeculum
656 1787 819 1829 saeculi:
837 1787 861 1813 *
884 1786 1042 1839 judicia

213 1843 391 1884 Domini
415 1856 536 1893 vera,
563 1844 795 1895 justificata
817 1844 861 1884 in
887 1848 1041 1886 semet-

213 1901 320 1952 ipsa.

264 1959 582 2002 Desiderabilia
602 1973 732 2013 super
751 1973 905 2002 aurum
922 1966 966 2003 et
982 1961 1040 2002 la-

213 2016 361 2069 pidem
379 2017 621 2069 pretiosum
639 2017 837 2058 multum:
852 2018 876 2043 *
892 2022 935 2059 et
950 2017 1040 2059 dul-

215 2073 334 2114 ciora
353 2086 485 2126 super
503 2074 589 2115 mel
609 2078 652 2115 et
671 2073 827 2114 favum.

225 2148 231 2153 ·
266 2135 438 2176 Etenim
462 2148 614 2176 servus
637 2139 738 2176 tuus
763 2135 955 2177 custodit
979 2149 1040 2185 ea,

213 2190 238 2216 *
273 2191 317 2232 in
354 2190 651 2233 custodiendis
687 2191 771 2233 illis
811 2191 1040 2234 retributio

214 2247 361 2289 multa.

266 2308 439 2351 Delicta
459 2309 556 2362 quis
574 2307 795 2360 intelligit?
823 2309 877 2351 ab
898 2309 1040 2351 occul-

215 2363 270 2405 tis
287 2365 395 2407 meis
418 2365 581 2408 munda
598 2378 683 2406 me:
701 2366 725 2391 *
745 2371 788 2408 et
811 2365 866 2407 ab
891 2366 1041 2407 alienis

215 2433 348 2472 parce
366 2434 494 2464 servo
513 2427 601 2464 tuo.

266 2482 311 2524 Si
324 2483 409 2525 mei
423 2497 511 2525 non
525 2485 685 2527 faerint
701 2484 922 2533 dominati,
937 2489 1040 2525 tunc

215 2539 517 2582 immaculatus
541 2555 633 2583 ero:
652 2542 676 2568 *
700 2546 744 2583 et
769 2540 1040 2583 emundabor

215 2608 240 2635 a
260 2594 420 2637 delicto
439 2598 640 2640 maximo.

267 2657 324 2697 Et
343 2662 468 2698 erunt
486 2663 534 2699 ut
548 2659 852 2711 complaceant
867 2658 1040 2710 eloquia

216 2713 303 2754 oris
322 2713 422 2754 mei:
440 2714 463 2739 *
484 2718 527 2755 et
545 2714 770 2757 meditatio
791 2714 935 2756 cordis
953 2715 1039 2755 mei

215 2769 258 2809 in
278 2771 517 2822 conspectu
535 2775 612 2812 tuo
632 2784 816 2824 semper.

1145 336 1332 377 Domine
1357 336 1528 388 adjutor
1551 351 1689 387 meus,
1709 339 1732 363 *
1757 342 1800 379 et
1824 337 1919 378 red-

1095 394 1267 445 emptor
1286 406 1420 435 meus.

1108 452 1112 458 '
1148 459 1183 496 A
1191 464 1246 498 nt.
1270 459 1315 498 In
1333 471 1506 500 omnem
1522 464 1685 500 terram
1701 460 1836 501 exivit
1852 473 1919 501 so-

1094 527 1175 555 nus
1195 516 1364 565 eorum,
1393 520 1437 557 et
1456 516 1500 555 in
1518 516 1628 557 fines
1647 516 1768 557 orbis
1788 522 1919 558 terrae

1094 571 1231 612 verba
1251 573 1414 613 eorum.

1150 640 1245 679 Ant.
1272 638 1583 678 (Ilamaverunt
1602 638 1714 689 justi,
1727 639 1750 662 *
1771 643 1814 679 et
1834 638 1919 679 Do-

1092 694 1237 735 minus
1260 694 1486 737 exaudivit
1505 707 1594 735 eos.

1369 777 1562 817 psalmus
1585 778 1647 815 33.

1095 842 1400 946 Benedicam
1436 851 1673 892 Dominum
1719 852 1763 892 in
1804 852 1921 893 omni

1189 910 1407 961 tempore:
1426 909 1450 934 *
1469 921 1643 960 semper
1658 908 1753 950 laus
1769 909 1859 960 ejus
1878 909 1922 949 in

1096 978 1172 1006 ore
1190 978 1302 1006 meo.

1146 1023 1197 1062 In
1204 1022 1394 1063 Domino
1405 1021 1653 1063 laudabitur
1665 1022 1807 1063 anima
1813 1035 1923 1063 mea:

1095 1079 1117 1104 *
1137 1078 1315 1120 audiant
1333 1079 1558 1128 mansueti,
1579 1084 1622 1120 et
1641 1078 1852 1120 laetentur.

1146 1135 1423 1186 Magnificate
1438 1135 1674 1176 Dominum
1692 1148 1879 1177 mecum:
1898 1135 1922 1160 *

1095 1196 1138 1233 et
1149 1191 1388 1233 exaltemus
1399 1204 1558 1233 nomen
1567 1193 1656 1243 ejus
1667 1192 1711 1232 in
1722 1191 1921 1244 idipsum.

1146 1249 1372 1301 Exquisivi
1382 1249 1629 1298 Dominum,
1645 1254 1688 1290 et
1701 1248 1923 1290 exaudivit

1094 1318 1163 1346 me
1174 1322 1181 1345 :
1191 1306 1215 1331 *
1227 1310 1270 1346 et
1285 1319 1339 1346 ex
1355 1304 1554 1346 omnibus
1570 1305 1920 1347 tribulationibus

1094 1362 1202 1403 meis
1222 1362 1382 1414 eripuit
1400 1374 1481 1403 me.

1146 1418 1357 1460 Accedite
1394 1418 1450 1460 ad
1482 1431 1599 1469 eum,
1638 1423 1681 1459 et
1712 1418 1920 1460 illumina-

1093 1475 1215 1515 mini:
1242 1475 1265 1500 *
1295 1480 1338 1517 et
1366 1475 1498 1516 facies
1518 1479 1676 1516 vestrae
1705 1488 1793 1516 non
1821 1488 1920 1516 con-

1093 1531 1338 1573 fundentur.

1146 1588 1236 1630 Iste
1246 1601 1414 1641 pauper
1429 1588 1642 1638 clamavit,
1654 1593 1697 1629 et
1707 1588 1921 1629 Dominus

1094 1644 1317 1686 exaudivit
1332 1657 1446 1686 eum:
1461 1645 1484 1670 *
1499 1649 1543 1686 et
1558 1644 1613 1686 de
1630 1645 1830 1686 omnibus
1850 1645 1921 1686 tri-

1093 1700 1387 1743 bulationibus
1408 1702 1497 1753 ejus
1518 1701 1702 1742 salvavit
1722 1714 1831 1742 eum.

1145 1759 1356 1799 Immittet
1370 1757 1565 1808 Angelus
1584 1758 1761 1798 Domini
1780 1758 1823 1797 in
1843 1758 1920 1798 cir-

1094 1814 1461 1856 cuitutimentium
1469 1814 1663 1855 eum:*et
1671 1814 1920 1866 eripieteos.

1146 1871 1330 1912 Gustate
1345 1875 1388 1912 et
1398 1870 1543 1912 videte
1559 1870 1764 1922 quoniam
1775 1871 1919 1911 suavis

1094 1932 1161 1968 est
1175 1927 1407 1968 Dominus:
1426 1927 1449 1951 *
1468 1926 1624 1968 beatus
1638 1926 1713 1976 vir,
1735 1927 1808 1979 qui
1824 1939 1918 1979 spe-

1093 1988 1162 2024 rat
1180 1983 1222 2023 in
1243 1996 1307 2025 eo.

1145 2040 1315 2081 Timete
1339 2040 1574 2081 Dominum
1599 2052 1751 2081 omnes
1779 2040 1919 2081 sancti

1094 2096 1200 2147 ejus:
1242 2097 1265 2122 *
1304 2097 1508 2148 quoniam
1544 2109 1633 2137 non
1669 2101 1736 2137 est
1771 2096 1919 2149 inopia

1092 2151 1344 2194 timentibus
1364 2165 1474 2194 eum.

1144 2208 1313 2250 Divites
1343 2211 1555 2260 eguerunt
1585 2213 1628 2250 et
1656 2209 1918 2250 esurierunt:

1092 2265 1116 2290 *
1135 2264 1402 2317 inquirentes
1418 2270 1564 2307 autem
1579 2263 1814 2306 Dominum
1830 2278 1917 2306 non

1092 2321 1339 2363 minuentur
1359 2322 1477 2363 omni
1495 2321 1624 2363 bono.

1143 2377 1303 2419 Venite
1319 2378 1406 2428 filii,
1421 2377 1570 2420 audite
1579 2391 1664 2419 me:
1678 2378 1701 2403 *
1717 2378 1917 2419 timorem

1092 2433 1269 2474 Domini
1288 2433 1458 2476 docebo
1478 2447 1568 2476 vos.

1145 2491 1251 2540 Quis
1272 2495 1339 2532 est
1357 2491 1489 2532 homo
1514 2491 1587 2543 qui
1611 2490 1703 2532 vult
1722 2490 1873 2532 vitam:
1892 2490 1915 2515 *

1093 2546 1232 2597 diligit
1251 2546 1343 2589 dies
1362 2547 1512 2589 videre
1530 2546 1698 2588 bonos?

1142 2603 1332 2645 Prohibe
1352 2603 1543 2655 linguam
1557 2610 1676 2644 tuam
1696 2616 1720 2644 a
1739 2602 1872 2643 malo:
1891 2602 1914 2627 *

1092 2664 1135 2700 et
1153 2659 1269 2701 labia
1287 2664 1362 2701 tua
1381 2673 1436 2701 ne
1454 2659 1689 2711 loquantur
1708 2658 1867 2700 dolum.

1093 2771 1102 2779 .
1142 2715 1323 2757 Diverte
1347 2729 1372 2757 a
1390 2715 1522 2765 malo,
1543 2720 1587 2756 et
1604 2715 1673 2756 fac
1690 2714 1871 2756 bonum:
1890 2713 1913 2738 *

1090 2774 1260 2823 mquire
1279 2785 1444 2824 pacem,
1465 2776 1509 2813 et
1523 2773 1787 2823 persequere
1807 2781 1913 2810 eam.
