2080 2990
204 207 274 252 [14]

205 308 367 347 ruinas:
404 304 428 330 *
465 304 781 357 conquassabit
814 305 960 358 capita
995 305 1036 346 in

206 368 323 404 terra
342 360 591 403 multorum.

255 419 324 460 De
348 420 545 460 torrente
570 418 614 459 in
639 418 709 459 via
729 417 869 460 bibet:
887 418 911 444 *
937 430 1036 471 pro·

204 477 358 528 pterea
378 474 589 517 exaltabit
608 479 751 528 caput.

258 536 356 573 Ant.
401 532 571 574 Juravit
602 532 837 581 Dominus,
873 536 917 573 et
949 543 1037 572 non

204 587 438 641 poenite'bit
458 601 571 630 eum:
599 589 670 631 Tu
693 601 741 631 es
766 587 975 630 sacerdos
994 588 1037 629 in

204 646 430 688 aetornum.

258 706 357 746 Ant.
399 702 600 745 Colloeet
633 715 732 744 eum
764 702 788 727 *
820 701 1037 743 Dominus

206 772 306 801 eum
325 758 598 812 principibus
618 758 772 812 populi
791 758 867 799 sui.

470 821 668 863 l's'llmus
689 823 765 862 112.

257 873 418 915 audate
450 872 577 926 pueri
609 872 862 913 Dominum:
894 871 918 898 *
949 871 1037 912 lau-

310 930 411 972 date
430 942 591 971 nomen
610 929 799 970 Domini.

255 987 320 1029 Sit
339 999 499 1028 nomen
512 986 692 1028 Domini
710 984 1003 1035 benedictum,
1013 986 1037 1011 *

204 1057 258 1086 ex
277 1044 363 1085 hoc
382 1056 508 1093 nunc,
530 1048 574 1085 et
592 1055 733 1096 usque
751 1043 796 1084 in
815 1042 1038 1084 saeculum.

255 1101 296 1142 A
317 1100 424 1142 solis
441 1105 541 1142 ortu
557 1113 696 1152 usque
712 1099 769 1141 ad
785 1100 1037 1149 occasumst‘

203 1157 424 1200 laudabile
443 1170 604 1199 nomen
623 1156 814 1198 Domini.

255 1214 468 1256 Excelsus
509 1227 642 1267 super
679 1226 832 1255 omnes
870 1214 1037 1255 Gentes

203 1272 436 1322 Dominus,
455 1271 479 1297 *
507 1276 551 1314 et
579 1283 712 1324 super
732 1270 872 1313 eoelos
896 1270 1037 1322 gloria

204 1341 306 1381 ejus.

255 1386 363 1436 Quis
379 1386 491 1427 sicut
506 1385 722 1427 Dominus
736 1385 859 1427 Deus
874 1388 1036 1435 noster,

205 1443 278 1495 qui
297 1443 341 1484 in
360 1442 460 1484 altis
479 1442 660 1492 habitat,
674 1442 698 1468 *
719 1446 763 1484 et
777 1441 957 1484 humilia
971 1443 1035 1483 re-

204 1500 333 1553 spicit
350 1500 394 1540 in
415 1499 529 1541 coelo
551 1504 594 1541 et
612 1499 656 1540 in
676 1497 818 1541 terra?

255 1556 481 1598 Suscitans
514 1569 539 1598 a
569 1560 689 1598 terra
720 1558 915 1609 inopem,
940 1556 963 1582 *
993 1561 1037 1598 et

204 1613 259 1656 de
279 1615 476 1655 stercore
496 1613 668 1664 erigens
687 1616 944 1666 pauperem:

257 1670 317 1712 Ut
345 1670 535 1712 collocet
563 1683 664 1712 eum
697 1683 798 1711 eum
831 1670 1035 1723 principi-

203 1727 300 1778 bus,
321 1728 344 1753 *
373 1740 473 1768 cum
492 1726 767 1780 principibus
786 1727 939 1780 populi
959 1727 1036 1768 sui.

255 1784 339 1834 Qui
358 1783 557 1826 habitare
574 1784 678 1825 facit
693 1783 887 1825 sterilem
901 1784 945 1824 in
961 1783 1035 1825 do-

202 1854 287 1891 mo,
306 1842 330 1867 *
357 1845 543 1883 matrem
562 1840 753 1882 filiorum
771 1840 1006 1883 laetantem.

256 1900 291 1939 A
299 1906 354 1939 nt.
375 1897 574 1940 collocet
589 1910 689 1939 eum
703 1898 921 1940 Dominus
937 1911 1036 1940 cum

203 1954 475 2007 principibus
494 1954 650 2008 populi
668 1955 746 1996 sui.

257 2012 293 2051 Α
300 2018 355 2053 nt.
368 2012 584 2064 Dirupisti
594 2012 693 2053 Dfie
703 2012 727 2037 *
737 2011 911 2053 vincula
924 2023 1036 2052 mea:

203 2066 282 2108 tibi
302 2068 561 2110 sacrificabo
580 2068 771 2110 hostiam
789 2068 941 2111 laudis.

471 2128 669 2169 I’salmus
692 2131 769 2169 115.

205 2177 440 2286 Credidi,
484 2186 669 2234 propter
706 2181 828 2234 quod
862 2181 1037 2223 locotus

301 2237 463 2302 sumzf
498 2250 581 2288 ego
609 2242 756 2280 autem
784 2238 1037 2280 humiliatus

206 2306 303 2335 sum
326 2306 465 2335 n1m1s.

257 2350 353 2401 Ego
365 2349 456 2392 dixi
470 2350 515 2391 in
525 2351 711 2392 excessu
724 2363 824 2393 meo
833 2367 840 2391 :
848 2352 871 2377 *
882 2350 1037 2393 Omnis

206 2406 339 2448 homo
359 2406 560 2449 mendax.

258 2463 375 2514 Quid
402 2463 642 2506 retribuam
669 2463 877 2514 Domino,
903 2465 927 2491 *
954 2477 1037 2517 pro

206 2519 419 2571 omnibus,
449 2534 548 2574 quae
568 2519 770 2563 retribuit
788 2520 916 2562 mihi?

260 2577 452 2619 Calicem
472 2577 676 2619 salutaris
695 2578 923 2630 accipiam:
947 2579 970 2604 *
994 2583 1039 2621 et

205 2647 365 2676 nomen
386 2634 565 2675 Domini
583 2634 813 2676 invocabo.

259 2691 377 2733 Vota
404 2704 503 2733 mea
530 2691 722 2733 Domino
752 2691 935 2733 reddam
968 2705 1037 2733 co-

207 2761 300 2790 ram
325 2748 444 2790 omni
470 2748 638 2802 populo
664 2749 770 2801 ejus:
795 2749 818 2774 *
843 2749 1038 2801 pretiosa

795 213 1006 248 Commune
1031 213 1320 257 Apostolorum.

1088 305 1132 345 in
1152 305 1394 370 con-speetu
1411 305 1592 347 Domini
1609 318 1730 348 mors
1748 308 1919 348 sancto·

1089 374 1185 402 rum
1206 374 1313 413 ejus:

1142 417 1179 459 O
1199 417 1390 460 Domine
1409 418 1511 471 quia
1530 430 1612 470 ego
1631 432 1785 462 servus
1804 426 1919 463 tuus:

1088 475 1111 500 *
1132 487 1214 526 ego
1235 487 1389 517 servus
1407 480 1524 526 tuus,
1552 480 1597 518 et
1614 475 1731 518 filius
1749 478 1918 520 aneillae

1088 536 1188 573 tuae.

1140 588 1356 642 Dirupisti
1376 589 1549 631 vincula
1572 603 1685 632 mea:
1707 591 1732 617 *
1755 591 1835 634 tibi
1854 605 1919 633 sa-

1089 645 1298 688 crificabo
1314 645 1505 688 hostiam
1523 646 1677 697 laudiS‚
1697 652 1742 690 et
1760 661 1919 691 nomen

1088 702 1267 743 Domini
1286 702 1517 745 invocabo.

1139 759 1260 801 Vota
1295 772 1394 801 mea
1424 760 1619 802 Domino
1656 759 1840 802 reddam
1875 762 1920 803 in

1089 817 1330 869 conspeetu
1354 817 1497 858 omnis
1522 817 1677 870 populi
1701 818 1807 870 ejus:
1829 818 1853 844 *
1875 819 1919 860 in

1089 873 1210 914 atriis
1231 872 1389 915 domus
1406 874 1600 924 Domini,
1628 874 1672 916 in
1691 874 1838 917 medio
1857 875 1921 917 tui

1088 929 1344 972 Jerusalem.

1140 990 1240 1030 Ant.
1265 987 1479 1040 Dirupisti
1498 988 1595 1030 Dfie
1615 987 1789 1030 vincula
1807 1001 1921 1031 mea:

1088 1042 1169 1086 tibi
1189 1043 1448 1086 sacrificabo
1467 1044 1659 1086 hostiam
1677 1045 1831 1088 laudis.

1140 1104 1240 1145 Ant.
1275 1104 1440 1144 Euntes
1472 1100 1595 1143 ibant
1621 1102 1645 1128 *
1674 1106 1718 1144 et
1746 1102 1920 1153 flebant,

1087 1157 1310 1200 mittentes
1330 1157 1497 1200 semina
1515 1171 1605 1200 sua.

1349 1218 1549 1260 Psalmus
1569 1218 1655 1260 125.

1134 1284 1162 1312 n
1187 1270 1486 1313 convertendo
1505 1271 1722 1313 Dominus
1741 1271 1920 1324 captivi-

1163 1330 1301 1370 tatem
1317 1327 1438 1370 Sion·
1461 1328 1486 1354 *
1512 1328 1615 1370 faeti
1636 1341 1786 1397 sumus
1808 1329 1921 1371 sieut

1088 1384 1323 1427 consolati:

1140 1442 1266 1484 Tunc
1281 1441 1499 1495 repletum
1514 1446 1581 1484 est
1595 1441 1757 1494 gaudio
1776 1454 1827 1484 os
1845 1455 1920 1484 no-

1088 1503 1244 1541 strum:
1271 1499 1295 1525 *
1324 1503 1368 1541 et
1395 1498 1543 1551 lingua
1562 1504 1715 1541 nostra
1734 1499 1920 1542 exsulta-

1086 1556 1217 1598 tione.

1139 1612 1265 1654 Tunc
1285 1612 1433 1654 dicent
1456 1613 1569 1655 inter
1589 1613 1770 1655 Gentes:
1789 1613 1813 1639 ¹⁸¹
1831 1613 1920 1654 Ma-

1087 1669 1311 1720 gnificavit
1325 1669 1544 1711 Dominus
1563 1669 1710 1711 facere
1730 1682 1830 1711 cum
1847 1670 1920 1712 eis.

1139 1726 1438 1777 Magnificavit
1451 1725 1670 1767 Dominus
1684 1726 1831 1768 facere
1846 1739 1920 1768 no-

1087 1783 1275 1825 biscum:
1293 1783 1318 1809 *
1337 1782 1441 1824 facti
1459 1795 1610 1824 sumus
1629 1783 1842 1825 laetantes.

1140 1840 1358 1881 Converte
1389 1839 1580 1881 Domine
1617 1839 1920 1892 captivitatem

1088 1902 1297 1947 nostram,
1312 1897 1336 1922 *
1358 1896 1471 1938 sicut
1490 1901 1664 1938 torrens
1683 1897 1728 1937 in
1742 1896 1921 1938 Austro.

1141 1954 1225 2005 Qui
1241 1954 1456 1995 seminant
1470 1953 1515 1994 in
1529 1953 1733 2003 lacrimis,
1747 1954 1772 1980 *
1790 1953 1835 1994 in
1849 1966 1920 1996 ex-

1089 2011 1324 2053 sultatione
1343 2015 1519 2053 metent.

1140 2068 1308 2110 Euntes
1322 2067 1446 2109 ibant
1460 2072 1505 2110 et
1518 2066 1694 2117 flebant,
1707 2067 1731 2093 *
1750 2066 1920 2108 mitten-

1088 2131 1157 2167 tes
1176 2124 1342 2166 semina
1362 2136 1452 2166 sua.

1140 2181 1381 2224 Venientes
1421 2184 1568 2222 autem
1604 2179 1781 2222 venient
1820 2192 1920 2221 cum

1090 2238 1398 2288 exsultatione,
1416 2238 1440 2264 *
1471 2237 1702 2290 portantes
1724 2239 1919 2290 manipu-

1090 2296 1158 2338 los
1178 2308 1293 2337 suos.

1142 2350 1242 2391 Ant.
1260 2352 1426 2393 Euntes
1439 2349 1562 2392 ibant
1575 2354 1620 2392 et
1634 2349 1811 2400 flebant,
1825 2350 1919 2392 mit-

1090 2411 1232 2452 tentes
1251 2407 1418 2450 semina
1436 2419 1527 2448 sua.

1143 2466 1241 2505 Ant.
1271 2464 1555 2511 Confortatus
1575 2467 1642 2505 est
1660 2463 1684 2489 *
1702 2463 1919 2516 principa-

1090 2528 1161 2565 tus
1182 2523 1350 2570 eorum‚
1385 2525 1429 2563 et
1447 2520 1653 2562 honorati
1672 2525 1775 2562 sunt
1793 2520 1920 2562 amici

1090 2579 1154 2621 tui
1172 2579 1305 2620 Deus.

1349 2629 1547 2669 Psalmus
1568 2630 1654 2669 138.

1090 2680 1327 2787 Domine
1352 2689 1551 2742 probasti
1573 2702 1660 2740 me,
1693 2695 1737 2732 et
1760 2702 1921 2741 eogno-

1208 2748 1307 2790 visti
1333 2759 1418 2788 me:
1441 2747 1464 2772 *
1488 2752 1535 2788 tu
1560 2747 1805 2797 cognovisti
1833 2759 1919 2789 ses-
