2040 2990
630 231 832 265 Dominica
855 231 919 266 111.
943 235 1033 275 post
1055 231 1324 275 Epiphaniam.

133 326 306 376 Christi,
332 330 375 367 et
394 325 555 367 caritas
573 324 673 374 Dei,
698 329 742 366 et
764 337 954 366 commu-

131 383 291 425 nicatio
320 382 460 423 sancti
486 381 672 434 Spiritus
701 381 758 422 sit
785 394 884 422 curn
912 382 954 422 o-

131 438 305 481 mnibus
322 438 459 479 vobis.
486 439 638 479 Amen.

178 496 231 550 Rz.
258 494 446 547 Adiutor
466 507 601 535 meus.
623 494 723 534 290.

363 574 442 615 Ad
461 574 724 624 Vesper-as.

460 646 624 703 Oratio.

215 712 466 761 mnipotens
482 709 746 761 sempiterne
756 709 888 759 Deus,
903 709 956 750 in-

227 765 478 807 firmitatem
510 770 704 807 nostram
737 766 955 818 propitius

131 822 317 875 respice:
362 826 494 874 atque
539 821 596 863 ad
637 822 955 875 protegendum

131 891 214 920 nos
245 878 470 920 dexteram
497 883 585 920 tuae
613 879 851 930 majestatis
884 891 952 920 ex-

131 934 273 977 tende.
310 935 395 977 Per
413 935 659 976 Dominum.

390 1029 640 1055 —aeasffi
647 1041 699 1043 ἡ

341 1112 615 1162 Dominica
642 1112 732 1162 ΠΙ.

240 1194 382 1242 post
422 1189 838 1242 Epiphaniam.

292 1265 379 1306 Ad
406 1266 793 1308 matutinum.

181 1337 318 1373 Omnia
340 1342 382 1374 ut
405 1339 445 1373 in
467 1338 669 1374 Psalterio.

359 1417 409 1456 In
435 1418 466 1456 I.
493 1417 528 1456 Ν
530 1418 715 1457 octurno.

131 1479 292 1532 Incipit
316 1479 519 1531 Epistola
544 1479 663 1521 beati
687 1479 811 1520 Pauli
836 1479 954 1532 Apo-

349 1535 453 1577 stoli
471 1534 528 1577 ad
547 1535 736 1577 Galatas.

231 1609 383 1651 Lectio
401 1610 426 1651 i.
698 1610 800 1663 Cap.
819 1612 849 1651 1.

245 1669 369 1711 aulus
398 1669 642 1722 Apostolus
673 1682 762 1711 non
794 1669 849 1711 ab
881 1670 954 1712 ho-

175 1755 239 1787 9
256 1725 455 1776 minibus,
474 1738 616 1778 neque
630 1739 710 1779 per
724 1725 956 1778 hominem,

195 1787 202 1789 ”
227 1779 239 1798 ”
257 1781 336 1824 sed
363 1795 443 1836 per
469 1782 619 1824 Jesum
647 1782 884 1833 Christum,
913 1788 957 1825 et

133 1839 277 1880 Deum
294 1838 484 1890 Patrem,
512 1839 586 1892 qui
610 1839 839 1880 suscitavit
858 1852 956 1880 eum

133 1907 159 1937 a
199 1895 400 1937 mortuis:
450 1900 494 1937 et
535 1895 610 1947 qui
646 1907 818 1936 mecum
857 1900 957 1936 sunt

133 1964 284 1994 omnes
315 1951 489 2002 fratres,
529 1950 725 1993 ecclesiis
759 1951 957 1993 Galatiae.

133 2007 287 2049 Gratia
309 2007 452 2057 vobis,
479 2013 522 2050 et
544 2020 633 2061 pax
656 2020 681 2048 a
700 2008 797 2049 Deo
814 2007 957 2057 Patre,

134 2068 177 2106 et
210 2063 401 2106 Domino
438 2069 592 2106 nostro
629 2063 734 2105 Jesu
772 2063 957 2112 Christo,

134 2120 209 2172 qui
227 2119 349 2162 dedit
368 2123 651 2173 semetipsum
667 2132 748 2172 pro
762 2119 957 2173 peccatis

57 2194 66 2201 ν
133 2176 311 2226 nostris,
345 2181 395 2218 ut
427 2179 616 2229 eriperet
646 2189 727 2217 nos
762 2175 816 2218 de
848 2188 956 2228 prae-

134 2233 245 2274 senti
280 2233 443 2274 saeculo
476 2245 679 2285 nequam,
717 2232 958 2274 secundum

133 2288 406 2331 voluntatem
436 2289 521 2331 Dei
553 2293 597 2331 et
628 2289 769 2330 Patris
808 2288 957 2337 nostri,

135 2345 206 2387 cui
237 2350 305 2387 est
337 2345 476 2396 gloria
508 2346 552 2386 in
585 2345 747 2386 saecula
778 2345 957 2386 saeculo-

135 2413 241 2442 rum.
282 2402 435 2443 Amen.

184 2464 236 2516 Rz.
262 2466 465 2516 Domine,
488 2479 543 2507 ne
562 2466 606 2506 in
624 2466 687 2506 ira
706 2470 782 2507 tua
802 2468 958 2516 arguas

136 2533 223 2570 me,
246 2534 387 2574 neque
410 2523 454 2563 in
476 2523 624 2563 furore
647 2526 723 2563 tuo
748 2522 958 2574 corripias

136 2589 220 2618 me:
238 2575 262 2602 *
280 2577 488 2620 Miserere
511 2578 597 2619 mei
621 2578 825 2627 Domine,
854 2579 957 2628 quo-

136 2633 252 2673 niam
283 2633 478 2675 infirmus
510 2647 616 2675 sum.
658 2630 710 2682 W.
738 2634 888 2674 Timor
917 2638 960 2674 et

138 2693 302 2730 tremor
320 2691 532 2732 venerunt
550 2703 682 2743 super
698 2703 778 2739 me,
799 2695 842 2731 et
861 2702 958 2730 con-

139 2746 341 2786 texerunt
351 2758 420 2787 me
427 2746 632 2799 tenebrae.
647 2746 855 2787 Miserere
864 2745 959 2786 mei.

1311 327 1465 369 Lectio
1484 327 1524 367 ii.

1113 388 1206 429 iror
1233 387 1354 440 quod
1382 388 1444 429 sic
1467 392 1557 429 tam
1581 388 1669 430 cito
1694 394 1830 430 trans-

1126 444 1312 485 ferimini
1334 443 1388 486 ab
1414 457 1481 493 eo,
1509 445 1582 496 qui
1604 457 1684 486 vos
1703 447 1831 486 voca-

1007 500 1070 542 vit
1092 501 1136 541 in
1159 501 1345 551 gratiam
1364 501 1525 542 Christi
1547 502 1591 541 in
1614 501 1731 543 aliud
1751 502 1832 542 Ev-

1007 557 1239 608 angelium:
1264 557 1385 609 quod
1403 570 1492 598 non
1513 562 1579 599 est
1599 558 1731 607 aliud,
1750 558 1832 598 nisi

1007 618 1108 655 sunt
1144 613 1294 666 aliqui,
1334 614 1407 666 qui
1438 626 1517 655 vos
1554 614 1831 663 conturbant,

1008 674 1051 711 et
1083 670 1236 711 volunt
1268 672 1525 712 convertere
1547 671 1832 722 Evangelium

1008 726 1179 768 Christi.
1207 726 1294 768 Sed
1313 726 1416 768 licet
1435 739 1527 776 nOS,
1547 731 1620 768 aut
1638 727 1832 778 Angelus

1008 782 1062 824 de
1083 783 1197 824 coelo
1218 783 1488 834 evangelizet
1507 783 1634 824 vobis
1655 785 1831 836 praeter-

1009 852 1139 891 quam
1173 839 1293 891 quod
1330 839 1725 890 evangelizavimus
1761 852 1831 880 vo-

1006 895 1091 945 bis,
1119 896 1350 937 anathema
1376 896 1443 937 sit.
1488 896 1608 938 Sicut
1632 895 1833 949 praedixi-

1006 965 1120 1003 mus,
1148 957 1191 993 et
1213 965 1327 993 nunc
1350 954 1508 994 iterum
1528 953 1642 994 dico:
1671 953 1717 993 Si
1737 953 1833 1004 quis

1007 1008 1132 1050 vobis
1172 1009 1540 1059 evangelizaverit
1580 1014 1743 1062 praeter
1788 1008 1833 1050 id

1009 1065 1128 1117 quod
1144 1066 1385 1118 accepistis,
1405 1066 1637 1107 anathema
1652 1065 1719 1106 sit.
1742 1065 1833 1106 Mo—

1008 1121 1065 1163 do
1108 1122 1222 1163 enim
1263 1121 1511 1163 hominibus
1549 1121 1733 1171 suadeo,
1779 1134 1833 1162 an

1007 1176 1127 1219 Deo?
1173 1178 1244 1218 An
1279 1190 1429 1230 quaero
1461 1177 1710 1219 hominibus
1743 1178 1832 1230 pla-

1007 1234 1128 1276 cere?
1165 1235 1210 1275 Si
1237 1234 1380 1276 adhuc
1412 1234 1661 1276 hominibus
1690 1234 1832 1287 place-

1007 1303 1110 1341 rem,
1131 1291 1291 1332 Christi
1311 1304 1462 1333 servus
1479 1304 1566 1332 non
1586 1303 1737 1332 essem.

1058 1361 1109 1413 R.
1135 1361 1274 1410 Deus,
1305 1361 1379 1413 qui
1404 1361 1532 1402 sedes
1559 1373 1689 1413 super
1717 1359 1832 1401 thro-

1007 1430 1124 1467 num,
1163 1422 1205 1458 et
1237 1417 1402 1469 judicas
1435 1418 1703 1469 aequitatem,
1739 1421 1832 1458 esto

1007 1473 1221 1524 refugium
1254 1477 1498 1526 pauperum
1523 1474 1567 1514 in
1592 1473 1830 1514 tribulatio-

1007 1543 1076 1571 ne:
1093 1533 1117 1558 *
1136 1530 1248 1580 Quia
1267 1535 1314 1571 tu
1334 1530 1454 1571 solus
1473 1530 1671 1572 laborem
1695 1534 1739 1571 et
1759 1528 1832 1570 do-

1006 1586 1147 1628 lorem
1184 1586 1447 1628 consideras.
1488 1582 1539 1634 V.
1581 1585 1683 1627 Tibi
1718 1585 1833 1627 enim

1008 1642 1242 1684 derelictus
1274 1648 1340 1684 est
1368 1655 1553 1695 pauper,
1589 1642 1756 1694 pupillo
1786 1646 1833 1682 tu

1009 1699 1094 1740 eris
1115 1699 1296 1751 adjutor.
1325 1699 1436 1750 Quia
1454 1704 1503 1740 tu
1522 1699 1652 1740 solus.

1305 1772 1456 1815 Lectio
1475 1773 1530 1814 iii.

1104 1843 1225 1880 otum
1253 1838 1367 1879 enim
1386 1837 1513 1878 vobis
1538 1838 1651 1878 facio
1676 1837 1832 1878 fratres

1111 1893 1407 1945 Evangelium,
1428 1893 1546 1945 quod
1566 1892 1832 1944 evangeliza-

1007 1955 1100 1992 tum
1119 1955 1186 1991 est
1205 1962 1231 1990 a
1248 1962 1333 1999 me,
1360 1950 1461 2001 quia
1484 1962 1572 1991 non
1597 1954 1664 1991 est
1683 1952 1832 1990 secun-

1009 2006 1112 2048 dum
1130 2006 1364 2047 hominem:
1383 2018 1526 2057 neque
1546 2006 1660 2047 enim
1679 2018 1761 2057 ego
1778 2005 1832 2047 ab

1008 2062 1183 2104 homine
1203 2063 1352 2115 accepi
1375 2062 1497 2112 illud,
1521 2075 1663 2114 neque
1689 2061 1833 2110 didici,

1009 2118 1088 2160 sed
1107 2131 1185 2171 per
1206 2118 1519 2161 revelationem
1536 2119 1560 2159 J
1563 2131 1640 2160 esu
1660 2118 1832 2160 Christi.

1008 2175 1208 2216 Audistis
1225 2175 1340 2216 enim
1354 2175 1733 2216 conversationem
1747 2187 1832 2215 me-

1009 2244 1078 2272 am
1110 2230 1346 2283 aliquando
1379 2231 1423 2271 in
1455 2230 1694 2272 Judaismo:
1727 2233 1831 2282 quo-

1008 2288 1126 2329 niam
1157 2300 1290 2340 supra
1320 2286 1502 2329 modurn
1533 2286 1831 2340 persequebar

1008 2344 1251 2386 Ecclesiam
1269 2343 1367 2393 Dei,
1394 2348 1438 2385 et
1459 2343 1762 2396 expugnabam
1785 2342 1831 2383 il-

1009 2400 1112 2450 lam,
1145 2406 1188 2442 et
1218 2399 1506 2453 proficiebam
1536 2401 1581 2440 in
1606 2399 1831 2441 Judaismo

1010 2469 1142 2509 supra
1169 2456 1331 2498 multos
1359 2458 1608 2498 coaetaneos
1642 2468 1761 2497 meos
1789 2455 1832 2495 in

1010 2514 1168 2564 genere
1195 2525 1313 2562 meo,
1341 2512 1633 2554 abundantius
1661 2511 1831 2552 aemula-

1010 2574 1081 2610 tor
1101 2571 1314 2610 exsistens
1339 2571 1620 2621 paternarum
1638 2570 1832 2609 mearum

1010 2624 1306 2667 traditionum.

1009 2707 1012 2712 ·
1059 2691 1112 2742 R.
1139 2690 1180 2730 A
1202 2689 1367 2731 dextris
1393 2694 1459 2731 est
1481 2689 1586 2730 mihi
1608 2687 1832 2735 Dominus,

1010 2758 1065 2787 ne
1089 2748 1382 2787 commovear:
1401 2747 1426 2772 *
1453 2746 1639 2797 Propter
1662 2744 1746 2785 hoc
1773 2742 1832 2784 di-
