2040 2990
708 185 818 219 Feria
845 186 956 220 tertia
983 187 1032 220 ad
1056 187 1294 222 Matutinum.
1811 187 1856 225 55
1907 202 1909 214 ³

143 279 249 320 mini
275 292 377 332 spes
406 281 511 332 ejus:
539 282 562 306 *
591 286 634 323 et
661 294 749 323 non
779 282 974 334 respexit

143 336 187 376 in
215 337 429 378 vanitates
459 343 502 378 et
529 338 719 378 insanias
747 338 889 379 falsas.

196 392 333 434 Multa
370 393 511 435 fecisti
546 399 594 436 tu
627 395 815 436 Domine
852 395 972 436 Deus

143 461 266 490 meus
294 449 510 491 mirabilia
537 456 626 492 tua:
653 452 676 476 *
705 455 749 492 et
777 452 972 502 cogitati-

145 505 299 547 onibus
306 507 391 547 tuis
402 519 490 547 non
502 512 568 548 est
576 508 650 559 qui
660 507 810 548 similis
818 508 874 549 sit
884 507 972 549 tibi.

196 566 462 608 Annuntiavi
474 572 517 609 et
526 567 699 609 locutus
711 581 823 609 sum:
834 569 857 594 *
867 568 972 610 mul-

142 622 327 675 tiplicati
355 629 455 665 sunt
483 637 614 677 super
643 627 882 666 numerum.

195 680 463 721 Sacrificium
493 686 536 722 et
563 681 830 722 oblationem
852 682 973 723 nolu-

143 736 229 777 isti:
248 737 271 761 *
292 749 418 778 aures
442 742 588 778 autem
612 738 836 790 perfecisti
858 738 973 779 mihi.

194 793 515 835 Holocaustum
566 799 609 835 et
652 807 734 846 pro
787 797 972 847 peccato

142 862 230 890 non
257 850 505 902 postulasti:
533 851 557 876 *
583 856 687 892 tunc
721 850 824 892 dixi:
856 852 972 893 Ecce

142 906 280 947 venio.

194 963 244 1002 In
273 963 417 1015 capite
451 963 549 1005 libri
578 964 788 1016 scriptum
823 970 889 1006 est
917 965 972 1007 de

141 1031 210 1059 me
239 1025 287 1061 ut
314 1020 504 1061 facerem
538 1021 809 1062 voluntatem
836 1027 972 1063 tuam:

141 1075 164 1100 *
183 1075 303 1116 Deus
323 1089 446 1117 meus
468 1077 596 1127 volui,
623 1083 666 1118 et
687 1077 828 1129 legem
852 1083 972 1119 tuam

142 1131 185 1172 in
211 1131 357 1174 medio
386 1133 532 1175 cordis
560 1134 656 1175 mei.

193 1189 460 1231 Annuntiavi
478 1191 684 1242 justitiam
703 1196 823 1250 trram
843 1192 885 1232 in
906 1205 971 1233 ec-

143 1244 274 1286 clesia
291 1259 460 1297 magna,
476 1248 499 1272 *
511 1260 613 1288 ecce
633 1247 748 1289 labia
767 1262 864 1289 mea
884 1262 972 1290 non

141 1301 402 1353 prohibebo:
430 1304 618 1345 Domine
645 1310 693 1346 tu
722 1305 852 1346 scisti.

193 1358 412 1400 Justitiam
435 1365 555 1401 tuam
579 1374 666 1402 non
690 1361 901 1402 abscondi
928 1362 972 1402 in

143 1414 277 1455 corde
310 1429 426 1457 meo:
461 1417 484 1442 *
517 1417 747 1458 veritatem
779 1423 899 1458 tuam
929 1423 972 1459 et

143 1470 332 1513 salutare
359 1477 482 1513 tuum
512 1472 612 1514 dixi.

193 1527 295 1568 Non
315 1527 526 1570 abscondi
546 1530 891 1571 misericordiam
906 1536 970 1573 tu-

142 1595 211 1623 am
241 1589 284 1625 et
318 1585 548 1627 veritatem
575 1591 695 1627 tuam
723 1587 746 1612 *
774 1600 799 1627 a
829 1591 970 1629 conci-

140 1638 199 1680 lio
226 1640 375 1682 multo.

193 1696 262 1738 Tu
290 1703 435 1740 autem
454 1699 642 1741 Domine
670 1713 724 1741 ne
753 1700 882 1751 longe
911 1701 972 1742 faae

142 1752 230 1793 cias
251 1754 554 1797 miserationes
579 1761 676 1797 tuas
697 1769 722 1797 a
743 1770 830 1798 me:
850 1758 872 1783 *
893 1758 967 1798 mi-

140 1809 379 1852 sericordia
403 1816 479 1853 tua
508 1817 551 1854 et
575 1813 736 1854 veritas
759 1818 834 1854 tua
860 1828 968 1855 sem-

138 1878 219 1917 per
237 1870 524 1920 susceperunt
551 1882 631 1910 me.

193 1923 407 1972 Quoniam
417 1925 797 1967 circumdederunt
803 1939 873 1967 me
881 1939 968 1967 ma-

139 1977 191 2028 la,
204 1992 389 2031 quorum
405 1994 492 2023 non
506 1987 572 2023 est
586 1985 807 2023 numerus:
818 1983 840 2007 *
853 1995 968 2023 com-

137 2035 464 2086 prehenderunt
482 2051 553 2080 me
575 2039 826 2091 iniquitates
846 2052 966 2089 meae,

140 2096 191 2142 et,
209 2105 297 2134 non
326 2095 450 2146 potui
480 2100 528 2136 ut
554 2095 760 2137 viderem.

190 2147 491 2202 Multiplicatae
514 2157 613 2193 sunt
633 2165 764 2205 super
785 2152 966 2205 capillos

138 2205 293 2256 capitis
321 2207 422 2248 mei:
448 2208 471 2233 *
496 2213 540 2249 et
568 2221 644 2250 cor
671 2221 816 2250 meum
845 2208 965 2250 dere-

137 2259 263 2313 liquit
288 2275 369 2304 me.

190 2317 474 2371 Complaceat
487 2320 566 2362 tibi
577 2321 765 2363 Domine
781 2327 828 2363 ut
839 2323 965 2362 eruas

136 2386 221 2414 me:
241 2374 265 2399 *
285 2375 482 2427 Domine,
504 2377 560 2418 ad
582 2377 874 2429 adjuvandum
894 2391 964 2418 me

137 2430 317 2483 respice.

190 2486 520 2530 Confundantur
540 2495 583 2531 et
606 2493 886 2532 revereantur
912 2490 963 2530 si-

137 2542 236 2591 mul,
266 2544 339 2595 qui
368 2553 568 2596 quaerunt
596 2547 783 2588 animam
811 2559 963 2596 meam,

137 2597 160 2622 *
187 2602 236 2639 ut
263 2600 462 2642 auferant
491 2615 596 2643 eam.

190 2654 509 2699 Convertantur
536 2661 795 2709 retrorsum,
829 2664 871 2700 et
899 2671 962 2700 re-

1074 283 1236 324 Ferant
1282 284 1510 325 confestim
1556 286 1854 328 confusionem

1026 340 1189 389 suam,*
1202 340 1276 392 qui
1291 339 1440 382 dicunt
1454 341 1572 382 mihi:
1588 343 1718 394 Euge,
1736 356 1855 394 euge.

1078 396 1319 446 Exsultent‚
1350 402 1393 438 et
1420 396 1621 439 laetentur
1650 412 1782 452 super
1810 406 1853 442 te

1026 465 1177 493 omnes
1213 455 1459 504 quaerentes
1493 459 1552 495 te:
1580 455 1603 480 *
1633 461 1675 497 et
1709 456 1856 499 dicant

1027 521 1214 561 semper:
1228 510 1531 560 Magnificetur
1542 511 1768 554 Dominus:
1782 514 1854 566 qui

1026 564 1209 616 diligunt
1237 566 1426 608 salutare
1454 572 1586 608 tuum.

1078 623 1173 673 Ego
1187 628 1332 664 autem
1347 623 1573 665 mendicus
1585 638 1680 666 sum
1692 631 1735 667 et
1751 640 1853 678 pau-

1026 691 1119 730 per:
1137 680 1160 704 *
1183 679 1396 721 Dominus
1425 679 1636 722 sollicitus
1667 687 1732 723 est
1759 684 1854 724 mei.

1077 735 1266 787 Adjutor
1283 749 1416 786 meus,
1434 742 1477 778 et
1492 739 1718 789 protector
1732 753 1853 781 meus

1024 796 1073 832 tu
1101 792 1335 834 es:*Deus
1363 806 1496 843 meus,
1525 807 1578 835 ne
1599 794 1854 837 tardaveris.

1083 852 1179 891 Ant.
1209 850 1266 891 ‘Ut
1282 863 1370 891 non
1389 849 1638 902 delinquam
1651 852 1694 892 in
1709 852 1854 903 lingua

1024 917 1132 945 mea.

1081 964 1179 1003 Ant.
1204 965 1329 1004 Sana.

1295 1024 1490 1064 Psalmus
1519 1026 1590 1063 40.
1905 1071 1906 1074 Ἴ

1028 1074 1234 1180 Beatus
1265 1082 1338 1133 qui
1366 1081 1566 1132 intelligit
1598 1096 1729 1135 super
1758 1086 1852 1135 ege-

1129 1147 1245 1183 num,
1284 1139 1327 1175 et
1359 1137 1614 1186 pauperem:
1646 1137 1670 1161 *
1703 1136 1746 1176 in
1784 1136 1853 1177 die
1905 1162 1906 1165 =

1025 1189 1139 1230 mala
1167 1189 1370 1232 liberabit
1399 1204 1498 1232 eum
1525 1192 1749 1233 Dominus.

1077 1246 1291 1287 Dominus
1321 1250 1550 1289 conservet
1579 1261 1692 1298 eum,
1726 1254 1768 1290 et
1797 1250 1853 1290 vi-

1025 1303 1171 1344 vificet
1196 1316 1304 1354 eum,
1331 1310 1374 1345 et
1399 1304 1576 1346 beatum
1604 1305 1735 1347 faciat
1756 1319 1854 1347 eum

1024 1359 1067 1400 in
1095 1365 1228 1401 terra:
1256 1362 1279 1386 *
1309 1366 1352 1402 et
1385 1375 1473 1403 non
1505 1361 1651 1403 tradat
1684 1376 1782 1403 eum
1811 1363 1853 1403 in

1026 1417 1214 1457 animam
1242 1417 1516 1459 inimicorum
1545 1419 1647 1470 ejus.

1075 1473 1290 1515 Dominus
1326 1488 1456 1526 opem
1490 1475 1600 1516 ferat
1633 1475 1694 1515 illi
1722 1488 1852 1528 super

1025 1529 1185 1571 lectum
1220 1530 1385 1572 doloris
1421 1533 1525 1583 ejus:
1552 1532 1575 1557 *
1605 1532 1853 1573 universum

1024 1591 1208 1628 stratum
1229 1588 1319 1639 ejus
1339 1589 1525 1630 versasti
1540 1589 1582 1628 in
1602 1589 1852 1630 infirmitate

1025 1644 1124 1695 ejus.

1076 1700 1170 1751 Ego
1192 1700 1295 1741 dixi:
1320 1701 1507 1741 Domine
1526 1701 1732 1742 miserere
1753 1701 1851 1742 mei:

1023 1756 1046 1781 *
1075 1770 1180 1797 sana
1215 1757 1401 1797 animam
1429 1770 1588 1807 meam,
1626 1757 1724 1809 quia
1753 1770 1850 1809 pec-

1024 1813 1119 1853 cavi
1146 1813 1236 1854 tibi.

1074 1869 1242 1910 Inimici
1262 1870 1347 1911 mei
1372 1870 1574 1911 dixerunt
1598 1869 1712 1910 mala
1730 1869 1848 1909 mihi:

1022 1926 1044 1951 *
1062 1926 1247 1975 Quando
1273 1926 1492 1976 morietur,
1521 1931 1564 1967 et
1589 1925 1748 1978 peribit
1774 1940 1847 1966 no-

1021 1995 1120 2023 men
1149 1981 1262 2033 eius?

1073 2039 1128 2080 Et
1156 2039 1192 2079 si
1227 2038 1552 2090 ingrediebatur
1587 2043 1634 2079 ut
1669 2037 1846 2087 videret,

1020 2108 1132 2136 vana
1159 2095 1437 2148 loquebatur,
1472 2095 1495 2119 *
1525 2107 1600 2136 cor
1630 2095 1718 2146 ejus
1747 2107 1845 2135 con-

1020 2152 1218 2202 gregavit
1245 2152 1518 2204 iniquitatem
1548 2150 1640 2192 sibi.

1072 2207 1391 2258 Egrediebatur
1417 2208 1549 2257 foras,
1577 2207 1601 2232 *
1630 2211 1673 2247 et
1698 2206 1844 2258 loque-

1019 2263 1147 2306 batur
1167 2265 1210 2305 in
1228 2264 1429 2317 idipsum.

1069 2318 1844 2362 Adversummesusurrabantomnes

1017 2377 1179 2418 inimici
1206 2378 1306 2419 mei:
1325 2378 1348 2402 *
1373 2376 1606 2418 adversum
1633 2387 1702 2415 me
1731 2375 1843 2426 cogi-

1017 2434 1170 2475 tabant
1198 2434 1311 2474 mala
1338 2433 1452 2474 mihi.
1893 2435 1896 2438 ’

1070 2490 1267 2532 Verbum
1299 2490 1494 2542 iniquum
1527 2488 1843 2530 constituerunt

1017 2546 1249 2599 adversum
1268 2559 1354 2587 me:
1370 2548 1392 2571 *
1409 2544 1633 2597 Numquid
1653 2544 1725 2596 qui
1744 2543 1840 2584 dor-

1015 2604 1094 2645 mit
1120 2617 1209 2645 non
1236 2603 1409 2655 adjiciet
1436 2607 1484 2643 ut
1511 2598 1730 2651 resurgat?

1067 2660 1240 2701 Etenim
1258 2659 1391 2700 homo
1411 2658 1531 2710 pacis
1550 2669 1670 2705 meae,
1690 2656 1732 2695 in
1753 2667 1839 2706 quo

138 2712 369 2753 vereantur
384 2714 407 2739 *
428 2714 502 2766 qui
528 2715 681 2757 volunt
707 2715 813 2756 mihi
839 2715 962 2756 mala.
991 2706 1206 2768 'speravi2
1224 2717 1247 2741 *
1271 2715 1343 2767 qui
1369 2714 1527 2756 edebat
1548 2725 1683 2765 panes
1706 2723 1838 2760 meos,
