2040 2990
181 195 258 231 208

677 195 730 227 28.
758 194 990 227 Decembris.
1038 195 1093 227 ὃς.
1120 193 1393 227 Innocentium.

514 291 676 332 Oratio.

182 343 359 448 Deus,
382 349 502 400 cuius
520 347 731 389 hodierna
750 347 821 389 die
840 349 1006 400 praeco-

284 405 402 446 nium
414 405 676 445 Innocentes
688 404 904 457 Martyres
919 416 1006 445 non

181 461 419 514 loquendo,
452 460 530 502 sed
559 460 786 502 moriendo
819 460 1007 501 confessi

181 523 294 559 sunt:
315 517 459 559 Omnia
473 517 517 558 in
531 516 660 558 nobis
674 517 878 558 vitiOrum
892 516 1006 557 mala

179 574 409 624 mortifica;
429 578 477 615 ut
491 572 624 615 fidem
637 578 769 623 tuam,
784 586 915 625 quam
930 573 1005 613 lin-

179 643 264 681 gua
279 635 430 672 nostra
443 630 648 682 loquitur,
666 630 796 671 etiam
810 629 1005 670 m6ribus

179 687 269 729 vita
287 687 486 729 fateatur.
514 687 598 728 Per
616 686 863 728 Dominum.

234 749 276 781 Et
303 750 340 781 tit
367 758 560 781 commem.
588 748 633 780 dc
660 748 879 782 Nativitate.

234 802 330 840 Ant.
353 798 505 840 Gloria
518 799 562 839 in
578 798 763 840 excelsis
778 799 886 849 Deo,
904 804 947 841 et
962 802 1005 840 in

178 861 295 897 terra
318 868 406 908 pax
429 855 675 896 hominibus
699 855 829 897 bonae
855 856 1004 898 volun-

179 912 295 962 tatis,
315 911 497 963 alleluja,
517 911 698 963 alleluja.

233 962 282 1014 Y.
310 969 478 1010 Notum
510 968 612 1010 fecit
639 969 870 1020 Dominus,
905 970 1006 1012 alle-

178 1024 274 1077 luja.
313 1026 358 1076 R.
378 1024 579 1067 Salutare
598 1038 735 1075 suum,
756 1026 937 1079 allehija.

515 1085 676 1125 Oratio.

252 1141 429 1192 meede,
455 1144 704 1195 quaesumus
727 1145 1004 1196 omnipotens

268 1198 402 1240 Deus:
422 1203 470 1240 ut
483 1211 565 1240 nos
575 1199 797 1250 Unigeniti
811 1200 875 1241 tui
890 1213 1004 1242 nova

178 1267 257 1306 per
276 1267 451 1296 carnem
469 1255 511 1297 N
513 1255 686 1297 ativitas
706 1255 872 1306 liberet,
893 1270 1003 1309 quos

178 1310 258 1352 sub
288 1313 459 1364 peccati
487 1313 587 1364 jugo
615 1316 789 1355 vetusta
817 1314 1004 1355 servitus

178 1372 309 1410 tenet.

231 1427 377 1463 Deinde
404 1429 450 1463 dc
475 1431 509 1464 S.
535 1429 742 1472 Stephano,

232 1482 328 1520 Ant.
376 1482 620 1534 Stephanus
663 1487 809 1524 autem
849 1483 1005 1535 plenus

178 1533 319 1583 gratia
338 1538 381 1575 et
395 1533 662 1585 fortitudine,
678 1535 866 1577 faciebat
883 1536 1006 1588 signa

179 1602 336 1640 magna
355 1590 397 1630 in
417 1590 594 1642 populo.
969 1637 991 1654 ‚-

231 1644 280 1695 Ῡ.
317 1646 589 1699 Sepelierunt
619 1648 889 1701 Stephanum
924 1650 1006 1691 viri

179 1702 385 1744 timorati.
420 1705 467 1756 R.
489 1703 545 1745 Et
567 1704 763 1747 fecerunt
781 1705 1005 1758 planctum

179 1771 383 1809 magnum
402 1773 533 1813 super
553 1773 663 1802 eum.

511 1817 674 1858 Oratio.

180 1865 294 1970 Da
332 1871 477 1922 nobis,
520 1876 770 1925 quaesumus
805 1877 1004 1929 Domine,

288 1927 448 1969 imitari
480 1930 601 1981 quod
632 1931 831 1984 emimus,
866 1939 914 1976 ut
945 1935 1006 1977 di-

181 1985 353 2024 scamus
382 1989 425 2026 et
452 1985 649 2028 inimicos
677 1987 873 2040 diligere:
906 1992 1007 2044 quia

182 2039 271 2090 ejus
297 2040 491 2084 natalitia
517 2042 805 2096 celebramus,
833 2047 907 2099 qui
932 2061 1006 2089 no-

181 2095 244 2136 vit
275 2096 405 2137 etiam
436 2111 517 2150 pro
547 2102 903 2151 persecutOribus
936 2117 1006 2146 ex·

182 2154 308 2194 orare
347 2153 584 2196 Dominum
624 2162 822 2200 nostrum
858 2160 883 2201 J
885 2173 1007 2203 esum

184 2207 406 2251 Christum
430 2210 586 2253 Filium
608 2218 741 2255 tuum.

235 2271 371 2305 Postea
398 2271 444 2305 de
470 2274 504 2306 S.
529 2273 688 2308 Joanne.

234 2319 331 2359 Ant.
356 2320 446 2361 Iste
467 2324 534 2361 est
552 2320 575 2361 J
579 2323 757 2372 oannes,
784 2324 856 2375 qui
875 2337 1007 2378 supra

182 2378 338 2425 pectus
364 2375 539 2417 Domini
567 2376 610 2417 in
640 2390 766 2420 coena
793 2380 1008 2423 recubuit:

182 2428 338 2471 beatus
349 2431 602 2484 Apostolus,
619 2434 688 2475 cui
703 2435 894 2478 revelata
909 2443 1009 2480 sunt

184 2487 351 2528 secreta
370 2487 576 2530 coelestia.

234 2540 283 2591 V.
307 2543 390 2585 Hic
411 2549 476 2586 est
495 2545 733 2598 discipulus
752 2547 834 2597 ille,
858 2550 931 2601 qui
949 2555 1008 2592 te-

185 2598 435 2641 stimdnium
459 2602 662 2654 perhibet
687 2602 742 2645 de
767 2603 846 2645 his.
876 2607 924 2658 R.
954 2607 1010 2648 Et

186 2655 345 2720 scimus
359 2656 458 2709 quia
471 2670 622 2699 verum
634 2664 701 2701 est
713 2661 1009 2703 testimonium

185 2723 286 2764 ejus,

1396 291 1558 332 Oratio.

1058 341 1343 447 Ecclesiam
1383 350 1504 387 tuam
1538 347 1727 388 Domine
1766 345 1886 388 beni-

1156 415 1266 453 gnus
1286 402 1471 444 illustra:
1498 407 1546 444 ut
1567 402 1688 444 beAti
1706 402 1728 443 J
1732 402 1886 444 oannis

1059 459 1265 511 Apostoli
1283 459 1347 501 tui
1366 463 1410 501 et
1423 459 1716 510 Evangelistae
1732 458 1885 500 illumi-

1058 517 1161 557 nata
1185 515 1413 566 doctrinis,
1440 515 1498 558 ad
1521 515 1637 558 dona
1659 515 1886 569 perveniat

1059 573 1333 625 sempiterna.
1359 573 1445 615 Per
1462 573 1712 614 D6minum.

1328 637 1396 674 Ad
1419 637 1622 674 Tertiam.

1113 687 1210 726 xxnt.
1254 687 1293 726 Α
1315 686 1492 728 bimatu-

1114 742 1251 794 Capit.
1291 742 1394 784 Vidi
1430 755 1563 796 supra
1593 746 1804 790 (montem.
1839 748 1886 784 ut

1061 812 1202 850 supra.
1226 799 1325 840 207.

1112 856 1162 907 R.
1179 855 1239 896 br.
1256 855 1487 897 Laetaxnini
1506 856 1550 896 in
1565 855 1767 904 D6min0‚
1788 858 1810 881 *
1827 855 1886 896 Et

1058 912 1273 954 exsultate
1283 912 1393 964 iusti.
1407 911 1648 953 Laetamini.
1669 906 1719 959 V.
1727 912 1785 953 Et
1795 911 1884 963 glo-

1057 969 1247 1019 riamini,
1286 981 1437 1011 omnes
1474 969 1584 1010 recti
1619 967 1765 1010 corde.
1817 968 1883 1010 Et.

1061 1025 1211 1067 Gloria
1233 1025 1364 1067 Patri.
1399 1025 1641 1067 Laetaminir.

1112 1077 1161 1129 V.
1186 1082 1419 1124 Exsultent
1446 1082 1546 1134 justi
1571 1082 1617 1122 in
1644 1083 1884 1134 conspectu

1057 1139 1151 1181 Dei.
1183 1139 1231 1178 R.
1246 1139 1304 1181 Et
1324 1138 1594 1181 delectentur
1613 1139 1658 1179 in
1676 1138 1839 1180 laetitia.

1331 1204 1399 1241 Ad
1425 1203 1611 1241 Sextam.

1112 1253 1209 1292 Ant.
1237 1252 1389 1303 Angeli
1411 1254 1574 1294 eorum.

1165 1307 1424 1361 Capitulum.
1574 1308 1711 1360 Apoc.
1726 1308 1784 1348 14.

1056 1360 1165 1467 Hi
1184 1371 1296 1417 sunt,
1317 1367 1390 1419 qui
1410 1380 1509 1409 cum
1527 1366 1782 1409 mulieribus
1798 1378 1885 1407 non

1165 1427 1266 1464 sunt
1275 1423 1559 1476 coinquinati:
1570 1424 1760 1475 virgines
1772 1422 1886 1464 enim

1058 1483 1170 1520 sunt.
1213 1479 1273 1520 Hi
1298 1483 1541 1532 sequuntur
1563 1481 1754 1532 Agnum,
1781 1491 1885 1532 quo-

1058 1538 1246 1587 cumque
1264 1536 1373 1578 ierit.

1114 1593 1163 1644 R.
1189 1592 1251 1633 br.
1275 1592 1509 1636 Exsultent
1533 1593 1634 1645 justi
1663 1595 1687 1618 *
1709 1594 1761 1634 In
1786 1606 1885 1635 con-

1059 1649 1213 1700 spectu
1237 1648 1332 1690 Dei.
1370 1649 1613 1692 Exsultent.
1655 1643 1705 1696 V.
1728 1649 1787 1691 Et
1813 1649 1885 1691 de-

1057 1704 1272 1747 lectentur
1289 1705 1335 1746 in
1351 1705 1514 1748 laetitia.
1545 1706 1606 1747 In.
1639 1705 1791 1748 Gldria
1807 1706 1885 1748 Pa-

1057 1761 1124 1802 tri.
1153 1761 1396 1803 Exsultent.

1111 1816 1162 1867 V.
1183 1818 1208 1859 J
1210 1818 1296 1860 usti
1315 1823 1461 1860 autem
1482 1818 1526 1859 in
1546 1820 1808 1871 perpetuum
1826 1819 1886 1861 vi·

1059 1878 1172 1916 vent.
1227 1875 1276 1926 R.
1307 1875 1364 1917 Et
1398 1874 1517 1928 apud
1546 1875 1786 1918 Dominum
1820 1880 1887 1919 est

1058 1943 1227 1973 merces
1252 1933 1416 1973 eorum.

1337 1996 1405 2033 Ad
1427 1997 1611 2033 Nonam.

1112 2045 1210 2085 Ant.
1234 2044 1324 2087 Sub
1343 2043 1504 2086 throno
1523 2044 1617 2086 Dei.

1162 2100 1419 2152 Capitulum.
1567 2102 1706 2154 Apoc.
1723 2103 1780 2142 14.

1154 2157 1167 2198 i
1187 2157 1322 2210 empti
1342 2162 1442 2198 sunt
1461 2170 1516 2199 ex
1534 2157 1783 2199 hominibus
1802 2157 1886 2211 pri-

1169 2213 1304 2255 mitiae
1322 2213 1420 2255 Deo
1444 2218 1488 2255 et
1506 2213 1651 2265 Agno,
1676 2219 1719 2255 et
1741 2214 1785 2255 in
1809 2227 1886 2256 ore

1059 2270 1255 2323 ipsorum
1273 2282 1362 2311 non
1382 2274 1450 2311 est
1468 2270 1694 2311 inventum
1709 2270 1886 2312 menda-

1059 2326 1188 2368 cium:
1214 2326 1306 2367 sine
1328 2326 1500 2367 macula
1524 2326 1639 2368 enim
1662 2331 1763 2368 sunt
1785 2332 1886 2369 ante

1059 2382 1264 2425 thronum
1284 2382 1378 2424 Dei.

1111 2438 1161 2489 R.
1189 2436 1251 2477 br.
1283 2439 1395 2481 Justi
1424 2443 1570 2480 autem
1598 2438 1619 2462 *
1653 2439 1703 2480 In
1731 2442 1884 2492 perpe-

1058 2501 1181 2538 tuum
1195 2495 1352 2537 vivent.
1379 2495 1404 2535 J
1405 2495 1500 2536 usti.
1527 2490 1576 2541 V.
1594 2496 1651 2536 Et
1665 2495 1784 2548 apud
1796 2496 1884 2538 Do-

1058 2553 1222 2593 minum
1237 2556 1304 2593 est
1317 2564 1486 2592 merces
1503 2553 1666 2593 edrum.
1693 2553 1754 2593 In.
1783 2552 1884 2594 Glo-

1060 2609 1122 2649 ria
1140 2608 1270 2650 Patri.
1299 2607 1421 2648 Justi.

1110 2658 1159 2710 V.
1188 2663 1482 2706 Exsultabunt
1507 2665 1646 2706 sancti
1667 2665 1712 2705 in
1735 2664 1884 2716 gloria.

1060 2722 1107 2772 R.
1136 2720 1422 2763 Laetabuntur
1440 2721 1483 2761 in
1503 2720 1719 2763 cubilibus
1738 2721 1838 2762 suis.
