2080 2990
504 247 574 282 Dic
601 248 648 281 123.
675 248 783 281 Febr.

135 346 258 395 ptem
271 340 428 383 beatos
441 341 596 382 Patres
610 353 725 382 nova
740 342 968 382 serverum

136 398 227 450 ejus
259 396 422 438 familia
452 396 698 438 Ecclesiam
731 401 853 437 tuam
890 396 967 437 foe-

137 452 354 494 cundasti:
399 451 594 493 concede
630 451 758 493 nobis
794 451 968 492 famulis

135 508 238 558 tuis,
270 508 315 548 in
338 507 421 549 hac
449 506 729 549 lacrimarum
757 507 870 548 valle
896 506 967 548 de-

135 563 354 614 gentibus3
380 564 442 605 ita
461 563 655 614 ejusdem
674 563 968 604 moestissimae

135 620 290 661 Matris
316 619 462 661 socios
489 632 589 660 cum
613 619 720 671 ipsis
746 631 844 660 esse
869 632 967 671 pas-

137 676 309 716 sienum
327 675 372 716 in
389 675 534 725 terris,
553 679 601 715 ut
619 676 847 727 perpetuae
868 687 967 716 con-

138 731 365 772 solatienis
407 732 637 772 consertes
672 730 769 771 fieri
804 732 967 771 merea-

137 799 235 828 mur
258 787 302 827 in
326 786 467 828 coelis:
495 786 579 837 Qui
601 787 712 828 vivis
738 791 782 827 et
800 798 968 837 regnas.

190 850 234 884 In
259 849 451 891 Quadrag.
479 857 675 882 commem.
701 848 834 881 Feriae,

407 907 475 943 Ad
498 902 703 943 Tertiam.

192 963 292 1002 Ant.
320 959 397 1001 Isti
416 963 517 1000 sunt
535 959 617 1000 viri
637 964 818 1011 septem.

192 1025 329 1077 Capit.
353 1025 543 1065 Fratres:
562 1023 842 1064 Mementete.
857 1023 969 1075 [289]

191 1086 242 1138 R.
257 1085 319 1127 br.
338 1084 570 1126 Laetamini
587 1084 631 1124 in
649 1083 851 1134 Demino,
868 1085 890 1108 *
911 1084 969 1125 Et

137 1140 354 1183 exsultate
387 1140 498 1192 justi.
537 1139 779 1181 Laetamini.
828 1135 876 1185 V.
911 1140 969 1181 Et

137 1196 385 1248 gloriamini
410 1209 562 1238 omnes
590 1195 699 1237 recti
724 1195 869 1237 corde.
911 1196 969 1237 Et

136 1252 365 1295 exsultate.
398 1252 550 1294 Gleria
567 1251 697 1293 Patri.
728 1251 968 1293 Laetamini.

193 1306 244 1357 V.
274 1308 508 1350 Exsultent
533 1307 635 1360 justi
658 1307 702 1347 in
728 1309 970 1360 conspectu

136 1364 231 1405 Dei.
275 1366 325 1417 Η.
350 1365 408 1406 Et
436 1363 709 1406 delectentur
735 1363 778 1404 in
806 1363 968 1406 laetitia.

415 1437 484 1473 Ad
507 1436 695 1473 Sextam.

192 1492 292 1533 Ant.
320 1489 538 1542 Apparuit
557 1488 620 1530 eis
638 1488 839 1530 Demina.

192 1555 450 1607 Capitulum.
700 1552 830 1593 Eccli.
851 1554 916 1592 44.

219 1622 343 1651 mnes
360 1609 433 1651 isti
447 1609 491 1649 in
504 1608 862 1660 generatienibus
876 1621 971 1659 gen—

237 1666 293 1707 tis
313 1679 404 1707 suae
424 1665 609 1716 gloriam
628 1663 779 1718 adepti
796 1670 906 1715 sunt,
926 1670 970 1706 et

135 1721 180 1819 ἰέι
214 1720 369 1763 diebus
402 1721 492 1762 suis
518 1719 735 1763 habentur
762 1721 806 1760 in
832 1719 967 1762 landi-

169 1790 230 1818 us.

192 1835 242 1886 Re.
267 1833 328 1875 br.
357 1832 592 1875 Exsultent
615 1833 715 1884 justi
743 1833 766 1858 *
788 1833 839 1873 In
868 1845 967 1874 con-

137 1890 294 1941 spectu
311 1889 407 1931 Dei.
434 1888 677 1930 Exsultent.
706 1885 756 1936 V.
777 1889 834 1930 Et
853 1887 967 1930 dele-

138 1946 309 1986 ctentur
326 1945 372 1986 in
386 1944 549 1987 laetitia.
578 1945 640 1985 In.
669 1944 820 1986 Gloria
838 1945 968 1986 Patri.

137 2000 381 2043 Exsultent.

193 2056 242 2107 V.
262 2057 376 2099 Justi
397 2061 543 2099 autem
562 2056 606 2096 in
626 2057 890 2108 perpetuum
908 2056 967 2097 vi-

136 2118 251 2155 vent.
303 2117 352 2168 Ra
385 2114 442 2155 Et
477 2111 596 2166 apud
628 2111 867 2153 Deminum
902 2117 970 2154 est

138 2182 305 2211 merces
325 2172 487 2221 eerum.

417 2238 486 2275 Ad
505 2239 690 2275 Nonam.

192 2291 291 2332 Ant.
319 2289 518 2333 Laudem
536 2289 668 2332 dieite
686 2289 796 2330 Deo.

192 2355 451 2407 Capitulum.
699 2356 829 2396 Eccli.
848 2357 915 2394 44.

227 2411 288 2452 ilii
319 2413 471 2453 eerum
502 2415 685 2465 propter
712 2409 811 2450 illos
829 2421 969 2461 usque

227 2468 271 2507 in
290 2469 502 2509 aeternum
519 2471 706 2508 manent.
733 2466 890 2507 Semen
906 2467 969 2506 ee-

138 2535 235 2563 rum
262 2527 306 2564 et
333 2522 474 2573 gloria
500 2525 653 2564 eerum
675 2533 763 2562 non
786 2520 967 2562 derelin-

140 2579 308 2629 quetur.

192 2633 243 2684 Ru
263 2633 324 2674 br.
350 2634 463 2676 Justi
486 2639 633 2676 autem
650 2634 672 2657 *
693 2634 744 2674 In
763 2634 966 2685 perpetu·
1030 2622 1065 2656 {³9

139 2702 213 2730 um
231 2689 389 2731 vivent.
412 2690 438 2730 J
439 2690 537 2731 usti.
563 2683 612 2735 ΥΤ.
638 2690 695 2731 Et
714 2687 834 2741 apud
853 2688 969 2728 Dfim

140 2750 208 2787 est
221 2758 390 2787 merces
407 2748 568 2788 cerum.
586 2746 648 2786 In.
667 2745 830 2786 Gleria.
844 2744 869 2785 J
871 2744 968 2786 usti.

832 248 866 280 ὃ.
892 246 1113 280 Catharime
1140 247 1185 280 de
1212 247 1354 281 Ricciis
1380 248 1483 290 Yirg.

1076 337 1125 388 V.
1151 340 1445 382 Exsultabunt
1470 342 1607 383 sancti
1632 343 1675 382 in
1701 343 1849 393 gleria.

1023 395 1376 451 l‡.Laetab1'1ntur
1394 396 1437 436 in
1458 397 1674 439 cubilibus
1694 399 1794 439 suis.

1227 473 1288 512 In
1309 472 1370 512 11.
1389 473 1641 523 vesperis.

1077 534 1164 567 Ant.
1187 538 1222 567 et
1240 533 1362 576 Capit.
1384 534 1430 567 de
1448 535 1564 568 Laud.
1581 534 1688 578 [289]‚
1713 536 1850 579 Hymn.

1024 586 1064 614 ut
1087 582 1125 614 in
1151 582 1175 615 I.
1200 581 1316 623 Vesp.
1336 580 1430 624 [284]

1075 624 1125 674 V.
1156 628 1291 669 Orate
1316 640 1399 680 pro
1423 628 1552 669 nobis
1583 634 1753 681 septem
1777 628 1849 670 be-

1021 684 1081 726 ati
1106 684 1270 725 Patres.
1311 686 1360 735 R.
1382 683 1442 725 Ut
1467 683 1585 734 digni
1610 684 1850 725 efficiamur

1019 739 1384 792 promissienibus
1405 738 1574 781 Christi.

1079 807 1147 847 Ad
1171 807 1340 855 Magnis.
1374 808 1470 846 Ant.
1504 806 1761 855 Omagnum
1781 818 1847 846 ca·
1912 846 1913 849 ,

1020 858 1162 899 ritatis
1195 859 1324 911 opus!
1369 859 1539 909 Regina
1572 860 1743 910 generis
1775 860 1848 901 hu-

1019 914 1136 954 mani
1160 915 1313 966 primis
1336 915 1497 956 nostris
1516 914 1720 956 Patribus
1743 915 1850 956 mire

1020 972 1256 1022 apparens,
1290 983 1314 1011 e
1346 969 1510 1011 mundo
1543 983 1621 1011 eos
1653 973 1851 1020 evocare,

1020 1025 1298 1075 singulariter
1314 1026 1398 1067 sibi
1412 1026 1607 1076 seligere,
1620 1026 1852 1076 lugubrem

1020 1086 1189 1122 vestem
1216 1081 1417 1131 induere,
1444 1084 1619 1133 unaque
1647 1095 1746 1123 cum
1773 1085 1850 1135 pe-

1021 1137 1148 1178 steris
1167 1137 1210 1177 in
1229 1138 1475 1189 peculiares
1494 1150 1646 1179 servos
1665 1150 1717 1179 ac
1735 1138 1851 1179 filios

1022 1196 1283 1235 consecrare
1307 1193 1484 1244 dignata
1509 1198 1585 1235 est.
1627 1194 1692 1235 Te
1711 1194 1851 1235 Mater

1022 1248 1275 1290 dulcissima
1308 1255 1351 1291 et
1383 1250 1573 1290 Demina
1604 1249 1850 1299 laudamus,

1019 1304 1331 1355 benedicimus,
1351 1305 1659 1355 glorificamus.

1228 1401 1312 1442 Die
1332 1401 1389 1441 13.
1407 1400 1644 1442 Februarii.

1048 1468 1091 1508 S.
1112 1468 1399 1510 catharinae
1424 1468 1485 1509 de
1503 1468 1685 1509 Ricciis
1706 1468 1824 1518 Virg.

1357 1529 1522 1571 Duplex,

1078 1585 1215 1619 Omnia
1244 1586 1290 1619 de
1320 1586 1485 1620 Coffiuni
1509 1585 1613 1628 Virg.
1646 1585 1718 1628 [83]
1756 1599 1852 1632 praer

1024 1637 1082 1667 ter
1106 1643 1211 1676 sequ.

1362 1676 1524 1717 Oratio.

1112 1736 1256 1778 emine
1284 1736 1388 1776 Jesu
1421 1735 1608 1785 Christe,
1646 1735 1719 1787 qui
1751 1735 1851 1777 bea-

1124 1797 1214 1833 tam
1231 1790 1509 1832 Catharinam
1522 1791 1758 1841 Virginem,
1772 1796 1848 1832 tuo

1021 1850 1170 1888 amere
1199 1848 1469 1896 succensam,
1502 1847 1721 1898 passienis
1750 1859 1849 1887 con-

1021 1902 1306 1954 templatiene
1361 1902 1603 1943 clarescere
1658 1902 1850 1943 voluisti:

1021 1959 1112 2010 ejus
1131 1958 1443 1999 intercessiene
1463 1957 1671 2008 concede;
1691 1963 1738 1999 ut
1752 1970 1849 2010 pas-

1021 2015 1156 2056 sienis
1180 2014 1388 2066 mysteria
1409 2013 1569 2055 devote
1595 2014 1850 2063 recolentes,

1021 2072 1112 2122 ejus
1131 2070 1319 2112 fructum
1342 2072 1573 2123 percipere
1591 2072 1850 2111 mereamur:

1021 2127 1105 2177 Qui
1124 2126 1234 2167 vivis
1257 2131 1302 2167 et
1320 2138 1487 2177 regnas.

1076 2189 1282 2223 Commem.
1308 2187 1432 2221 Feriae
1456 2187 1495 2220 in
1521 2187 1712 2229 Quadrag.

1075 2241 1118 2274 In
1149 2240 1176 2274 I.
1205 2240 1405 2273 Nocturno
1437 2238 1642 2273 Lectiones
1675 2239 1721 2273 de
1753 2239 1850 2273 Scri—

1023 2293 1136 2331 ptura
1161 2290 1394 2322 oecurrente.

1076 2335 1120 2369 In
1145 2334 1380 2377 Quadrages.
1405 2334 1461 2370 De
1483 2335 1709 2379 virginibus.
1734 2334 1806 2377 [87]

1246 2400 1296 2438 In
1323 2399 1373 2438 11.
1402 2399 1624 2438 Nocturno.

1324 2458 1477 2499 Lectio
1497 2458 1549 2497 iv.

1026 2518 1354 2585 gagatharina,
1405 2518 1540 2560 nebili
1586 2518 1747 2559 familia
1792 2518 1847 2559 de

1158 2575 1320 2617 Ricciis
1354 2574 1588 2615 Florentiae
1622 2578 1740 2623 nata,
1778 2574 1850 2615 vel

1158 2631 1213 2672 ab
1250 2631 1426 2672 ineunte
1467 2632 1598 2671 aetate
1635 2630 1752 2682 piam
1787 2631 1847 2670 in-

1022 2687 1168 2729 dolem
1212 2688 1477 2739 praemature
1525 2684 1727 2727 ostendit.
1797 2685 1849 2725 In

1021 2742 1274 2785 suburbano
1307 2741 1573 2783 monasterio
1602 2741 1741 2782 sancti
1767 2740 1844 2781 Pe-
