2040 2990
231 290 330 331 Feci
348 289 551 341 jud1'cium
571 294 614 330 et
632 289 851 340 justitiam:
865 289 888 313 *
908 300 994 328 non

180 346 325 388 tradas
344 359 413 386 me
433 344 794 386 calumniantibus
813 357 892 385 me.

229 402 408 454 suscipe
428 414 600 442 servum
618 406 739 442 tuum
757 401 799 441 in
818 400 994 441 bonum:

179 459 202 483 *
221 470 305 497 non
325 457 638 498 calumnientur
657 470 725 498 me
746 456 931 509 superbi.

230 513 354 554 Oculi
371 513 457 554 mei
477 512 727 554 defecerunt
745 513 788 552 in
807 512 994 553 salutare

178 575 314 610 tuum:
324 570 347 594 *
359 574 403 610 et
416 569 459 609 in
475 569 695 621 eldquium
710 568 882 620 justitiae
897 573 994 609 tuae.

231 626 319 666 Fac
355 638 452 666 eum
490 638 616 666 servo
649 630 724 666 tuo
758 623 993 665 secundum

179 680 518 722 misericordiam
539 686 669 722 tuam:
689 682 711 706 *
732 686 774 722 et
797 679 994 730 justifica-

179 738 320 778 tic'mes
340 742 437 778 tuas
457 736 566 778 doce
584 750 663 778 me.

231 794 389 834 Servus
413 798 512 833 tuus
537 806 631 833 sum
656 805 750 843 ego:
769 794 791 818 *
812 792 867 833 da
889 791 994 832 mihi

179 848 993 897 intellectum‚utsciamtestimoniatua.

231 905 424 956 Tempus
448 904 630 946 faciendi
650 905 848 945 D6mine:
867 905 890 929 *
910 903 993 944 dis-

181 961 429 1013 sipaverunt
448 960 587 1012 legem
605 966 734 1002 tuam.

231 1016 336 1058 Ideo
357 1016 485 1057 dilexi
505 1017 709 1058 mandata
727 1022 810 1066 tua,
825 1018 848 1043 *
864 1029 994 1070 super

181 1086 330 1114 aurum
351 1077 394 1113 et
412 1073 628 1124 topazion.

229 1129 467 1180 Propterea
482 1128 536 1170 ad
552 1129 694 1170 omnia
705 1129 909 1171 mandata
920 1134 994 1171 tua

179 1184 407 1235 dirigebar:
426 1185 449 1210 *
470 1197 640 1227 ornnem
665 1186 779 1226 viam
802 1186 993 1238 iniquam

180 1241 282 1282 odio
301 1240 442 1281 habui.

236 1309 330 1347 Ant.
362 1305 550 1358 Alleluia,
578 1306 756 1358 alleluja,
784 1306 962 1359 alleluja.

281 1388 534 1440 Capitulum.
700 1386 837 1427 Galat.
854 1388 889 1425 6.

260 1455 342 1497 lter
373 1456 549 1498 alterius
574 1459 705 1499 onera
730 1461 923 1510 portate,
952 1465 995 1502 et

290 1512 351 1553 sie
366 1512 659 1565 adimplebitis
674 1514 813 1566 legem
826 1515 994 1558 Christi.

236 1576 282 1627 lx{·.
300 1576 357 1615 br.
379 1573 429 1613 In
444 1575 651 1615 aeternum
666 1575 851 1617 Do'mine
863 1576 883 1597 *
895 1577 994 1618 Per-

180 1634 325 1670 manet
343 1629 522 1670 verbum
541 1634 672 1671 tuum.
704 1632 753 1671 111
775 1631 994 1674 aeternur'n.

185 1682 231 1731 Y'.
253 1685 303 1725 In
328 1685 533 1726 saeculum
557 1686 704 1727 saeculi
727 1688 887 1729 veritas
910 1694 994 1730 tua.

181 1740 419 1783 Permanet.
464 1741 610 1783 (floria
632 1743 762 1784 Patri.
798 1745 847 1784 In
873 1747 995 1786 aeter-

181 1810 293 1837 num.

235 1853 281 1903 Y'.
313 1857 524 1899 Dorninus
556 1859 667 1910 regit
697 1873 782 1910 me,
816 1867 859 1903 et
890 1862 995 1904 nihil

181 1912 285 1953 mihi
304 1912 450 1955 deerit.
484 1916 528 1966 Rg.
554 1915 603 1955 In
622 1915 720 1958 loco
741 1919 915 1970 pitseuae
935 1919 995 1961 ibi

182 1981 250 2010 me
270 1969 511 2011 collocavit.

237 2027 279 2066 ln
324 2027 456 2066 feriali
501 2027 654 2066 officio
698 2039 773 2077 per
813 2027 993 2066 Annum.

186 2083 279 2122 Ant.
333 2081 493 2133 Adjuva
528 2095 616 2132 me,
658 2089 701 2125 et
737 2085 883 2127 salvus
920 2099 995 2129 ero

182 2134 378 2178 Domine.

234 2199 367 2249 Capit.
406 2197 520 2240 Alter
538 2198 726 2242 alterius.
745 2206 789 2239 ut
808 2212 948 2249 supra.

238 2259 283 2309 lxffa
305 2258 362 2297 br.
387 2257 647 2301 Bened1‘eam
662 2260 930 2302 Dominum*
946 2263 997 2303 In

185 2313 515 2366 omnitempore.
531 2315 803 2358 Benedieam.
823 2311 869 2362 V.
881 2318 996 2359 Sem-

183 2380 261 2419 per
279 2368 371 2410 laus
391 2371 479 2421 ejus
498 2371 540 2411 in
565 2384 640 2413 ore
660 2386 768 2414 meo.
801 2374 862 2414 In.
900 2374 996 2415 (ilo-

184 2423 245 2464 ria
263 2424 391 2466 Patri.
420 2426 692 2469 Benedieam.

237 2481 282 2530 Y'.
314 2485 526 2527 Dominus
554 2487 663 2537 regit
698 2500 786 2537 me,
819 2494 862 2530 et
893 2489 996 2530 nihil

184 2539 286 2581 mihi
306 2540 453 2583 deerit.
489 2544 533 2594 K·-
558 2543 607 2583 In
627 2542 725 2584 loco
745 2545 919 2596 pascuae
938 2546 997 2587 ibi

184 2609 252 2637 me
272 2597 514 2638 collociwit.

236 2660 395 2697 (hiando
430 2661 475 2693 ud
511 2660 731 2694 Matutinum
766 2662 877 2695 dictae
911 2670 997 2696 sunt

187 2716 325 2746 preces,
351 2707 458 2739 tit-xis
483 2708 642 2747 genibus
668 2709 819 2742 dicitur:

898 192 956 225 Ad
984 192 1140 225 Nonum.

1141 291 1233 342 yrie
1267 289 1442 331 eleison.
1483 287 1657 330 Christe
1690 287 1864 330 eleison.

1178 346 1305 398 Kyrie
1323 345 1496 386 eleison.

1101 403 1223 444 Pater
1242 407 1401 443 noster.
1423 405 1604 440 secreto.

1100 455 1147 505 Ys.
1164 459 1220 500 Et
1239 471 1292 499 ne
1310 470 1391 499 nos
1405 456 1588 499 inducas
1603 456 1647 498 in
1662 458 1865 499 tentatio-

1044 529 1153 557 nem.
1187 518 1234 570 R’·
1249 513 1336 556 Sed
1354 513 1490 555 libera
1508 525 1590 554 nos
1609 526 1635 554 a
1651 513 1779 555 malo.

1100 570 1147 619 Y'.
1171 571 1358 612 D6mine
1382 571 1503 611 Deus
1527 570 1739 611 virtutum
1766 582 1865 612 con—

1045 630 1165 669 verte
1196 640 1289 668 nos.
1329 629 1376 681 R.
1401 627 1458 668 Et
1491 625 1674 668 ostende
1710 626 1865 668 faciem

1044 690 1174 733 tuam,
1203 689 1246 725 et
1274 683 1382 724 salvi
1406 683 1577 724 erimus.

1099 740 1148 790 Y'.
1168 741 1366 790 Exsurge
1385 739 1572 788 Christe,
1597 739 1753 791 adjuva
1772 752 1864 781 nos.

1052 800 1096 851 Rg.
1125 797 1181 838 Et
1212 796 1348 838 libera
1379 808 1461 836 nos
1492 801 1677 848 propter
1706 809 1865 838 nomen

1043 859 1176 895 tuum.

1100 910 1148 959 Y
1188 909 1375 951 Domine
1419 908 1577 950 exaudi
1622 900 1877 955 orationem,

1043 979 1195 1007 meam.
1242 968 1290 1019 R.
1315 966 1371 1007 Et
1400 965 1564 1007 clamor
1593 978 1716 1007 meus
1741 965 1798 1007 ad
1821 970 1865 1007 te

1043 1022 1197 1063 veniat.

1100 1076 1148 1126 Y.
1187 1079 1402 1119 D6minus
1439 1078 1678 1120 vobiscum.
1728 1082 1778 1133 R.
1809 1079 1866 1120 Et

1044 1148 1142 1176 cum
1162 1135 1317 1187 spiritu
1335 1140 1423 1176 tuo.

1100 1196 1230 1230 Oratio
1257 1196 1500 1230 conveniens.

1098 1248 1287 1291 Tempore
1311 1248 1524 1287 Adventus,
1550 1249 1588 1282 in
1613 1249 1737 1283 feriali
1763 1249 1868 1284 Offic.

1048 1297 1134 1330 Ant.
1160 1296 1205 1329 dc
1233 1296 1348 1329 Laud.
1372 1295 1496 1333 Dom..
1528 1302 1592 1330 aut
1621 1307 1667 1330 ex
1699 1297 1869 1341 propriis

1048 1344 1255 1378 Laudibus.

1100 1405 1357 1457 Capitulum.
1533 1407 1687 1447 Jerem.
1703 1407 1767 1447 33.
1784 1420 1816 1447 c.

1091 1474 1118 1500 n
1139 1463 1291 1505 diebus
1311 1464 1395 1505 illis
1416 1464 1655 1506 salvabitur
1673 1465 1699 1506 J
1700 1464 1803 1515 uda,
1822 1470 1867 1507 et

1108 1520 1244 1561 Israel
1270 1520 1486 1562 habitabit
1510 1521 1796 1563 confidenter:
1823 1526 1868 1563 et

1044 1576 1129 1618 hoc
1164 1582 1230 1618 est
1266 1589 1445 1627 nomen,
1491 1577 1611 1629 quod
1646 1577 1869 1620 vocabunt

1046 1646 1155 1683 eum,
1173 1633 1387 1674 Dominus
1406 1634 1542 1685 justus
1562 1638 1722 1675 noster.

1102 1689 1148 1740 K·
1175 1688 1234 1728 br.
1258 1689 1452 1731 Ostende
1479 1689 1607 1732 nobis
1630 1690 1818 1732 D6mine
1847 1692 1870 1716 *

1045 1745 1528 1788 Misericordiamtuam.
1539 1746 1744 1788 Ostende.
1759 1743 1870 1795 V.Et

1046 1802 1235 1844 salutare
1249 1807 1374 1844 tuum
1389 1803 1445 1844 da
1459 1802 1597 1844 nobis.
1624 1803 1868 1845 Misericor-

1047 1859 1162 1901 diam
1180 1864 1311 1900 tuam.
1343 1859 1491 1901 Gloria
1504 1859 1633 1901 Patri.
1662 1859 1868 1901 Ostende.

1102 1911 1149 1961 Ys'.
1182 1915 1401 1957 Memento
1434 1916 1573 1958 nostri
1605 1915 1792 1957 D6mine
1824 1916 1869 1957 in

1046 1971 1321 2025 beneplacito
1353 1972 1506 2025 populi
1534 1972 1608 2014 tui.
1654 1975 1702 2026 R.
1724 1972 1868 2014 Visita

1046 2041 1127 2070 nos
1146 2029 1190 2069 in
1209 2028 1388 2069 salutari
1406 2034 1494 2070 tuo.

1107 2085 1232 2137 Kyrie
1252 2084 1427 2126 eleison.
1452 2091 1497 2127 ut
1518 2100 1659 2138 supra.

1101 2148 1232 2182 Oratio
1258 2151 1501 2185 conveniens,

1244 2214 1661 2241 ——ae-onm—

1304 2283 1382 2324 Ad
1407 2284 1614 2325 Nonam.

1107 2352 1230 2393 Pater
1248 2358 1409 2394 noster.
1447 2355 1532 2395 Ave
1551 2354 1700 2395 Maria.

1107 2409 1219 2449 Deus
1238 2408 1281 2448 in
1299 2408 1573 2461 adjutorium.
1592 2410 1650 2452 15.

1361 2476 1397 2514 H
1401 2490 1566 2525 ymnus.

1159 2547 1281 2576 erum
1299 2535 1419 2576 Deus
1439 2541 1570 2577 tenax
1590 2535 1724 2587 vigor,

1176 2591 1389 2632 Immotus
1407 2592 1450 2632 in
1469 2597 1512 2634 te
1531 2594 1801 2645 permanens,

1124 2646 1256 2687 Lucis
1276 2646 1443 2689 diurnae
1463 2650 1663 2701 tempora

1124 2702 1407 2745 Successibus
1426 2703 1735 2746 determinans:
