<?xml version="1.0" encoding="UTF-8"?>
<!DOCTYPE html PUBLIC "-//W3C//DTD XHTML 1.0 Transitional//EN"
    "http://www.w3.org/TR/xhtml1/DTD/xhtml1-transitional.dtd">
<html xmlns="http://www.w3.org/1999/xhtml" xml:lang="en" lang="en">
 <head>
  <title>
</title>
<meta http-equiv="Content-Type" content="text/html;charset=utf-8" />
  <meta name='ocr-system' content='tesseract 3.04.00' />
  <meta name='ocr-capabilities' content='ocr_page ocr_carea ocr_par ocr_line ocrx_word'/>
</head>
<body>
  <div class='ocr_page' id='page_1' title='image "./p1breviariumroma00cathuoft_0926.png"; bbox 0 0 2080 2990; ppageno 0'>
   <div class='ocr_carea' id='block_1_1' title="bbox 246 222 318 258">
    <p class='ocr_par' dir='ltr' id='par_1_1' title="bbox 246 222 318 258">
     <span class='ocr_line' id='line_1_1' title="bbox 246 222 318 258; baseline 0.028 -2"><span class='ocrx_word' id='word_1_1' title='bbox 246 222 318 258; x_wconf 79' lang='lat'><strong>20*</strong></span> 
     </span>
    </p>
   </div>
   <div class='ocr_carea' id='block_1_2' title="bbox 247 313 1071 1838">
    <p class='ocr_par' dir='ltr' id='par_1_2' title="bbox 247 313 1071 1205">
     <span class='ocr_line' id='line_1_2' title="bbox 248 313 1068 367; baseline -0.007 -7"><span class='ocrx_word' id='word_1_2' title='bbox 248 318 555 360; x_wconf 66' lang='lat' dir='ltr'><strong>declaraverat.</strong></span> <span class='ocrx_word' id='word_1_3' title='bbox 582 314 726 357; x_wconf 90' lang='lat' dir='ltr'><strong>David</strong></span> <span class='ocrx_word' id='word_1_4' title='bbox 746 327 921 367; x_wconf 89' lang='lat' dir='ltr'><strong>quoque</strong></span> <span class='ocrx_word' id='word_1_5' title='bbox 942 313 1068 355; x_wconf 91' lang='lat' dir='ltr'><strong>simili</strong></span> 
     </span>
     <span class='ocr_line' id='line_1_3' title="bbox 247 373 1068 425; baseline -0.006 -8"><span class='ocrx_word' id='word_1_6' title='bbox 247 373 379 417; x_wconf 91' lang='lat' dir='ltr'><strong>modo</strong></span> <span class='ocrx_word' id='word_1_7' title='bbox 398 386 532 425; x_wconf 85' lang='lat' dir='ltr'><strong>regno</strong></span> <span class='ocrx_word' id='word_1_8' title='bbox 551 373 832 423; x_wconf 84' lang='lat' dir='ltr'><strong>inauguratus</strong></span> <span class='ocrx_word' id='word_1_9' title='bbox 852 376 932 421; x_wconf 85' lang='lat' dir='ltr'><strong>est,</strong></span> <span class='ocrx_word' id='word_1_10' title='bbox 951 375 1068 423; x_wconf 91' lang='lat' dir='ltr'><strong>post-</strong></span> 
     </span>
     <span class='ocr_line' id='line_1_4' title="bbox 248 429 1068 483; baseline -0.007 -10"><span class='ocrx_word' id='word_1_11' title='bbox 248 433 430 483; x_wconf 84' lang='lat' dir='ltr'><strong>eaquam</strong></span> <span class='ocrx_word' id='word_1_12' title='bbox 464 432 727 483; x_wconf 80' lang='lat' dir='ltr'><strong>apparuerat</strong></span> <span class='ocrx_word' id='word_1_13' title='bbox 765 440 896 480; x_wconf 92' lang='lat' dir='ltr'><strong>quam</strong></span> <span class='ocrx_word' id='word_1_14' title='bbox 928 429 1068 469; x_wconf 90' lang='lat' dir='ltr'><strong>amico</strong></span> 
     </span>
     <span class='ocr_line' id='line_1_5' title="bbox 248 483 1069 539; baseline -0.006 -11"><span class='ocrx_word' id='word_1_15' title='bbox 248 492 363 529; x_wconf 89' lang='lat' dir='ltr'><strong>esset</strong></span> <span class='ocrx_word' id='word_1_16' title='bbox 381 486 424 527; x_wconf 92' lang='lat' dir='ltr'><strong>in</strong></span> <span class='ocrx_word' id='word_1_17' title='bbox 442 486 655 539; x_wconf 85' lang='lat' dir='ltr'><strong>populum</strong></span> <span class='ocrx_word' id='word_1_18' title='bbox 675 484 847 526; x_wconf 88' lang='lat' dir='ltr'><strong>affectu:</strong></span> <span class='ocrx_word' id='word_1_19' title='bbox 868 484 928 525; x_wconf 90' lang='lat' dir='ltr'><strong>ita</strong></span> <span class='ocrx_word' id='word_1_20' title='bbox 949 483 1069 535; x_wconf 91' lang='lat' dir='ltr'><strong>quip-</strong></span> 
     </span>
     <span class='ocr_line' id='line_1_6' title="bbox 247 538 1068 596; baseline -0.006 -11"><span class='ocrx_word' id='word_1_21' title='bbox 247 556 303 596; x_wconf 98' lang='lat' dir='ltr'><strong>pe</strong></span> <span class='ocrx_word' id='word_1_22' title='bbox 321 543 486 596; x_wconf 80' lang='lat' dir='ltr'><strong>juvenis</strong></span> <span class='ocrx_word' id='word_1_23' title='bbox 506 542 648 584; x_wconf 90' lang='lat' dir='ltr'><strong>adhuc</strong></span> <span class='ocrx_word' id='word_1_24' title='bbox 666 541 820 594; x_wconf 84' lang='lat' dir='ltr'><strong>populi</strong></span> <span class='ocrx_word' id='word_1_25' title='bbox 844 552 975 582; x_wconf 92' lang='lat' dir='ltr'><strong>causa</strong></span> <span class='ocrx_word' id='word_1_26' title='bbox 994 538 1068 580; x_wconf 84' lang='lat' dir='ltr'><strong>do-</strong></span> 
     </span>
     <span class='ocr_line' id='line_1_7' title="bbox 248 598 1070 649; baseline -0.007 -8"><span class='ocrx_word' id='word_1_27' title='bbox 248 599 326 641; x_wconf 92' lang='lat' dir='ltr'><strong>luit</strong></span> <span class='ocrx_word' id='word_1_28' title='bbox 344 612 395 641; x_wconf 92' lang='lat' dir='ltr'><strong>ac</strong></span> <span class='ocrx_word' id='word_1_29' title='bbox 415 599 588 649; x_wconf 87' lang='lat' dir='ltr'><strong>zelavit,</strong></span> <span class='ocrx_word' id='word_1_30' title='bbox 611 603 659 639; x_wconf 89' lang='lat' dir='ltr'><strong>ut</strong></span> <span class='ocrx_word' id='word_1_31' title='bbox 679 603 721 639; x_wconf 90' lang='lat' dir='ltr'><strong>et</strong></span> <span class='ocrx_word' id='word_1_32' title='bbox 741 598 928 639; x_wconf 88' lang='lat' dir='ltr'><strong>animam</strong></span> <span class='ocrx_word' id='word_1_33' title='bbox 948 608 1070 636; x_wconf 91' lang='lat' dir='ltr'><strong>suam</strong></span> 
     </span>
     <span class='ocr_line' id='line_1_8' title="bbox 249 652 1070 709; baseline -0.005 -12"><span class='ocrx_word' id='word_1_34' title='bbox 249 658 496 709; x_wconf 82' lang='lat' dir='ltr'><strong>exponeret,</strong></span> <span class='ocrx_word' id='word_1_35' title='bbox 512 668 611 697; x_wconf 92' lang='lat' dir='ltr'><strong>cum</strong></span> <span class='ocrx_word' id='word_1_36' title='bbox 621 653 824 696; x_wconf 89' lang='lat' dir='ltr'><strong>videlicet</strong></span> <span class='ocrx_word' id='word_1_37' title='bbox 838 652 1070 695; x_wconf 88' lang='lat' dir='ltr'><strong>barbarum</strong></span> 
     </span>
     <span class='ocr_line' id='line_1_9' title="bbox 249 708 1069 759; baseline -0.006 -6"><span class='ocrx_word' id='word_1_38' title='bbox 249 712 367 753; x_wconf 90' lang='lat' dir='ltr'><strong>illum</strong></span> <span class='ocrx_word' id='word_1_39' title='bbox 387 724 411 754; x_wconf 87' lang='lat' dir='ltr'><strong>e</strong></span> <span class='ocrx_word' id='word_1_40' title='bbox 430 710 575 753; x_wconf 91' lang='lat' dir='ltr'><strong>medio</strong></span> <span class='ocrx_word' id='word_1_41' title='bbox 593 710 787 753; x_wconf 89' lang='lat' dir='ltr'><strong>tollebat.</strong></span> <span class='ocrx_word' id='word_1_42' title='bbox 816 708 946 759; x_wconf 90' lang='lat' dir='ltr'><strong>Quod</strong></span> <span class='ocrx_word' id='word_1_43' title='bbox 965 720 1069 749; x_wconf 85' lang='lat' dir='ltr'><strong>vero</strong></span> 
     </span>
     <span class='ocr_line' id='line_1_10' title="bbox 250 765 1069 818; baseline -0.009 -7"><span class='ocrx_word' id='word_1_44' title='bbox 250 768 435 810; x_wconf 90' lang='lat' dir='ltr'><strong>dicebat:</strong></span> <span class='ocrx_word' id='word_1_45' title='bbox 456 767 571 818; x_wconf 91' lang='lat' dir='ltr'>Quid</span> <span class='ocrx_word' id='word_1_46' title='bbox 590 766 764 809; x_wconf 90' lang='lat' dir='ltr'><strong>dabitur</strong></span> <span class='ocrx_word' id='word_1_47' title='bbox 783 766 822 807; x_wconf 89' lang='lat' dir='ltr'><strong>ei</strong></span> <span class='ocrx_word' id='word_1_48' title='bbox 839 765 911 818; x_wconf 92' lang='lat' dir='ltr'><strong>qui</strong></span> <span class='ocrx_word' id='word_1_49' title='bbox 926 765 1069 806; x_wconf 91' lang='lat' dir='ltr'><strong>alieni-</strong></span> 
     </span>
     <span class='ocr_line' id='line_1_11' title="bbox 249 819 1070 875; baseline -0.005 -9"><span class='ocrx_word' id='word_1_50' title='bbox 249 837 403 875; x_wconf 87' lang='lat' dir='ltr'>genam</span> <span class='ocrx_word' id='word_1_51' title='bbox 421 824 537 866; x_wconf 91' lang='lat' dir='ltr'><strong>hunc</strong></span> <span class='ocrx_word' id='word_1_52' title='bbox 555 821 840 865; x_wconf 67' lang='lat' dir='ltr'><strong>interfecerit?</strong></span> <span class='ocrx_word' id='word_1_53' title='bbox 863 834 951 863; x_wconf 93' lang='lat' dir='ltr'><strong>non</strong></span> <span class='ocrx_word' id='word_1_54' title='bbox 970 819 1070 863; x_wconf 93' lang='lat' dir='ltr'><strong>ideo</strong></span> 
     </span>
     <span class='ocr_line' id='line_1_12' title="bbox 250 878 1070 933; baseline -0.006 -10"><span class='ocrx_word' id='word_1_55' title='bbox 250 880 423 923; x_wconf 90' lang='lat' dir='ltr'><strong>dicebat</strong></span> <span class='ocrx_word' id='word_1_56' title='bbox 449 879 567 933; x_wconf 94' lang='lat' dir='ltr'><strong>quod</strong></span> <span class='ocrx_word' id='word_1_57' title='bbox 591 878 838 921; x_wconf 89' lang='lat' dir='ltr'><strong>mercedem</strong></span> <span class='ocrx_word' id='word_1_58' title='bbox 866 880 1070 929; x_wconf 83' lang='lat' dir='ltr'><strong>exigeret,</strong></span> 
     </span>
     <span class='ocr_line' id='line_1_13' title="bbox 250 935 1069 990; baseline -0.005 -11"><span class='ocrx_word' id='word_1_59' title='bbox 250 936 328 979; x_wconf 88' lang='lat' dir='ltr'><strong>sed</strong></span> <span class='ocrx_word' id='word_1_60' title='bbox 354 950 440 990; x_wconf 93' lang='lat' dir='ltr'><strong>quo</strong></span> <span class='ocrx_word' id='word_1_61' title='bbox 466 936 547 978; x_wconf 86' lang='lat' dir='ltr'>sibi</span> <span class='ocrx_word' id='word_1_62' title='bbox 573 935 839 984; x_wconf 79' lang='lat' dir='ltr'><strong>crederetur,</strong></span> <span class='ocrx_word' id='word_1_63' title='bbox 869 940 912 977; x_wconf 87' lang='lat' dir='ltr'><strong>et</strong></span> <span class='ocrx_word' id='word_1_64' title='bbox 931 935 974 976; x_wconf 92' lang='lat' dir='ltr'><strong>in</strong></span> <span class='ocrx_word' id='word_1_65' title='bbox 993 948 1069 989; x_wconf 91' lang='lat' dir='ltr'><strong>pu-</strong></span> 
     </span>
     <span class='ocr_line' id='line_1_14' title="bbox 249 993 1071 1044; baseline -0.002 -9"><span class='ocrx_word' id='word_1_66' title='bbox 249 1007 377 1044; x_wconf 86' lang='lat' dir='ltr'><strong>gnam</strong></span> <span class='ocrx_word' id='word_1_67' title='bbox 393 1007 490 1035; x_wconf 92' lang='lat' dir='ltr'><strong>cum</strong></span> <span class='ocrx_word' id='word_1_68' title='bbox 506 994 580 1035; x_wconf 92' lang='lat' dir='ltr'><strong>illo</strong></span> <span class='ocrx_word' id='word_1_69' title='bbox 597 993 952 1034; x_wconf 79' lang='lat' dir='ltr'><strong>committeretur:</strong></span> <span class='ocrx_word' id='word_1_70' title='bbox 971 1005 1071 1033; x_wconf 90' lang='lat' dir='ltr'><strong>nam</strong></span> 
     </span>
     <span class='ocr_line' id='line_1_15' title="bbox 251 1048 1071 1103; baseline -0.001 -12"><span class='ocrx_word' id='word_1_71' title='bbox 251 1063 348 1091; x_wconf 90' lang='lat' dir='ltr'><strong>cum</strong></span> <span class='ocrx_word' id='word_1_72' title='bbox 368 1050 527 1103; x_wconf 91' lang='lat' dir='ltr'><strong>adepta</strong></span> <span class='ocrx_word' id='word_1_73' title='bbox 545 1052 629 1102; x_wconf 90' lang='lat' dir='ltr'><strong>jam</strong></span> <span class='ocrx_word' id='word_1_74' title='bbox 642 1050 835 1099; x_wconf 86' lang='lat' dir='ltr'><strong>victoria,</strong></span> <span class='ocrx_word' id='word_1_75' title='bbox 855 1048 911 1091; x_wconf 91' lang='lat' dir='ltr'><strong>ad</strong></span> <span class='ocrx_word' id='word_1_76' title='bbox 923 1062 1071 1100; x_wconf 88' lang='lat' dir='ltr'><strong>regem</strong></span> 
     </span>
     <span class='ocr_line' id='line_1_16' title="bbox 251 1105 1071 1158; baseline 0 -11"><span class='ocrx_word' id='word_1_77' title='bbox 251 1112 365 1148; x_wconf 90' lang='lat' dir='ltr'><strong>esset</strong></span> <span class='ocrx_word' id='word_1_78' title='bbox 389 1107 626 1158; x_wconf 85' lang='lat' dir='ltr'><strong>ingressus,</strong></span> <span class='ocrx_word' id='word_1_79' title='bbox 653 1106 759 1147; x_wconf 91' lang='lat' dir='ltr'><strong>nihil</strong></span> <span class='ocrx_word' id='word_1_80' title='bbox 787 1105 842 1148; x_wconf 88' lang='lat' dir='ltr'><strong>de</strong></span> <span class='ocrx_word' id='word_1_81' title='bbox 868 1105 1071 1147; x_wconf 90' lang='lat' dir='ltr'><strong>mercede</strong></span> 
     </span>
     <span class='ocr_line' id='line_1_17' title="bbox 250 1163 453 1205; baseline -0.01 0"><span class='ocrx_word' id='word_1_82' title='bbox 250 1163 453 1205; x_wconf 88' lang='lat' dir='ltr'><strong>meminit.</strong></span> 
     </span>
    </p>

    <p class='ocr_par' dir='ltr' id='par_1_3' title="bbox 250 1219 1071 1544">
     <span class='ocr_line' id='line_1_18' title="bbox 296 1219 1071 1275; baseline -0.004 -12"><span class='ocrx_word' id='word_1_83' title='bbox 296 1226 344 1275; x_wconf 59' lang='lat' dir='ltr'><strong>R.</strong></span> <span class='ocrx_word' id='word_1_84' title='bbox 376 1220 509 1261; x_wconf 86' lang='lat' dir='ltr'><strong>Posui</strong></span> <span class='ocrx_word' id='word_1_85' title='bbox 540 1219 800 1271; x_wconf 80' lang='lat' dir='ltr'><strong>adjuterium</strong></span> <span class='ocrx_word' id='word_1_86' title='bbox 832 1232 963 1272; x_wconf 92' lang='lat' dir='ltr'><strong>super</strong></span> <span class='ocrx_word' id='word_1_87' title='bbox 995 1232 1071 1272; x_wconf 92' lang='lat' dir='ltr'><strong>po-</strong></span> 
     </span>
     <span class='ocr_line' id='line_1_19' title="bbox 250 1275 1070 1326; baseline -0.001 -8"><span class='ocrx_word' id='word_1_88' title='bbox 250 1278 427 1326; x_wconf 86' lang='lat' dir='ltr'><strong>tentem,</strong></span> <span class='ocrx_word' id='word_1_89' title='bbox 472 1281 516 1318; x_wconf 89' lang='lat' dir='ltr'><strong>et</strong></span> <span class='ocrx_word' id='word_1_90' title='bbox 561 1276 748 1318; x_wconf 88' lang='lat' dir='ltr'><strong>exaltavi</strong></span> <span class='ocrx_word' id='word_1_91' title='bbox 792 1276 979 1318; x_wconf 91' lang='lat' dir='ltr'><strong>electum</strong></span> <span class='ocrx_word' id='word_1_92' title='bbox 1015 1275 1070 1318; x_wconf 89' lang='lat' dir='ltr'><strong>de</strong></span> 
     </span>
     <span class='ocr_line' id='line_1_20' title="bbox 250 1331 1071 1385; baseline -0.001 -11"><span class='ocrx_word' id='word_1_93' title='bbox 250 1331 378 1385; x_wconf 89' lang='lat' dir='ltr'><strong>plebe</strong></span> <span class='ocrx_word' id='word_1_94' title='bbox 418 1345 530 1374; x_wconf 90' lang='lat' dir='ltr'><strong>mea:</strong></span> <span class='ocrx_word' id='word_1_95' title='bbox 560 1339 581 1360; x_wconf 79' lang='grc'>*</span> <span class='ocrx_word' id='word_1_96' title='bbox 624 1332 777 1375; x_wconf 91' lang='lat' dir='ltr'><strong>Manus</strong></span> <span class='ocrx_word' id='word_1_97' title='bbox 819 1332 933 1374; x_wconf 88' lang='lat' dir='ltr'><strong>enim</strong></span> <span class='ocrx_word' id='word_1_98' title='bbox 973 1345 1071 1374; x_wconf 86' lang='lat' dir='ltr'><strong>mea</strong></span> 
     </span>
     <span class='ocr_line' id='line_1_21' title="bbox 251 1387 1071 1438; baseline -0.001 -8"><span class='ocrx_word' id='word_1_99' title='bbox 251 1388 526 1431; x_wconf 69' lang='lat' dir='ltr'><strong>auxiliabitur</strong></span> <span class='ocrx_word' id='word_1_100' title='bbox 555 1389 604 1431; x_wconf 89' lang='lat' dir='ltr'><strong>ei.</strong></span> <span class='ocrx_word' id='word_1_101' title='bbox 650 1387 699 1438; x_wconf 56' lang='lat' dir='ltr'><strong>Y.</strong></span> <span class='ocrx_word' id='word_1_102' title='bbox 737 1389 888 1430; x_wconf 88' lang='lat' dir='ltr'><strong>Inveni</strong></span> <span class='ocrx_word' id='word_1_103' title='bbox 915 1387 1071 1438; x_wconf 89' lang='lat' dir='ltr'><strong>David,</strong></span> 
     </span>
     <span class='ocr_line' id='line_1_22' title="bbox 251 1445 1070 1495; baseline 0.001 -9"><span class='ocrx_word' id='word_1_104' title='bbox 251 1457 424 1487; x_wconf 87' lang='lat' dir='ltr'><strong>servum</strong></span> <span class='ocrx_word' id='word_1_105' title='bbox 456 1458 620 1495; x_wconf 91' lang='lat' dir='ltr'><strong>meum,</strong></span> <span class='ocrx_word' id='word_1_106' title='bbox 656 1445 756 1487; x_wconf 87' lang='lat' dir='ltr'><strong>oleo</strong></span> <span class='ocrx_word' id='word_1_107' title='bbox 789 1450 939 1488; x_wconf 92' lang='lat' dir='ltr'><strong>sancto</strong></span> <span class='ocrx_word' id='word_1_108' title='bbox 971 1458 1070 1487; x_wconf 90' lang='lat' dir='ltr'><strong>meo</strong></span> 
     </span>
     <span class='ocr_line' id='line_1_23' title="bbox 251 1502 690 1544; baseline -0.002 -1"><span class='ocrx_word' id='word_1_109' title='bbox 251 1502 353 1543; x_wconf 88' lang='lat' dir='ltr'><strong>unxi</strong></span> <span class='ocrx_word' id='word_1_110' title='bbox 377 1514 486 1544; x_wconf 89' lang='lat' dir='ltr'><strong>eum.</strong></span> <span class='ocrx_word' id='word_1_111' title='bbox 526 1502 690 1543; x_wconf 92' lang='lat' dir='ltr'><strong>Manus.</strong></span> 
     </span>
    </p>

    <p class='ocr_par' dir='ltr' id='par_1_4' title="bbox 252 1563 1071 1838">
     <span class='ocr_line' id='line_1_24' title="bbox 548 1563 767 1602; baseline -0.005 0"><span class='ocrx_word' id='word_1_112' title='bbox 548 1563 695 1602; x_wconf 69' lang='lat' dir='ltr'><strong>Lectio</strong></span> <span class='ocrx_word' id='word_1_113' title='bbox 716 1564 767 1601; x_wconf 71' lang='lat' dir='ltr'><strong>vi.</strong></span> 
     </span>
     <span class='ocr_line' id='line_1_25' title="bbox 329 1614 1071 1667; baseline 0.001 -11"><span class='ocrx_word' id='word_1_114' title='bbox 329 1619 347 1656; x_wconf 91' lang='lat' dir='ltr'><strong>t</strong></span> <span class='ocrx_word' id='word_1_115' title='bbox 361 1614 533 1657; x_wconf 89' lang='lat' dir='ltr'><strong>Samuel</strong></span> <span class='ocrx_word' id='word_1_116' title='bbox 549 1627 724 1667; x_wconf 90' lang='lat' dir='ltr'><strong>quoque</strong></span> <span class='ocrx_word' id='word_1_117' title='bbox 742 1615 954 1666; x_wconf 85' lang='lat' dir='ltr'><strong>benignus</strong></span> <span class='ocrx_word' id='word_1_118' title='bbox 969 1621 1071 1666; x_wconf 91' lang='lat' dir='ltr'><strong>erat,</strong></span> 
     </span>
     <span class='ocr_line' id='line_1_26' title="bbox 342 1671 1070 1725; baseline 0.001 -12"><span class='ocrx_word' id='word_1_119' title='bbox 342 1675 385 1713; x_wconf 88' lang='lat' dir='ltr'><strong>et</strong></span> <span class='ocrx_word' id='word_1_120' title='bbox 410 1673 578 1713; x_wconf 88' lang='lat' dir='ltr'><strong>amator</strong></span> <span class='ocrx_word' id='word_1_121' title='bbox 601 1671 768 1725; x_wconf 79' lang='lat' dir='ltr'><strong>pepuli:</strong></span> <span class='ocrx_word' id='word_1_122' title='bbox 797 1671 912 1714; x_wconf 90' lang='lat' dir='ltr'><strong>unde</strong></span> <span class='ocrx_word' id='word_1_123' title='bbox 939 1676 982 1714; x_wconf 92' lang='lat' dir='ltr'><strong>et</strong></span> <span class='ocrx_word' id='word_1_124' title='bbox 1011 1672 1070 1714; x_wconf 90' lang='lat' dir='ltr'><strong>di-</strong></span> 
     </span>
     <span class='ocr_line' id='line_1_27' title="bbox 253 1727 1070 1782; baseline 0.002 -13"><span class='ocrx_word' id='word_1_125' title='bbox 253 1727 393 1770; x_wconf 90' lang='lat' dir='ltr'><strong>cebat:</strong></span> <span class='ocrx_word' id='word_1_126' title='bbox 420 1727 549 1770; x_wconf 87' lang='lat' dir='ltr'><strong>Absit</strong></span> <span class='ocrx_word' id='word_1_127' title='bbox 569 1733 713 1771; x_wconf 88' lang='lat' dir='ltr'><strong>autem</strong></span> <span class='ocrx_word' id='word_1_128' title='bbox 731 1728 817 1770; x_wconf 92' lang='lat' dir='ltr'><strong>hoc</strong></span> <span class='ocrx_word' id='word_1_129' title='bbox 836 1742 862 1770; x_wconf 94' lang='lat' dir='ltr'><strong>a</strong></span> <span class='ocrx_word' id='word_1_130' title='bbox 882 1741 952 1770; x_wconf 91' lang='lat' dir='ltr'><strong>me</strong></span> <span class='ocrx_word' id='word_1_131' title='bbox 972 1742 1070 1782; x_wconf 89' lang='lat' dir='ltr'><strong>pec-</strong></span> 
     </span>
     <span class='ocr_line' id='line_1_28' title="bbox 252 1785 1071 1838; baseline 0.004 -13"><span class='ocrx_word' id='word_1_132' title='bbox 252 1786 413 1835; x_wconf 88' lang='lat' dir='ltr'><strong>catum,</strong></span> <span class='ocrx_word' id='word_1_133' title='bbox 439 1790 487 1826; x_wconf 94' lang='lat' dir='ltr'><strong>ut</strong></span> <span class='ocrx_word' id='word_1_134' title='bbox 509 1797 677 1827; x_wconf 85' lang='lat' dir='ltr'><strong>cessem</strong></span> <span class='ocrx_word' id='word_1_135' title='bbox 696 1798 778 1838; x_wconf 91' lang='lat' dir='ltr'><strong>pro</strong></span> <span class='ocrx_word' id='word_1_136' title='bbox 799 1785 926 1827; x_wconf 91' lang='lat' dir='ltr'><strong>vobis</strong></span> <span class='ocrx_word' id='word_1_137' title='bbox 945 1788 1071 1829; x_wconf 86' lang='lat' dir='ltr'><strong>orare</strong></span> 
     </span>
    </p>
   </div>
   <div class='ocr_carea' id='block_1_3' title="bbox 250 1842 1203 1889">
    <p class='ocr_par' dir='ltr' id='par_1_5' title="bbox 250 1842 1203 1889">
     <span class='ocr_line' id='line_1_29' title="bbox 250 1842 1203 1889; baseline 0.001 -7"><span class='ocrx_word' id='word_1_138' title='bbox 250 1842 496 1883; x_wconf 85' lang='lat' dir='ltr'><strong>Dominum.</strong></span> <span class='ocrx_word' id='word_1_139' title='bbox 528 1842 595 1884; x_wconf 92' lang='lat' dir='ltr'><strong>Ita</strong></span> <span class='ocrx_word' id='word_1_140' title='bbox 614 1847 658 1883; x_wconf 89' lang='lat' dir='ltr'><strong>et</strong></span> <span class='ocrx_word' id='word_1_141' title='bbox 676 1842 851 1883; x_wconf 92' lang='lat' dir='ltr'><strong>Paulus:</strong></span> <span class='ocrx_word' id='word_1_142' title='bbox 876 1842 962 1884; x_wconf 92' lang='lat' dir='ltr'><strong>imo</strong></span> <span class='ocrx_word' id='word_1_143' title='bbox 983 1855 1072 1884; x_wconf 91' lang='lat' dir='ltr'><strong>non</strong></span> <span class='ocrx_word' id='word_1_144' title='bbox 1138 1873 1140 1877; x_wconf 33' lang='lat' dir='ltr'><strong>f</strong></span> <span class='ocrx_word' id='word_1_145' title='bbox 1158 1843 1203 1889; x_wconf 55' lang='lat'><strong>{5:2⁷</strong></span> 
     </span>
    </p>
   </div>
   <div class='ocr_carea' id='block_1_4' title="bbox 251 1898 1072 1952">
    <p class='ocr_par' dir='ltr' id='par_1_6' title="bbox 251 1898 1072 1952">
     <span class='ocr_line' id='line_1_30' title="bbox 251 1898 1072 1952; baseline 0.002 -12"><span class='ocrx_word' id='word_1_146' title='bbox 251 1898 327 1947; x_wconf 87' lang='lat' dir='ltr'><strong>ita,</strong></span> <span class='ocrx_word' id='word_1_147' title='bbox 352 1898 430 1940; x_wconf 89' lang='lat' dir='ltr'><strong>sed</strong></span> <span class='ocrx_word' id='word_1_148' title='bbox 453 1899 590 1941; x_wconf 89' lang='lat' dir='ltr'><strong>multo</strong></span> <span class='ocrx_word' id='word_1_149' title='bbox 612 1899 711 1952; x_wconf 91' lang='lat' dir='ltr'><strong>plus</strong></span> <span class='ocrx_word' id='word_1_150' title='bbox 731 1898 931 1940; x_wconf 84' lang='lat' dir='ltr'><strong>omnibus</strong></span> <span class='ocrx_word' id='word_1_151' title='bbox 951 1898 1072 1942; x_wconf 90' lang='lat' dir='ltr'><strong>arde-</strong></span> 
     </span>
    </p>
   </div>
   <div class='ocr_carea' id='block_1_5' title="bbox 251 1940 1179 2005">
    <p class='ocr_par' dir='ltr' id='par_1_7' title="bbox 251 1940 1179 2005">
     <span class='ocr_line' id='line_1_31' title="bbox 251 1940 1179 2005; baseline -0.023 -9"><span class='ocrx_word' id='word_1_152' title='bbox 251 1954 326 1997; x_wconf 90' lang='lat' dir='ltr'><strong>bat</strong></span> <span class='ocrx_word' id='word_1_153' title='bbox 351 1967 454 2005; x_wconf 88' lang='lat' dir='ltr'><strong>erga</strong></span> <span class='ocrx_word' id='word_1_154' title='bbox 479 1955 690 1997; x_wconf 82' lang='lat' dir='ltr'><strong>subditos,</strong></span> <span class='ocrx_word' id='word_1_155' title='bbox 735 1954 857 1998; x_wconf 92' lang='lat' dir='ltr'><strong>Unde</strong></span> <span class='ocrx_word' id='word_1_156' title='bbox 881 1960 925 1997; x_wconf 93' lang='lat' dir='ltr'><strong>et</strong></span> <span class='ocrx_word' id='word_1_157' title='bbox 947 1955 1072 1998; x_wconf 89' lang='lat' dir='ltr'><strong>disci·</strong></span> <span class='ocrx_word' id='word_1_158' title='bbox 1128 1945 1136 1977; x_wconf 56' lang='lat' dir='ltr'><strong>s:</strong></span> <span class='ocrx_word' id='word_1_159' title='bbox 1157 1940 1179 1965; x_wconf 57' lang='grc' dir='ltr'>νὶ</span> 
     </span>
    </p>
   </div>
   <div class='ocr_carea' id='block_1_6' title="bbox 251 2012 1075 2802">
    <p class='ocr_par' dir='ltr' id='par_1_8' title="bbox 251 2012 1075 2802">
     <span class='ocr_line' id='line_1_32' title="bbox 251 2012 1071 2064; baseline 0.004 -12"><span class='ocrx_word' id='word_1_160' title='bbox 251 2012 378 2064; x_wconf 92' lang='lat' dir='ltr'><strong>pulos</strong></span> <span class='ocrx_word' id='word_1_161' title='bbox 396 2012 456 2054; x_wconf 89' lang='lat' dir='ltr'><strong>ita</strong></span> <span class='ocrx_word' id='word_1_162' title='bbox 475 2025 577 2063; x_wconf 88' lang='lat' dir='ltr'><strong>erga</strong></span> <span class='ocrx_word' id='word_1_163' title='bbox 597 2025 643 2055; x_wconf 86' lang='lat' dir='ltr'><strong>se</strong></span> <span class='ocrx_word' id='word_1_164' title='bbox 662 2013 878 2062; x_wconf 88' lang='lat' dir='ltr'><strong>animavit,</strong></span> <span class='ocrx_word' id='word_1_165' title='bbox 896 2018 944 2055; x_wconf 94' lang='lat' dir='ltr'><strong>ut</strong></span> <span class='ocrx_word' id='word_1_166' title='bbox 959 2012 1071 2056; x_wconf 87' lang='lat' dir='ltr'><strong>dice-</strong></span> 
     </span>
     <span class='ocr_line' id='line_1_33' title="bbox 252 2068 1071 2122; baseline 0.005 -14"><span class='ocrx_word' id='word_1_167' title='bbox 252 2073 331 2110; x_wconf 88' lang='lat' dir='ltr'><strong>ret:</strong></span> <span class='ocrx_word' id='word_1_168' title='bbox 355 2068 390 2109; x_wconf 90' lang='lat' dir='ltr'><strong>si</strong></span> <span class='ocrx_word' id='word_1_169' title='bbox 408 2068 618 2122; x_wconf 87' lang='lat' dir='ltr'><strong>possibile</strong></span> <span class='ocrx_word' id='word_1_170' title='bbox 636 2070 803 2120; x_wconf 88' lang='lat' dir='ltr'><strong>fuisset,</strong></span> <span class='ocrx_word' id='word_1_171' title='bbox 830 2070 983 2112; x_wconf 82' lang='lat' dir='ltr'><strong>eculos</strong></span> <span class='ocrx_word' id='word_1_172' title='bbox 1002 2083 1071 2112; x_wconf 90' lang='lat' dir='ltr'><strong>ve-</strong></span> 
     </span>
     <span class='ocr_line' id='line_1_34' title="bbox 252 2125 1072 2179; baseline 0.004 -14"><span class='ocrx_word' id='word_1_173' title='bbox 252 2130 366 2166; x_wconf 92' lang='lat' dir='ltr'><strong>stros</strong></span> <span class='ocrx_word' id='word_1_174' title='bbox 392 2125 632 2176; x_wconf 85' lang='lat' dir='ltr'><strong>eruissetis,</strong></span> <span class='ocrx_word' id='word_1_175' title='bbox 662 2126 853 2179; x_wconf 83' lang='lat' dir='ltr'><strong>mihique</strong></span> <span class='ocrx_word' id='word_1_176' title='bbox 882 2125 1072 2168; x_wconf 90' lang='lat' dir='ltr'><strong>dedisse-</strong></span> 
     </span>
     <span class='ocr_line' id='line_1_35' title="bbox 252 2181 1073 2236; baseline 0.002 -13"><span class='ocrx_word' id='word_1_177' title='bbox 252 2181 319 2223; x_wconf 89' lang='lat' dir='ltr'><strong>tis.</strong></span> <span class='ocrx_word' id='word_1_178' title='bbox 371 2182 427 2223; x_wconf 91' lang='lat' dir='ltr'><strong>Et</strong></span> <span class='ocrx_word' id='word_1_179' title='bbox 460 2182 655 2224; x_wconf 90' lang='lat' dir='ltr'><strong>Christus</strong></span> <span class='ocrx_word' id='word_1_180' title='bbox 693 2183 847 2236; x_wconf 74' lang='lat' dir='ltr'><strong>Optimi</strong></span> <span class='ocrx_word' id='word_1_181' title='bbox 882 2184 1073 2236; x_wconf 82' lang='lat' dir='ltr'><strong>pastoris</strong></span> 
     </span>
     <span class='ocr_line' id='line_1_36' title="bbox 253 2239 1073 2291; baseline 0.004 -11"><span class='ocrx_word' id='word_1_182' title='bbox 253 2239 446 2290; x_wconf 86' lang='lat' dir='ltr'><strong>regulam</strong></span> <span class='ocrx_word' id='word_1_183' title='bbox 482 2239 722 2291; x_wconf 81' lang='lat' dir='ltr'><strong>proferenS‚</strong></span> <span class='ocrx_word' id='word_1_184' title='bbox 759 2239 880 2282; x_wconf 84' lang='lat' dir='ltr'><strong>dixit:</strong></span> <span class='ocrx_word' id='word_1_185' title='bbox 923 2240 1073 2283; x_wconf 92' lang='lat' dir='ltr'><strong>Bonus</strong></span> 
     </span>
     <span class='ocr_line' id='line_1_37' title="bbox 253 2296 1072 2350; baseline 0.004 -14"><span class='ocrx_word' id='word_1_186' title='bbox 253 2300 404 2348; x_wconf 88' lang='lat' dir='ltr'><strong>pastor</strong></span> <span class='ocrx_word' id='word_1_187' title='bbox 444 2296 630 2337; x_wconf 88' lang='lat' dir='ltr'><strong>animam</strong></span> <span class='ocrx_word' id='word_1_188' title='bbox 670 2309 793 2338; x_wconf 90' lang='lat' dir='ltr'><strong>suam</strong></span> <span class='ocrx_word' id='word_1_189' title='bbox 832 2297 955 2350; x_wconf 88' lang='lat' dir='ltr'><strong>ponit</strong></span> <span class='ocrx_word' id='word_1_190' title='bbox 991 2311 1072 2350; x_wconf 93' lang='lat' dir='ltr'><strong>pro</strong></span> 
     </span>
     <span class='ocr_line' id='line_1_38' title="bbox 255 2351 1072 2396; baseline 0.002 -3"><span class='ocrx_word' id='word_1_191' title='bbox 255 2351 419 2394; x_wconf 78' lang='lat' dir='ltr'><strong>evibus.</strong></span> <span class='ocrx_word' id='word_1_192' title='bbox 457 2353 564 2394; x_wconf 89' lang='lat' dir='ltr'><strong>Sunt</strong></span> <span class='ocrx_word' id='word_1_193' title='bbox 588 2352 701 2394; x_wconf 92' lang='lat' dir='ltr'><strong>enim</strong></span> <span class='ocrx_word' id='word_1_194' title='bbox 719 2356 968 2396; x_wconf 85' lang='lat' dir='ltr'><strong>sanctorum</strong></span> <span class='ocrx_word' id='word_1_195' title='bbox 987 2354 1072 2395; x_wconf 91' lang='lat' dir='ltr'><strong>ani-</strong></span> 
     </span>
     <span class='ocr_line' id='line_1_39' title="bbox 253 2408 1072 2459; baseline 0.005 -10"><span class='ocrx_word' id='word_1_196' title='bbox 253 2421 336 2450; x_wconf 90' lang='lat' dir='ltr'><strong>mae</strong></span> <span class='ocrx_word' id='word_1_197' title='bbox 369 2408 646 2451; x_wconf 87' lang='lat' dir='ltr'><strong>vehementer</strong></span> <span class='ocrx_word' id='word_1_198' title='bbox 677 2410 822 2459; x_wconf 85' lang='lat' dir='ltr'><strong>mites,</strong></span> <span class='ocrx_word' id='word_1_199' title='bbox 864 2415 907 2452; x_wconf 90' lang='lat' dir='ltr'><strong>et</strong></span> <span class='ocrx_word' id='word_1_200' title='bbox 938 2410 1072 2452; x_wconf 82' lang='lat' dir='ltr'><strong>homi-</strong></span> 
     </span>
     <span class='ocr_line' id='line_1_40' title="bbox 254 2466 1072 2519; baseline 0.004 -13"><span class='ocrx_word' id='word_1_201' title='bbox 254 2478 355 2507; x_wconf 91' lang='lat' dir='ltr'><strong>num</strong></span> <span class='ocrx_word' id='word_1_202' title='bbox 380 2468 574 2507; x_wconf 88' lang='lat' dir='ltr'><strong>amantes</strong></span> <span class='ocrx_word' id='word_1_203' title='bbox 599 2478 686 2507; x_wconf 93' lang='lat' dir='ltr'><strong>non</strong></span> <span class='ocrx_word' id='word_1_204' title='bbox 709 2466 849 2507; x_wconf 92' lang='lat' dir='ltr'><strong>solum</strong></span> <span class='ocrx_word' id='word_1_205' title='bbox 872 2480 974 2519; x_wconf 86' lang='lat' dir='ltr'><strong>erga</strong></span> <span class='ocrx_word' id='word_1_206' title='bbox 998 2466 1072 2509; x_wconf 94' lang='lat' dir='ltr'><strong>do-</strong></span> 
     </span>
     <span class='ocr_line' id='line_1_41' title="bbox 254 2522 1074 2572; baseline 0.004 -9"><span class='ocrx_word' id='word_1_207' title='bbox 254 2522 474 2572; x_wconf 82' lang='lat' dir='ltr'><strong>mesticos,</strong></span> <span class='ocrx_word' id='word_1_208' title='bbox 501 2522 579 2564; x_wconf 90' lang='lat' dir='ltr'><strong>sed</strong></span> <span class='ocrx_word' id='word_1_209' title='bbox 602 2522 780 2571; x_wconf 79' lang='lat' dir='ltr'><strong>alienos,</strong></span> <span class='ocrx_word' id='word_1_210' title='bbox 809 2523 869 2564; x_wconf 91' lang='lat' dir='ltr'><strong>ita</strong></span> <span class='ocrx_word' id='word_1_211' title='bbox 893 2529 940 2565; x_wconf 93' lang='lat' dir='ltr'><strong>ut</strong></span> <span class='ocrx_word' id='word_1_212' title='bbox 962 2523 1074 2566; x_wconf 88' lang='lat' dir='ltr'><strong>hanc</strong></span> 
     </span>
     <span class='ocr_line' id='line_1_42' title="bbox 255 2578 1074 2622; baseline 0.004 -3"><span class='ocrx_word' id='word_1_213' title='bbox 255 2591 376 2620; x_wconf 88' lang='lat' dir='ltr'><strong>suam</strong></span> <span class='ocrx_word' id='word_1_214' title='bbox 420 2578 794 2621; x_wconf 77' lang='lat' dir='ltr'><strong>mansuetudinem</strong></span> <span class='ocrx_word' id='word_1_215' title='bbox 844 2580 973 2621; x_wconf 88' lang='lat' dir='ltr'><strong>etiam</strong></span> <span class='ocrx_word' id='word_1_216' title='bbox 1018 2581 1074 2622; x_wconf 92' lang='lat' dir='ltr'><strong>ad</strong></span> 
     </span>
     <span class='ocr_line' id='line_1_43' title="bbox 255 2635 1073 2679; baseline 0.004 -4"><span class='ocrx_word' id='word_1_217' title='bbox 255 2635 486 2677; x_wconf 83' lang='lat' dir='ltr'><strong>animantia</strong></span> <span class='ocrx_word' id='word_1_218' title='bbox 517 2635 644 2678; x_wconf 89' lang='lat' dir='ltr'><strong>bruta</strong></span> <span class='ocrx_word' id='word_1_219' title='bbox 677 2635 924 2678; x_wconf 88' lang='lat' dir='ltr'><strong>extendant.</strong></span> <span class='ocrx_word' id='word_1_220' title='bbox 971 2637 1073 2679; x_wconf 93' lang='lat' dir='ltr'><strong>Pro-</strong></span> 
     </span>
     <span class='ocr_line' id='line_1_44' title="bbox 255 2692 1075 2746; baseline 0.001 -13"><span class='ocrx_word' id='word_1_221' title='bbox 255 2694 406 2744; x_wconf 89' lang='lat' dir='ltr'><strong>pterea</strong></span> <span class='ocrx_word' id='word_1_222' title='bbox 434 2698 477 2734; x_wconf 92' lang='lat' dir='ltr'><strong>et</strong></span> <span class='ocrx_word' id='word_1_223' title='bbox 504 2693 679 2744; x_wconf 89' lang='lat' dir='ltr'><strong>sapiens</strong></span> <span class='ocrx_word' id='word_1_224' title='bbox 707 2693 923 2746; x_wconf 87' lang='lat' dir='ltr'><strong>quispiam</strong></span> <span class='ocrx_word' id='word_1_225' title='bbox 951 2692 1075 2735; x_wconf 89' lang='lat' dir='ltr'><strong>dixit:</strong></span> 
     </span>
     <span class='ocr_line' id='line_1_45' title="bbox 254 2748 1074 2802; baseline 0.002 -13"><span class='ocrx_word' id='word_1_226' title='bbox 254 2748 278 2789; x_wconf 89' lang='lat' dir='ltr'><strong>J</strong></span> <span class='ocrx_word' id='word_1_227' title='bbox 280 2754 400 2790; x_wconf 91' lang='lat' dir='ltr'><strong>ustus</strong></span> <span class='ocrx_word' id='word_1_228' title='bbox 419 2748 646 2791; x_wconf 90' lang='lat' dir='ltr'><strong>miseretur</strong></span> <span class='ocrx_word' id='word_1_229' title='bbox 665 2750 902 2791; x_wconf 85' lang='lat' dir='ltr'><strong>animarum</strong></span> <span class='ocrx_word' id='word_1_230' title='bbox 917 2750 1074 2802; x_wconf 86' lang='lat' dir='ltr'><strong>jumen-</strong></span> 
     </span>
    </p>
   </div>
   <div class='ocr_carea' id='block_1_7' title="bbox 399 215 1782 265">
    <p class='ocr_par' dir='ltr' id='par_1_9' title="bbox 399 215 1782 265">
     <span class='ocr_line' id='line_1_46' title="bbox 399 215 1782 265; baseline -0.007 -8"><span class='ocrx_word' id='word_1_231' title='bbox 399 225 467 258; x_wconf 59' lang='lat' dir='ltr'><strong>Dit-</strong></span> <span class='ocrx_word' id='word_1_232' title='bbox 483 226 510 257; x_wconf 70' lang='grc' dir='ltr'><strong>Γ).</strong></span> <span class='ocrx_word' id='word_1_233' title='bbox 533 224 635 256; x_wconf 56' lang='lat' dir='ltr'><strong>Febr.</strong></span> <span class='ocrx_word' id='word_1_234' title='bbox 664 223 696 255; x_wconf 63' lang='lat' dir='ltr'><strong>S.</strong></span> <span class='ocrx_word' id='word_1_235' title='bbox 719 221 944 265; x_wconf 65' lang='lat' dir='ltr'><strong>llyalcimhae</strong></span> <span class='ocrx_word' id='word_1_236' title='bbox 960 218 1253 253; x_wconf 60' lang='lat' dir='ltr'><strong>&lt;chn1-iscmtis</strong></span> <span class='ocrx_word' id='word_1_237' title='bbox 1271 217 1311 249; x_wconf 65' lang='lat' dir='ltr'><strong>V.</strong></span> <span class='ocrx_word' id='word_1_238' title='bbox 1331 223 1364 250; x_wconf 73' lang='lat' dir='ltr'><strong>ct</strong></span> <span class='ocrx_word' id='word_1_239' title='bbox 1381 220 1409 249; x_wconf 63' lang='lat' dir='ltr'><strong>Sl.</strong></span> <span class='ocrx_word' id='word_1_240' title='bbox 1434 216 1468 249; x_wconf 66' lang='lat' dir='ltr'><strong>S.</strong></span> <span class='ocrx_word' id='word_1_241' title='bbox 1484 215 1626 249; x_wconf 72' lang='lat' dir='ltr'><strong>Zosimi</strong></span> <span class='ocrx_word' id='word_1_242' title='bbox 1645 215 1711 258; x_wconf 78' lang='lat' dir='ltr'><strong>Pp.</strong></span> <span class='ocrx_word' id='word_1_243' title='bbox 1729 215 1782 248; x_wconf 81' lang='lat' dir='ltr'><strong>Cf.</strong></span> 
     </span>
    </p>
   </div>
   <div class='ocr_carea' id='block_1_8' title="bbox 1120 309 1942 480">
    <p class='ocr_par' dir='ltr' id='par_1_10' title="bbox 1120 309 1942 480">
     <span class='ocr_line' id='line_1_47' title="bbox 1121 309 1942 361; baseline -0.006 -8"><span class='ocrx_word' id='word_1_244' title='bbox 1121 314 1264 354; x_wconf 84' lang='lat' dir='ltr'><strong>torum</strong></span> <span class='ocrx_word' id='word_1_245' title='bbox 1310 312 1502 352; x_wconf 81' lang='lat' dir='ltr'><strong>suorum:</strong></span> <span class='ocrx_word' id='word_1_246' title='bbox 1556 309 1593 350; x_wconf 92' lang='lat' dir='ltr'><strong>si</strong></span> <span class='ocrx_word' id='word_1_247' title='bbox 1636 309 1942 361; x_wconf 69' lang='lat' dir='ltr'><strong>jumentatum,</strong></span> 
     </span>
     <span class='ocr_line' id='line_1_48' title="bbox 1120 366 1667 418; baseline -0.005 -9"><span class='ocrx_word' id='word_1_248' title='bbox 1120 368 1258 409; x_wconf 89' lang='lat' dir='ltr'><strong>multo</strong></span> <span class='ocrx_word' id='word_1_249' title='bbox 1277 367 1414 418; x_wconf 84' lang='lat' dir='ltr'><strong>magis</strong></span> <span class='ocrx_word' id='word_1_250' title='bbox 1432 366 1667 408; x_wconf 79' lang='lat' dir='ltr'><strong>heminum.</strong></span> 
     </span>
     <span class='ocr_line' id='line_1_49' title="bbox 1172 423 1532 480; baseline -0.014 -11"><span class='ocrx_word' id='word_1_251' title='bbox 1172 431 1219 480; x_wconf 65' lang='lat' dir='ltr'><strong>lx‘g.</strong></span> <span class='ocrx_word' id='word_1_252' title='bbox 1248 425 1338 466; x_wconf 84' lang='lat' dir='ltr'><strong>Iste</strong></span> <span class='ocrx_word' id='word_1_253' title='bbox 1360 428 1427 466; x_wconf 88' lang='lat' dir='ltr'><strong>est</strong></span> <span class='ocrx_word' id='word_1_254' title='bbox 1449 423 1532 476; x_wconf 90' lang='lat' dir='ltr'><strong>qui.</strong></span> 
     </span>
    </p>
   </div>
   <div class='ocr_carea' id='block_1_9' title="bbox 1121 487 1942 667">
    <p class='ocr_par' dir='ltr' id='par_1_11' title="bbox 1128 487 1941 578">
     <span class='ocr_line' id='line_1_50' title="bbox 1175 487 1941 531; baseline 0 -8"><span class='ocrx_word' id='word_1_255' title='bbox 1175 491 1210 523; x_wconf 85' lang='lat' dir='ltr'><strong>ln</strong></span> <span class='ocrx_word' id='word_1_256' title='bbox 1239 490 1298 523; x_wconf 90' lang='lat' dir='ltr'><strong>Ill.</strong></span> <span class='ocrx_word' id='word_1_257' title='bbox 1323 490 1518 522; x_wconf 79' lang='lat' dir='ltr'><strong>Nocturno</strong></span> <span class='ocrx_word' id='word_1_258' title='bbox 1545 488 1714 521; x_wconf 79' lang='lat' dir='ltr'><strong>Homilia</strong></span> <span class='ocrx_word' id='word_1_259' title='bbox 1737 487 1775 521; x_wconf 88' lang='lat' dir='ltr'><strong>in</strong></span> <span class='ocrx_word' id='word_1_260' title='bbox 1798 487 1941 531; x_wconf 65' lang='lat' dir='ltr'><strong>Evang.</strong></span> 
     </span>
     <span class='ocr_line' id='line_1_51' title="bbox 1128 535 1941 578; baseline 0 -7"><span class='ocrx_word' id='word_1_261' title='bbox 1128 538 1248 571; x_wconf 91' lang='lat' dir='ltr'><strong>llomo</strong></span> <span class='ocrx_word' id='word_1_262' title='bbox 1264 535 1433 578; x_wconf 85' lang='lat' dir='ltr'><strong>peregre.</strong></span> <span class='ocrx_word' id='word_1_263' title='bbox 1461 537 1506 570; x_wconf 72' lang='lat' dir='ltr'><strong>dc</strong></span> <span class='ocrx_word' id='word_1_264' title='bbox 1525 536 1659 570; x_wconf 70' lang='lat' dir='ltr'><strong>codem</strong></span> <span class='ocrx_word' id='word_1_265' title='bbox 1676 536 1780 570; x_wconf 72' lang='lat' dir='ltr'><strong>Com.</strong></span> <span class='ocrx_word' id='word_1_266' title='bbox 1803 538 1828 570; x_wconf 90' lang='lat'><strong>1.</strong></span> <span class='ocrx_word' id='word_1_267' title='bbox 1845 537 1941 571; x_wconf 84' lang='lat' dir='ltr'><strong>loco.</strong></span> 
     </span>
    </p>

    <p class='ocr_par' dir='ltr' id='par_1_12' title="bbox 1121 584 1942 667">
     <span class='ocr_line' id='line_1_52' title="bbox 1173 584 1942 627; baseline -0.001 -8"><span class='ocrx_word' id='word_1_268' title='bbox 1173 586 1302 619; x_wconf 59' lang='lat' dir='ltr'><strong>Lectio</strong></span> <span class='ocrx_word' id='word_1_269' title='bbox 1329 586 1375 619; x_wconf 78' lang='lat' dir='ltr'><strong>ix.</strong></span> <span class='ocrx_word' id='word_1_270' title='bbox 1399 587 1434 618; x_wconf 56' lang='lat' dir='ltr'><strong>S.</strong></span> <span class='ocrx_word' id='word_1_271' title='bbox 1452 585 1588 620; x_wconf 64' lang='lat' dir='ltr'><strong>blasii,</strong></span> <span class='ocrx_word' id='word_1_272' title='bbox 1612 591 1652 617; x_wconf 91' lang='lat' dir='ltr'><strong>ut</strong></span> <span class='ocrx_word' id='word_1_273' title='bbox 1677 585 1715 618; x_wconf 91' lang='lat' dir='ltr'><strong>in</strong></span> <span class='ocrx_word' id='word_1_274' title='bbox 1734 584 1942 627; x_wconf 55' lang='lat' dir='ltr'><strong>movim-io,</strong></span> 
     </span>
     <span class='ocr_line' id='line_1_53' title="bbox 1121 632 1878 667; baseline -0.001 0"><span class='ocrx_word' id='word_1_275' title='bbox 1121 641 1154 667; x_wconf 69' lang='lat' dir='ltr'><strong>ct</strong></span> <span class='ocrx_word' id='word_1_276' title='bbox 1182 634 1226 667; x_wconf 69' lang='lat' dir='ltr'><strong>dc</strong></span> <span class='ocrx_word' id='word_1_277' title='bbox 1254 647 1297 667; x_wconf 65' lang='lat' dir='ltr'><strong>m·</strong></span> <span class='ocrx_word' id='word_1_278' title='bbox 1325 634 1362 667; x_wconf 78' lang='lat' dir='ltr'><strong>lit</strong></span> <span class='ocrx_word' id='word_1_279' title='bbox 1388 643 1582 666; x_wconf 68' lang='lat' dir='ltr'><strong>commem.</strong></span> <span class='ocrx_word' id='word_1_280' title='bbox 1608 632 1647 666; x_wconf 86' lang='lat' dir='ltr'><strong>in</strong></span> <span class='ocrx_word' id='word_1_281' title='bbox 1671 632 1878 667; x_wconf 76' lang='lat' dir='ltr'><strong>Laudibus.</strong></span> 
     </span>
    </p>
   </div>
   <div class='ocr_carea' id='block_1_10' title="bbox 1336 709 1731 752">
    <p class='ocr_par' dir='ltr' id='par_1_13' title="bbox 1336 709 1731 752">
     <span class='ocr_line' id='line_1_54' title="bbox 1336 709 1731 752; baseline -0.005 0"><span class='ocrx_word' id='word_1_282' title='bbox 1336 711 1418 752; x_wconf 88' lang='lat' dir='ltr'><strong>Die</strong></span> <span class='ocrx_word' id='word_1_283' title='bbox 1437 712 1475 751; x_wconf 90' lang='lat'><strong>6.</strong></span> <span class='ocrx_word' id='word_1_284' title='bbox 1493 709 1731 752; x_wconf 89' lang='lat' dir='ltr'><strong>Februarii.</strong></span> 
     </span>
    </p>
   </div>
   <div class='ocr_carea' id='block_1_11' title="bbox 1123 776 1943 1034">
    <p class='ocr_par' dir='ltr' id='par_1_14' title="bbox 1123 776 1943 1034">
     <span class='ocr_line' id='line_1_55' title="bbox 1149 776 1919 830; baseline -0.005 -8"><span class='ocrx_word' id='word_1_285' title='bbox 1149 781 1191 822; x_wconf 86' lang='lat' dir='ltr'><strong>S.</strong></span> <span class='ocrx_word' id='word_1_286' title='bbox 1211 779 1511 830; x_wconf 80' lang='lat' dir='ltr'><strong>Hyacinthae</strong></span> <span class='ocrx_word' id='word_1_287' title='bbox 1531 778 1592 819; x_wconf 84' lang='lat' dir='ltr'><strong>de</strong></span> <span class='ocrx_word' id='word_1_288' title='bbox 1612 776 1919 819; x_wconf 76' lang='lat' dir='ltr'><strong>Mariscottis</strong></span> 
     </span>
     <span class='ocr_line' id='line_1_56' title="bbox 1435 834 1635 883; baseline 0 -9"><span class='ocrx_word' id='word_1_289' title='bbox 1435 834 1635 883; x_wconf 64' lang='lat' dir='ltr'><strong>Virginis.</strong></span> 
     </span>
     <span class='ocr_line' id='line_1_57' title="bbox 1451 895 1612 938; baseline -0.006 -9"><span class='ocrx_word' id='word_1_290' title='bbox 1451 895 1612 938; x_wconf 61' lang='lat' dir='ltr'><strong>Duplex</strong></span> 
     </span>
     <span class='ocr_line' id='line_1_58' title="bbox 1172 947 1943 991; baseline -0.006 -5"><span class='ocrx_word' id='word_1_291' title='bbox 1172 951 1221 985; x_wconf 71' lang='lat' dir='ltr'><strong>l&#39;t</strong></span> <span class='ocrx_word' id='word_1_292' title='bbox 1256 951 1353 985; x_wconf 78' lang='lat' dir='ltr'><strong>inter</strong></span> <span class='ocrx_word' id='word_1_293' title='bbox 1386 950 1481 983; x_wconf 77' lang='lat' dir='ltr'><strong>festa</strong></span> <span class='ocrx_word' id='word_1_294' title='bbox 1517 959 1584 991; x_wconf 85' lang='lat' dir='ltr'><strong>pro</strong></span> <span class='ocrx_word' id='word_1_295' title='bbox 1620 947 1813 991; x_wconf 77' lang='lat' dir='ltr'><strong>aliquibus</strong></span> <span class='ocrx_word' id='word_1_296' title='bbox 1847 947 1943 982; x_wconf 82' lang='lat' dir='ltr'><strong>locis</strong></span> 
     </span>
     <span class='ocr_line' id='line_1_59' title="bbox 1123 1000 1352 1034; baseline -0.009 -1"><span class='ocrx_word' id='word_1_297' title='bbox 1123 1001 1253 1034; x_wconf 68' lang='lat' dir='ltr'><strong>cadem</strong></span> <span class='ocrx_word' id='word_1_298' title='bbox 1282 1000 1352 1032; x_wconf 75' lang='lat' dir='ltr'><strong>dic.</strong></span> 
     </span>
    </p>
   </div>
   <div class='ocr_carea' id='block_1_12' title="bbox 1123 1072 1950 2792">
    <p class='ocr_par' dir='ltr' id='par_1_15' title="bbox 1228 1072 1845 1239">
     <span class='ocr_line' id='line_1_60' title="bbox 1338 1072 1731 1115; baseline -0.003 -1"><span class='ocrx_word' id='word_1_299' title='bbox 1338 1074 1420 1115; x_wconf 87' lang='lat' dir='ltr'><strong>Die</strong></span> <span class='ocrx_word' id='word_1_300' title='bbox 1439 1074 1477 1114; x_wconf 87' lang='lat'><strong>9.</strong></span> <span class='ocrx_word' id='word_1_301' title='bbox 1495 1072 1731 1115; x_wconf 85' lang='lat' dir='ltr'><strong>Februarii.</strong></span> 
     </span>
     <span class='ocr_line' id='line_1_61' title="bbox 1228 1135 1845 1189; baseline -0.006 -9"><span class='ocrx_word' id='word_1_302' title='bbox 1228 1139 1271 1180; x_wconf 90' lang='lat' dir='ltr'><strong>S.</strong></span> <span class='ocrx_word' id='word_1_303' title='bbox 1294 1137 1479 1180; x_wconf 86' lang='lat' dir='ltr'><strong>Zosimi</strong></span> <span class='ocrx_word' id='word_1_304' title='bbox 1499 1138 1632 1189; x_wconf 79' lang='lat' dir='ltr'><strong>Papae</strong></span> <span class='ocrx_word' id='word_1_305' title='bbox 1660 1143 1701 1178; x_wconf 88' lang='lat' dir='ltr'><strong>et</strong></span> <span class='ocrx_word' id='word_1_306' title='bbox 1726 1135 1845 1177; x_wconf 87' lang='lat' dir='ltr'><strong>Conf.</strong></span> 
     </span>
     <span class='ocr_line' id='line_1_62' title="bbox 1451 1197 1614 1239; baseline -0.006 -8"><span class='ocrx_word' id='word_1_307' title='bbox 1451 1197 1614 1239; x_wconf 64' lang='lat' dir='ltr'><strong>Duplex</strong></span> 
     </span>
    </p>

    <p class='ocr_par' dir='ltr' id='par_1_16' title="bbox 1123 1246 1945 1342">
     <span class='ocr_line' id='line_1_63' title="bbox 1174 1246 1945 1289; baseline -0.004 -7"><span class='ocrx_word' id='word_1_308' title='bbox 1174 1250 1308 1283; x_wconf 72' lang='lat' dir='ltr'><strong>Omnia</strong></span> <span class='ocrx_word' id='word_1_309' title='bbox 1339 1250 1384 1283; x_wconf 81' lang='lat' dir='ltr'><strong>dc</strong></span> <span class='ocrx_word' id='word_1_310' title='bbox 1408 1248 1571 1283; x_wconf 68' lang='lat' dir='ltr'><strong>(Ioniuni</strong></span> <span class='ocrx_word' id='word_1_311' title='bbox 1596 1247 1769 1282; x_wconf 74' lang='lat' dir='ltr'><strong>Confess.</strong></span> <span class='ocrx_word' id='word_1_312' title='bbox 1795 1246 1945 1289; x_wconf 65' lang='lat' dir='ltr'><strong>Pontis„</strong></span> 
     </span>
     <span class='ocr_line' id='line_1_64' title="bbox 1123 1295 1590 1342; baseline -0.006 -10"><span class='ocrx_word' id='word_1_313' title='bbox 1123 1306 1261 1342; x_wconf 64' lang='lat' dir='ltr'><strong>practer</strong></span> <span class='ocrx_word' id='word_1_314' title='bbox 1286 1309 1390 1340; x_wconf 69' lang='lat' dir='ltr'><strong>sequ.</strong></span> <span class='ocrx_word' id='word_1_315' title='bbox 1416 1295 1475 1339; x_wconf 88' lang='lat' dir='ltr'><strong>(m.</strong></span> <span class='ocrx_word' id='word_1_316' title='bbox 1497 1299 1520 1330; x_wconf 84' lang='lat' dir='ltr'><strong>t.</strong></span> <span class='ocrx_word' id='word_1_317' title='bbox 1541 1296 1590 1338; x_wconf 84' lang='lat' dir='ltr'><strong>V.)</strong></span> 
     </span>
    </p>

    <p class='ocr_par' dir='ltr' id='par_1_17' title="bbox 1174 1345 1656 1388">
     <span class='ocr_line' id='line_1_65' title="bbox 1174 1345 1656 1388; baseline 0.002 -11"><span class='ocrx_word' id='word_1_318' title='bbox 1174 1347 1315 1379; x_wconf 55' lang='lat' dir='ltr'><strong>(uatis).</strong></span> <span class='ocrx_word' id='word_1_319' title='bbox 1342 1346 1402 1378; x_wconf 80' lang='lat' dir='ltr'><strong>Da</strong></span> <span class='ocrx_word' id='word_1_320' title='bbox 1426 1345 1656 1388; x_wconf 77' lang='lat' dir='ltr'><strong>quaesumus.</strong></span> 
     </span>
    </p>

    <p class='ocr_par' dir='ltr' id='par_1_18' title="bbox 1124 1394 1944 1480">
     <span class='ocr_line' id='line_1_66' title="bbox 1180 1394 1944 1440; baseline -0.005 -9"><span class='ocrx_word' id='word_1_321' title='bbox 1180 1399 1220 1432; x_wconf 73' lang='lat' dir='ltr'><strong>Et</strong></span> <span class='ocrx_word' id='word_1_322' title='bbox 1246 1400 1283 1431; x_wconf 74' lang='lat' dir='ltr'><strong>tit</strong></span> <span class='ocrx_word' id='word_1_323' title='bbox 1314 1408 1508 1431; x_wconf 76' lang='lat' dir='ltr'><strong>commem.</strong></span> <span class='ocrx_word' id='word_1_324' title='bbox 1534 1398 1568 1431; x_wconf 75' lang='lat' dir='ltr'><strong>S.</strong></span> <span class='ocrx_word' id='word_1_325' title='bbox 1594 1395 1816 1440; x_wconf 68' lang='lat' dir='ltr'><strong>Apollonia:</strong></span> <span class='ocrx_word' id='word_1_326' title='bbox 1842 1394 1944 1437; x_wconf 75' lang='lat' dir='ltr'><strong>Virg.</strong></span> 
     </span>
     <span class='ocr_line' id='line_1_67' title="bbox 1124 1446 1592 1480; baseline -0.002 0"><span class='ocrx_word' id='word_1_327' title='bbox 1124 1447 1228 1480; x_wconf 73' lang='lat' dir='ltr'><strong>Mart.</strong></span> <span class='ocrx_word' id='word_1_328' title='bbox 1256 1452 1293 1480; x_wconf 85' lang='lat' dir='ltr'><strong>ut</strong></span> <span class='ocrx_word' id='word_1_329' title='bbox 1321 1447 1355 1479; x_wconf 84' lang='lat' dir='ltr'><strong>in</strong></span> <span class='ocrx_word' id='word_1_330' title='bbox 1383 1446 1592 1480; x_wconf 66' lang='lat' dir='ltr'><strong>breviario.</strong></span> 
     </span>
    </p>

    <p class='ocr_par' dir='ltr' id='par_1_19' title="bbox 1126 1494 1945 1590">
     <span class='ocr_line' id='line_1_68' title="bbox 1180 1494 1945 1533; baseline -0.005 -1"><span class='ocrx_word' id='word_1_331' title='bbox 1180 1500 1216 1533; x_wconf 83' lang='lat' dir='ltr'><strong>ln</strong></span> <span class='ocrx_word' id='word_1_332' title='bbox 1253 1500 1275 1532; x_wconf 95' lang='grc' dir='ltr'><strong>Ι.</strong></span> <span class='ocrx_word' id='word_1_333' title='bbox 1308 1499 1503 1532; x_wconf 51' lang='lat' dir='ltr'><strong>Not-turno</strong></span> <span class='ocrx_word' id='word_1_334' title='bbox 1535 1498 1736 1532; x_wconf 80' lang='lat' dir='ltr'><strong>Lectiones</strong></span> <span class='ocrx_word' id='word_1_335' title='bbox 1770 1494 1945 1530; x_wconf 80' lang='lat' dir='ltr'><strong>de&#39;Scri-</strong></span> 
     </span>
     <span class='ocr_line' id='line_1_69' title="bbox 1126 1552 1489 1590; baseline 0.003 -12"><span class='ocrx_word' id='word_1_336' title='bbox 1126 1554 1232 1590; x_wconf 70' lang='lat' dir='ltr'><strong>ptura</strong></span> <span class='ocrx_word' id='word_1_337' title='bbox 1259 1552 1489 1580; x_wconf 62' lang='lat' dir='ltr'><strong>occurrente.</strong></span> 
     </span>
    </p>

    <p class='ocr_par' dir='ltr' id='par_1_20' title="bbox 1125 1595 1946 1682">
     <span class='ocr_line' id='line_1_70' title="bbox 1178 1595 1946 1640; baseline -0.007 -7"><span class='ocrx_word' id='word_1_338' title='bbox 1178 1601 1215 1633; x_wconf 76' lang='lat' dir='ltr'><strong>ln</strong></span> <span class='ocrx_word' id='word_1_339' title='bbox 1232 1600 1420 1640; x_wconf 58' lang='lat' dir='ltr'><strong>Quudrag.</strong></span> <span class='ocrx_word' id='word_1_340' title='bbox 1439 1598 1582 1634; x_wconf 74' lang='lat' dir='ltr'><strong>Fidelis</strong></span> <span class='ocrx_word' id='word_1_341' title='bbox 1596 1608 1732 1633; x_wconf 88' lang='lat' dir='ltr'><strong>sermo.</strong></span> <span class='ocrx_word' id='word_1_342' title='bbox 1746 1596 1792 1631; x_wconf 75' lang='lat' dir='ltr'><strong>de</strong></span> <span class='ocrx_word' id='word_1_343' title='bbox 1810 1595 1946 1630; x_wconf 75' lang='lat' dir='ltr'><strong>eodem</strong></span> 
     </span>
     <span class='ocr_line' id='line_1_71' title="bbox 1125 1648 1494 1682; baseline 0.008 -3"><span class='ocrx_word' id='word_1_344' title='bbox 1125 1648 1324 1682; x_wconf 51' lang='lat' dir='ltr'><strong>cummuni</strong></span> <span class='ocrx_word' id='word_1_345' title='bbox 1351 1648 1374 1681; x_wconf 93' lang='lat'><strong>1.</strong></span> <span class='ocrx_word' id='word_1_346' title='bbox 1399 1648 1494 1682; x_wconf 73' lang='lat' dir='ltr'><strong>loco.</strong></span> 
     </span>
    </p>

    <p class='ocr_par' dir='ltr' id='par_1_21' title="bbox 1346 1712 1721 1817">
     <span class='ocr_line' id='line_1_72' title="bbox 1346 1712 1721 1751; baseline -0.003 -1"><span class='ocrx_word' id='word_1_347' title='bbox 1346 1713 1393 1750; x_wconf 90' lang='lat' dir='ltr'><strong>In</strong></span> <span class='ocrx_word' id='word_1_348' title='bbox 1421 1712 1470 1750; x_wconf 92' lang='lat' dir='ltr'><strong>II.</strong></span> <span class='ocrx_word' id='word_1_349' title='bbox 1500 1712 1721 1751; x_wconf 83' lang='lat' dir='ltr'><strong>Nocturno.</strong></span> 
     </span>
     <span class='ocr_line' id='line_1_73' title="bbox 1425 1777 1644 1817; baseline 0.009 -2"><span class='ocrx_word' id='word_1_350' title='bbox 1425 1777 1572 1817; x_wconf 81' lang='lat' dir='ltr'><strong>Lectio</strong></span> <span class='ocrx_word' id='word_1_351' title='bbox 1593 1778 1644 1817; x_wconf 77' lang='lat' dir='ltr'><strong>iv,</strong></span> 
     </span>
    </p>

    <p class='ocr_par' dir='ltr' id='par_1_22' title="bbox 1126 1835 1950 2678">
     <span class='ocr_line' id='line_1_74' title="bbox 1156 1835 1947 1889; baseline -0.001 -11"><span class='ocrx_word' id='word_1_352' title='bbox 1156 1886 1159 1889; x_wconf 25' lang='lat'><strong>¹</strong></span> <span class='ocrx_word' id='word_1_353' title='bbox 1184 1884 1187 1889; x_wconf 52' lang='lat'><strong>.</strong></span> <span class='ocrx_word' id='word_1_354' title='bbox 1215 1839 1415 1885; x_wconf 83' lang='lat' dir='ltr'><strong>osimus</strong></span> <span class='ocrx_word' id='word_1_355' title='bbox 1438 1839 1620 1880; x_wconf 85' lang='lat' dir='ltr'><strong>Graecus</strong></span> <span class='ocrx_word' id='word_1_356' title='bbox 1640 1835 1880 1878; x_wconf 89' lang='lat' dir='ltr'><strong>Abrahami</strong></span> <span class='ocrx_word' id='word_1_357' title='bbox 1901 1836 1947 1877; x_wconf 88' lang='lat' dir='ltr'><strong>fi-</strong></span> 
     </span>
     <span class='ocr_line' id='line_1_75' title="bbox 1269 1894 1947 1948; baseline -0.009 -8.198"><span class='ocrx_word' id='word_1_358' title='bbox 1269 1896 1351 1937; x_wconf 91' lang='lat' dir='ltr'><strong>lius</strong></span> <span class='ocrx_word' id='word_1_359' title='bbox 1382 1899 1486 1948; x_wconf 87' lang='lat' dir='ltr'><strong>post</strong></span> <span class='ocrx_word' id='word_1_360' title='bbox 1514 1899 1712 1936; x_wconf 89' lang='lat' dir='ltr'><strong>sanctum</strong></span> <span class='ocrx_word' id='word_1_361' title='bbox 1739 1894 1947 1934; x_wconf 87' lang='lat' dir='ltr'><strong>Innocen-</strong></span> 
     </span>
     <span class='ocr_line' id='line_1_76' title="bbox 1204 1949 1948 2002; baseline -0.007 -6"><span class='ocrx_word' id='word_1_362' title='bbox 1204 1953 1247 1977; x_wconf 40' lang='grc' dir='ltr'><strong>’Ψ</strong></span> <span class='ocrx_word' id='word_1_363' title='bbox 1268 1953 1375 1995; x_wconf 91' lang='lat' dir='ltr'><strong>tium</strong></span> <span class='ocrx_word' id='word_1_364' title='bbox 1394 1952 1608 1993; x_wconf 80' lang='lat' dir='ltr'><strong>Romanae</strong></span> <span class='ocrx_word' id='word_1_365' title='bbox 1626 1950 1838 1992; x_wconf 88' lang='lat' dir='ltr'><strong>Ecclesiae</strong></span> <span class='ocrx_word' id='word_1_366' title='bbox 1860 1949 1948 2002; x_wconf 93' lang='lat' dir='ltr'><strong>epi-</strong></span> 
     </span>
     <span class='ocr_line' id='line_1_77' title="bbox 1127 2007 1948 2065; baseline -0.009 -11"><span class='ocrx_word' id='word_1_367' title='bbox 1127 2013 1357 2065; x_wconf 92' lang='lat' dir='ltr'><strong>scopatum</strong></span> <span class='ocrx_word' id='word_1_368' title='bbox 1393 2009 1596 2062; x_wconf 89' lang='lat' dir='ltr'><strong>suscepit.</strong></span> <span class='ocrx_word' id='word_1_369' title='bbox 1648 2008 1693 2049; x_wconf 89' lang='lat' dir='ltr'><strong>Is</strong></span> <span class='ocrx_word' id='word_1_370' title='bbox 1725 2007 1948 2048; x_wconf 85' lang='lat' dir='ltr'><strong>Africano-</strong></span> 
     </span>
     <span class='ocr_line' id='line_1_78' title="bbox 1126 2062 1948 2110; baseline -0.007 0"><span class='ocrx_word' id='word_1_371' title='bbox 1126 2082 1222 2110; x_wconf 91' lang='lat' dir='ltr'><strong>rum</strong></span> <span class='ocrx_word' id='word_1_372' title='bbox 1253 2065 1537 2109; x_wconf 83' lang='lat' dir='ltr'><strong>conciliorum</strong></span> <span class='ocrx_word' id='word_1_373' title='bbox 1572 2063 1759 2107; x_wconf 86' lang='lat' dir='ltr'><strong>decretis</strong></span> <span class='ocrx_word' id='word_1_374' title='bbox 1797 2062 1948 2106; x_wconf 90' lang='lat' dir='ltr'><strong>adver-</strong></span> 
     </span>
     <span class='ocr_line' id='line_1_79' title="bbox 1126 2119 1949 2178; baseline -0.009 -11"><span class='ocrx_word' id='word_1_375' title='bbox 1126 2139 1199 2167; x_wconf 91' lang='lat' dir='ltr'><strong>sus</strong></span> <span class='ocrx_word' id='word_1_376' title='bbox 1217 2123 1491 2178; x_wconf 88' lang='lat' dir='ltr'><strong>pelagianam</strong></span> <span class='ocrx_word' id='word_1_377' title='bbox 1505 2121 1709 2163; x_wconf 82' lang='lat' dir='ltr'><strong>haeresim</strong></span> <span class='ocrx_word' id='word_1_378' title='bbox 1723 2119 1949 2162; x_wconf 85' lang='lat' dir='ltr'><strong>sententiae</strong></span> 
     </span>
     <span class='ocr_line' id='line_1_80' title="bbox 1127 2176 1949 2229; baseline -0.009 -5"><span class='ocrx_word' id='word_1_379' title='bbox 1127 2195 1218 2224; x_wconf 89' lang='lat' dir='ltr'><strong>suae</strong></span> <span class='ocrx_word' id='word_1_380' title='bbox 1237 2180 1371 2223; x_wconf 92' lang='lat' dir='ltr'><strong>robur</strong></span> <span class='ocrx_word' id='word_1_381' title='bbox 1394 2178 1616 2226; x_wconf 88' lang='lat' dir='ltr'><strong>adnexuit,</strong></span> <span class='ocrx_word' id='word_1_382' title='bbox 1646 2183 1689 2220; x_wconf 91' lang='lat' dir='ltr'><strong>et</strong></span> <span class='ocrx_word' id='word_1_383' title='bbox 1716 2176 1773 2219; x_wconf 92' lang='lat' dir='ltr'><strong>ad</strong></span> <span class='ocrx_word' id='word_1_384' title='bbox 1796 2176 1949 2229; x_wconf 83' lang='lat' dir='ltr'><strong>impio-</strong></span> 
     </span>
     <span class='ocr_line' id='line_1_81' title="bbox 1126 2232 1949 2287; baseline -0.007 -7"><span class='ocrx_word' id='word_1_385' title='bbox 1126 2253 1222 2280; x_wconf 93' lang='lat' dir='ltr'><strong>rum</strong></span> <span class='ocrx_word' id='word_1_386' title='bbox 1248 2236 1465 2280; x_wconf 89' lang='lat' dir='ltr'><strong>excidium</strong></span> <span class='ocrx_word' id='word_1_387' title='bbox 1490 2234 1637 2287; x_wconf 89' lang='lat' dir='ltr'><strong>gladio</strong></span> <span class='ocrx_word' id='word_1_388' title='bbox 1659 2233 1777 2276; x_wconf 88' lang='lat' dir='ltr'><strong>Petri</strong></span> <span class='ocrx_word' id='word_1_389' title='bbox 1803 2232 1949 2275; x_wconf 88' lang='lat' dir='ltr'><strong>dexte-</strong></span> 
     </span>
     <span class='ocr_line' id='line_1_82' title="bbox 1126 2289 1950 2341; baseline -0.008 -3"><span class='ocrx_word' id='word_1_390' title='bbox 1126 2309 1197 2338; x_wconf 88' lang='lat' dir='ltr'><strong>ras</strong></span> <span class='ocrx_word' id='word_1_391' title='bbox 1216 2295 1408 2337; x_wconf 82' lang='lat' dir='ltr'><strong>emnium</strong></span> <span class='ocrx_word' id='word_1_392' title='bbox 1426 2292 1608 2334; x_wconf 87' lang='lat' dir='ltr'><strong>armavit</strong></span> <span class='ocrx_word' id='word_1_393' title='bbox 1626 2291 1880 2341; x_wconf 85' lang='lat' dir='ltr'><strong>antistitum3</strong></span> <span class='ocrx_word' id='word_1_394' title='bbox 1898 2289 1950 2331; x_wconf 87' lang='lat' dir='ltr'><strong>iis</strong></span> 
     </span>
     <span class='ocr_line' id='line_1_83' title="bbox 1126 2347 1949 2404; baseline -0.01 -9"><span class='ocrx_word' id='word_1_395' title='bbox 1126 2364 1313 2404; x_wconf 90' lang='lat' dir='ltr'><strong>namque</strong></span> <span class='ocrx_word' id='word_1_396' title='bbox 1337 2351 1391 2393; x_wconf 91' lang='lat' dir='ltr'><strong>ab</strong></span> <span class='ocrx_word' id='word_1_397' title='bbox 1416 2351 1514 2404; x_wconf 91' lang='lat' dir='ltr'><strong>ipso</strong></span> <span class='ocrx_word' id='word_1_398' title='bbox 1540 2347 1756 2402; x_wconf 87' lang='lat' dir='ltr'><strong>probatis,</strong></span> <span class='ocrx_word' id='word_1_399' title='bbox 1783 2359 1863 2400; x_wconf 88' lang='lat' dir='ltr'><strong>per</strong></span> <span class='ocrx_word' id='word_1_400' title='bbox 1885 2351 1949 2388; x_wconf 92' lang='lat' dir='ltr'><strong>to-</strong></span> 
     </span>
     <span class='ocr_line' id='line_1_84' title="bbox 1126 2403 1950 2457; baseline -0.008 -6"><span class='ocrx_word' id='word_1_401' title='bbox 1126 2415 1219 2452; x_wconf 94' lang='lat' dir='ltr'><strong>tum</strong></span> <span class='ocrx_word' id='word_1_402' title='bbox 1259 2407 1469 2450; x_wconf 91' lang='lat' dir='ltr'><strong>mundum</strong></span> <span class='ocrx_word' id='word_1_403' title='bbox 1509 2405 1688 2447; x_wconf 82' lang='lat' dir='ltr'><strong>haeresis</strong></span> <span class='ocrx_word' id='word_1_404' title='bbox 1723 2403 1950 2457; x_wconf 86' lang='lat' dir='ltr'><strong>pelagiana</strong></span> 
     </span>
     <span class='ocr_line' id='line_1_85' title="bbox 1128 2459 1949 2509; baseline -0.009 -1"><span class='ocrx_word' id='word_1_405' title='bbox 1128 2466 1334 2509; x_wconf 89' lang='lat' dir='ltr'><strong>damnata</strong></span> <span class='ocrx_word' id='word_1_406' title='bbox 1366 2470 1442 2506; x_wconf 90' lang='lat' dir='ltr'><strong>est.</strong></span> <span class='ocrx_word' id='word_1_407' title='bbox 1487 2461 1723 2504; x_wconf 89' lang='lat' dir='ltr'><strong>Damnavit</strong></span> <span class='ocrx_word' id='word_1_408' title='bbox 1755 2466 1798 2503; x_wconf 87' lang='lat' dir='ltr'><strong>et</strong></span> <span class='ocrx_word' id='word_1_409' title='bbox 1828 2459 1949 2502; x_wconf 87' lang='lat' dir='ltr'><strong>Pela-</strong></span> 
     </span>
     <span class='ocr_line' id='line_1_86' title="bbox 1127 2517 1950 2575; baseline -0.01 -10"><span class='ocrx_word' id='word_1_410' title='bbox 1127 2523 1245 2575; x_wconf 86' lang='lat' dir='ltr'><strong>gium</strong></span> <span class='ocrx_word' id='word_1_411' title='bbox 1280 2523 1424 2575; x_wconf 92' lang='lat' dir='ltr'><strong>ipsum</strong></span> <span class='ocrx_word' id='word_1_412' title='bbox 1463 2533 1549 2562; x_wconf 89' lang='lat' dir='ltr'><strong>una</strong></span> <span class='ocrx_word' id='word_1_413' title='bbox 1589 2532 1687 2561; x_wconf 92' lang='lat' dir='ltr'><strong>cum</strong></span> <span class='ocrx_word' id='word_1_414' title='bbox 1723 2517 1950 2566; x_wconf 88' lang='lat' dir='ltr'><strong>Coelestio‚</strong></span> 
     </span>
     <span class='ocr_line' id='line_1_87' title="bbox 1128 2573 1948 2622; baseline -0.01 0"><span class='ocrx_word' id='word_1_415' title='bbox 1128 2579 1240 2622; x_wconf 89' lang='lat' dir='ltr'><strong>datis</strong></span> <span class='ocrx_word' id='word_1_416' title='bbox 1266 2579 1349 2620; x_wconf 87' lang='lat' dir='ltr'><strong>hac</strong></span> <span class='ocrx_word' id='word_1_417' title='bbox 1377 2577 1432 2620; x_wconf 90' lang='lat' dir='ltr'><strong>de</strong></span> <span class='ocrx_word' id='word_1_418' title='bbox 1459 2589 1506 2619; x_wconf 92' lang='lat' dir='ltr'><strong>re</strong></span> <span class='ocrx_word' id='word_1_419' title='bbox 1529 2576 1684 2618; x_wconf 89' lang='lat' dir='ltr'><strong>litteris</strong></span> <span class='ocrx_word' id='word_1_420' title='bbox 1707 2574 1764 2616; x_wconf 90' lang='lat' dir='ltr'><strong>ad</strong></span> <span class='ocrx_word' id='word_1_421' title='bbox 1782 2573 1948 2615; x_wconf 91' lang='lat' dir='ltr'><strong>univer-</strong></span> 
     </span>
     <span class='ocr_line' id='line_1_88' title="bbox 1128 2635 1491 2678; baseline -0.011 0"><span class='ocrx_word' id='word_1_422' title='bbox 1128 2650 1222 2678; x_wconf 90' lang='lat' dir='ltr'><strong>sam</strong></span> <span class='ocrx_word' id='word_1_423' title='bbox 1240 2635 1491 2677; x_wconf 90' lang='lat' dir='ltr'><strong>Ecclesiam.</strong></span> 
     </span>
    </p>

    <p class='ocr_par' dir='ltr' id='par_1_23' title="bbox 1129 2690 1950 2792">
     <span class='ocr_line' id='line_1_89' title="bbox 1175 2690 1950 2745; baseline -0.008 -11"><span class='ocrx_word' id='word_1_424' title='bbox 1175 2694 1225 2745; x_wconf 64' lang='lat' dir='ltr'><strong>Rg.</strong></span> <span class='ocrx_word' id='word_1_425' title='bbox 1255 2691 1406 2734; x_wconf 88' lang='lat' dir='ltr'><strong>Inveni</strong></span> <span class='ocrx_word' id='word_1_426' title='bbox 1428 2690 1575 2732; x_wconf 89' lang='lat' dir='ltr'><strong>David</strong></span> <span class='ocrx_word' id='word_1_427' title='bbox 1598 2701 1772 2731; x_wconf 85' lang='lat' dir='ltr'><strong>servum</strong></span> <span class='ocrx_word' id='word_1_428' title='bbox 1795 2700 1950 2737; x_wconf 91' lang='lat' dir='ltr'><strong>meum,</strong></span> 
     </span>
     <span class='ocr_line' id='line_1_90' title="bbox 1129 2743 1950 2792; baseline -0.007 -1"><span class='ocrx_word' id='word_1_429' title='bbox 1129 2750 1227 2792; x_wconf 80' lang='lat' dir='ltr'><strong>eleo</strong></span> <span class='ocrx_word' id='word_1_430' title='bbox 1253 2753 1405 2791; x_wconf 91' lang='lat' dir='ltr'><strong>sancto</strong></span> <span class='ocrx_word' id='word_1_431' title='bbox 1430 2760 1530 2789; x_wconf 88' lang='lat' dir='ltr'><strong>meo</strong></span> <span class='ocrx_word' id='word_1_432' title='bbox 1555 2746 1659 2788; x_wconf 91' lang='lat' dir='ltr'><strong>unxi</strong></span> <span class='ocrx_word' id='word_1_433' title='bbox 1682 2758 1797 2788; x_wconf 86' lang='lat' dir='ltr'><strong>eum:</strong></span> <span class='ocrx_word' id='word_1_434' title='bbox 1813 2743 1835 2768; x_wconf 85' lang='lat'>*</span> <span class='ocrx_word' id='word_1_435' title='bbox 1862 2744 1950 2786; x_wconf 88' lang='lat' dir='ltr'><strong>Ma·</strong></span> 
     </span>
    </p>
   </div>
   <div class='ocr_carea' id='block_1_13' title="bbox 181 157 2012 2851">
    <p class='ocr_par' dir='ltr' id='par_1_24' title="bbox 181 157 2012 2851">
     <span class='ocr_line' id='line_1_91' title="bbox 181 157 2012 2851; baseline 0 0"><span class='ocrx_word' id='word_1_436' title='bbox 181 157 2012 2851; x_wconf 95' lang='lat' dir='ltr'><strong> </strong></span> 
     </span>
    </p>
   </div>
  </div>
 </body>
</html>
