2080 2990
522 197 588 230 1)ic
613 199 663 230 22.
690 198 773 230 Jun.
822 200 876 230 Ss.
908 199 1095 231 N'iiicentii
1123 204 1156 231 ct
1187 198 1382 231 Anastasii
1412 199 1627 241 Martyrum.

415 300 477 340 In
502 300 565 340 ΙΙ.
585 299 839 350 vesperis.

272 366 355 397 Ant.
382 371 414 398 ct
440 365 564 407 Capit.
591 366 636 398 de
659 365 774 397 Laud,
801 360 875 395 443.
906 365 1043 397 Psalmi

216 412 260 444 dc
290 412 501 445 Dominicai⁴
532 407 614 443 108.
641 420 674 445 ct
705 414 789 445 loco
818 413 953 447 ultimi.
987 413 1043 445 ΙΝ,

217 456 350 491 Lauda
374 456 602 491 Jerusalem.
630 456 700 490 125.

271 513 476 563 Hymnus.
511 512 527 548 ,Ἰ
538 520 614 548 esu
635 509 809 549 corona.
837 507 932 547 434.

268 564 314 613 Y.
356 563 527 604 Diffusa
564 569 631 605 est
667 563 807 614 gratia
843 563 885 602 in
921 562 1048 603 labiis

216 619 313 660 tuis.
373 627 419 676 Η,
467 620 709 672 Propterea
743 618 968 660 benedixit
1004 623 1048 659 te

216 676 338 717 Deus
363 676 405 715 in
435 678 657 717 aeternum.

268 740 332 780 Ad
377 740 545 786 Magnif.
601 741 695 779 Ant.
755 741 881 777 stans
917 734 1048 776 beata

217 793 366 843 Agnes
385 793 428 833 in
447 791 594 833 medio
616 792 817 841 flammae,
843 791 1048 844 expansis

214 848 416 890 manibus
446 848 602 890 orabat
630 848 686 889 ad
713 847 963 888 Dominum:
992 847 1047 888 O·

214 908 476 958 mnipotens,
497 903 732 952 adorande,
753 902 949 953 colende,
965 908 1047 944 tre-

214 961 387 1011 mende,
424 960 638 1002 benedico
671 966 731 1009 te,
768 965 811 1001 et
846 959 1046 1011 glorifico

214 1030 374 1058 nomen
393 1022 516 1059 tuum
535 1017 577 1057 in
598 1018 820 1057 aeternum.

267 1081 411 1114 Deinde
440 1083 477 1114 tit
503 1092 699 1115 commem.
728 1093 832 1124 sequ.

436 1164 518 1205 Die
538 1165 602 1204 22.
622 1164 646 1204 J
649 1163 826 1204 anuarii.

215 1233 284 1273 Ss.
303 1232 559 1273 vincentii
575 1242 615 1272 ct
640 1231 900 1272 Anastasii
921 1235 1039 1275 Mart.

494 1298 755 1340 Seniidiiplex.

261 1355 395 1387 omnia
445 1355 490 1387 de
537 1355 738 1387 Communi
787 1355 1038 1397 plurimorum

210 1401 314 1434 Mart.
348 1398 417 1442 [35]
438 1409 577 1445 praeter
600 1414 704 1445 sequ.

264 1452 360 1491 Ant.
409 1452 596 1491 Istorum
628 1454 695 1490 est
723 1450 838 1490 enim
866 1462 1047 1500 regnum

214 1505 444 1555 coelorum,
482 1506 556 1557 qui
592 1508 950 1558 contempserunt
987 1506 1046 1546 vi-

212 1567 301 1603 tam
316 1562 478 1611 mundi,
496 1568 539 1603 et
554 1564 849 1614 pervenerunt
864 1561 920 1603 ad
935 1565 1045 1614 prae·

211 1618 298 1659 mia
324 1618 461 1668 regni,
490 1624 533 1659 et
556 1618 757 1659 laverunt
782 1617 918 1659 stolas
944 1631 1045 1659 suas

212 1674 255 1714 in
275 1674 484 1724 sanguine
504 1674 630 1724 Agni.

262 1726 308 1775 Y.
346 1730 577 1771 Laeteimini
599 1730 644 1770 in
667 1730 877 1779 Domino,
906 1737 949 1772 et
974 1744 1044 1772 ex-

212 1786 371 1828 sultate
400 1787 510 1838 justi.
558 1790 605 1829 R.
642 1787 698 1828 Et
725 1786 972 1837 gloriamini
1001 1800 1044 1828 o-

210 1856 333 1884 mnes
354 1843 463 1884 recti
482 1831 628 1884 corde.

545 1909 707 1949 Oratio.

290 1961 418 2003 desto
439 1963 627 2004 Domine
648 1963 1044 2016 supplicationibus

323 2019 501 2060 nostris:
532 2024 590 2067 ut,
624 2020 697 2070 qui
731 2032 785 2060 ex
812 2019 1042 2071 iniquitate

210 2079 362 2115 nostra
386 2087 487 2115 reos
506 2087 588 2116 nos
608 2088 704 2116 esse
725 2076 1044 2126 cognoscimus,

210 2129 440 2171 beatorum
468 2131 712 2183 Martyrum
738 2134 914 2173 tuorum
939 2133 1043 2173 Vin-

211 2186 342 2227 centii
362 2191 405 2227 et
421 2187 643 2228 Anastasii
662 2188 977 2229 intercessione
996 2188 1042 2228 li-

210 2241 423 2283 beremur.
450 2243 535 2283 Per
555 2243 801 2284 Dominum.

261 2309 300 2341 111
335 2309 359 2341 1.
392 2308 589 2341 Noenu-no
625 2310 826 2343 Lectiones
860 2311 906 2344 dc
940 2312 1037 2345 Scri-

209 2360 318 2398 ptura
341 2362 573 2389 occurrente.

433 2418 479 2456 In
509 2417 558 2456 11.
589 2418 811 2457 Nocturno.

510 2477 661 2517 Lectio
683 2478 733 2517 iv.

223 2552 242 2598 ‘x
258 2551 313 2598 2
340 2536 578 2578 incentius
605 2536 734 2577 Oscae
761 2536 804 2576 in
828 2537 1043 2590 Hispania

383 2592 586 2633 citeriore
606 2597 749 2641 natus,
773 2605 798 2633 a
820 2593 962 2645 prima
987 2607 1041 2634 ae-

259 2651 279 2671 *2
308 2647 336 2666 ‘⁷‘
357 2667 359 2670 ·
381 2650 473 2689 tute
497 2648 654 2689 studiis
679 2647 869 2697 deditus,
895 2662 1042 2690 sacras

209 2703 377 2747 litteras
403 2717 428 2746 a
446 2703 625 2746 Valerio
647 2703 1041 2757 Caesaraugustam

1103 294 1317 345 episcopo
1344 289 1511 332 didicit:
1537 291 1658 342 cuius
1682 291 1813 333 etiam
1837 304 1934 344 par-

1103 354 1170 390 tes
1203 347 1398 399 suscepit
1435 345 1708 399 praedicandi
1739 347 1934 398 Evange-

1102 404 1223 453 lium,
1243 401 1364 455 quod
1383 405 1637 455 episcopus,
1655 408 1839 455 propter
1858 403 1934 444 lin-

1102 473 1199 512 guae
1215 458 1588 512 impedimentum,
1607 458 1934 511 praedicationis

1103 516 1250 558 officio
1271 515 1388 565 fungi
1408 527 1497 556 non
1515 516 1703 567 poterat.
1726 515 1791 556 Ea
1810 528 1858 557 re
1876 515 1934 557 ad

1103 573 1362 621 Dacianum,
1390 571 1631 623 provinciae
1654 583 1680 612 a
1698 570 1933 613 Diocletia-

1102 642 1159 670 no
1179 634 1223 670 et
1241 628 1508 669 Maximiano
1527 627 1833 680 praepositum,
1861 626 1934 669 de-

1101 685 1211 734 lata,
1268 683 1526 725 Vincentius
1585 682 1934 733 Caesaraugustae

1102 740 1501 793 comprehenditur,
1521 744 1565 780 et
1584 739 1754 781 vinctus
1774 738 1831 781 ad
1850 739 1934 780 Da-

1102 798 1273 838 cianum
1297 796 1546 837 Valentiam
1569 794 1813 837 adducitur.
1847 795 1935 837 Ubi

1101 853 1358 895 verberibus
1379 858 1423 894 et
1443 851 1632 904 equuleo
1652 857 1808 902 tortus,
1827 852 1933 893 mul-

1101 910 1157 951 tis
1177 909 1478 962 praesentibus,
1498 921 1597 950 cum
1615 908 1734 949 nulla
1753 913 1828 950 aut
1846 913 1934 950 tor-

1100 968 1347 1007 mentorum
1380 966 1437 1014 vi,
1469 970 1544 1006 aut
1577 964 1831 1015 acerbitate,
1863 964 1934 1006 vel

1102 1022 1281 1064 lenitate
1300 1021 1536 1063 verborum
1558 1034 1583 1062 a
1606 1021 1841 1074 proposito
1861 1019 1933 1063 de-

1102 1079 1257 1120 terreri
1277 1082 1446 1130 posset;
1465 1077 1509 1118 in
1528 1076 1739 1118 craticula
1757 1077 1933 1130 imposi-

1099 1139 1188 1183 tus,
1216 1134 1367 1187 prunis
1395 1132 1650 1175 ardentibus
1678 1133 1932 1185 suppositis,

1101 1203 1152 1232 ac
1171 1190 1323 1232 ferreis
1343 1188 1561 1240 unguibus
1585 1188 1932 1239 excarnificatus,

1100 1246 1479 1297 candentibusque
1522 1245 1694 1286 leminis
1739 1249 1932 1295 exustus,

1099 1305 1259 1344 iterum
1291 1302 1467 1344 ducitur
1498 1301 1542 1342 in
1575 1304 1797 1343 carcerem
1824 1306 1932 1343 stra-

1099 1365 1193 1400 tum
1219 1359 1426 1401 testaceis
1454 1358 1723 1409 fragmentis,
1759 1363 1808 1400 ut
1840 1358 1932 1409 ejus

1098 1415 1264 1457 nudum
1285 1428 1462 1468 corpus,
1482 1427 1637 1456 somno
1658 1417 1931 1467 oppressum,

1099 1484 1124 1512 a
1145 1472 1349 1524 subjectis
1375 1471 1507 1512 etiam
1530 1473 1743 1512 testarum
1768 1469 1932 1512 aculeis

1098 1530 1389 1579 torqueretur.

1152 1601 1197 1651 R».
1237 1597 1385 1638 Sancti
1417 1596 1481 1637 tui
1509 1596 1698 1637 Domine
1730 1594 1930 1636 mirabile

1099 1653 1326 1694 consecuti
1342 1657 1443 1693 sunt
1456 1652 1549 1701 iter,
1565 1652 1804 1696 servientes
1819 1663 1930 1704 prae—

1098 1709 1239 1761 ceptis
1267 1709 1371 1758 tuis,
1403 1714 1453 1749 ut
1480 1708 1777 1749 invenirentur
1804 1706 1931 1748 illaesi

1097 1766 1140 1806 in
1167 1765 1292 1817 aquis
1317 1764 1488 1806 validis:
1509 1772 1530 1793 ¹·
1559 1763 1699 1805 Terra
1726 1763 1931 1816 apparuit

1098 1820 1231 1870 arida,
1251 1826 1294 1862 et
1312 1821 1356 1862 in
1372 1820 1483 1861 Mari
1501 1820 1636 1861 rubro
1653 1820 1724 1861 via
1743 1820 1836 1860 sine
1854 1819 1929 1859 im-

1097 1876 1364 1930 pedimento.
1393 1873 1442 1923 YV.
1473 1876 1689 1926 Quoniam
1711 1875 1931 1928 percussit

1096 1939 1284 1986 petram,
1309 1938 1352 1974 et
1373 1932 1593 1973 fluxerunt
1612 1944 1756 1983 aquae,
1779 1936 1823 1973 et
1841 1935 1929 1972 tor-

1096 1991 1243 2031 rentes
1261 1987 1592 2030 inundaverunt.
1619 1987 1770 2029 Terra.

1407 2077 1556 2116 Lectio
1579 2091 1614 2116 v.

1094 2138 1324 2245 Verum,
1343 2143 1418 2185 illo
1437 2143 1482 2184 in
1499 2142 1778 2184 tenebricosa
1795 2142 1929 2183 inclu-

1170 2234 1175 2239 .
1199 2213 1249 2241 so
1270 2199 1482 2248 custodia,
1502 2198 1767 2240 clarissimus
1787 2197 1928 2250 splen·

1096 2256 1178 2298 dor
1209 2256 1393 2298 obortus
1421 2260 1564 2297 totum
1589 2256 1811 2295 carcerem
1834 2253 1928 2295 inu-

1095 2312 1264 2363 stravit3
1299 2324 1398 2363 quae
1426 2311 1502 2351 lux
1529 2323 1630 2351 cum
1657 2323 1826 2351 summa
1854 2309 1927 2352 ad-

1093 2368 1324 2410 miratione
1350 2379 1519 2415 omnes‚
1545 2366 1619 2417 qui
1645 2364 1844 2417 aderant,
1869 2366 1928 2407 af-

1095 2425 1287 2473 fecisset3
1311 2436 1381 2464 res
1406 2435 1432 2463 a
1455 2420 1640 2464 custode
1660 2423 1851 2463 carceris
1871 2421 1928 2463 ad

1094 2480 1339 2522 Dacianum
1364 2477 1568 2520 defertur.
1605 2478 1689 2527 Qui
1719 2476 1927 2519 eductum

1094 2537 1136 2577 in
1155 2535 1277 2578 molli
1297 2534 1479 2576 culcitra
1498 2533 1700 2574 collocat:
1728 2538 1771 2575 et
1796 2546 1926 2585 quem

1095 2591 1359 2634 cruciatibus
1374 2591 1417 2630 in
1432 2602 1556 2630 suam
1571 2590 1832 2631 sententiam
1840 2591 1926 2631 tra-

1093 2648 1198 2690 here
1225 2660 1314 2688 non
1342 2648 1534 2699 poterat,
1572 2644 1740 2687 deliciis
1768 2645 1924 2698 perdu-

1095 2716 1194 2747 cere
1214 2705 1409 2745 conatun
1437 2700 1525 2744 Sed
1540 2701 1726 2744 invictus
1736 2701 1924 2744 Vincen-
