2080 2990
206 203 298 248 [152]

705 199 878 232 Usticium
908 210 1066 241 parvum
1096 199 1132 231 13.
1161 197 1290 230 Maria:
1318 197 1419 238 Virg.

206 299 328 351 plum
356 298 550 347 Domini,
582 299 820 339 sacrarium
847 298 1035 350 Spiritus

207 355 358 396 sancti:
383 354 477 395 sola
498 355 591 395 sine
612 354 812 407 exemplo
833 354 1036 407 placuisti

206 410 397 451 Domino
427 415 580 451 nostro
608 410 711 451 Jesu
740 410 931 451 Christo:
959 422 1036 451 ora

206 479 288 518 pro
325 466 511 518 populo,
548 466 759 507 interveni
790 479 872 518 pro
906 466 1035 514 clero,

206 522 429 563 intercede
444 534 525 575 pro
538 522 700 564 deveto
714 522 901 563 femineo
917 534 1035 562 sexu.

264 579 394 630 lx'yrie
429 578 601 619 eleison.
659 578 828 619 Christe
859 578 1034 619 eleison.

213 635 341 686 Kyrie
361 634 536 675 eleison.

266 686 310 737 δ”.
348 691 562 732 Dominus
598 690 837 731 vobiscum.
897 691 940 740 [ἐς.
979 688 1036 729 Et

208 759 307 788 cum
327 748 482 800 spiritu
500 753 587 789 tuo.

532 803 707 842 sanatio.

211 855 392 960 Deus,
421 860 495 911 qui
520 859 575 900 de
600 859 743 901 beatae
766 859 918 900 Mariae
941 859 1037 899 Vir-

311 916 424 966 ginis
444 918 569 957 utero
584 915 782 957 Verbum
800 920 934 964 tuum,
950 915 1035 954 An-

208 971 307 1023 gelo
336 972 578 1021 nuntiante,
610 984 785 1013 carnem
813 973 1058 1023 suscipere·

209 1027 405 1068 voluisti:
440 1033 605 1080 praesta
635 1027 907 1079 supplicibus
934 1027 1037 1076 tuis;

209 1090 256 1125 ut
286 1085 361 1136 qui
396 1096 499 1125 vere
536 1097 632 1125 eam
660 1084 928 1125 Genitricem
955 1083 1038 1124 Dei

211 1139 447 1189 credimus,
487 1141 576 1191 ejus
610 1139 729 1192 apud
760 1145 803 1181 te
834 1140 1038 1181 interces-

210 1196 405 1237 sionibus
430 1196 693 1248 adjuvemur.
727 1196 812 1237 Per
837 1195 1039 1237 eumdem

211 1251 432 1292 Christum
450 1253 688 1293 Dominum
705 1257 915 1294 nostrum.

269 1312 314 1361 ἲζι.
340 1309 493 1350 Amen.

267 1367 346 1405 I'ro
370 1367 547 1406 Sanctis.
580 1369 676 1407 Ant.
706 1365 850 1406 Sancti
870 1364 964 1405 Dei.
998 1375 1042 1407 ut

213 1435 353 1473 supra.
381 1420 486 1473 [148]

484 1486 552 1522 Ad
575 1486 776 1524 Primam.

270 1540 361 1578 Ave
379 1537 527 1579 Maria.

268 1592 314 1639 ,ΥΣ
341 1593 462 1635 Deus
481 1594 524 1634 in
543 1593 818 1646 adjutorium.

528 1660 735 1709 Hymnus.

348 1721 534 1768 emento‚
553 1732 699 1761 rerum
721 1719 945 1770 C6ndstor,

365 1775 519 1816 Nostri
540 1775 659 1826 quod
680 1775 783 1816 olim
803 1775 1001 1828 corporis

288 1831 469 1872 Sacrata
489 1831 544 1872 ab
565 1831 664 1873 alvo
684 1832 880 1882 Virginis

288 1886 524 1929 Nascendo
543 1887 729 1929 formam
748 1888 999 1941 sumpseris.

244 1955 376 1993 Maria
395 1952 536 1994 Mater
553 1953 718 2003 gratiae,

290 2007 443 2049 Dulcis
462 2009 627 2050 Parens
646 2009 901 2059 clementiae,

290 2064 359 2104 Tu
379 2077 460 2105 nos
480 2064 534 2106 ab
554 2064 682 2107 hoste
701 2068 897 2118 protege,

290 2120 347 2161 Et
364 2120 518 2161 mortis
537 2119 646 2162 hora
666 2122 852 2174 suscipe.

242 2186 262 2224 J
267 2197 355 2234 esu,
374 2184 454 2226 tibi
474 2185 529 2226 sit
547 2185 697 2236 gloria,

294 2241 379 2290 Qui
397 2246 525 2281 natus
546 2254 592 2282 es
613 2241 668 2283 de
686 2242 879 2294 Virgine,

294 2297 404 2338 Cum
423 2297 565 2346 Patre,
584 2302 628 2339 et
646 2297 760 2339 almo
781 2299 956 2351 Spiritu,

293 2354 344 2394 In
364 2352 631 2405 sempiterna
650 2354 822 2395 saecula.

528 2410 683 2450 Amen.

271 2474 367 2512 Ant.
401 2474 639 2523 Assumpta
658 2474 737 2511 est.

492 2536 684 2575 l'salmus
713 2537 777 2575 53.

253 2598 305 2651 235³,
324 2606 425 2635 eus
446 2596 490 2635 in
508 2595 683 2636 nomine
699 2599 777 2636 tuo
793 2594 961 2635 salvum
976 2608 1046 2636 me

259 2650 300 2693 «Γ
339 2677 341 2684 1
365 2650 452 2692 fac:
484 2653 508 2678 *
541 2656 585 2692 et
616 2651 659 2692 in
689 2651 851 2693 virtute
883 2655 958 2693 tua
987 2652 1045 2703 ju-

298 2701 336 2728 s
366 2706 464 2748 dica
491 2719 572 2748 me.

1140 297 1260 337 Deus
1293 294 1452 336 exaudi
1485 294 1729 335 orationem
1758 307 1917 335 meam:

1088 354 1112 378 *
1131 352 1310 393 auribus
1329 351 1510 403 percipe
1528 349 1663 391 verba
1683 350 1773 391 oris
1790 350 1887 391 mei.

1142 408 1359 457 Queniam
1409 406 1540 447 alieni
1588 405 1918 447 insurrexerunt

1088 464 1322 505 adversum
1336 475 1418 511 me,
1438 467 1482 504 et
1497 462 1635 503 fortes
1652 462 1918 514 quaesierunt

1089 521 1279 562 animam
1310 531 1471 560 meam:
1503 519 1527 544 *
1560 523 1605 559 et
1635 530 1724 558 non
1756 529 1917 570 propo-

1090 578 1271 617 suerunt
1308 575 1451 616 Deum
1492 579 1594 616 ante
1634 575 1919 626 conspectum

1090 646 1227 674 suum.

1140 688 1257 730 Ecce
1287 688 1401 730 enim
1426 688 1547 728 Deus
1575 686 1753 737 adjuvat
1779 698 1868 727 me:
1895 685 1919 711 *

1091 750 1134 786 et
1162 745 1377 786 Deminus
1409 745 1641 795 susceptor
1669 747 1737 784 est
1763 741 1919 783 animae

1089 814 1212 843 meae.

1143 858 1307 898 Averte
1331 856 1447 897 mala
1470 856 1657 897 inimicis
1679 855 1804 896 meis:
1829 854 1853 879 ’⁸¹
1877 857 1922 894 et

1091 915 1135 955 in
1153 914 1338 956 veritate
1357 918 1432 954 tua
1453 911 1660 964 disperde
1679 911 1788 952 illos,

1143 969 1403 1011 Voluntarie
1429 968 1687 1010 sacrificabo
1710 967 1806 1016 tibi,
1830 966 1854 992 *
1878 971 1922 1008 et

1093 1025 1337 1068 confitebor
1382 1025 1547 1066 nomini
1591 1030 1669 1066 tuo
1714 1023 1922 1064 Domine:

1093 1082 1300 1134 quoniam
1326 1080 1493 1122 bonum
1520 1085 1603 1122 est:

1145 1138 1363 1188 Queniam
1396 1150 1450 1178 ex
1487 1137 1607 1178 omni
1640 1135 1922 1177 tribulati6ne

1093 1194 1291 1247 eripuisti
1317 1206 1407 1234 me:
1438 1193 1463 1218 *
1492 1197 1535 1234 et
1563 1204 1696 1245 super
1722 1192 1923 1232 inimicos

1092 1262 1216 1292 meos
1237 1249 1439 1302 despexit
1459 1248 1611 1290 oculus
1630 1260 1765 1289 meus.

1146 1310 1298 1352 Gloria
1317 1310 1448 1351 Patri.

1372 1387 1569 1427 Psalmus
1589 1388 1654 1427 84.

1178 1448 1410 1491 enedixisti
1439 1448 1630 1490 Demine
1662 1452 1826 1489 terram
1859 1451 1924 1488 tu-

1200 1519 1285 1547 am:
1320 1505 1344 1530 *
1381 1505 1578 1546 avertisti
1623 1503 1924 1557 captivitutem

1094 1562 1375 1660 Jaffgnisisti
1385 1617 1659 1670 iniquitatem
1664 1615 1812 1669 &plebis
1822 1619 1926 1657 tuae:

1095 1676 1119 1703 *
1144 1674 1358 1727 operuisti
1383 1674 1530 1715 omnia
1554 1674 1739 1726 peccata
1763 1673 1926 1714 eorum.

1147 1735 1358 1786 Mitigasti
1389 1746 1564 1775 omnem
1596 1733 1707 1774 iram
1736 1737 1874 1774 tuam:
1901 1731 1925 1758 *
1984 1730 1994 1735 ”

1097 1791 1293 1833 avertisti
1320 1790 1375 1832 ab
1403 1790 1468 1831 ira
1492 1787 1804 1840 indignationis
1825 1793 1925 1829 tuae.

1151 1852 1370 1893 Converte
1387 1863 1469 1892 nos
1487 1851 1610 1892 Deus
1628 1849 1833 1890 salutaris
1850 1860 1926 1889 no-

1096 1909 1235 1949 sterz*
1247 1913 1291 1950 et
1310 1909 1460 1949 averte
1478 1907 1588 1947 iram
1606 1911 1730 1947 tuam
1748 1917 1774 1946 a
1787 1904 1926 1946 nobis.

1147 1968 1374 2020 Numquid
1406 1969 1451 2009 in
1482 1969 1694 2009 aeternum
1725 1965 1926 2007 irasceris

1096 2023 1247 2068 nobis?
1273 2026 1296 2051 *
1326 2029 1401 2066 aut
1429 2023 1642 2066 extendes
1669 2023 1780 2063 iram
1806 2026 1927 2063 tuam

1098 2095 1124 2123 a
1142 2082 1424 2133 generatiOne
1443 2081 1487 2122 in
1507 2075 1857 2132 generationem?
1916 2076 1919 2078 ’

1148 2141 1270 2183 Deus
1311 2146 1360 2183 tu
1398 2141 1637 2182 conversus
1680 2137 1926 2179 vivificabis

1097 2210 1194 2239 nos:
1212 2198 1235 2223 *
1257 2202 1300 2239 et
1323 2196 1451 2250 plebs
1471 2201 1547 2238 tua
1565 2194 1789 2236 laetabitur
1808 2194 1853 2234 in
1871 2199 1926 2236 te.

1152 2257 1347 2299 Ostende
1382 2256 1511 2298 nobis
1543 2255 1733 2296 Demine
1763 2254 1927 2296 miseri-

1100 2313 1296 2356 cordiam
1319 2318 1455 2355 tuam:
1473 2314 1497 2340 *
1521 2317 1565 2353 et
1589 2311 1780 2353 salutare
1803 2315 1928 2352 tuum

1100 2370 1157 2412 da
1175 2369 1313 2412 nobis.

1153 2425 1345 2467 Audiam
1387 2423 1491 2476 quid
1531 2423 1737 2475 loquatur
1778 2423 1823 2464 in
1857 2435 1927 2464 me

1098 2482 1313 2523 Dominus
1336 2481 1471 2521 Deus:
1495 2481 1519 2506 *
1546 2479 1753 2531 queniam
1779 2479 1927 2531 loque-

1098 2543 1169 2579 tur
1189 2549 1344 2590 pacem
1362 2536 1406 2576 in
1424 2535 1600 2587 plebem
1620 2547 1754 2575 suam.

1151 2594 1208 2635 Et
1239 2605 1371 2645 super
1404 2596 1580 2633 sanctos
1613 2603 1733 2632 suos:
1759 2592 1783 2618 *
1809 2595 1853 2632 et
1883 2591 1927 2631 in

1100 2663 1187 2698 eos,
1208 2649 1282 2702 qui
1302 2651 1616 2690 convertuntur
1636 2646 1692 2688 ad
1711 2659 1798 2688 cor.

1151 2706 1467 2750 Verumtamen
1523 2715 1666 2757 prope
1723 2703 1927 2744 timentes
