2040 2990
719 193 831 228 Feria
855 193 987 237 quinta
1012 193 1061 227 ad
1078 193 1282 237 Vesperas.

203 318 353 360 Fer-ia
372 317 551 367 quinta
569 317 634 358 ad.
654 317 918 368 Vesperas.

199 390 296 430 Ant.
324 387 383 427 Et
402 383 554 424 omnis.

411 454 609 495 Psalmus
629 456 708 494 131.

153 532 156 565 i
199 530 267 548 ι
305 516 479 556 emento
499 514 687 555 Domine
706 513 866 563 David,
885 513 908 538 *
929 517 972 554 et

174 563 263 636 ἶ,
291 569 300 651 ᾖ
323 571 462 636 omnis
494 569 839 639 mansuetudinis
867 570 972 621 ejus:

150 633 151 644 ¹
169 639 203 652 ²
274 649 293 651 ⁷*
355 629 476 670 Slcut
512 631 667 679 juravit
700 627 907 676 Domlno,
948 626 971 651 *

145 690 296 728 votum
314 684 436 726 vovit
454 684 552 725 Deo
572 683 726 725 Jacob:

196 743 240 784 Si
260 743 469 783 introiero
488 741 531 781 in
550 739 879 782 tabernaculum
897 738 971 780 do-

144 813 242 840 mus
261 811 383 848 meae,
399 798 423 824 *
439 798 475 839 si
493 796 733 839 ascendero
753 797 796 837 in
811 795 972 837 lectum

146 855 271 897 strati
287 855 392 896 mei:

196 912 241 953 Si
267 910 433 954 dedero
460 923 661 952 somnum
691 909 828 950 oculis
852 909 972 959 meis,

145 969 169 995 *
186 974 230 1011 et
242 967 465 1022 palpebris
479 967 588 1009 meis
605 966 972 1008 dormitationem:

196 1025 253 1067 Et
297 1025 493 1077 requiem
534 1022 806 1075 temporibus
848 1022 972 1063 meis:

146 1081 288 1124 donec
312 1081 530 1123 inveniam
551 1079 698 1121 locum
722 1079 925 1128 Domino,
948 1078 972 1103 *

146 1138 475 1181 tabernaculum
492 1137 590 1178 Deo
611 1135 760 1177 Jacob.

197 1195 314 1236 Ecce
334 1193 578 1236 audivimus
595 1205 692 1234 eam
705 1192 749 1232 in
763 1191 973 1244 Ephrata:

147 1252 171 1278 *
189 1251 433 1293 invenimus
453 1263 550 1292 eam
567 1250 611 1290 in
629 1248 795 1301 campis
815 1247 948 1289 silvae.

199 1307 483 1349 Introibimus
542 1306 586 1346 in
645 1303 974 1346 tabernaculum

149 1365 254 1416 ejus:
287 1364 310 1390 *
346 1362 627 1405 adorabimus
666 1362 709 1402 in
744 1361 860 1410 loco,
900 1360 974 1401 ubi

149 1422 363 1462 steterunt
380 1419 518 1472 pedes
538 1419 639 1470 ejus.

202 1477 340 1527 Surge
358 1475 546 1517 Domine
566 1474 610 1515 in
631 1473 827 1526 requiem
845 1477 975 1522 tuam,

149 1534 238 1575 *tu
257 1538 300 1574 et
319 1545 420 1573 arca
437 1530 793 1572 sanctificationis
811 1534 910 1571 tuae.

201 1587 463 1631 Sacerdotes
498 1587 562 1628 tui
596 1586 831 1628 induantur
860 1586 976 1638 justi-

149 1646 270 1688 tiam:
290 1646 314 1671 *
334 1649 378 1686 et
395 1644 535 1685 sancti
553 1643 617 1684 tui
636 1642 865 1684 exsultent.

201 1702 390 1754 Propter
419 1699 563 1741 David
592 1711 768 1740 servum
789 1702 928 1747 tuum,
954 1698 976 1723 *

151 1771 239 1799 non
258 1759 431 1799 avertas
450 1756 606 1798 faciem
621 1755 783 1796 Christi
801 1755 874 1796 tui.

203 1814 370 1856 Juravit
403 1812 618 1854 Dominus
643 1810 790 1852 David
821 1810 978 1852 verita-

152 1876 254 1922 tem,
282 1875 326 1912 et
348 1882 436 1911 non
454 1867 731 1910 frustrabitur
750 1879 861 1908 eam:
879 1867 903 1892 *
923 1866 977 1907 de

154 1928 296 1969 fructu
315 1926 479 1968 ventris
498 1925 561 1966 tui
580 1936 743 1977 ponam
763 1935 895 1975 super
914 1935 978 1963 se-

154 1983 254 2026 dem
271 1988 402 2024 tuam.

204 2040 249 2081 Si
266 2038 553 2081 custodierint
572 2036 649 2077 filii
666 2036 730 2076 tui
747 2036 978 2076 testamen-

153 2101 245 2138 tum
275 2108 437 2145 meum,
469 2094 493 2120 *
525 2098 569 2135 et
601 2092 850 2134 testimonia
881 2103 978 2132 mea

153 2152 260 2202 haec,
281 2165 379 2204 quae
399 2149 570 2192 docebo
591 2162 682 2191 eos:

203 2209 261 2250 Et
280 2209 359 2249 filii
378 2210 530 2250 eorum
547 2205 745 2258 usquein
760 2204 978 2254 saeculum,

154 2266 178 2291 *
198 2264 413 2306 sedebunt
434 2275 566 2316 super
584 2261 735 2303 sedem
752 2266 882 2302 tuam.

207 2321 422 2371 Quoniam
442 2319 573 2370 elegit
591 2318 805 2359 Dominus
824 2317 941 2358 Sion:
955 2317 978 2342 *

156 2378 285 2428 elegit
302 2390 398 2422 eam
417 2377 460 2417 in
479 2375 794 2417 habitationem
814 2373 905 2415 sibi.

206 2435 317 2475 Haec
353 2433 526 2485 requies
561 2444 660 2473 mea
695 2431 739 2471 in
771 2429 979 2471 saeculum

156 2490 324 2531 saeculi:
359 2490 383 2515 *
422 2489 493 2530 hic
529 2486 736 2529 habitabo
775 2485 979 2538 quoniam

158 2546 268 2597 elegi
286 2559 392 2587 eam.

208 2601 398 2644 Viduam
435 2602 525 2653 ejus
555 2599 819 2643 benedicens
851 2597 979 2639 bene-

157 2658 316 2700 dicam:
342 2658 365 2684 *
394 2661 612 2715 pauperes
645 2657 736 2707 ejus
771 2653 996 2712 saturabo·

157 2713 354 2767 panibus.

1786 185 1849 221 117

1076 286 1338 328 Sacerdotes
1358 287 1449 338 ejus
1464 285 1639 327 induam
1656 284 1849 326 salutari:

1023 344 1046 369 *
1067 348 1110 385 et
1129 343 1268 384 sancti
1288 343 1378 395 ejus
1398 342 1687 384 exsultatione
1709 340 1848 383 exsul-

1023 399 1188 442 tabunt.

1075 456 1184 497 Illuc
1212 455 1456 508 producam
1481 467 1617 496 cornu
1640 453 1801 502 David,
1824 454 1849 478 *

1022 513 1175 566 paravi
1193 513 1415 554 lucernam
1436 511 1608 552 Christo
1628 523 1738 552 meo.

1075 570 1281 610 Inimicos
1293 569 1383 620 ejus
1394 567 1570 609 induam
1582 567 1849 608 confusione:

1024 626 1047 651 *
1059 639 1191 678 super
1205 626 1350 678 ipsum
1366 630 1511 666 autem
1527 622 1743 665 efflorebit
1757 636 1848 663 san-

1025 683 1230 724 ctificatio
1250 694 1358 723 mea.

1080 746 1179 784 Ant.
1190 744 1245 783 Et
1253 743 1392 784 omnis
1398 740 1742 782 mansuetndinis
1751 740 1850 790 ejus.

1081 806 1179 845 Ant.
1199 805 1326 845 Ecce.

1292 875 1490 915 Psalmus
1515 878 1594 915 132.

1027 930 1186 1036 Ecce
1212 947 1342 987 quam
1367 934 1546 982 bonum,
1575 936 1617 973 et
1643 944 1772 983 quam
1794 931 1850 982 ju-

1129 991 1318 1033 cundum
1346 991 1370 1016 *
1397 990 1594 1031 habitare
1624 988 1780 1029 fratres
1809 988 1850 1027 in

1024 1062 1172 1090 unum:

1077 1105 1197 1146 Sicut
1207 1105 1471 1155 unguentum
1482 1103 1524 1143 in
1536 1101 1720 1154 capite,*
1733 1100 1851 1153 quod

1026 1160 1254 1203 descendit
1272 1161 1315 1200 in
1334 1159 1534 1209 barbam,
1565 1157 1748 1200 barbam
1768 1157 1850 1197 Aa·

1026 1231 1118 1267 ron,

1080 1273 1210 1324 Quod
1244 1272 1470 1315 descendit
1503 1272 1546 1312 in
1579 1283 1700 1312 oram
1726 1270 1852 1311 vesti-

1026 1331 1161 1371 menti
1176 1331 1281 1381 ejus:
1295 1330 1318 1355 *
1335 1330 1445 1370 sicut
1464 1341 1536 1370 ros
1552 1328 1759 1375 Hermon,
1781 1327 1852 1378 qui

1028 1386 1255 1429 descendit
1273 1387 1317 1426 in
1335 1390 1528 1427 montem
1547 1385 1661 1426 Sion.

1081 1444 1296 1494 Quoniam
1330 1442 1417 1483 illic
1451 1441 1673 1482 mandavit
1707 1439 1853 1480 Domi-

1028 1514 1109 1541 nus
1132 1499 1499 1549 benedictionem,
1518 1499 1541 1524 *
1562 1502 1605 1539 et
1628 1497 1762 1538 vitam
1788 1508 1854 1536 us-

1031 1570 1115 1609 que
1134 1557 1178 1597 in
1198 1556 1417 1597 saeculum.

1084 1620 1181 1659 Ant.
1200 1618 1318 1658 Ecce
1334 1629 1464 1669 quam
1478 1614 1653 1663 bonum,
1672 1618 1715 1654 et
1728 1625 1856 1665 quam

1030 1674 1266 1726 jucundum
1280 1673 1478 1715 habitare
1494 1673 1649 1713 fratres
1660 1671 1702 1710 in
1713 1683 1856 1710 unum.

1082 1735 1181 1776 Ant.
1201 1734 1371 1775 Omnia.

1292 1806 1490 1846 Psalmus
1510 1807 1594 1845 134.

1030 1861 1254 1967 Laudate
1269 1875 1428 1903 nomen
1441 1861 1627 1909 Domini,
1643 1861 1667 1886 *
1681 1859 1856 1901 laudate

1126 1920 1240 1961 servi
1257 1919 1504 1960 Dominum.
1597 1958 1603 1965 ,

1084 1976 1169 2026 Qui
1192 1975 1316 2017 statis
1341 1975 1384 2015 in
1408 1973 1540 2015 domo
1562 1973 1752 2022 Domini,
1772 1973 1795 1998 *
1814 1973 1856 2012 in

1031 2033 1151 2075 atriis
1173 2032 1330 2074 domus
1349 2031 1432 2072 Dei
1450 2030 1600 2071 nostri.

1082 2088 1279 2130 Laudate
1300 2087 1555 2136 Dominum,
1591 2086 1692 2138 quia
1714 2086 1855 2127 bonus

1031 2146 1262 2187 Dominus:
1293 2145 1318 2171 ¹⁸¹
1347 2143 1522 2197 psallite
1558 2143 1721 2184 nomini
1755 2143 1855 2193 eius,

1033 2202 1238 2255 quoniam
1259 2203 1403 2243 suave.

1084 2259 1298 2308 Quoniam
1325 2256 1462 2298 Jacob
1498 2256 1627 2306 elegit
1660 2255 1742 2296 sibi
1769 2255 1856 2295 Do-

1030 2315 1189 2364 minus,
1221 2315 1244 2340 *
1277 2313 1414 2355 Israel
1455 2313 1498 2353 in
1533 2311 1856 2365 possessionem

1033 2371 1126 2413 sibi.

1084 2428 1195 2477 Quia
1220 2439 1302 2478 ego
1327 2425 1513 2477 cognovi
1539 2423 1658 2477 quod
1674 2435 1855 2474 magnus

1033 2488 1100 2525 est
1115 2483 1339 2532 Dominus,
1358 2482 1381 2508 *
1402 2486 1445 2523 et
1458 2482 1580 2522 Deus
1598 2484 1747 2521 noster
1763 2490 1855 2531 prae

1033 2539 1235 2581 omnibus
1253 2539 1346 2580 diis.

1085 2596 1242 2638 Omnia
1273 2597 1560 2647 quaecumque
1589 2592 1741 2639 voluit,
1768 2590 1853 2630 Do-

1032 2653 1174 2693 minus
1198 2652 1299 2693 fecit
1323 2651 1367 2691 in
1392 2650 1520 2700 coelo,
1548 2653 1591 2690 et
1615 2649 1658 2689 in
1682 2652 1812 2693 terra,
1830 2645 1853 2670 *

1032 2709 1074 2749 in
1094 2708 1213 2758 mari,
1230 2712 1274 2750 et
1290 2707 1333 2748 in
1353 2705 1553 2748 omnibus
1572 2703 1751 2757 abyssis.
