2080 2990
231 218 296 253 474

230 329 254 356 a
283 315 421 357 verbo
450 314 681 365 mendacii,
717 329 741 357 a
774 329 878 368 rege
912 317 1061 369 iniquo

230 378 274 414 et
293 385 318 412 a
336 371 483 422 lingua
502 372 671 423 injusta.

289 433 337 482 Ra
361 428 477 469 Dum
496 431 777 481 torqueretur
797 430 927 471 beata
950 430 1061 480 Aga-

230 486 305 527 tha
334 485 376 525 in
405 485 597 526 mamilla
624 486 833 536 graviter,
869 486 978 528 dixit
1007 485 1062 526 ad

230 541 431 593 judicem:
458 547 478 569 *
496 542 646 595 Impie,
673 542 875 593 crudelis,
901 548 945 584 et
969 542 1062 584 dire

229 600 425 651 tyranne,
440 612 529 640 non
544 612 591 640 es
612 600 820 642 confusus
835 601 1062 652 amputare

229 656 272 696 in
292 656 464 705 femina,
486 656 605 708 quod
621 657 716 709 ipse
732 657 775 697 in
794 662 933 698 matre
949 658 1061 697 suxi-

230 712 308 755 sti?
356 714 407 763 V.
428 713 523 764 Ego
544 713 658 754 enim
682 713 826 755 habeo
847 712 1063 755 mamillas

230 772 423 821 integras
447 770 563 811 intus
588 770 630 811 in
656 771 800 811 anima
824 783 934 820 mea,
954 783 1063 822 quas

230 827 285 868 ab
305 827 484 868 infantia
499 827 599 868 Dfio
621 827 886 869 consecravi.
913 827 1063 880 Impie.

542 886 695 927 Lectio
717 886 756 925 ii.

296 940 477 983 audabit
504 953 645 992 usque
676 940 732 983 ad
760 946 948 983 mortem
976 941 1062 982 ani-

326 1011 397 1039 ma
416 1010 513 1039 mea
529 997 777 1046 Dominum,
795 1003 837 1039 et
857 997 947 1039 vita
966 1010 1064 1039 mea

231 1056 594 1108 appropinquans
620 1059 714 1096 erat
738 1054 782 1095 in
801 1054 970 1096 inferno
991 1054 1062 1096 de-

231 1114 391 1153 orsum.
429 1111 823 1153 Circumdederunt
847 1124 917 1153 me
942 1111 1064 1153 undi-

232 1181 328 1221 que,
348 1174 391 1210 et
410 1181 498 1210 non
514 1174 608 1210 erat
625 1169 698 1221 qui
714 1168 952 1220 adjuvaret.
980 1168 1063 1209 Re-

232 1225 423 1278 spiciens
443 1237 563 1266 eram
579 1224 635 1266 ad
649 1224 915 1277 adjutorium
930 1225 1064 1266 homi-

231 1295 346 1332 num,
372 1287 416 1324 et
440 1295 528 1323 non
556 1287 660 1324 erat.
698 1282 943 1324 Memorata
970 1296 1065 1323 sum

231 1337 547 1380 misericordiae
567 1343 657 1380 tuae
675 1339 875 1390 Domine,
901 1344 944 1381 et
963 1351 1064 1392 ope-

232 1395 414 1437 rationis
442 1400 542 1445 tuae,
573 1408 672 1448 quae
701 1409 726 1438 a
754 1395 919 1438 saeculo
948 1401 1067 1438 sunt:

234 1452 440 1505 quoniam
465 1453 580 1494 eruis
606 1453 871 1495 sustinentes
894 1458 939 1495 te
957 1453 1066 1502 Dfie,

234 1514 277 1551 et
296 1508 456 1551 liberas
473 1522 549 1551 eos
570 1509 625 1552 de
645 1509 848 1552 manibus
863 1510 1067 1561 gentium.

288 1570 338 1621 Rt·
364 1566 540 1617 Agatha
558 1566 785 1609 laetissime
810 1572 853 1609 et
880 1567 1067 1618 glorian-

234 1628 301 1665 ter
333 1622 425 1664 ibat
454 1623 510 1664 ad
540 1626 775 1674 carcerem,
800 1629 822 1652 *
848 1624 984 1674 Quasi
1012 1623 1069 1666 ad

236 1679 389 1732 epulas
417 1680 611 1722 invitata:
647 1686 690 1723 et
722 1683 909 1733 agonem
942 1694 1069 1722 suum

234 1736 426 1778 Domino
469 1737 675 1789 precibus
718 1738 1069 1780 commendabat.
1131 1745 1187 1773 »ὓ

234 1791 286 1841 V.
311 1793 609 1835 Nobilissimis
637 1799 734 1836 orta
757 1794 988 1844 natalibus,
1013 1794 1068 1837 ab

235 1850 417 1900 ignobili
461 1850 659 1901 gaudens
711 1851 968 1893 trahebatur
1013 1851 1068 1892 ad

236 1908 468 1948 carcerem.
496 1908 643 1958 Quasi.

537 1967 687 2008 Lectio
711 1968 762 2006 iii.

320 2019 497 2062 xaltasti
536 2035 669 2074 super
706 2026 868 2063 terram
904 2022 1069 2064 habita-

340 2076 506 2118 tionem
538 2091 697 2128 meam,
734 2083 778 2119 et
812 2091 894 2131 pro
927 2084 1069 2121 morte

238 2132 458 2175 defluente
475 2133 712 2187 deprecata
728 2148 836 2176 sum.
861 2135 1069 2177 Invocavi

238 2192 478 2233 Dominum
501 2191 677 2233 Patrem
699 2191 877 2233 Domini
899 2192 997 2242 mei,
1023 2198 1070 2234 ut

240 2262 327 2290 non
348 2248 625 2300 derelinquat
648 2262 718 2290 me
738 2249 781 2289 in
803 2248 873 2291 die
893 2249 1069 2291 tribula-

240 2305 371 2347 tionis
398 2317 525 2354 meae,
553 2310 595 2346 et
621 2305 664 2345 in
692 2307 894 2358 tempore
922 2319 1070 2359 super·

241 2361 399 2403 borum
440 2361 533 2402 sine
575 2360 802 2413 adjutorio.
856 2362 1071 2404 Laudabo

239 2430 399 2460 nomen
419 2423 542 2459 tuum
567 2417 759 2466 assidue,
785 2423 828 2459 et
852 2418 1071 2461 collauda-

239 2474 299 2516 bo
327 2474 435 2516 illud
463 2474 507 2514 in
536 2473 831 2526 confessione,
865 2480 908 2516 et
943 2487 1070 2517 exau-

241 2529 333 2573 dita
363 2535 428 2572 est
457 2531 599 2572 oratio
628 2543 737 2572 mea.
792 2531 848 2572 Et
875 2530 1070 2573 liberasti

242 2599 312 2629 me
340 2586 396 2629 de
423 2586 682 2640 perditione,
705 2592 749 2628 et
775 2586 974 2638 eripuisti
1001 2601 1071 2629 me

242 2643 298 2686 de
317 2645 518 2696 tempore
533 2643 695 2695 iniquo.
714 2643 957 2695 Propterea
972 2656 1070 2684 con-

242 2699 417 2747 fitebor,
452 2704 495 2741 et
522 2699 697 2741 laudem
726 2698 869 2740 dicam
903 2699 996 2749 tibi,
1030 2706 1071 2741 et

242 2755 499 2799 benedicam
519 2756 685 2797 nomini
704 2756 891 2797 Domini.

662 222 732 257 Die
756 223 786 257 5.
812 223 921 257 Febr.
969 223 1003 257 S.
1030 223 1195 265 Agathae
1220 222 1324 266 Virg.
1352 228 1388 258 et
1412 223 1519 258 Mart.

1175 317 1345 371 RhQuis
1371 330 1418 360 es
1445 323 1503 368 tu,
1528 319 1602 370 qui
1626 320 1783 360 venisti
1803 319 1859 361 ad
1878 332 1947 361 me

1117 375 1271 415 curare
1286 374 1467 416 vulnera
1480 374 1602 417 mea?
1619 388 1702 426 ego
1717 388 1815 417 sum
1830 377 1948 428 Apo-

1117 429 1256 471 stolus
1281 430 1457 473 Christi:
1482 431 1587 473 nihil
1611 432 1653 472 in
1677 444 1748 473 me
1773 431 1948 474 dubites

1116 485 1219 527 filia:
1244 486 1338 538 ipse
1364 500 1435 528 me
1459 488 1576 530 misit
1602 488 1658 530 ad
1682 494 1736 537 te,
1766 492 1788 516 '⁸¹
1808 489 1948 539 Quem

1117 542 1309 585 dilexisti
1355 550 1517 594 mente,
1559 550 1603 587 et
1643 558 1756 598 puro
1802 545 1948 588 corde.

1123 595 1172 647 W.
1185 599 1300 640 Nam
1317 605 1360 642 et
1376 613 1456 652 ego
1472 602 1719 654 Apostolus
1733 603 1826 654 ejus
1841 615 1949 651 sum,

1117 662 1160 698 et
1184 656 1226 696 in
1245 657 1420 699 nomine
1441 658 1531 709 eius
1550 658 1665 700 scias
1689 663 1734 700 te
1761 671 1859 701 esse
1878 672 1948 700 cu-

1116 712 1311 754 randam.
1344 713 1496 763 Quem.
1527 714 1687 756 Gloria.
1717 715 1867 765 Quem.

1352 790 1401 829 In
1419 790 1470 829 Π.
1490 789 1714 830 Noeturno.

1173 854 1272 895 Ant.
1301 853 1473 904 Agatha
1497 859 1649 895 sancta
1674 853 1798 896 dixit:
1826 853 1870 896 Si
1892 855 1948 897 fe-

1116 922 1187 951 ras
1213 910 1318 951 mihi
1344 911 1584 962 promittis,
1610 910 1762 952 audito
1788 910 1950 953 Christi

1118 967 1294 1009 nomine
1314 969 1638 1009 mansuescunt.

1172 1030 1272 1070 Ant.
1308 1029 1353 1069 Si
1378 1028 1522 1080 ignem
1550 1028 1776 1078 adhibeas,
1803 1041 1950 1071 rorem

1116 1085 1221 1127 mihi
1259 1085 1502 1127 salvificum
1545 1084 1600 1128 de
1638 1085 1753 1127 coelo
1790 1086 1949 1138 Angeli

1117 1142 1434 1184 ministrabunt.
1937 1187 1944 1195 ,

1172 1199 1271 1240 Ant.
1309 1198 1481 1251 Agatha
1518 1198 1745 1242 laetissime
1783 1205 1827 1242 et
1857 1200 1949 1251 glo·

1119 1258 1282 1299 rianter
1306 1255 1398 1298 ibat
1422 1255 1479 1297 ad
1499 1257 1732 1306 carcerem,
1753 1257 1878 1309 quasi
1896 1256 1953 1299 ad

1120 1314 1273 1367 epulas
1307 1313 1505 1354 invitata:
1541 1318 1584 1354 et
1612 1314 1799 1363 agonem
1826 1327 1953 1355 suum

1120 1370 1310 1412 Domino
1330 1368 1535 1422 precibus
1556 1369 1905 1412 commendabat.

1173 1422 1224 1473 V.
1267 1425 1507 1478 Adjuvabit
1542 1439 1642 1468 eum
1673 1427 1795 1468 Deus
1829 1427 1952 1469 vultu

1121 1498 1212 1526 suo.
1251 1484 1302 1535 Rz.
1330 1483 1452 1525 Deus
1479 1483 1523 1523 in
1550 1482 1697 1525 medio
1726 1484 1833 1535 ejus,
1865 1497 1953 1526 non

1121 1540 1483 1584 commovebitur.

1424 1613 1578 1654 Lectio
1598 1613 1651 1653 iv.

1130 1689 1260 1743 ξγῑῖῑ
1274 1680 1405 1731 gatha
1433 1680 1569 1731 virgo,
1592 1681 1637 1721 in
1660 1680 1808 1722 Sicilia
1831 1680 1952 1722 nobi-

1134 1735 1137 1745 ’
1177 1736 1213 1785 ’ξ’
1292 1737 1407 1778 libus
1422 1736 1678 1789 parentibus
1693 1743 1806 1787 nata,
1822 1749 1953 1789 quam

1290 1794 1589 1835 Panormitani
1618 1799 1661 1836 et
1685 1794 1953 1835 Catanenses

1123 1852 1264 1893 civem
1284 1864 1408 1892 suam
1433 1863 1531 1893 esse
1551 1849 1713 1900 dicunt,
1738 1850 1782 1891 in
1806 1863 1952 1903 perse-

1123 1908 1297 1950 cutione
1316 1908 1442 1949 Decii
1466 1907 1747 1960 imperatoris
1774 1907 1954 1949 Catanae

1121 1964 1304 2016 gloriosi
1335 1964 1532 2016 martyrii
1565 1966 1774 2006 coronam
1802 1976 1953 2006 conse-

1122 2024 1223 2063 cuta
1243 2026 1321 2063 est.
1348 2021 1463 2062 Nam
1483 2033 1582 2062 cum
1601 2020 1698 2074 pari
1715 2020 1952 2073 pulchritu—

1123 2077 1235 2120 dinis
1263 2083 1307 2119 et
1335 2077 1550 2119 castitatis
1578 2076 1708 2119 laude
1735 2089 1953 2118 commen-

1123 2133 1312 2184 daretur,
1332 2134 1593 2184 Quintianus
1608 2133 1766 2175 Siciliae
1785 2139 1953 2186 praetor

1122 2192 1213 2243 ejus
1245 2193 1394 2233 amore
1422 2196 1578 2243 captus
1606 2195 1682 2232 est.
1727 2189 1815 2232 Sed
1843 2203 1954 2240 cum,

1121 2249 1291 2290 tentata
1315 2247 1460 2289 modis
1483 2246 1685 2289 omnibus
1710 2248 1801 2299 ejus
1829 2247 1952 2300 pudi-

1122 2304 1234 2353 citia,
1256 2304 1478 2355 Agatham
1495 2303 1539 2345 in
1554 2316 1678 2345 suam
1692 2304 1953 2345 sententiam

1121 2359 1365 2414 perducere
1394 2373 1482 2402 non
1511 2365 1675 2412 posset,
1704 2359 1952 2402 christianae

1123 2416 1448 2470 superstitionis
1472 2417 1647 2458 nomine
1668 2416 1952 2469 comprehen-

1123 2486 1233 2523 sam,
1264 2472 1547 2526 Aphrodisiae
1581 2472 1755 2514 cuidam
1782 2473 1953 2515 mulieri

1124 2529 1453 2583 depravandam
1472 2529 1617 2571 tradit.
1650 2531 1759 2580 Quae
1780 2530 1951 2583 Aphro-

1124 2587 1247 2629 disiae
1281 2585 1597 2628 consuetudine
1631 2599 1731 2628 cum
1763 2587 1818 2629 de
1852 2600 1951 2629 con-

1124 2644 1284 2686 stantia
1316 2642 1514 2685 colendae
1552 2643 1801 2685 christianae
1838 2643 1952 2691 fidei,

1124 2705 1168 2742 et
1195 2698 1424 2742 servandae
1452 2699 1711 2750 virginitatis
1736 2700 1950 2742 removeri

1124 2769 1208 2798 non
1229 2762 1398 2809 posset:
1423 2757 1592 2798 nuntiat
1612 2756 1685 2798 illa
1704 2757 1951 2807 Quintiano,
