2040 2990
706 193 814 227 Fcria
842 199 977 236 quarta
1004 195 1051 228 ad
1079 195 1314 229 Matutinum.

258 283 331 325 Ad
351 283 648 326 confitendum
668 286 895 336 surgimus,

257 340 494 392 Morasque
513 342 654 383 noctis
675 343 927 395 rumpimus.

211 416 375 456 Mentes
394 417 638 467 manusque
657 415 860 466 tollimus,

256 470 479 523 Propheta
499 471 611 513 sicut
629 472 831 514 noctibus

254 526 397 568 Nobis
415 528 655 578 gerendum
672 530 883 582 praecipit,

257 583 506 637 Paulusque
525 585 660 636 gestis
681 586 858 627 censuit.

210 656 344 698 Vides
363 657 526 700 malum
547 658 667 710 quod
687 659 882 701 fecimus:

259 713 444 755 Occulta
462 719 612 755 nostra
630 716 878 767 pandimus:

258 770 416 812 Preces
434 773 658 822 gementes
677 772 908 821 fundimus,

256 827 438 869 Dimitte
458 827 578 880 quod
596 830 886 881 peccavimus.

209 903 383 951 Praesta,
402 902 533 943 Pater
551 902 757 955 piissime,

255 959 462 1010 Patrique
482 971 663 1012 compar
681 960 829 1003 Unice.

256 1015 366 1056 Cum
385 1015 549 1068 Spiritu
566 1016 784 1058 Paraclito

257 1072 463 1122 Regnans
482 1085 562 1125 per
580 1085 709 1115 omne
729 1075 949 1116 saeculum.

462 1129 615 1171 Amen.

209 1200 309 1239 Ant.
338 1194 504 1238 Avertit
522 1194 748 1236 Dominus.

424 1275 622 1316 Psalmus
651 1277 714 1316 52.

188 1334 363 1397 ixit
380 1333 591 1387 insipiens
615 1335 659 1376 in
684 1336 818 1378 corde
843 1351 937 1379 suo:
956 1339 979 1363 *

193 1388 232 1439 ἐξ
267 1403 277 1440 y
300 1390 402 1432 Non
430 1396 497 1433 est
523 1391 657 1433 Deus.

338 1447 545 1500 Corrupti
563 1453 674 1498 sunt,
696 1453 740 1490 et
759 1450 978 1492 abomina-

155 1506 263 1548 biles
290 1507 394 1550 facti
422 1514 522 1550 sunt
548 1508 592 1550 in
614 1509 929 1562 iniquitatibus:
956 1514 979 1538 *

152 1576 241 1604 non
269 1569 336 1606 est
364 1565 438 1618 qui
464 1565 595 1608 faciat
620 1565 796 1608 bonum.

203 1625 325 1667 Deus
357 1625 412 1668 de
440 1626 555 1668 coelo
586 1629 817 1681 prospexit
846 1642 979 1682 super

153 1680 268 1723 filios
294 1681 533 1724 hominum:
552 1683 575 1709 *
598 1688 646 1726 ut
673 1684 821 1728 videat
848 1686 884 1727 si
913 1693 980 1729 est

152 1738 408 1790 intelligens,
436 1745 510 1782 aut
537 1743 764 1793 requirens
792 1742 944 1785 Deum.

195 1799 359 1842 Omnes
388 1800 731 1852 declinaverunt,
764 1804 891 1846 simul
919 1806 978 1846 in-

151 1855 280 1899 utiles
307 1856 411 1899 facti
431 1862 545 1900 sunt:
563 1861 586 1884 *
606 1871 694 1900 non
723 1864 790 1901 est
819 1861 892 1913 qui
921 1862 978 1902 fa-

153 1913 238 1955 ciat
251 1913 425 1964 bonum,
436 1926 524 1955 non
536 1919 752 1968 estusque
770 1917 826 1959 ad
837 1931 980 1960 unum.

203 1974 360 2016 Nonne
377 1975 516 2017 scient
536 1988 687 2019 omnes
706 1978 779 2030 qui
797 1981 979 2031 operan-

152 2035 223 2073 tur
237 2031 521 2084 iniquitatem‚
532 2033 556 2058 *
572 2034 646 2085 qui
660 2033 874 2078 devorant
890 2035 979 2088 ple-

153 2087 254 2129 bem
279 2101 423 2130 meam
447 2094 495 2131 ut
521 2089 666 2131 cibum
693 2090 842 2143 panis?

204 2148 348 2190 Deum
374 2162 462 2191 non
488 2150 818 2194 invocaverunt:
844 2153 867 2178 *
893 2153 979 2194 illic

153 2205 482 2258 trepidaverunt
503 2207 672 2257 timore,
691 2208 765 2250 ubi
782 2222 869 2250 non
887 2215 981 2252 erat

153 2261 294 2303 timor.

207 2323 421 2373 Quoniam
456 2325 578 2367 Deus
615 2325 845 2379 dissipavit
881 2339 981 2369 ossa

156 2381 306 2421 eorum
345 2381 418 2433 qui
454 2381 703 2424 hominibus
739 2383 929 2436 placent:
957 2385 980 2410 *

156 2436 326 2478 confusi
352 2443 463 2487 sunt,
491 2439 695 2491 quoniam
713 2439 834 2481 Deus
863 2453 980 2492 spre-

155 2493 217 2535 vit
244 2506 332 2535 eos.

209 2550 315 2599 Quis
343 2549 465 2592 dabit
492 2563 546 2592 ex
573 2551 677 2593 Sion
703 2552 894 2594 salutare
921 2553 981 2592 Is-

157 2604 268 2646 rael?
296 2607 320 2632 *
348 2619 447 2648 cum
475 2609 739 2650 converterit
766 2609 886 2650 Deus
914 2621 980 2649 ca-

158 2661 403 2714 ptivitatem
436 2663 577 2716 plebis
606 2678 712 2715 suae,
748 2664 998 2711 exsultabit⁴

158 2717 306 2768 Jacob,
335 2724 378 2761 et
403 2719 623 2762 laetabitur
646 2721 792 2763 Israel.

1819 193 1863 227 63

1307 292 1502 333 psalmus
1530 295 1594 333 54.

1039 342 1252 448 Exaudi
1280 342 1401 384 Deus
1436 345 1676 386 orationem
1711 357 1863 395 meam,

1137 404 1181 440 et
1212 411 1266 441 ne
1302 399 1555 452 despexeris
1591 401 1859 454 deprecatio-

1035 468 1134 497 nem
1162 456 1549 498 meam:*intende
1576 458 1689 507 mihi,
1719 463 1762 499 et
1791 471 1859 500 ex-

1035 512 1137 554 audi
1160 525 1242 554 me.

1088 569 1381 611 Contristatus
1393 582 1487 611 sum
1498 570 1541 610 in
1551 571 1860 613 exercitatione

1034 639 1147 667 mea:
1166 627 1189 660 ’⁹‘
1215 631 1258 668 et
1277 627 1562 668 conturbatus
1590 640 1685 668 sum
1704 640 1729 668 a
1751 641 1859 670 voce

1034 683 1204 733 inimici,
1222 688 1265 725 et
1276 696 1301 724 a
1315 682 1594 725 tribulatione
1605 685 1859 736 peccatoris.

1086 740 1301 790 Quoniam
1312 739 1638 782 declinaverunt
1652 741 1695 780 in
1706 754 1774 782 me
1786 741 1858 782 ini-

1036 797 1240 848 quitates:
1262 798 1285 822 *
1304 802 1348 838 et
1374 797 1418 837 in
1445 797 1508 838 ira
1536 797 1709 839 molesti
1738 804 1859 840 erant

1033 853 1148 894 mihi.

1087 910 1173 951 Cor
1207 923 1353 952 meum
1381 911 1687 952 conturbatum
1723 917 1789 953 est
1817 912 1858 952 in

1033 979 1120 1007 me:
1154 967 1177 992 *
1212 972 1255 1008 et
1290 966 1478 1009 formido
1512 967 1666 1009 mortis
1704 968 1860 1010 cecidit

1033 1035 1166 1075 super
1192 1036 1271 1065 me.

1085 1079 1236 1128 Timor
1256 1085 1300 1121 et
1319 1085 1484 1122 tremor
1498 1082 1709 1123 venerunt
1728 1094 1858 1134 super

1031 1149 1118 1177 me:
1137 1137 1161 1162 *
1184 1142 1227 1178 et
1255 1138 1540 1179 contexerunt
1558 1150 1628 1178 me
1653 1138 1857 1180 tenebrae.

1084 1194 1140 1235 Et
1167 1193 1272 1235 dixi:
1300 1194 1406 1243 Quis
1427 1193 1548 1235 dabit
1567 1194 1672 1234 mihi
1691 1207 1856 1247 pennas

1032 1249 1143 1291 sicut
1171 1250 1436 1299 columbae,*
1456 1255 1499 1292 et
1527 1250 1697 1301 volabo,
1727 1257 1769 1293 et
1793 1265 1855 1293 re-

1033 1305 1277 1358 quiescam?

1083 1364 1199 1405 Ecce
1217 1363 1418 1414 elongavi
1434 1364 1618 1415 fugiens:
1629 1365 1651 1389 *
1666 1370 1709 1406 et
1718 1365 1857 1406 mansi

1031 1420 1074 1460 in
1103 1419 1348 1462 solitudine.

1083 1476 1406 1529 Exspectabam
1436 1490 1550 1527 eum,
1585 1477 1658 1530 qui
1690 1477 1857 1519 salvum

1030 1546 1101 1574 me
1115 1533 1217 1575 fecit
1227 1534 1250 1559 *
1261 1547 1286 1574 a
1306 1533 1660 1586 pusillanimitate
1680 1534 1856 1586 spiritus

1032 1595 1076 1632 et
1101 1592 1375 1643 tempestate.

1082 1647 1315 1699 Praecipita
1324 1647 1522 1696 Domine,
1534 1647 1679 1689 divide
1688 1647 1856 1698 linguas

1032 1705 1200 1745 eorum:
1216 1705 1239 1729 *
1254 1704 1458 1755 queniam
1477 1703 1566 1745 vidi
1584 1704 1854 1756 iniquitatem

1032 1765 1075 1802 et
1103 1759 1492 1802 contradictionem
1517 1760 1559 1800 in
1588 1760 1772 1802 civitate.

1082 1817 1165 1858 Die
1199 1830 1250 1858 ac
1283 1821 1412 1858 nocte
1441 1816 1726 1858 circumdabit
1760 1830 1854 1858 eam

1032 1885 1162 1926 super
1198 1885 1347 1914 muros
1385 1873 1474 1924 ejus
1511 1873 1781 1925 iniquitas:·*
1813 1879 1856 1915 et

1030 1929 1155 1971 labor
1182 1929 1225 1969 in
1252 1928 1397 1970 medio
1426 1930 1525 1981 ejus,
1555 1935 1598 1971 et
1624 1930 1839 1981 injustitia.

1082 1986 1138 2028 Et
1164 1999 1251 2027 non
1280 1985 1439 2027 defecit
1466 1985 1521 2027 de
1547 1985 1703 2038 plateis
1733 1987 1855 2038 ejus*

1031 2045 1173 2092 usura,
1202 2047 1245 2084 et
1274 2041 1411 2083 dolus.

1083 2099 1298 2149 Quoniam
1317 2099 1354 2140 si
1371 2099 1568 2140 inimicus
1589 2112 1710 2141 meus
1727 2099 1855 2141 male-

1032 2155 1213 2197 dixisset
1226 2155 1341 2205 mihi,
1351 2156 1375 2181 *
1386 2155 1686 2197 sustinuissem
1695 2156 1856 2208 utique.

1084 2212 1140 2254 Et
1170 2212 1206 2252 si
1233 2212 1287 2262 is,
1326 2212 1399 2264 qui
1426 2211 1580 2254 oderat
1609 2225 1693 2262 me,
1725 2225 1855 2264 super

1031 2269 1286 2319 me'magna
1312 2268 1485 2310 locutus
1511 2268 1677 2310 fuisset:
1709 2270 1732 2294 *
1760 2269 1855 2310 abs-

1033 2325 1280 2367 condissem
1307 2338 1377 2367 me
1404 2325 1585 2366 forsitan
1612 2325 1666 2366 ab
1696 2338 1759 2366 eo.

1085 2382 1153 2423 Tu
1180 2394 1286 2423 vero
1310 2381 1442 2423 homo
1470 2381 1697 2422 unanimis:
1724 2382 1747 2407 *
1767 2381 1854 2423 dux

1032 2451 1165 2489 meuS,
1195 2443 1239 2480 et
1266 2442 1396 2480 notus
1423 2450 1556 2479 meus.

1085 2495 1168 2545 Qui
1189 2494 1314 2536 simul
1341 2507 1512 2536 mecum
1540 2493 1688 2535 dulces
1717 2493 1853 2545 capie-

1032 2551 1112 2593 bas
1140 2551 1276 2593 cibos:
1304 2551 1327 2576 *
1353 2551 1396 2591 in
1430 2550 1562 2592 domo
1595 2550 1677 2591 Dei
1709 2548 1852 2590 ambu-

1034 2608 1218 2649 lavimus
1246 2621 1343 2649 cum
1369 2608 1593 2648 consensu.

1085 2665 1244 2706 Veniat
1283 2676 1401 2706 mors
1438 2676 1569 2715 super
1603 2661 1717 2702 illos:
1752 2661 1774 2685 *
1811 2664 1854 2700 et

1035 2720 1302 2763 descendant
1335 2721 1376 2761 in
1405 2720 1616 2761 infernum
1646 2717 1854 2758 viventes:
