2080 2990
559 194 626 227 Dic
652 195 703 226 2.·’1

230 293 387 338 Ι)611111,
417 291 491 343 qui
514 297 558 333 te
583 291 729 341 elegit,
756 296 803 333 ut
828 289 944 341 digni
964 288 1052 330 effi-

231 349 396 391 ciamur
423 348 564 399 gratia
590 348 684 389 Dei.
728 339 773 390 N·
806 347 875 388 Tu
902 359 949 388 es
976 358 1054 387 vas

232 404 457 446 electionis
491 410 639 446 sancte
672 403 805 445 Paule
838 402 1054 456 Apostole

230 460 496 514 praedicator
514 460 720 503 veritatis
747 458 985 501 Intercede.

523 522 670 563 Lectio
691 522 772 561 viii.

233 576 332 682 Et
346 584 457 635 justa
469 595 649 636 prorsus
664 580 903 630 retributio,
920 584 969 622 ut
984 579 1057 631 qui

326 639 397 681 hic
423 652 505 692 pro
536 639 710 680 Christo
737 638 939 679 humanae
967 636 1056 687 glo-

233 697 340 737 riam
360 695 628 737 celsitudinis
651 694 949 746 neglexerunt,
972 692 1059 733 illic

233 766 258 794 a
278 752 450 794 Christo
475 751 639 805 judices
663 750 894 803 glorificati
917 749 1056 799 singu-

231 809 380 851 lariter
399 822 499 851 cum
519 821 571 850 eo
591 806 824 856 assideant,
852 806 925 858 qui
950 818 975 846 a
994 817 1057 846 se—

235 864 418 918 quendis
437 866 527 917 ejus
546 864 740 915 vestigiis
759 862 876 904 nulla
893 862 1059 903 ratione

233 925 438 975 poterant
453 921 591 962 avelli.
610 921 752 962 Nemo
768 925 913 961 autem
924 923 1061 971 putet,

235 977 469 1020 duodecim
488 983 656 1019 tantum
676 976 934 1030 Apostolos,
961 975 1061 1027 quia

234 1048 317 1088 pro
328 1035 352 1075 J
354 1034 442 1076 uda
456 1034 771 1087 praevaricante
781 1032 967 1074 Mathias
978 1031 1061 1073 ele-

236 1096 333 1133 ctus
345 1096 422 1141 est,
436 1096 539 1133 tunc
550 1103 646 1132 esse
657 1089 937 1143 judicaturos:
951 1088 1062 1129 sicut

235 1160 316 1189 nec
342 1146 575 1189 duodecim
598 1146 705 1188 solae
726 1151 825 1187 sunt
843 1145 982 1187 tribus
1001 1145 1062 1185 Is-

235 1204 325 1245 rael
370 1202 632 1256 judicandae:
687 1203 879 1255 alioquin
923 1200 1062 1243 tribus

234 1260 352 1310 Levi,
373 1273 471 1311 quae
490 1259 792 1302 tertiadecima
811 1263 888 1309 est,
911 1256 1059 1310 injudi-

236 1320 334 1359 cata
353 1315 540 1358 recedet.

291 1374 339 1425 Rv.
366 1373 588 1423 Damasci,
616 1371 883 1426 praepositus
909 1370 1064 1413 Gentis

237 1432 386 1472 Aretae
407 1430 521 1480 regis
539 1429 677 1471 voluit
695 1441 764 1469 me
783 1427 1063 1481 comprehen-

238 1487 356 1530 dere:
380 1491 401 1511 ³
428 1486 484 1528 Et
512 1499 538 1527 a
561 1485 766 1527 fratribus
790 1498 870 1538 per
893 1498 1065 1526 murum

240 1544 456 1586 demissus
484 1555 580 1583 sum
605 1542 649 1582 in
678 1547 840 1606 sporta,
864 1543 885 1565 *
919 1542 975 1583 Et
1003 1540 1065 1582 sic

238 1600 359 1664 evasi
390 1611 543 1640 manus
578 1599 667 1651 ejus
700 1599 743 1638 in
774 1598 947 1640 nomine
976 1598 1064 1639 Do-

239 1655 353 1697 mini.
376 1647 426 1698 ll.
446 1656 567 1696 Deus
587 1660 629 1696 et
648 1655 778 1696 Pater
796 1654 971 1696 Domini
989 1666 1063 1695 no-

239 1713 317 1755 stri
331 1712 355 1753 J
359 1725 436 1753 esu
453 1711 613 1753 Christi
632 1711 714 1752 seit
731 1711 832 1763 quia
848 1724 935 1752 non
949 1712 1064 1751 men-

238 1769 336 1811 tior.
372 1769 428 1810 Et
456 1781 482 1809 a
506 1767 723 1810 fratribus.
760 1766 911 1809 Gloria
936 1767 1065 1808 Patri.

239 1826 296 1867 Et
316 1825 389 1867 sic.
648 1867 656 1874 ,
711 1867 718 1874 ,

538 1867 687 1908 Lectio
709 1880 761 1906 ix.

322 1931 340 1967 t
353 1924 524 1975 Paulus,
544 1924 617 1977 qui
635 1923 984 1967 tertiusdecimus
1002 1928 1068 1966 est

332 1981 587 2034 Apostolus
606 1980 825 2033 judicandi
844 1985 963 2022 sorte
982 1980 1066 2034 pri—

241 2038 429 2087 vabitur,
464 2051 562 2079 cum
590 2038 684 2090 ipse
715 2037 845 2079 dicat:
877 2037 1067 2078 Nescitis

243 2095 448 2147 quoniam
521 2094 700 2145 angelos
765 2093 1068 2146 judicabimus,

244 2156 407 2204 quanto
422 2151 558 2202 magis
572 2149 820 2192 saecularia?
837 2150 1069 2192 Sciendum

243 2220 430 2259 namque
453 2212 534 2257 est,
563 2220 728 2258 omnes,
758 2207 831 2259 qui
851 2205 907 2248 ad
928 2208 1068 2248 exem-

242 2264 365 2317 plum
380 2263 698 2316 Apostolorum
713 2276 790 2305 sua
805 2263 1071 2315 reliquerunt

245 2320 399 2370 omnia,
420 2325 464 2362 et
482 2320 622 2361 secuti
641 2325 740 2362 sunt
759 2319 987 2369 Christum,
1011 2320 1069 2371 ju-

245 2376 365 2419 dices
384 2389 483 2418 cum
502 2389 555 2418 eo
571 2379 790 2426 venturos,
810 2376 922 2418 sicut
940 2376 1071 2418 etiam

245 2445 374 2475 omne
402 2432 651 2475 mortalium
678 2445 813 2483 genus
842 2446 938 2474 esse
966 2431 1070 2485 judi-

246 2488 445 2532 candum.
503 2489 613 2540 Quia
649 2490 763 2531 enim
800 2488 1070 2531 duodenario

247 2558 367 2599 saepe
399 2549 582 2587 numero
616 2545 729 2587 solet
762 2545 805 2586 in
837 2545 1071 2598 Scripturis

246 2602 507 2644 universitas
537 2601 770 2653 designari,
801 2614 880 2654 per
908 2600 1071 2643 duode-

248 2659 332 2700 cim
360 2657 488 2700 sedes
515 2658 847 2711 Apostolorum,
882 2658 1072 2699 omnium

247 2714 535 2757 numerositas
575 2713 871 2767 judicantium,
913 2719 956 2755 et
992 2726 1072 2766 per

729 193 811 226 ,1111
860 193 965 225 111(ζ1
974 203 1055 225 1111*
1051 203 1097 224 ··.1
1081 192 1138 224 ·11
1131 192 1246 224 111υὸ
1275 191 1379 224 1)·11111
1405 189 1595 232 &postoli

1107 285 1339 329 duedecim
1352 286 1491 328 tribus
1505 285 1652 335 Israel,
1670 283 1929 326 universitas

1108 346 1275 441 {gluti-11¹⁷
1303 343 1377 395 qui
1403 341 1623 396 judicandi
1642 346 1758 392 511111,
1786 341 1929 382 osten-

1164 461 1223 502 'le
1241 461 1384 502 Deum
1401 458 1639 502 laudamus.
1662 459 1723 500 14.

1373 550 1451 591 Ad
1475 548 1671 590 Laudes

1314 614 1363 642 et
1403 618 1499 651 per
1539 607 1731 641 Horas.

1163 670 1262 710 Ant.
1292 671 1317 709 l.
1356 668 1449 719 Ego
1477 667 1690 721 plantavi,
1717 666 1741 693 *
1769 665 1932 720 Apollo

1112 724 1284 775 rigavit,
1309 724 1429 766 Deus
1454 730 1599 766 autem
1621 724 1934 765 incrementum

1113 780 1245 831 dedit,
1265 781 1445 834 alleluja.

1165 844 1230 883 Ps.
1260 842 1472 883 Dominus
1491 841 1700 893 regnavit.
1718 841 1776 882 15.

1164 908 1199 948 2.
1222 906 1435 949 Libenter
1458 906 1680 958 gloriabor
1705 908 1728 934 *
1751 906 1795 947 in
1821 905 1934 947 infir-

1113 963 1337 1006 mitatibus
1356 964 1480 1015 meis,
1503 969 1551 1006 ut
1574 962 1788 1006 inhabitet
1805 963 1849 1004 in
1866 976 1936 1005 me

1114 1020 1251 1062 virtus
1271 1020 1440 1063 Christi.

1164 1086 1200 1125 3.
1231 1085 1383 1127 Gratia
1400 1085 1527 1127 Dei*
1545 1085 1589 1127 in
1605 1099 1675 1128 me
1693 1087 1833 1128 vacua
1849 1097 1937 1126 non

1115 1142 1208 1192 fuit,
1201 1140 1312 1240 ‚sted
1335 1142 1475 1193 gratia
1498 1143 1588 1194 ejus
1611 1155 1784 1216 semper
1806 1142 1850 1183 in
1867 1153 1937 1182 me

1114 1211 1239 1240 mane

1168 1262 1206 1299 4.
1231 1259 1448 1310 Damasci,
1466 1260 1732 1314 praepositus
1747 1260 1771 1287 *
1786 1258 1939 1301 Gentis

1117 1316 1266 1358 Aretae
1284 1316 1399 1367 regis
1415 1317 1553 1359 voluit
1570 1330 1639 1358 me
1658 1315 1938 1370 comprehen-

1117 1372 1235 1415 dere:
1267 1387 1293 1415 a
1322 1373 1528 1416 fratribus
1559 1387 1639 1427 per
1669 1386 1841 1415 murum
1867 1371 1939 1414 de-

1116 1432 1274 1471 missus
1294 1443 1391 1472 sum
1413 1430 1457 1471 in
1476 1436 1642 1484 sporta,
1666 1435 1711 1473 et
1734 1430 1798 1472 sic
1821 1428 1942 1471 evasi

1116 1499 1269 1528 manus
1289 1488 1379 1539 ejus
1394 1487 1438 1528 in
1462 1487 1635 1529 nomine
1652 1485 1839 1528 Domini.

1167 1551 1203 1590 5.
1230 1550 1314 1594 Ter
1331 1552 1464 1603 virgis
1482 1565 1622 1594 caesus
1641 1565 1748 1603 sum,
1767 1552 1791 1578 *
1808 1549 1943 1593 semel

1116 1607 1337 1661 lapidatus
1353 1621 1459 1658 sum,
1478 1614 1545 1650 ter
1559 1608 1831 1659 naufragium
1844 1608 1940 1660 per-

1118 1664 1196 1706 tuli
1214 1677 1296 1718 pro
1317 1663 1476 1706 Christi
1494 1665 1678 1706 nomine.

1219 1726 1475 1779 Capitulum.
1684 1725 1778 1765 Act.
1797 1724 1835 1763 9.

1120 1788 1313 1898 Saulus
1343 1793 1485 1836 adhuc
1514 1794 1684 1848 spirans
1717 1793 1941 1844 minarum,

1206 1855 1249 1892 et
1275 1850 1408 1892 caedis
1429 1851 1474 1892 in
1497 1850 1737 1904 discipulos
1755 1849 1942 1900 Domini,

1120 1907 1304 1949 accessit
1322 1906 1378 1949 ad
1396 1908 1638 1960 principem
1654 1905 1942 1956 sacerdotum,

1121 1968 1164 2005 et
1188 1963 1313 2016 petiit
1337 1963 1391 2005 ab
1417 1976 1469 2006 eo
1493 1963 1701 2017 epistolas
1723 1963 1767 2004 in
1784 1963 1941 2004 Dama-

1121 2032 1243 2061 scum
1261 2019 1318 2062 ad
1341 2022 1599 2073 synagogas:
1625 2025 1674 2062 ut
1697 2019 1734 2061 si
1755 2031 1865 2071 quos
1884 2019 1943 2060 in-

1120 2078 1312 2118 venisset
1344 2076 1469 2129 hujus
1495 2077 1578 2118 viae
1606 2077 1741 2126 viros,
1776 2088 1828 2117 ac
1854 2088 1943 2116 mu-

1121 2132 1264 2182 liereS,
1291 2132 1461 2176 vinctos
1479 2132 1740 2186 perduceret
1761 2132 1805 2172 in
1822 2131 1846 2173 J
1850 2134 1942 2173 eru-

1122 2188 1267 2230 salem.

1431 2236 1637 2288 Hymnus.

1278 2305 1439 2348 xsultet
1458 2305 1575 2348 orbis
1594 2304 1777 2357 gaudiis:

1294 2362 1464 2404 Coelum
1481 2361 1662 2404 resultet
1679 2361 1897 2404 laudibus:

1250 2418 1568 2472 Apostolorum
1586 2418 1768 2469 gloriam

1253 2475 1402 2517 Tellus
1422 2480 1465 2516 et
1482 2480 1599 2516 astra
1618 2475 1861 2517 concinunt.

1205 2537 1293 2584 Vos
1313 2541 1573 2583 saeculorum
1590 2541 1766 2594 judices,

1251 2599 1307 2640 Et
1325 2611 1428 2640 vera
1445 2598 1595 2640 mundi
1613 2598 1785 2649 himina,

1249 2655 1378 2697 Votis
1397 2658 1626 2708 precamur
1647 2654 1860 2699 cordium:

1252 2711 1414 2754 Audite
1433 2725 1565 2754 voces
1585 2711 1844 2765 sapplicum.
