2040 2990
758 202 800 235 In
824 201 969 235 Octava
992 200 1026 235 S.
1051 201 1223 235 Joanan.

194 301 259 351 Ut,
281 314 379 342 cum
399 299 558 341 redibit
577 297 756 340 Arbiter

243 358 295 398 In
313 356 398 397 fine
420 355 616 397 Christus
636 353 795 403 saeculi,

243 413 338 455 Nos
357 412 608 465 sempiterni
626 410 771 464 gandii

245 468 468 511 Concedat
488 481 585 510 esse
604 469 843 519 compotes.

201 536 308 584 Jesu,
327 533 405 575 tibi
423 533 478 574 sit
496 532 644 584 gloria,

246 590 329 641 Qui
348 595 475 631 natus
495 602 542 631 es
562 588 616 630 de
635 588 825 639 Virgine,

246 647 354 688 Cum
372 647 511 695 Patre,
531 650 574 687 et
593 644 707 686 almo
726 643 898 696 Spiritu,

245 705 297 745 In
320 703 584 755 sempiterna
607 700 778 742 saecula.

451 759 604 799 Amen.

196 824 247 876 V.
262 828 405 871 Valde
423 826 705 870 honorandus
726 830 791 866 est
808 824 964 866 beatus

144 886 344 928 Joannes.
380 885 430 937 R.
451 885 534 935 Qui
555 895 687 936 supra
704 886 859 934 pectus
876 881 963 922 Do-

142 943 247 983 mini
266 942 309 983 in
328 954 453 983 coena
471 939 680 982 recubuit.

197 1010 268 1052 Ad
286 1010 459 1060 Magnis.
496 1011 595 1050 Ant.
630 1011 718 1050 Iste
747 1012 813 1048 est
837 1007 964 1048 Joan-

144 1080 239 1117 nes,
276 1067 350 1120 qui
379 1078 511 1119 supra
534 1070 690 1118 pectus
716 1063 894 1105 Domini
921 1063 964 1103 in

144 1137 271 1166 coena
294 1122 507 1165 recubuit:
531 1122 686 1164 beatus
711 1119 963 1173 Apostolus,

145 1181 215 1222 cui
239 1179 431 1222 revelata
454 1183 554 1220 sunt
572 1179 742 1220 secreta
761 1175 966 1218 coelestia.

477 1243 639 1283 Oratio.

145 1299 433 1406 Ecclesiam
459 1310 593 1355 tuam,
621 1304 822 1354 Domine,
849 1303 966 1345 beni-

238 1376 347 1415 gnus
370 1362 553 1404 illustra:
578 1366 626 1403 ut
648 1361 767 1402 beati
784 1361 809 1401 J
813 1359 965 1401 oannis

144 1419 350 1473 Apostoli
367 1419 431 1460 tui
450 1424 494 1460 et
507 1417 798 1468 Evangelistae
812 1416 965 1457 illumi-

144 1478 247 1517 nata
271 1475 495 1524 doctrinis,
523 1473 580 1515 ad
604 1473 720 1515 dona
742 1472 967 1526 perveniat

146 1531 420 1585 sempiterna.
464 1531 549 1572 Per
566 1530 814 1571 Dominum.

375 1606 450 1640 Pro
475 1604 510 1639 S.
534 1604 739 1650 Stephano.

199 1667 298 1709 Ant.
317 1666 589 1719 Sepelierunt
604 1664 871 1718 Stephanum
888 1663 968 1704 viri
1024 1696 1036 1712 s
1056 1695 1059 1696 γ
1083 1695 1086 1697 .

145 1723 348 1772 timorati,
367 1728 411 1764 et
429 1723 625 1764 fecerunt
645 1721 867 1773 planctum
880 1733 967 1760 ma·
1029 1716 1035 1757 ζ
1125 1738 1127 1750 ‹

144 1792 277 1831 gnum
296 1792 426 1832 super
448 1792 557 1820 eum.

202 1838 253 1892 V.
275 1843 519 1896 Stephanus
547 1841 655 1883 vidit
683 1840 820 1883 coelos
846 1842 967 1893 aper-

147 1904 228 1942 tos.
270 1901 321 1953 R.
344 1899 468 1941 Vidit
500 1903 544 1940 et
570 1897 779 1940 introivit:
811 1896 967 1938 beatus

146 1955 291 2006 homo,
311 1956 380 1997 cui
401 1955 501 1997 coeli
518 1953 737 2007 patebant.

485 2019 647 2061 Oratio.

151 2072 477 2182 Omnipotens
524 2075 786 2128 sempiterne
831 2074 968 2122 Deus,

250 2135 323 2186 qui
346 2132 559 2186 primitias
578 2132 818 2183 Martyrum
835 2130 879 2170 in
896 2128 968 2170 be-

150 2191 210 2232 ati
234 2190 399 2232 Levitae
426 2188 634 2242 Stephani
662 2187 868 2238 sanguine
897 2185 968 2226 de-

151 2246 319 2288 dicasti:
352 2245 494 2288 tribue
523 2247 786 2297 quaesumu53
814 2247 862 2283 ut
888 2253 969 2293 pro

150 2302 277 2344 nobis
296 2303 558 2344 intercessor
578 2303 772 2349 exsistat,
797 2298 870 2351 qui
889 2309 969 2350 pro

152 2359 241 2399 suis
258 2359 388 2400 etiam
402 2355 757 2411 persecutoribus
774 2354 971 2396 exoravit

150 2414 385 2456 Dominum
393 2419 591 2456 nostrum
597 2413 620 2454 J
623 2426 744 2454 esum
752 2411 971 2453 Christum

151 2469 307 2511 Filium
333 2476 466 2513 tuum.

331 2542 406 2577 Pro
432 2542 487 2577 Ss.
512 2542 792 2577 innocentibus.

207 2604 305 2644 Ant.
332 2604 589 2645 Innocentes
611 2616 693 2656 pro
715 2601 885 2644 Christo
909 2600 969 2640 in-

154 2660 294 2701 fantes
313 2659 447 2700 occisi
471 2665 588 2709 sunt,
615 2658 669 2700 ab
695 2659 844 2710 iniquo
868 2667 971 2705 rege

155 2716 365 2757 lactentes
383 2715 598 2757 interfecti
617 2719 730 2756 sunt:
749 2714 892 2766 ipsum
908 2723 970 2752 se-

307 2857 370 2882 Pars
386 2856 518 2881 Hiemalis.

1012 299 1202 348 quuntur
1233 297 1406 348 Agnum
1441 295 1531 336 sine
1563 293 1752 342 macula,
1786 296 1829 333 et

1012 351 1160 393 dicunt
1174 355 1359 404 semper:
1375 351 1525 393 Gloria
1539 350 1617 391 tibi
1633 349 1830 390 Domine.

1069 415 1119 468 V.
1135 416 1223 458 Sub
1245 416 1402 458 throno
1421 416 1504 457 Dei
1524 426 1672 456 omnes
1692 413 1830 455 sancti

1012 473 1210 514 clamant.
1274 478 1323 529 R,
1355 471 1541 514 Vindica
1580 470 1830 521 sanguinem

1011 534 1209 570 nostrum
1227 530 1348 571 Deus
1370 533 1530 570 noster.

1348 597 1467 638 Orati
1474 610 1509 637 o,

1018 653 1195 758 Deus,
1214 656 1332 707 cujus
1350 655 1560 697 hodierna
1579 654 1650 695 die
1667 656 1829 706 praeco-

1106 712 1225 753 nium
1243 713 1502 753 Innocentes
1514 710 1728 762 Martyres
1744 723 1831 751 non

1012 768 1254 820 loquendo,
1291 768 1370 810 sed
1392 766 1619 809 moriendo
1645 766 1832 807 confessi

1014 830 1128 866 sunt:
1154 825 1298 866 omnia
1317 825 1360 865 in
1379 824 1505 866 nobis
1524 823 1728 864 vitiorum
1746 835 1831 863 ma-

1014 881 1054 921 la
1073 881 1303 931 mortifica,
1327 885 1374 922 ut
1392 880 1524 922 fidem
1544 885 1677 928 tuam,
1704 892 1832 931 quam

1013 937 1158 989 lingua
1181 942 1331 979 nostra
1354 937 1562 989 loquitur,
1591 936 1721 977 etiam
1744 937 1832 976 mo-

1014 993 1135 1035 ribus
1154 994 1242 1035 vita
1260 994 1457 1035 fateAtur.
1489 993 1573 1034 Per
1588 992 1832 1033 Dominum.

1271 1113 1340 1115 .-n
1393 1100 1452 1129 ω
1518 1113 1573 1115 n.

1147 1199 1197 1239 In
1227 1199 1393 1239 Octava
1418 1198 1460 1239 S.
1487 1198 1517 1239 J
1519 1196 1705 1238 oannis.

1347 1267 1509 1310 Duplex.

1073 1330 1209 1364 Omnia
1244 1334 1285 1363 ut
1320 1329 1358 1362 in
1394 1326 1593 1362 Communi
1626 1326 1758 1368 Apost.
1786 1322 1832 1365 [2]

1020 1383 1161 1422 praeter
1183 1378 1396 1411 Lectiones,

1257 1448 1305 1486 In
1328 1447 1358 1485 1.
1383 1446 1603 1486 Nocturno.

1020 1514 1086 1553 De
1105 1509 1215 1551 libro
1235 1507 1526 1561 Apocalypsis
1551 1506 1669 1547 beati
1688 1506 1712 1546 J
1715 1505 1836 1546 oanis

1324 1562 1540 1616 Apostoli.

1124 1634 1276 1676 Lectio
1296 1635 1319 1674 i.
1580 1631 1682 1682 Cap.
1702 1631 1738 1669 4.

1057 1705 1097 1727 fa·
1114 1695 1202 1731 ost
1225 1690 1320 1731 haec
1346 1688 1449 1730 vidi:
1478 1693 1521 1729 et
1548 1700 1649 1729 ecce
1679 1686 1836 1728 ostium

1028 1765 1036 1799 i,
1063 1754 1128 1805 §.⁴55³ss
1149 1748 1347 1799 apertum
1370 1745 1413 1785 in
1433 1743 1560 1785 coelo:
1589 1748 1632 1784 et
1651 1755 1736 1783 vox
1754 1742 1836 1794 pri-

1073 1801 1128 1826 Ξ
1149 1815 1235 1852 ma,
1272 1813 1401 1853 quam
1437 1799 1582 1841 audivi
1615 1803 1837 1851 tamquam

1018 1860 1137 1902 tubae
1182 1857 1399 1910 loquentis
1442 1868 1628 1904 mecum,
1673 1854 1837 1896 dicens:

1019 1914 1222 1957 Ascende
1257 1913 1358 1962 huc,
1404 1917 1447 1953 et
1491 1910 1719 1953 ostendam
1758 1909 1838 1951 tibi

1021 1985 1118 2024 quae
1155 1972 1331 2023 oportet
1366 1968 1461 2009 fieri
1496 1971 1599 2020 post
1631 1966 1736 2007 haec.
1782 1966 1838 2007 Et

1020 2028 1166 2069 statim
1183 2027 1245 2067 fui
1262 2026 1306 2066 in
1324 2025 1493 2078 spiritu:
1518 2028 1562 2065 et
1585 2035 1686 2065 ecce
1710 2022 1837 2064 sedes

1019 2084 1164 2137 posita
1178 2086 1271 2124 erat
1284 2082 1327 2122 in
1343 2080 1468 2130 coelo,
1486 2084 1528 2121 et
1544 2092 1676 2132 supra
1690 2078 1839 2121 sedem

1020 2139 1189 2182 sedens.
1210 2139 1266 2179 Et
1282 2138 1355 2190 qui
1370 2135 1562 2186 sedebat,
1579 2135 1730 2177 similis
1745 2139 1838 2176 erat

1021 2195 1218 2249 aspectui
1243 2193 1402 2247 lapidis
1430 2191 1608 2245 jaspidis
1637 2196 1680 2233 et
1706 2190 1838 2232 sardi-

1020 2253 1103 2293 nis:
1137 2256 1179 2293 et
1205 2251 1280 2292 iris
1310 2255 1403 2292 erat
1429 2249 1473 2290 in
1498 2248 1680 2290 circuitu
1707 2246 1838 2295 sedis,

1022 2308 1172 2349 similis
1199 2306 1355 2348 visioni
1381 2303 1680 2355 smaragdinae.
1715 2303 1771 2344 Et
1795 2302 1838 2343 in

1022 2364 1206 2406 circuitu
1232 2362 1348 2404 sedis
1377 2361 1527 2403 sedilia
1554 2359 1705 2411 viginti
1737 2360 1837 2411 qua-

1021 2425 1135 2462 tuor:
1155 2425 1198 2461 et
1217 2431 1348 2472 super
1367 2417 1549 2459 thronos
1567 2415 1718 2466 viginti
1737 2416 1837 2467 qua-

1021 2482 1123 2519 tuor
1138 2476 1331 2518 seniores
1347 2474 1559 2522 sedenteS,
1574 2471 1836 2513 circumami-

1022 2533 1081 2574 cti
1105 2531 1373 2574 vestimentis
1399 2529 1527 2578 albis,
1556 2533 1599 2569 et
1622 2527 1666 2568 in
1691 2525 1836 2579 capiti-

1020 2588 1103 2630 bus
1122 2590 1272 2630 eorum
1290 2588 1464 2628 coronae
1483 2587 1638 2625 aureae.

1078 2656 1129 2706 R.
1140 2652 1282 2694 Valde
1300 2648 1581 2693 honorandus
1601 2651 1667 2689 est
1684 2646 1836 2687 beatus

1022 2710 1225 2759 Ioannes,
1251 2708 1325 2759 qui
1343 2718 1475 2759 supra
1492 2708 1645 2757 pectus
1663 2699 1837 2743 Domini

1570 2831 1633 2865 16*
