2080 2990
746 215 956 250 Commune
981 216 1269 259 Apostolorum.
1813 207 1861 252 [3]

205 309 306 350 Ant.
328 309 420 350 Vos
440 306 570 348 amici
588 307 675 348 mei
696 306 814 356 estis,
829 306 853 332 *
868 305 906 347 si
925 305 982 347 fe-

154 363 301 462 gigitis
329 375 429 415 quae
456 363 671 416 praecipio
700 362 843 413 vobis,
876 362 983 404 dicit

226 433 380 462 minus.

422 483 617 524 Psalmus
647 485 716 524 111.

153 547 362 654 Beatus
381 551 462 601 vir,
491 551 565 602 qui
587 551 712 592 timet
730 549 982 591 Dominum:

253 608 276 633 *
295 608 339 648 in
358 607 576 649 mandatis
597 608 688 659 ejus
707 606 826 648 volet
844 606 982 647 nimis.

204 664 368 706 Potens
392 664 437 705 in
462 669 581 706 terra
600 664 683 706 erit
707 675 856 705 semen
876 664 982 715 ejus:

154 721 177 747 *
195 721 423 771 generatio
443 723 668 763 rectorum
685 719 982 762 benedicetur.

206 777 368 828 Gloria,
396 782 441 820 et
467 777 632 819 divitiae
655 777 700 818 in
723 776 855 818 domo
877 777 982 828 ejus:

150 835 174 860 *
190 839 234 876 et
252 835 415 887 justitia
434 835 526 887 ejus
544 839 693 876 manet
711 834 756 875 in
772 833 982 875 saeculum

153 891 315 933 saeculi.

204 948 421 990 Exortum
449 952 517 990 est
543 948 588 989 in
616 948 811 990 tenebris
834 948 982 989 lumen

152 1005 300 1047 rectis:
328 1005 352 1031 *
379 1005 642 1055 misericors,
671 1010 714 1047 et
738 1005 982 1054 miserator,

152 1066 197 1104 et
213 1062 362 1114 justus.

205 1119 230 1160 J
232 1118 434 1161 ucundus
448 1118 582 1160 homo
599 1118 674 1171 qui
692 1119 924 1160 miseretur
940 1121 983 1159 et

154 1175 418 1226 commodat,
426 1175 632 1229 disponet
640 1177 867 1217 sermones
878 1187 982 1216 suos

153 1232 198 1273 in
224 1231 399 1284 judicio:
423 1232 447 1258 *
474 1232 577 1285 quia
596 1232 641 1273 in
662 1233 875 1274 aeternum
894 1244 982 1273 non

156 1288 516 1331 commovebitur.

206 1346 259 1386 In
276 1346 490 1387 memoria
509 1347 674 1387 aeterna
693 1345 775 1387 erit
793 1345 945 1397 justus:
959 1345 983 1370 *

155 1402 210 1444 ab
231 1401 455 1444 auditione
472 1402 588 1443 mala
605 1415 694 1443 non
713 1401 893 1443 timebit.

206 1458 415 1500 Paratum
431 1471 508 1500 cor
528 1459 618 1510 ejus
638 1460 818 1511 sperare
836 1459 882 1499 in
895 1458 983 1499 Do-

155 1515 285 1565 mino,
314 1514 620 1557 confirmatum
645 1519 711 1557 est
736 1528 812 1557 cor
836 1516 941 1567 eius:
960 1515 984 1541 *

156 1584 244 1636 non
255 1571 605 1614 commovebitur
617 1571 757 1614 donec
769 1572 984 1625 despiciat

155 1630 355 1669 1n1m1'cos
375 1640 491 1670 suos.

206 1684 442 1737 Dispersit‚
471 1684 594 1727 dedit
616 1685 899 1739 pauperibus:
926 1686 984 1737 ju-

156 1741 274 1783 stitia
285 1741 375 1793 ejus
384 1741 585 1783 manetin
598 1742 809 1784 saeculum
823 1741 984 1791 saeculi,

155 1797 179 1823 *
200 1809 337 1839 cornu
355 1798 446 1849 ejus
466 1798 728 1841 exaltabitur
746 1799 791 1840 in
809 1798 959 1849 gloria.

209 1854 426 1896 Peccator
458 1854 644 1905 videbit,
686 1860 730 1897 et
761 1856 984 1905 irascetur,

159 1909 362 1952 dentibus
382 1910 471 1952 suis
491 1911 649 1953 fremet
667 1917 712 1954 et
729 1911 942 1954 tabescet:
962 1913 985 1937 *

159 1966 427 2009 desidorium
445 1970 730 2020 peccatorum
747 1968 921 2021 peribit.

210 2032 310 2073 Ant.
335 2031 424 2074 Vos
442 2033 571 2074 amici
588 2033 675 2075 mei
689 2034 804 2082 estis,
825 2033 861 2074 si
875 2033 985 2075 fece-

159 2090 253 2155 ritis
272 2101 372 2142 quae
390 2089 604 2142 praecipio
621 2089 760 2145 vobis,
780 2089 886 2132 dicit
899 2090 986 2131 Do-

159 2159 313 2188 minus.

211 2212 311 2252 Ant.
326 2210 455 2253 Beati
468 2211 682 2264 pacifici,*
691 2211 810 2254 beati
823 2211 986 2253 mundo

161 2267 315 2366 {ordffl
352 2268 559 2321 quoniam
589 2268 675 2321 ipsi
702 2269 845 2311 Deum
872 2268 987 2310 vide-

193 2337 281 2380 ΠΗ..
426 2384 624 2424 Psalmus
650 2384 726 2423 112.

215 2454 374 2497 audate
405 2455 534 2508 pueri
569 2456 823 2498 Dominum:
850 2456 874 2482 *
901 2456 987 2497 lau-

267 2510 370 2554 date
387 2525 549 2554 nomen
567 2513 756 2555 Domini.

214 2567 279 2609 Sit
296 2580 455 2611 nomen
470 2569 649 2611 Domini
666 2569 988 2619 benedictum,*

166 2637 219 2665 ex
237 2623 322 2666 hoc
339 2638 464 2676 nunc,
486 2630 530 2668 et
546 2639 685 2679 usque
704 2627 749 2668 in
769 2626 989 2668 saeculum.

217 2681 258 2721 A
281 2680 386 2722 solis
410 2686 509 2724 ortu
533 2696 673 2736 usque
697 2683 754 2725 ad
773 2685 989 2732 occasum,

165 2737 423 2782 *laudabile
442 2751 601 2782 nomen
620 2740 809 2781 Domini.

1087 305 1300 347 Excelsus
1337 318 1469 359 super
1506 319 1659 348 omnes
1696 306 1861 348 Gentes

1035 362 1263 412 DominuS,
1282 363 1306 390 *
1333 367 1377 405 et
1404 375 1535 415 super
1557 365 1695 407 coelos
1723 363 1862 414 gloria

1036 432 1139 472 ejus.

1088 476 1195 527 Quis
1210 478 1324 519 sicut
1338 476 1553 520 Dominus
1568 478 1690 521 Deus
1702 483 1863 529 noster,

1037 533 1111 586 qui
1138 533 1182 575 in
1210 534 1310 576 altis
1337 532 1524 585 habitat,
1550 536 1574 563 *
1609 540 1652 578 et
1685 536 1864 578 humilia

1035 591 1215 643 respicit
1232 591 1276 632 in
1295 590 1410 633 coelo
1432 595 1476 632 et
1493 591 1537 632 in
1555 593 1694 634 terra?

1087 648 1313 690 Suscitans
1333 660 1359 688 a
1373 652 1491 689 terra
1504 650 1693 702 inopem,
1707 651 1730 677 *
1747 654 1790 692 et
1808 649 1862 692 de

1035 706 1230 746 stercore
1247 705 1419 756 erigens
1437 708 1692 757 pauperem:

1087 761 1146 803 Ut
1179 761 1367 803 collocet
1400 774 1499 802 eum
1532 775 1631 803 cum
1662 763 1863 816 principi-

1035 818 1132 868 bus⁷
1151 820 1175 846 *
1203 831 1303 860 cum
1321 818 1592 871 principibus
1615 819 1770 872 populi
1789 820 1864 861 sui.

1088 875 1171 925 Qui
1206 875 1405 917 habitare
1448 875 1552 917 facit
1593 876 1786 918 ste'rilem
1822 877 1863 917 in

1037 931 1180 982 domo,
1192 933 1216 959 *
1229 936 1415 974 matrem
1427 931 1617 979 filiorum
1632 933 1867 978 laetantem.

1091 999 1189 1037 Ant.
1214 993 1339 1035 Beati
1359 993 1541 1045 pacifici,
1561 993 1679 1035 beati
1700 995 1864 1037 mundo

1034 1049 1186 1147 {ordet
1225 1049 1431 1102 quoniam
1465 1049 1549 1103 ipsi
1577 1051 1721 1093 Deum
1749 1052 1864 1094 vide-

1067 1111 1154 1148 unt.

1091 1170 1189 1210 Ant.
1220 1170 1270 1209 ln
1290 1168 1499 1221 patientia
1518 1172 1664 1210 vestra
1683 1169 1707 1195 *
1727 1169 1865 1221 possi-

1037 1221 1196 1265 debitis
1216 1225 1382 1266 animas
1400 1228 1580 1266 vestras.

1300 1305 1496 1346 Psalmus
1527 1308 1604 1345 116.

1038 1364 1249 1470 Eudate
1263 1368 1502 1410 Dominum
1516 1381 1669 1411 omnes
1685 1369 1864 1412 Gentes:

1140 1425 1163 1450 *
1181 1424 1358 1467 laudate
1379 1438 1478 1466 eum
1498 1438 1650 1467 omnes
1671 1426 1838 1479 populi:

1089 1481 1306 1531 Quoniam
1340 1481 1598 1523 confirmata
1631 1487 1698 1524 est
1734 1495 1865 1536 super
1915 1519 1916 1522 ,

1037 1550 1119 1579 nos
1138 1538 1441 1580 misericordia
1460 1539 1566 1590 ejus:
1589 1539 1613 1564 *
1642 1543 1686 1580 et
1704 1540 1865 1581 veritas

1036 1594 1215 1636 Domini
1233 1599 1380 1636 manet
1396 1595 1440 1635 in
1460 1596 1684 1636 aeternum.

1091 1656 1191 1697 Ant.
1218 1656 1267 1695 In
1282 1655 1494 1708 patientia
1508 1660 1655 1698 vestra
1670 1656 1865 1709 posside-

1037 1710 1139 1754 bitis
1160 1711 1328 1753 animas
1346 1716 1528 1753 vestras.

1118 1782 1377 1833 Capitulum.
1524 1781 1681 1832 Ephcs.
1697 1782 1732 1820 2.
1749 1780 1786 1820 d.

1039 1839 1278 1943 Fratres:
1305 1846 1401 1887 Jam
1423 1859 1511 1887 non
1537 1846 1643 1887 estis
1657 1846 1864 1898 hospites,

1139 1907 1183 1944 et
1200 1902 1398 1944 advenae:
1418 1902 1497 1944 sed
1513 1903 1617 1944 estis
1633 1903 1750 1944 cives
1770 1915 1864 1943 san-

1039 1961 1225 2008 ctorum,
1259 1962 1304 2000 et
1331 1958 1560 2001 domestici
1586 1959 1683 2001 Dei:
1716 1972 1864 2011 super-

1040 2015 1246 2057 aedificati
1261 2028 1393 2068 super
1406 2015 1735 2058 fundamentum
1747 2016 1865 2068 Apo-

1040 2072 1274 2123 stolorum,
1315 2077 1360 2114 et
1386 2072 1728 2126 Prophetarum,
1768 2072 1865 2124 ipso

1040 2133 1166 2170 sumo
1185 2128 1383 2180 angulari
1400 2129 1547 2182 lapide
1563 2129 1736 2171 Christo
1752 2128 1775 2169 J
1778 2141 1865 2169 esu.

1095 2187 1141 2238 151.
1169 2185 1267 2227 Deo
1286 2186 1463 2236 gratias.

1350 2259 1559 2310 Hymnus.

1148 2323 1313 2366 xsultet
1331 2324 1451 2367 orbis
1469 2323 1655 2376 gaudiis:

1171 2380 1342 2423 Coelum
1358 2381 1541 2424 resultet
1558 2381 1776 2423 laudibus:

1118 2437 1438 2491 Apostolorum
1455 2437 1640 2489 gloriam

1118 2494 1269 2537 Tellus
1289 2499 1333 2537 et
1350 2499 1469 2537 astra
1489 2494 1731 2536 concinunt.

1076 2568 1164 2611 Vos
1184 2568 1446 2611 saeculorum
1465 2568 1641 2620 judices,

1119 2626 1176 2667 Et
1194 2638 1300 2667 vera
1317 2624 1469 2667 mundi
1487 2625 1663 2667 lumina:

1119 2682 1249 2725 Votis
1267 2684 1499 2735 precamur
1517 2681 1724 2730 cordium,

1120 2738 1283 2780 Audite
1302 2751 1434 2780 voces
1454 2738 1711 2791 supplicum.
