2040 2990
772 191 970 224 Dominica
1000 191 1041 223 11.
1070 190 1281 223 Adventus.

170 284 393 336 sapientiae
431 289 475 325 et
509 284 773 332 intellectus,
819 284 996 335 spiritus

170 340 337 381 consilii
382 344 425 381 et
475 340 761 390 fortitudinis,
817 341 996 392 spiritus

169 396 361 437 scientiae
400 401 443 437 et
468 397 678 449 'pietatis3
724 402 768 439 et
808 396 996 449 replebit

169 464 266 493 eum
291 452 469 504 spiritus
492 453 662 493 tim6ris
686 453 880 494 D6mini:
908 466 994 494 non

167 507 407 549 secundum
435 508 646 550 visionem
678 508 905 550 oculorum
937 509 995 560 ju-

167 563 341 613 dicabit,
366 577 508 616 neque
534 564 774 606 secundum
799 564 994 606 auditum

166 620 335 660 aurium
355 622 522 670 arguet:
546 620 625 662 sed
648 620 856 672 judicabit
874 621 918 661 in
936 622 993 672 iu-

165 676 283 717 stitia
300 679 539 728 pauperes,
566 681 608 718 et
628 679 781 727 arguet
800 677 843 717 in
863 677 993 729 aequi-

165 734 256 773 tate
275 745 358 785 pro
378 733 616 775 mansuetis
634 739 776 774 terrae.

218 791 267 841 R:-
299 788 557 838 Jerusalem,
586 790 674 831 cito
702 791 848 832 veniet
876 791 994 832 salus

163 848 252 885 tua:
295 857 430 897 quare
470 847 660 886 moerore
700 845 993 888 consumeris?

163 900 375 953 numquid
399 901 672 942 consiliarius
698 915 786 943 non
812 908 879 945 est
902 902 993 952 tibi,

165 957 266 1008 quia
284 957 511 998 innovavit
529 962 573 998 te
589 957 739 998 dolor?
763 961 783 982 *
802 959 992 1000 Salvabo

163 1017 225 1062 te,
275 1018 319 1054 et
354 1012 552 1054 liberabo
589 1019 651 1062 te,
702 1015 791 1055 noli
827 1016 992 1057 timere.

170 1068 214 1115 δ”.
237 1069 332 1119 Ego
362 1069 476 1110 enim
505 1082 601 1110 sum
629 1070 843 1112 Dominus
870 1072 992 1113 Deus

162 1130 281 1174 tuus,
318 1130 494 1166 sanctus
527 1125 681 1176 Israel,
718 1127 992 1180 Redemptor

161 1186 272 1223 tuus.
309 1181 510 1222 Salvabo.

476 1241 624 1280 Lectio
646 1240 683 1278 ii.

244 1298 263 1335 t
299 1294 517 1345 percutiet
550 1298 715 1335 terram
747 1295 869 1346 virga
904 1296 992 1336 oris

252 1350 328 1399 sui,
350 1354 393 1390 et
407 1350 563 1402 spiritu
578 1349 792 1392 labi6rum
812 1354 991 1393 su6rum

161 1405 392 1447 interficiet
414 1406 606 1458 impium.
640 1407 697 1448 Et
723 1408 805 1449 erit
828 1409 991 1459 justitia

162 1461 381 1512 cingulum
405 1461 653 1503 lumborum
677 1463 782 1514 ejus:
812 1469 855 1505 et
880 1464 992 1506 fides
1055 1491 1058 1494 -
1086 1468 1138 1506 ”³22⁴

162 1518 419 1559 cinctorium
443 1531 596 1559 renum
625 1519 726 1570 ejus.
763 1520 992 1562 Habitabit

162 1573 290 1626 lupus
323 1586 422 1614 cum
453 1587 583 1624 agno,
619 1579 663 1616 et
695 1575 860 1628 pardus
893 1590 991 1618 cum

162 1629 296 1671 hoedo
317 1629 565 1671 accubabit:
584 1631 759 1681 vitulus,
781 1637 825 1674 et
843 1633 929 1682 leo,
949 1638 992 1674 et

163 1686 259 1727 ovis
291 1685 419 1726 simul
455 1686 759 1738 morabuntur,
801 1694 845 1729 et
882 1702 991 1741 puer

162 1741 371 1794 parvulus
400 1741 585 1784 minabit
615 1756 703 1785 eos.
739 1745 916 1786 Vitulus
949 1751 992 1787 et

162 1811 288 1839 ursus
302 1800 552 1850 pascentur:
572 1799 700 1841 simu]
716 1801 992 1853 requiescent

163 1854 295 1895 catuli
327 1856 494 1896 eorum:
528 1859 571 1896 et
602 1855 690 1906 leo,
730 1858 854 1909 quasi
891 1857 991 1907 bos,

163 1909 366 1951 cOmedet
383 1910 544 1962 paleas.

217 1970 264 2019 Rg.
296 1966 412 2008 Ecce
439 1967 654 2009 Dominus
683 1969 839 2019 veniet,
873 1975 917 2012 et
947 1983 990 2012 o-

163 2034 286 2062 mnes
305 2023 444 2063 sancti
464 2023 555 2075 ejus
574 2036 674 2065 cum
693 2037 757 2074 eo,
782 2031 826 2067 et
845 2027 928 2068 erit
947 2027 991 2067 in

164 2077 234 2118 die
259 2077 333 2118 illa
357 2077 433 2119 lux
458 2092 630 2130 magna:
664 2085 708 2122 et
734 2081 913 2124 exibunt
936 2082 991 2124 de

163 2133 407 2175 Jerusalem
440 2135 551 2177 sicut
584 2148 698 2188 aqua
728 2138 905 2180 munda:
948 2144 991 2180 et

164 2189 364 2239 regnabit
395 2190 609 2232 D6minus
642 2192 685 2232 in
722 2195 933 2235 aeternum
965 2200 987 2222 *

163 2246 303 2298 Super
326 2259 478 2288 omnes
498 2247 673 2289 Gentes.
700 2245 748 2295 Y.
768 2250 883 2292 Ecce
902 2252 989 2293 Do-

163 2301 304 2342 minus
338 2315 435 2343 cum
467 2303 627 2345 virtute
659 2305 818 2347 veniet:
852 2312 895 2348 et
926 2321 990 2350 re-

163 2369 295 2407 gnum
315 2358 358 2398 in
376 2371 506 2400 manu
526 2360 631 2411 ejus,
651 2366 695 2402 et
713 2363 927 2413 potestas,
948 2370 992 2406 et

163 2413 404 2465 imperium.
431 2415 571 2467 Super
591 2429 743 2458 omnes
763 2417 939 2460 Gentes.

463 2471 612 2511 Lectio
633 2474 685 2512 iii.

245 2529 264 2566 t
291 2525 581 2567 delectabitur
608 2527 748 2569 infans
776 2529 830 2571 ab
856 2531 991 2574 ubere

264 2593 395 2634 super
423 2582 636 2624 foramine
665 2585 845 2637 aspidis:
879 2592 922 2629 et
948 2588 990 2629 in

165 2639 351 2678 caverna
377 2637 531 2689 reguli,
561 2640 633 2691 qui
662 2640 905 2683 ablactatus
929 2644 991 2684 fu—

165 2693 261 2743 erit,
278 2706 455 2735 manum
474 2708 596 2736 suam
616 2696 770 2738 mittet.
797 2698 898 2740 Non
917 2713 990 2741 no-

1050 285 1222 334 cebunt,
1238 289 1283 326 et
1295 297 1384 325 non
1399 282 1603 325 occident
1615 283 1659 324 in
1673 283 1878 325 universo

1048 347 1197 383 monte
1231 345 1383 382 sancto
1415 350 1530 380 meo:
1572 339 1674 391 quia
1709 340 1880 392 repleta

1050 402 1116 439 est
1151 403 1269 439 terra
1310 396 1491 437 scientia
1527 395 1721 446 Domni,
1766 397 1880 438 sicut

1049 467 1176 506 aquae
1195 453 1329 495 maris
1351 452 1611 504 operientes.
1644 452 1695 493 In
1716 452 1786 494 die
1806 453 1880 494 ina

1049 509 1173 551 radix
1192 511 1216 551 J
1219 522 1326 559 esse,
1349 509 1422 560 qui
1442 513 1530 550 stat
1548 508 1593 549 in
1612 508 1783 559 signum
1802 521 1879 562 po-

1050 566 1270 618 pu16rum‚
1309 566 1454 618 ipsum
1485 569 1640 615 gentes
1673 563 1879 617 depreca-

1047 621 1228 672 buntur,
1271 627 1315 663 et
1353 621 1435 662 erit
1473 620 1756 673 sepulchrum
1789 621 1880 673 ejus

1047 678 1300 729 gloriosum.

1102 746 1152 796 R».
1183 744 1346 785 Civitas
1370 741 1614 783 Jerusalem
1641 741 1732 783 noli
1758 742 1881 784 flere:

1048 800 1255 851 quoniam
1275 799 1415 841 doluit
1434 798 1648 839 Dominus
1669 811 1803 850 super
1821 803 1880 840 te:

1049 860 1070 882 ¹*
1099 856 1155 898 Et
1181 856 1350 897 auferet
1378 868 1404 896 a
1429 860 1474 896 te
1503 867 1678 896 omnem
1702 854 1879 896 tribula-

1047 912 1222 953 tionem.
1251 907 1300 959 V.
1324 913 1440 953 Ecce
1459 910 1676 952 Dominus
1697 910 1741 951 in
1760 910 1879 952 forti-

1046 968 1198 1010 tudine
1235 968 1393 1009 veniet:
1435 972 1479 1009 et
1520 966 1750 1008 brachium
1788 967 1879 1018 ejus

1047 1023 1355 1067 dominabitur.
1382 1024 1449 1065 Et.
1482 1022 1633 1064 Gloria
1650 1023 1782 1065 Patri.
1812 1024 1879 1066 Et.

1273 1103 1322 1141 In
1349 1102 1399 1141 II.
1428 1101 1652 1140 Noctumo.

1047 1165 1115 1204 De
1139 1162 1428 1215 Expositione
1456 1162 1596 1204 sancti
1620 1162 1880 1214 Hier6nymi

1070 1219 1323 1271 Presbyteri
1341 1219 1385 1259 in
1403 1219 1564 1260 Isaiam
1581 1217 1862 1271 Prophetam.

1194 1281 1275 1315 Lib.
1300 1281 1330 1314 4.
1356 1281 1395 1314 in
1421 1290 1503 1323 cap.
1532 1279 1579 1313 11.
1606 1278 1730 1313 Isaiae.

1351 1331 1503 1372 Lectio
1524 1331 1576 1371 iv.

1211 1391 1461 1442 egredietur
1494 1391 1617 1441 virga
1646 1390 1702 1433 de
1730 1390 1878 1432 radice

1091 1447 1092 1451 ’
1130 1448 1152 1476 ⁵³?
1178 1449 1314 1489 Jesse.
1351 1447 1502 1499 Usque
1531 1447 1587 1488 ad
1614 1447 1879 1500 principium

1056 1502 1156 1527 —2-
1178 1504 1375 1554 visionis,
1403 1503 1474 1545 vel
1501 1502 1712 1556 p6nderis
1736 1502 1879 1555 Baby-

1045 1560 1175 1610 lonis,
1210 1559 1330 1613 quod
1357 1559 1467 1601 vidit
1494 1560 1648 1610 Isaias‚
1680 1559 1797 1601 filius
1821 1559 1878 1600 A·

1045 1629 1153 1667 mos,
1171 1617 1310 1658 omnis
1325 1616 1422 1657 haec
1435 1615 1671 1668 prophetia
1687 1615 1742 1657 de
1759 1615 1878 1657 Chri-

1045 1678 1114 1715 sto
1140 1677 1223 1715 est:
1252 1685 1383 1725 quam
1405 1685 1486 1724 per
1504 1676 1654 1724 partes
1677 1672 1878 1714 volumus

1046 1730 1299 1782 explanare,
1327 1741 1382 1770 ne
1411 1728 1539 1770 simul
1563 1728 1795 1781 proposita
1817 1734 1878 1770 at-

1046 1799 1130 1838 que
1175 1785 1363 1827 disserta
1411 1785 1589 1826 lectoris
1638 1784 1879 1826 confandat

1044 1842 1312 1884 memoriam.
1353 1842 1536 1892 Virgam
1566 1845 1610 1883 et
1636 1841 1794 1883 florem
1822 1841 1878 1883 de

1044 1899 1193 1940 radice
1217 1899 1242 1939 J
1245 1910 1343 1940 esse
1372 1898 1518 1950 ipsum
1542 1897 1781 1939 Dominum
1805 1898 1877 1938 Ju-

1045 1954 1130 1996 daei
1162 1955 1520 2007 interpretantur:
1558 1953 1678 2006 quod
1711 1953 1878 1995 scilicet

1044 2011 1087 2052 in
1101 2012 1224 2062 virga
1242 2011 1464 2062 regnantis
1482 2010 1690 2063 potentia,
1709 2010 1753 2051 in
1767 2010 1877 2052 flore

1043 2067 1326 2120 pulchritudo
1344 2068 1623 2108 monstretur.

1095 2135 1146 2186 R.
1173 2132 1289 2173 Ecce
1313 2131 1459 2173 veniet
1478 2131 1709 2181 Dominus,
1731 2134 1876 2184 prote-

1045 2193 1141 2230 ctor
1160 2193 1322 2237 noster,
1343 2193 1519 2229 sanctus
1538 2188 1687 2238 Israel,
1701 2190 1724 2214 *
1742 2188 1876 2229 Coro-

1045 2258 1146 2286 nam
1178 2244 1300 2294 regni
1331 2243 1498 2286 habens
1530 2244 1573 2285 in
1606 2244 1752 2296 capite
1784 2257 1877 2286 suo.
1932 2251 1935 2253 “

1043 2296 1092 2348 V.
1133 2300 1190 2342 Et
1220 2299 1514 2342 dominabitur
1546 2314 1572 2341 3
1598 2301 1709 2341 mari
1736 2313 1876 2352 usque

1044 2357 1101 2398 ad
1132 2369 1271 2405 mare,
1307 2360 1351 2398 et
1382 2369 1408 2397 a
1438 2356 1617 2398 flumine
1646 2369 1786 2408 usque
1819 2356 1876 2398 ad

1044 2413 1253 2454 terminos
1269 2412 1388 2454 orbis
1398 2414 1627 2454 terrarum.
1647 2411 1876 2454 Cor6nam.

1352 2476 1504 2517 Lectio
1525 2490 1561 2515 V.

1141 2546 1190 2574 08
1233 2537 1379 2574 autem
1420 2532 1587 2582 virgam
1629 2532 1685 2573 de
1727 2533 1874 2575 radice

1148 2590 1172 2631 J
1175 2602 1272 2631 esse
1298 2593 1494 2630 sanctam
1522 2588 1704 2629 Mariam
1733 2590 1875 2640 Virgi-

1043 2659 1144 2687 nem
1160 2645 1468 2695 intelligamus,
1498 2657 1596 2696 quae
1618 2645 1784 2686 nullum
1801 2645 1874 2687 ha-

1044 2702 1137 2744 buit
1156 2701 1239 2743 sibi
1258 2701 1459 2742 fruticem
1478 2700 1789 2752 cohaerentem,
1818 2701 1874 2743 de
