2080 2990
212 210 304 255 [172]

832 209 1009 243 Officium
1035 209 1322 243 Defunctorum.

214 305 332 346 nulla
351 310 418 346 est
436 304 698 357 redemptio,
724 305 934 347 miserere
960 305 1046 346 mei

215 362 346 410 Deus,
368 366 411 402 et
430 360 551 401 salva
569 374 650 402 me.
688 356 734 406 δ’.
760 361 883 402 Deus
907 361 951 402 in
971 363 1046 402 no-

213 418 330 458 mine
349 422 427 458 tuo
448 416 616 457 salvum
635 430 706 458 me
725 417 808 467 fac,
836 422 879 458 et
901 417 944 458 in
963 417 1045 457 vir-

213 477 307 515 tute
327 478 403 514 tua
422 472 561 514 libera
579 486 661 514 me.
690 474 813 524 Quia.

324 548 470 587 Lectio
492 550 573 588 viii.
724 550 806 589 Job
830 551 886 589 19.
908 563 941 589 c.

215 607 368 711 Pelli
387 623 514 660 meae,
535 611 809 664 consumptis
829 609 1044 660 carnibus,

309 667 495 709 adhaesit
516 680 566 708 os
585 680 746 717 meum,
772 672 815 708 et
834 666 1045 707 derelicta

213 730 314 766 sunt
337 723 644 765 tantummodo
667 723 784 764 labia
804 723 919 764 circa
943 722 1044 763 den-

212 786 279 822 tes
299 793 434 822 meos.
463 780 730 821 Miseremini
749 779 847 827 mei,
869 778 1044 819 misere-

212 837 317 877 mini
347 836 451 885 mei,
485 836 642 877 saltem
674 847 755 876 vos
788 835 917 875 amici
947 834 1044 883 mei,

214 893 315 945 quia
360 905 515 933 manus
551 891 731 932 Domini
775 891 921 940 tetigit
962 903 1044 931 me.

213 950 358 999 Quare
375 947 687 1000 persequimini
702 959 772 987 me
787 947 900 987 sicut
911 947 1043 996 Deus,

213 1010 257 1046 et
275 1004 478 1046 carnibus
498 1004 607 1044 meis
626 1001 907 1044 saturamini?
937 1003 1044 1052 Quis

210 1061 318 1101 mihi
342 1060 508 1102 tribuat
532 1066 580 1101 ut
607 1059 856 1100 scribantur
882 1061 1044 1100 sermo-

211 1130 289 1158 nes
308 1115 416 1158 mei?
447 1116 544 1168 quis
568 1115 674 1156 mihi
698 1115 774 1157 det
792 1120 841 1156 ut
865 1117 1043 1156 exaren-

209 1178 280 1214 tur
302 1174 345 1213 in
365 1172 478 1214 libro
498 1172 613 1224 stylo
634 1172 793 1221 ferreo,
814 1177 857 1213 et
875 1170 1044 1224 plumbi

209 1229 385 1278 lamina,
410 1228 480 1270 vel
506 1228 618 1269 celte
642 1228 900 1279 sculpantur
922 1228 967 1268 in
991 1230 1043 1268 si-

209 1284 314 1327 lice?
349 1286 450 1327 Scio
482 1285 596 1326 enim
622 1284 744 1336 quod.
768 1283 1043 1336 Redemptor

209 1355 333 1383 meus
353 1342 475 1389 vivit,
505 1346 548 1382 et
572 1341 615 1381 in
634 1340 875 1382 novissimo
896 1339 967 1381 die
988 1339 1043 1381 de

209 1404 327 1439 terra
354 1401 632 1438 surrecturus
657 1410 770 1437 sum:
799 1402 842 1437 et
871 1409 1044 1437 rursum

210 1453 520 1495 circumdabor
535 1453 650 1505 pelle
665 1466 774 1502 mea,
794 1458 838 1494 et
852 1453 895 1493 in
912 1465 1043 1493 carne

209 1523 307 1551 mea
340 1510 500 1551 videbo
528 1510 672 1551 Deum
699 1522 858 1550 meum.
902 1509 1043 1559 Quem

210 1567 382 1607 visurus
403 1579 499 1607 sum
519 1578 600 1617 ego
619 1566 732 1617 ipse,
758 1570 801 1606 et
822 1565 938 1605 oculi
957 1565 1061 1614 meiv

210 1622 492 1674 conspecturi
511 1627 630 1671 sunt,
656 1626 699 1662 et
718 1633 806 1662 non
827 1621 953 1661 alius:
978 1633 1042 1662 re-

209 1679 355 1730 posita
388 1683 455 1719 est
486 1678 583 1719 haec
616 1690 718 1730 spes
746 1689 844 1718 mea
872 1677 916 1717 in
945 1678 1043 1718 sinu

209 1747 320 1776 meo.

265 1796 314 1846 Rg.
363 1795 552 1836 D6mine
602 1794 845 1836 secundum
894 1799 1043 1836 actum

209 1864 355 1893 meum
386 1851 477 1892 noli
508 1863 579 1892 me
607 1850 814 1901 judicare:
847 1850 953 1891 nihil
981 1850 1042 1891 di-

209 1920 342 1957 gnum
370 1908 413 1948 in
446 1909 691 1959 conspectu
717 1911 794 1947 tuo
824 1906 907 1957 egi:
938 1905 1040 1947 ideo

209 1963 426 2016 deprecor
457 1964 731 2013 majestatem
762 1967 898 2012 tuam,
931 1968 951 1989 *
983 1962 1042 2004 Ut

208 2024 257 2060 tu
275 2020 397 2061 Deus
420 2019 569 2061 deleas
591 2019 869 2071 iniquitatem
887 2031 1042 2060 meam.

215 2070 263 2120 Y.
291 2075 495 2128 Amplius
526 2076 626 2117 lava
656 2088 727 2117 me
760 2075 951 2116 Domine
983 2075 1038 2116 ab

210 2131 418 2183 injustitia
450 2144 564 2181 mea,
602 2136 646 2173 et
682 2144 707 2172 a
745 2131 907 2173 delicto
941 2143 1040 2172 meo

208 2186 372 2228 munda
389 2200 470 2228 me.
502 2187 573 2229 Ut.

319 2260 469 2300 Lectio
491 2261 543 2299 ix.
710 2262 795 2303 Job
816 2264 879 2302 10.
900 2263 938 2303 d.

215 2311 398 2434 Quare
418 2324 474 2366 de
494 2325 624 2366 vulva
643 2325 833 2367 eduxisti
851 2324 945 2378 me?
967 2326 1041 2378 qui
1164 2317 1212 2378 ‘uf

303 2382 468 2423 utinam
496 2384 785 2433 consumptus
814 2394 956 2423 essem
985 2394 1040 2423 ne

209 2437 362 2479 oculus
386 2450 458 2478 me
477 2436 656 2478 videret.
689 2437 889 2478 Fuissem
915 2438 1040 2490 quasi

209 2506 298 2534 non
318 2506 477 2542 essem,
502 2493 557 2534 de
576 2496 704 2534 utero
724 2493 963 2534 translatus
984 2494 1040 2535 ad

208 2549 434 2591 tumulum.
470 2549 697 2600 Numquid
723 2561 812 2589 non
840 2550 1040 2601 paucitas

209 2605 378 2646 dierum
396 2607 595 2646 meorum
614 2605 789 2646 finietur
809 2604 954 2646 brevi?
980 2605 1039 2646 di-

208 2664 332 2703 mitte
352 2673 456 2712 ergo
477 2674 563 2710 me,
590 2666 637 2702 ut
661 2661 869 2713 plangam
888 2661 1039 2713 paulu-

207 2718 297 2758 lum
318 2717 518 2759 dolorem
533 2730 695 2758 meum:
716 2719 953 2768 antequam
970 2730 1039 2758 va-

1100 303 1218 352 dam,
1252 307 1295 344 et
1322 315 1411 344 non
1438 305 1651 354 revertar,
1682 303 1740 346 ad
1770 309 1934 346 terram

1099 359 1382 401 tenebrosam
1407 363 1451 400 et
1470 361 1673 412 opertam
1690 361 1845 402 mortis
1865 373 1932 402 ca-

1100 415 1247 467 ligine:
1271 420 1435 456 terram
1458 415 1647 457 miseriae
1667 420 1712 457 et
1734 416 1932 458 tenebra-

1099 484 1210 520 rum,
1239 470 1315 512 ubi
1340 470 1498 512 umbra
1520 471 1692 522 mortis,
1721 476 1764 513 et
1788 471 1933 513 nullus

1098 525 1229 624 lmdo,
1258 526 1338 568 sed
1366 527 1659 580 sempiternus
1686 527 1845 569 horror
1871 528 1932 569 in-

1129 583 1277 624 abitat.

1156 650 1206 700 R.
1220 647 1380 690 Libera
1398 660 1469 689 me
1488 648 1677 690 D6mine
1696 648 1752 691 de
1772 649 1853 691 viis
1871 649 1933 690 in·

1100 704 1219 754 ferni,
1241 705 1315 756 qui
1334 710 1489 757 portas
1507 706 1646 746 aereas
1663 705 1933 757 confregisti:

1101 766 1145 802 et
1163 761 1350 802 visitasti
1370 761 1601 811 infernum,
1626 767 1670 802 et
1689 761 1851 803 dedisti
1870 761 1932 803 eis

1100 816 1263 867 lumen,
1287 822 1336 858 ut
1354 817 1556 858 viderent
1579 822 1639 859 te:
1661 821 1682 843 *
1702 818 1786 869 Qui
1809 822 1933 859 erant

1098 872 1141 913 in
1160 873 1306 925 poenis
1330 872 1622 914 tenebrarum.
1663 870 1713 922 Y.
1733 873 1932 915 Claman-

1098 933 1165 970 tes
1185 934 1230 970 et
1253 929 1467 971 dieentes:
1493 929 1726 971 Advenisti
1744 929 1932 971 Redem-

1098 990 1201 1037 ptor
1219 990 1380 1026 noster.
1422 985 1516 1035 Qui.
1559 983 1609 1034 Y.
1633 985 1851 1038 Requiem
1877 998 1931 1027 ae-

1098 1042 1280 1082 ternam.
1309 1042 1404 1091 Qui.

1154 1106 1328 1149 Sequens
1364 1107 1405 1150 lx‘f.
1441 1107 1582 1141 dicitur
1616 1105 1862 1140 solummodo
1896 1104 1933 1138 in

1102 1155 1163 1187 dic
1199 1155 1406 1188 Commem.
1441 1155 1611 1188 omnium
1644 1154 1933 1194 Defunctorum,

1102 1208 1137 1236 ct
1172 1203 1496 1245 quandocumque
1533 1213 1605 1245 pro
1639 1201 1843 1236 Defunctis
1881 1200 1934 1233 di-

1101 1256 1237 1284 cuntur
1262 1251 1301 1284 ix
1325 1251 1540 1284 Lectiones.

1155 1306 1205 1357 Ra
1223 1304 1384 1346 Libera
1407 1317 1478 1345 me
1497 1305 1689 1347 D6mine
1710 1304 1765 1347 de
1787 1309 1931 1348 morte

1098 1362 1264 1401 aeterna
1274 1361 1318 1401 in
1329 1360 1401 1402 die
1413 1361 1487 1402 illa
1497 1361 1739 1404 tremenda:
1755 1364 1777 1387 *
1785 1363 1929 1412 Quan-

1097 1416 1155 1458 do
1185 1417 1286 1458 coeli
1314 1417 1522 1458 movendi
1550 1422 1651 1459 sunt
1679 1423 1723 1459 et
1749 1423 1882 1460 terra:
1911 1419 1934 1442 *

1097 1473 1215 1514 Dum
1230 1473 1402 1515 veneris
1416 1473 1611 1525 judicare
1626 1474 1837 1516 sa'eculum
1850 1488 1932 1528 per

1096 1530 1252 1580 ignem.
1278 1528 1326 1579 XV,
1337 1530 1552 1571 Tremens
1567 1530 1709 1572 factus
1724 1544 1822 1572 sum
1838 1544 1930 1583 ego,

1097 1591 1141 1627 et
1172 1588 1326 1635 timeo,
1361 1585 1467 1627 dum
1499 1584 1717 1629 discussio
1749 1588 1929 1637 venerit,

1096 1648 1229 1693 atque
1244 1646 1430 1683 ventura
1444 1642 1519 1683 ira.
1539 1643 1738 1692 Quando.
1762 1638 1929 1690 YRDies

1095 1697 1187 1747 illa,
1213 1697 1308 1739 dies
1325 1698 1419 1748 irae,
1445 1699 1709 1740 calamitatis
1734 1705 1778 1741 et
1802 1700 1928 1741 mise-

1096 1754 1189 1802 riae,
1223 1754 1318 1795 dies
1351 1767 1511 1806 magna
1540 1760 1584 1796 et
1611 1757 1761 1796 amara
1788 1755 1930 1798 valde.

1096 1810 1225 1851 Dum.
1273 1806 1320 1856 Y.
1352 1811 1569 1863 Requiem
1601 1813 1823 1853 aeternam.
1861 1812 1929 1853 Li-

1098 1865 1205 1907 bera
1223 1880 1305 1908 me.
1330 1880 1469 1917 usque
1489 1867 1544 1908 ad
1566 1868 1753 1919 primum
1774 1867 1825 1916 V.

1357 1957 1437 1997 Ad.
1461 1956 1671 1998 Laudes.

1313 2025 1504 2065 Absolute
1531 2026 1723 2069 incipitur.

1152 2086 1251 2126 Ant.
1278 2083 1573 2126 Exsultabunt
1593 2085 1618 2111 *
1640 2083 1834 2126 Domino
1860 2096 1929 2126 os-

1095 2152 1144 2180 sa
1163 2138 1402 2182 humiliata.

1372 2210 1572 2251 Psalmus
1591 2211 1663 2251 50.

1240 2269 1416 2310 iserere
1443 2269 1530 2310 mei
1557 2269 1696 2317 Deus,
1723 2269 1747 2294 *
1776 2272 1927 2311 secun-

1196 2375 1199 2381 Δ
1278 2324 1384 2367 dum
1434 2337 1639 2376 magnam
1683 2325 1926 2366 misericor—

1211 2398 1214 2399 ’
1240 2380 1247 2401 ’·’
1278 2381 1395 2422 diam
1422 2386 1554 2423 tuam.

1145 2438 1201 2479 Et
1228 2436 1469 2479 secundum
1498 2437 1823 2480 multitudinem
1849 2437 1926 2478 mi-

1094 2494 1362 2535 serati6num
1387 2495 1579 2543 tuarum,
1598 2494 1622 2519 *
1647 2493 1745 2535 dele
1771 2494 1925 2545 iniqui-

1093 2552 1229 2591 tatem
1248 2561 1402 2590 meam.
1913 2567 1916 2568 ν

1145 2605 1349 2657 Amplius
1377 2604 1475 2645 lava
1502 2612 1573 2646 me
1606 2605 1660 2647 ab
1693 2605 1924 2658 iniquitate

1093 2674 1206 2703 mea:
1216 2662 1239 2686 *
1251 2666 1295 2702 et
1310 2674 1335 2701 a
1349 2663 1535 2713 peccato
1550 2674 1651 2702 meo
1666 2661 1830 2703 munda
1843 2673 1924 2702 me.

1145 2717 1362 2767 Quoniam
1381 2717 1658 2769 iniquitatem
1677 2730 1821 2759 meam
1840 2729 1923 2768 ego
