2080 2990
453 238 629 271 Officium
656 238 827 270 votivum
855 236 901 269 dc
926 237 981 269 Sa.
1004 234 1259 268 Eucharistiae
1284 235 1541 267 Sat-ramento.

194 336 236 377 A
260 336 406 376 fructu
431 334 654 384 frumenti,
682 334 789 384 vini,
816 338 860 375 et
887 333 974 375 olei

144 392 211 434 sui
228 393 252 420 *
267 390 550 443 multiplicati
569 394 680 431 sunt.

196 448 249 489 In
272 460 384 500 pace
409 447 453 488 in
480 446 674 499 idipsum
696 446 720 472 *
746 445 974 495 dermiam,

144 508 189 545 et
205 503 496 555 requiescam3

197 559 416 610 Quoniam
429 563 479 600 tu
487 558 679 600 Demine
694 557 975 610 singulariter

143 616 188 656 in
209 628 289 669 spe
308 617 332 643 *
351 614 621 657 constituisti
638 627 719 656 me.

196 681 295 720 Ant.
329 681 367 719 Α
399 679 545 720 fructu
575 678 781 720 frumenti
813 684 856 722 et
885 679 975 720 vini

143 735 421 789 multiplicati
438 734 594 777 fideles
617 735 662 776 in
684 748 795 788 pace
815 735 977 777 Christi

144 792 437 845 requiescunt.

196 858 297 898 Ant.
326 855 644 898 Communione
664 855 823 897 calicis.

420 937 619 977 Psalmus
640 938 697 976 15.

146 999 406 1106 Conserva
423 1020 494 1049 me
523 1007 728 1056 Domine,
766 1007 972 1059 quoniam

237 1063 413 1116 speravi
439 1063 484 1104 in
510 1068 566 1105 te.
591 1064 615 1089 *
639 1063 743 1104 Dixi
769 1063 977 1104 Demino:
998 1074 1003 1122 Ι

145 1120 267 1161 Deus
291 1132 415 1161 meus
440 1132 487 1161 es
509 1124 573 1169 tu,
608 1119 815 1171 quoniam
840 1119 976 1161 bono-

146 1189 243 1217 rum
260 1178 460 1217 meorum
478 1188 567 1217 non
587 1188 700 1226 eges.

197 1232 383 1282 Sanctis,
410 1232 483 1284 qui
503 1236 604 1272 sunt
625 1232 669 1272 in
687 1236 805 1272 terra
824 1232 930 1283 ejus,
953 1231 977 1256 *

146 1288 394 1330 mirificavit
418 1301 571 1330 omnes
590 1287 838 1329 voluntates
857 1300 978 1329 meas

146 1346 191 1386 in
211 1345 284 1387 eis.

198 1400 500 1454 Multiplicatae
550 1405 651 1442 sunt
703 1400 979 1442 infirmitates

148 1459 316 1500 eorum:
334 1457 359 1483 *
376 1459 535 1509 postea
553 1456 918 1498 acceleraverunt.

198 1513 301 1555 Non
347 1512 627 1564 congregabo
676 1511 979 1554 conventicula

149 1572 302 1613 eorum
326 1569 382 1611 de
411 1569 710 1620 sanguinibus,
734 1570 757 1595 *
782 1582 864 1610 nec
893 1582 979 1610 me-

147 1639 245 1668 mor
278 1638 354 1667 ero
382 1626 609 1667 nominum
633 1627 786 1667 eorum
813 1638 893 1678 per
920 1624 979 1665 la-

147 1682 222 1724 bia
239 1695 348 1724 mea.

201 1739 418 1780 Dominus
440 1750 544 1790 pars
567 1737 839 1779 haereditatis
858 1749 981 1786 meae,

149 1799 195 1837 et
213 1794 361 1836 calicis
380 1794 480 1835 mei:
498 1794 523 1819 *
541 1798 590 1835 tu
610 1806 667 1843 es,
688 1793 762 1846 qui
776 1795 982 1834 restitues

148 1850 456 1892 haereditatem
474 1862 618 1891 meam
635 1849 752 1890 mihi.

201 1907 347 1948 Funes
363 1905 614 1947 ceciderunt
627 1905 733 1946 mihi
747 1905 791 1945 in
800 1904 982 1957 praecla-

150 1963 226 2004 ris:
249 1963 273 1988 *
299 1962 460 2003 etenim
488 1960 726 2002 haereditas
750 1973 849 2001 mea
871 1973 982 2012 prae-

151 2019 270 2061 clara
289 2023 357 2060 est
374 2017 490 2058 mihi.

202 2074 470 2116 Benedicam
505 2073 764 2122 Dominum,
802 2072 876 2124 qui
911 2073 983 2112 tri-

149 2131 246 2173 buit
263 2130 370 2172 mihi
392 2129 676 2172 intellectum:
694 2129 719 2155 *
737 2130 917 2180 insuper
941 2131 985 2168 et

150 2199 292 2239 usque
312 2186 368 2228 ad
386 2191 563 2227 noctem
584 2186 896 2237 increpuerunt
913 2195 985 2224 me

153 2256 282 2285 renes
299 2243 397 2284 mei.

203 2297 500 2340 Providebam
530 2297 770 2338 Dominum
805 2296 849 2336 in
886 2307 985 2336 con-

154 2356 309 2407 spectu
334 2366 434 2395 meo
463 2366 652 2406 semper:
675 2353 700 2378 *
726 2351 933 2404 queniam
961 2363 987 2391 a

155 2410 322 2452 dextris
341 2414 408 2452 est
427 2409 544 2459 mihi,
562 2421 618 2450 ne
637 2410 928 2450 commovear.

205 2467 395 2519 Propter
435 2466 521 2507 hoc
560 2465 759 2506 laetatum
800 2468 867 2504 est
909 2475 986 2503 cor

154 2535 316 2571 meum,
355 2526 399 2563 et
431 2521 666 2563 exsultavit
696 2520 843 2569 lingua
874 2531 987 2559 mea:

153 2578 179 2604 *
206 2580 384 2630 insuper
413 2582 457 2619 et
485 2589 588 2619 caro
616 2589 715 2617 mea
741 2575 988 2626 requiescet

155 2646 200 2674 1n
219 2646 309 2686 spe.

208 2689 425 2739 Quoniam
460 2701 549 2730 non
587 2688 864 2739 derelinques
901 2685 988 2726 ani-
1051 2704 1054 2707 *
1089 2710 1091 2712 ·
1133 2706 1138 2709 <

156 2757 274 2786 mam
300 2757 445 2786 meam
471 2744 516 2785 in
543 2745 728 2785 inferno:
755 2744 779 2768 *
806 2755 887 2783 nec
916 2741 988 2782 da-

1023 331 1092 373 bis
1129 336 1328 372 sanctum
1364 336 1487 372 tuum
1522 331 1673 373 videre
1707 344 1853 373 corru-

1023 388 1231 440 ptionem.

1075 444 1218 485 Notas
1240 443 1346 484 mihi
1368 444 1510 485 fecisti
1528 444 1620 486 vias
1639 444 1757 494 vitae,
1781 443 1854 485 ad-

1024 499 1228 553 implebis
1247 513 1317 541 me
1336 499 1489 541 laetitia
1508 513 1607 541 cum
1621 500 1745 541 vultu
1763 505 1856 542 tuo:

1024 557 1048 583 *
1074 556 1390 598 delectationes
1414 557 1458 596 in
1483 556 1665 598 dextera
1687 561 1764 597 tua
1787 570 1855 597 us-

1027 626 1112 666 que
1130 613 1174 654 in
1194 613 1336 654 finem.

1082 682 1177 720 Ant.
1217 677 1534 719 (lommuniOne
1566 676 1733 726 calicis,
1768 690 1856 729 quo

1025 735 1146 775 Deus
1169 734 1265 786 ipse
1290 733 1485 783 sumitur,
1508 746 1597 774 non
1617 733 1856 774 vitulorum

1026 790 1260 841 sanguine,
1309 789 1594 840 congregavit
1640 801 1721 830 nos
1767 790 1855 830 Do-

1025 847 1179 887 minus.

1079 904 1129 955 V.
1150 907 1315 948 Panem
1335 905 1438 947 coeli
1458 904 1581 947 dedit
1600 905 1673 947 eis.
1704 906 1753 956 Rg.
1777 906 1856 946 Pa-

1026 975 1126 1004 nem
1136 962 1409 1014 Angelorum
1422 960 1705 1003 manducavit
1714 961 1859 1003 homo.

1080 1025 1284 1059 Lectiones
1310 1025 1355 1058 dc
1379 1025 1576 1068 Scriptura
1602 1030 1834 1058 occurrente.

1084 1082 1131 1132 Rg.
1153 1081 1175 1119 i⁴
1200 1082 1451 1130 immolabit
1468 1081 1651 1123 hoedum
1668 1081 1859 1123 multitu-

1029 1138 1086 1180 do
1103 1139 1293 1180 filiOrum
1307 1138 1446 1179 Israel
1466 1137 1522 1180 ad
1536 1139 1767 1190 vesperam
1780 1138 1859 1178 Pa-

1028 1195 1161 1236 schae:
1178 1196 1199 1218 *
1216 1195 1273 1236 Et
1289 1193 1421 1236 edent
1436 1207 1601 1244 carnes,
1621 1199 1665 1235 et
1680 1196 1860 1246 azymos

1028 1264 1177 1304 panes.
1212 1248 1263 1297 Y.
1290 1250 1461 1291 Pascha
1484 1256 1684 1292 nostrum
1708 1250 1858 1290 immo-

1028 1307 1144 1349 latus
1160 1312 1227 1349 est
1242 1307 1455 1348 Christus:
1469 1308 1618 1358 itaque
1634 1305 1861 1358 epulemur

1028 1363 1074 1404 in
1101 1363 1266 1415 azymis
1294 1362 1555 1404 sinceritatis
1581 1367 1625 1404 et
1652 1361 1861 1403 veritatis.

1029 1419 1086 1461 Et
1106 1418 1239 1461 edent
1258 1432 1422 1460 carnes.

1086 1484 1136 1524 R.
1155 1483 1194 1522 ii.
1221 1482 1473 1524 Comedetis
1494 1494 1658 1531 carnes,
1683 1486 1727 1523 et
1746 1485 1861 1522 satu-

1031 1538 1233 1580 rabimini
1255 1538 1458 1591 panibus:
1480 1539 1501 1559 *
1522 1538 1613 1578 Iste
1637 1542 1705 1579 est
1725 1538 1863 1590 panis,

1033 1607 1164 1646 quem
1185 1593 1307 1636 dedit
1329 1594 1457 1636 vobis
1476 1593 1692 1634 Dominus
1716 1592 1773 1634 ad
1792 1606 1863 1634 ve-

1033 1649 1255 1692 scendum.
1304 1645 1354 1695 V.
1390 1650 1494 1691 Non
1526 1649 1704 1701 Moyses
1741 1648 1865 1690 dedit

1032 1706 1159 1748 vobis
1187 1719 1348 1759 panem
1373 1705 1428 1747 de
1457 1705 1593 1755 coelo,
1626 1705 1706 1746 sed
1732 1705 1865 1746 Pater

1032 1775 1157 1804 meus
1192 1761 1268 1804 dat
1303 1762 1431 1804 vobis
1469 1774 1629 1814 panem
1661 1759 1716 1801 de
1749 1761 1864 1802 coelo

1033 1831 1197 1871 verum.
1224 1819 1315 1859 Iste
1335 1823 1402 1859 est
1420 1818 1558 1870 panis.

1088 1883 1138 1932 R.
1167 1882 1221 1921 iii.
1255 1881 1470 1933 Respexit
1497 1880 1617 1921 Elias
1649 1879 1706 1921 ad
1733 1884 1866 1931 caput

1022 1951 1163 1979 -suum
1200 1937 1537 1979 subcinericium
1573 1948 1752 1989 panem:
1794 1935 1868 1987 qui

1035 2006 1218 2044 surgens
1237 1992 1430 2035 comedit
1451 1997 1495 2034 et
1511 1992 1638 2034 bibit:
1660 1994 1681 2015 *
1704 1992 1763 2033 Et
1781 2004 1868 2032 am-

1034 2049 1204 2092 bulavit
1243 2050 1289 2090 in
1329 2048 1587 2090 fortitudine
1630 2047 1716 2089 cibi
1753 2047 1868 2088 illius

1035 2118 1176 2158 usque
1200 2105 1257 2146 ad
1279 2110 1475 2146 montem
1494 2104 1590 2145 Dei.
1626 2099 1676 2149 V.
1701 2103 1747 2144 Si
1771 2103 1868 2155 quis

1036 2161 1367 2202 manducaverit
1395 2173 1450 2201 ex
1476 2160 1563 2201 hoc
1589 2171 1721 2211 pane,
1750 2160 1870 2200 vivet

1036 2218 1081 2258 in
1100 2219 1324 2259 aeternum.
1351 2217 1419 2258 Et.
1449 2216 1603 2257 Gloria
1620 2215 1751 2256 Patri.
1778 2215 1847 2255 Et.

1089 2279 1134 2313 In
1158 2277 1464 2320 Quadragesima
1487 2285 1581 2310 vcro
1608 2274 1786 2309 dicuntur
1810 2282 1866 2305 se—

1039 2330 1200 2370 quentes
1224 2326 1438 2360 Lectiones.

1075 2393 1143 2433 De
1170 2392 1372 2445 Epistola
1398 2392 1539 2444 prima
1566 2391 1684 2433 beati
1711 2390 1835 2432 Pauli

1170 2448 1379 2501 Apostoli
1399 2447 1457 2489 ad
1477 2447 1739 2488 Corinthios.

1118 2508 1270 2549 Lectio
1295 2508 1318 2547 i.
1557 2506 1659 2554 Cap.
1680 2505 1729 2543 11.
1749 2502 1789 2543 d.

1049 2583 1149 2631 &4⁵24
1161 2573 1496 2616 onvenientibus
1516 2571 1644 2614 vobis
1662 2571 1706 2611 in
1724 2583 1869 2619 unum,

1046 2643 1048 2654 ⁴
1075 2624 1153 2690 (ψῖ
1177 2631 1262 2682 jam
1284 2642 1372 2670 non
1396 2634 1463 2670 est
1481 2628 1759 2669 Dominicam
1783 2639 1868 2667 coe-

1049 2687 1059 2702 ²
1177 2699 1278 2726 nam
1306 2684 1584 2725 manducare.
1631 2683 1870 2733 Unusquis-

1043 2754 1127 2793 que
1153 2741 1269 2782 enim
1296 2753 1420 2782 suam
1447 2752 1619 2781 coenam
1643 2737 1872 2790 praesumit
