2040 2990
730 191 840 225 Feriu
859 192 1028 226 secunda
1048 194 1094 226 acl
1117 193 1275 227 Laudes.
1819 199 1862 234 51

158 290 201 327 et
254 287 455 338 spiritum
507 293 675 330 rectum
729 290 888 329 innova
941 289 984 329 in

156 342 394 385 visceribus
416 344 537 386 meis.

206 398 275 440 Ne
297 401 500 452 projicias
519 414 589 442 me
610 414 634 442 a
653 401 764 443 facie
785 407 878 444 tua:
898 403 921 427 *
942 408 984 444 et

155 454 364 507 Spiritum
383 462 582 499 sanctum
599 463 722 499 tuum
739 471 793 499 ne
811 459 983 500 aaferas

156 524 181 552 a
199 525 280 553 me.

207 569 363 611 Redde
373 570 478 611 mihi
487 571 683 612 laetitiam
694 571 895 612 salutaris
905 571 983 612 tui:

155 625 179 649 '⁸¹
199 630 243 666 et
261 626 416 678 spiritu
429 627 662 680 principali
676 628 888 669 confirma
901 641 982 669 me.

206 681 390 724 Docebo
422 683 595 736 iniquos
629 684 721 726 vias
749 689 859 726 tuas:
887 685 911 710 *
939 690 982 726 et

155 739 275 791 impii
303 739 360 780 ad
386 744 430 781 te
459 742 778 782 convertentur.

206 794 366 837 Libera
385 809 455 838 me
476 796 531 838 de
550 797 831 847 sanguinibus
849 798 980 847 Deus,

153 851 274 893 Deus
302 852 453 894 salutis
481 866 608 894 meae:
631 854 654 879 *
679 859 722 895 et
746 854 981 895 exsultabit

152 907 299 959 lingua
325 922 423 951 mea
449 910 655 961 justitiam
682 916 813 952 tuam.

204 965 402 1016 Domine,
426 965 542 1007 labia
564 980 662 1008 mea
686 968 871 1020 aperies:
894 968 917 992 *
938 973 980 1009 et

154 1034 203 1062 os
218 1035 363 1064 meum
378 1023 649 1065 annuntiabit
663 1023 838 1065 laudem
850 1029 979 1066 tuam.

205 1079 419 1129 Quoniam
434 1080 471 1120 si
482 1079 697 1122 voluisses
709 1081 979 1130 sacrificium,

152 1133 373 1178 dedissem
387 1137 552 1189 utique:
569 1138 592 1163 *
607 1137 875 1179 holocaustis
892 1151 979 1179 non

152 1190 451 1234 delectaberis.

202 1247 472 1292 Sacrificium
489 1251 587 1293 Deo
616 1252 793 1305 spiritus
822 1252 978 1293 contri-

151 1303 340 1350 bulatus:
358 1306 382 1332 *
401 1320 479 1349 cor
498 1310 744 1358 contritum,
773 1313 817 1349 et
844 1307 978 1349 humi-

150 1360 302 1404 liatum
328 1363 449 1405 Deus
476 1377 565 1406 non
597 1364 824 1417 despicies.

202 1418 398 1470 Benigne
442 1420 511 1462 fac
550 1421 738 1462 Domine
778 1422 822 1462 in
863 1421 978 1463 bona

151 1474 375 1517 voluntate
398 1481 475 1518 tua
491 1477 609 1519 Sion:
636 1478 660 1503 *
687 1483 736 1519 ut
763 1478 976 1520 aedificen-

150 1535 221 1572 tur
247 1533 360 1574 muri
386 1533 411 1573 J
413 1534 638 1575 erasalem.

203 1588 327 1630 Tunc
354 1590 605 1643 acceptabis
633 1591 894 1634 sacrificium
919 1592 976 1644 ju-

150 1644 290 1695 stitiae,
315 1645 569 1698 oblationes,
594 1652 638 1689 et
659 1647 930 1690 holocausta:
953 1650 977 1674 *

149 1705 257 1799 tuziucl
279 1702 505 1755 imponent
530 1717 662 1757 super
690 1703 827 1747 altare
854 1711 977 1747 tuum

149 1771 193 1798 Vl
260 1771 320 1800 os.

200 1823 299 1863 Ant.
327 1825 538 1868 Miserere
565 1827 652 1868 mei
678 1827 809 1869 Deus.

200 1888 299 1929 Ant.
327 1886 539 1938 Intellige.

657 1978 673 1997 Γ

427 1977 624 2017 Psalmus
653 1991 689 2016 ο.

115 2084 126 2093 ,
146 2043 345 2150 Verba
371 2060 470 2089 mea
492 2047 669 2089 atiribus
691 2047 868 2101 percipe
887 2048 973 2090 Do-

269 2103 401 2153 mine,
439 2104 462 2129 *
501 2103 694 2154 intellige
739 2104 974 2146 clamorem

147 2171 303 2200 meum.

199 2215 382 2257 Intende
419 2216 517 2257 voci
554 2217 763 2258 orationis
801 2230 923 2267 meae,
950 2217 973 2242 *

148 2284 225 2313 rex
252 2285 375 2314 meus
404 2278 447 2314 et
474 2273 594 2314 Deus
620 2286 754 2314 meus.

200 2329 414 2378 Quoniam
433 2328 490 2370 ad
508 2334 552 2370 te
573 2329 725 2371 orabo:
745 2330 767 2355 *
786 2330 973 2371 Domine

146 2397 274 2426 mane
302 2385 510 2427 exandies
539 2398 693 2427 vocem
720 2399 872 2427 meam.

199 2441 326 2482 Mane
363 2441 517 2483 astabo
551 2441 631 2483 tibi
665 2447 709 2484 et
741 2442 915 2483 videbo:
949 2443 973 2468 *

150 2498 353 2549 quoniam
381 2511 468 2539 non
494 2498 615 2539 Deus
642 2498 794 2540 volens
822 2499 972 2550 iniqui-

147 2555 284 2594 tatem
310 2559 358 2595 tu
386 2567 443 2596 es.

198 2609 353 2662 Neque
385 2610 599 2652 habitabit
631 2612 749 2663 juxta
780 2616 823 2652 te
855 2611 971 2651 mali-

147 2677 271 2715 gnus:
290 2666 313 2692 *
332 2679 474 2720 neque
492 2667 809 2720 permanebunt
828 2668 983 2718 injusti.

148 2727 248 2763 ante
277 2723 428 2764 oculos
454 2729 566 2765 tuos.

1090 290 1233 332 Odisti
1252 304 1413 341 omnes,
1440 294 1513 345 qui
1532 297 1769 347 operantur
1787 295 1862 335 ini-

1038 346 1266 398 quitatem:
1284 349 1307 373 *
1326 349 1486 401 perdes
1511 363 1671 400 omnes,
1702 351 1774 403 qui
1802 351 1861 393 lo-

1038 406 1228 455 quantur
1257 405 1542 447 mendacium.

1088 465 1243 506 Virum
1280 467 1537 517 sanguinum
1576 473 1619 509 et
1659 467 1861 510 dolesum

1036 520 1356 564 abominabitur
1375 523 1603 564 Dominus:
1630 525 1653 549 *
1682 538 1763 575 ego
1790 539 1860 566 au-

1034 583 1124 619 tem
1159 579 1202 619 in
1239 579 1515 621 multitudine
1550 581 1860 623 misericordiae

1034 639 1133 675 tuae.

1086 691 1283 733 Introibo
1312 692 1356 733 in
1384 692 1562 734 domum
1588 698 1721 735 tuam:
1746 695 1769 719 *
1788 694 1859 736 ad-

1035 747 1172 789 orabo
1202 748 1258 789 ad
1280 748 1492 801 templum
1516 755 1713 791 sanctum
1739 756 1860 792 tuum

1033 803 1076 844 in
1103 805 1261 846 timore
1288 810 1377 846 tuo.

1083 865 1271 907 Domine
1287 866 1429 907 deduc
1444 879 1514 908 me
1531 867 1574 907 in
1593 867 1754 918 justitia
1772 873 1859 909 tua:

1032 922 1055 946 *
1078 927 1261 975 propter
1283 923 1481 964 inimicos
1504 936 1627 964 meos
1653 923 1790 975 dirige
1816 925 1859 965 in

1033 981 1271 1031 conspectu
1298 984 1375 1021 tuo
1403 980 1518 1020 viam
1545 993 1698 1021 meam.

1085 1040 1299 1089 Quoniam
1322 1053 1409 1082 non
1438 1046 1505 1082 est
1531 1041 1574 1081 in
1604 1054 1679 1082 ore
1708 1043 1858 1082 eorum

1033 1097 1206 1137 veritas:
1234 1097 1257 1122 *
1286 1110 1363 1138 cor
1391 1099 1542 1138 eorum
1570 1111 1728 1138 vanum
1757 1103 1832 1139 est.

1084 1153 1372 1206 Sepulchrum
1412 1159 1566 1206 patens
1609 1159 1675 1195 est
1710 1160 1858 1205 guttur

1033 1212 1194 1259 eorum,
1214 1210 1370 1261 linguis
1385 1211 1473 1251 suis
1490 1210 1642 1252 dolose
1660 1211 1857 1261 agebant,

1031 1267 1054 1291 *
1082 1266 1224 1318 judica
1251 1267 1350 1308 illos
1378 1267 1509 1308 Deus.

1083 1327 1299 1369 Decidant
1330 1341 1356 1369 a
1388 1327 1724 1378 cogitationibus
1757 1329 1855 1378 suis,

1031 1384 1271 1425 secundum
1307 1384 1627 1425 multitudinem
1660 1385 1854 1437 impieta-

1030 1445 1123 1481 tum
1142 1443 1294 1481 eorum
1313 1440 1482 1493 expelle
1503 1453 1589 1489 eos,
1607 1441 1630 1466 *
1651 1441 1855 1492 quoniam

1030 1497 1308 1539 irritaverunt
1334 1502 1378 1539 te
1405 1497 1603 1538 Domine.

1080 1557 1137 1599 Et
1164 1558 1365 1600 laetentur
1393 1571 1555 1607 omnes,
1585 1558 1658 1610 qui
1679 1563 1855 1610 sperant

1029 1614 1072 1654 in
1103 1619 1162 1664 te,
1190 1615 1214 1640 *
1241 1615 1284 1655 in
1317 1617 1528 1656 aeternum
1562 1614 1854 1656 exsultabunt:

1030 1675 1073 1712 et
1100 1670 1317 1713 habitabis
1344 1672 1388 1712 in
1417 1671 1489 1712 eis.

1081 1728 1137 1769 Et
1154 1727 1457 1778 gloriabantur
1475 1728 1518 1767 in
1537 1732 1581 1768 te
1601 1740 1761 1775 omnes,
1781 1727 1854 1779 qui

1029 1783 1213 1834 diligunt
1243 1797 1402 1825 nomen
1433 1789 1570 1832 tuum,
1598 1784 1621 1808 *
1650 1783 1852 1835 quoniam

1027 1845 1076 1882 tu
1102 1840 1336 1882 benedices
1363 1841 1488 1892 justo.

1079 1901 1280 1949 Domine,
1313 1906 1360 1942 ut
1392 1905 1517 1942 scuto
1548 1899 1676 1941 bonae
1704 1899 1851 1941 volun-

1026 1958 1130 1999 tatis
1157 1962 1245 1999 tuae
1272 1958 1296 1983 *
1325 1957 1545 1999 coronasti
1573 1969 1664 1998 nos.

1077 2024 1175 2067 Ant.
1211 2022 1412 2073 intellige
1445 2021 1681 2066 clamorem
1707 2034 1851 2062 meum

1026 2078 1224 2120 Domine.

1077 2140 1175 2181 Ant.
1212 2141 1332 2182 Deus
1363 2141 1484 2181 Deus
1515 2152 1638 2181 meus
1666 2140 1689 2165 *
1717 2138 1773 2180 ad
1807 2143 1850 2179 te

1027 2195 1082 2237 de
1110 2195 1207 2238 luce
1234 2197 1378 2248 vigilo.

1076 2257 1136 2291 Ps.
1163 2258 1266 2293 idem
1291 2262 1332 2292 ut
1355 2268 1470 2301 Supra
1501 2258 1550 2292 16.

1077 2310 1174 2351 Ant.
1205 2311 1453 2351 Conversus
1482 2315 1557 2351 est.

1112 2388 1335 2428 Canticum
1364 2388 1490 2427 Isaiae
1518 2387 1760 2438 Prophetae.

1354 2448 1445 2491 Cap.
1474 2448 1520 2481 12.

1026 2497 1316 2606 Confitebor
1330 2499 1408 2540 tibi
1427 2499 1625 2547 Domine,
1646 2499 1847 2550 quoniam

1124 2555 1259 2596 iratus
1280 2568 1325 2596 es
1344 2555 1464 2596 mihi:
1483 2555 1507 2580 *
1526 2557 1761 2596 conversus
1782 2559 1847 2595 est

1025 2611 1145 2653 furor
1172 2617 1282 2661 tuus,
1312 2617 1355 2653 et
1383 2611 1633 2653 consolatus
1663 2624 1708 2652 es
1735 2624 1814 2651 me.

1075 2668 1190 2709 Ecce
1204 2668 1325 2709 Deus
1345 2668 1537 2709 salvator
1554 2680 1686 2716 meus,
1702 2668 1724 2691 *
1738 2665 1845 2707 fidu-

1024 2723 1190 2765 cialiter
1218 2737 1355 2774 agam‚
1384 2729 1428 2765 et
1454 2737 1541 2765 non
1568 2722 1741 2764 timebo.
