2040 2990
671 188 782 222 Feria
808 189 977 222 secunda
1004 189 1052 222 ad
1076 189 1314 224 Matutinum.

191 273 241 325 V.
268 280 458 322 Domine
483 281 604 322 Deus
632 281 843 322 virtutum
869 293 968 322 eon-

138 337 260 377 verte
294 349 386 377 nos.
431 337 482 389 Rz.
510 337 568 378 Et
601 337 783 379 ostende
811 338 970 379 faciem

138 396 268 442 tuam,
298 397 342 434 et
370 393 479 435 salvi
508 394 679 435 erimus.

189 443 240 495 V.
267 449 468 501 Exsurge
489 450 671 500 Christe,
701 450 857 502 adjuva
876 464 968 492 nos.

135 504 187 556 Rz.
215 505 273 547 Et
306 506 444 548 libera
478 520 559 548 nos
594 512 776 560 propter
808 520 969 548 nomen

138 566 271 603 tuum.

165 612 238 664 ’Υ
285 620 474 662 Domine
520 620 679 662 exaudi
725 621 969 662 orationem

138 688 292 717 meam.
323 673 373 725 Rz.
405 677 463 718 Et
494 677 660 718 clamor
686 690 810 718 meus
841 678 897 719 ad
924 683 968 719 te

137 733 293 774 veniat.

186 781 237 834 V.
284 789 500 831 Dominus
537 789 776 832 vobiscum.
821 790 871 841 R.
911 791 968 833 Et

139 858 239 887 cum
257 846 413 898 spiritu
431 851 519 888 tuo.

181 902 355 938 Oremus.
398 901 530 937 Oratio
557 902 802 936 conveniens.

176 950 366 994 Tempore
391 951 606 989 Adventus,
632 951 670 983 in
695 951 819 984 feriali
846 950 962 989 offic..

132 998 220 1033 Ant.
243 999 290 1033 de
316 999 435 1033 Laud.
460 999 587 1041 Dom.,
619 1003 684 1033 aut
716 1010 763 1033 ex
792 1001 961 1043 propriis

132 1046 341 1082 Laudibus,

185 1100 443 1152 Capitulum.
776 1102 831 1142 Is.
853 1103 909 1142 14.

137 1154 329 1262 Prope
349 1166 417 1202 est
440 1166 488 1203 ut
506 1162 653 1203 veniat
671 1167 845 1215 tempus
865 1163 966 1214 ejus,

237 1223 281 1259 et
301 1217 394 1259 dies
415 1219 505 1270 ejus
527 1231 615 1260 non
636 1219 966 1270 elongabuntur.

134 1273 412 1316 Miserebitur
439 1275 554 1316 enim
577 1276 792 1317 Dominus
816 1276 965 1326 Jacob,

135 1334 179 1371 et
206 1330 347 1372 Israel
365 1331 615 1373 salvabitur.

183 1390 233 1442 R.
245 1389 307 1430 br.
329 1393 470 1444 Super
484 1397 529 1434 te
544 1393 790 1435 Jerusalem
801 1394 823 1416 *
845 1393 964 1434 Orie-

134 1451 204 1488 tur
218 1447 444 1489 Dominus.
460 1449 600 1502 Super
614 1454 669 1490 te.
685 1443 734 1494 V.
753 1450 810 1491 Et
825 1449 965 1501 gloria

134 1504 224 1555 ejus
239 1504 282 1545 in
299 1509 343 1546 te
352 1504 581 1547 videbitur.
605 1506 791 1547 Orietur.
809 1506 964 1548 Gloria

132 1559 262 1602 Patri.
290 1561 431 1614 Super
450 1567 504 1604 te.

180 1613 233 1663 V.
252 1617 368 1658 Veni
384 1618 583 1669 Domine,
605 1624 648 1661 et
666 1619 755 1660 noli
774 1619 963 1661 tardare.

128 1672 179 1724 Rz.
201 1673 370 1715 Relaxa
391 1675 586 1717 facinora
606 1675 726 1728 plebi
745 1681 844 1717 tuae.

187 1730 322 1782 Kyrie
343 1731 518 1774 eleison.
532 1737 579 1772 ut
598 1746 739 1785 supra.
774 1734 847 1774 40.

174 1787 346 1822 Oremus.
393 1786 525 1822 Oratio
545 1791 790 1826 conveniens.

171 1835 287 1879 Vesp.
323 1835 361 1869 in
386 1835 494 1870 Dom.
526 1842 563 1871 et
593 1838 631 1871 in
657 1838 739 1875 Fer.
768 1840 958 1875 habentur

128 1883 288 1918 inferius
306 1888 398 1927 post
414 1884 568 1919 Laudes
584 1885 755 1921 Sabbati.

337 1949 629 1975 ——403÷so<>·

129 2020 276 2062 Feria
302 2023 522 2064 secunda.
548 2023 613 2063 ad.
638 2023 958 2065 matutinum.

184 2084 312 2125 Pater
331 2089 492 2126 noster.
518 2087 612 2127 Ave
630 2085 780 2126 Maria.
800 2085 959 2127 Credo.

180 2137 230 2189 V.
251 2139 440 2182 Domine
457 2140 572 2183 labia
590 2154 690 2183 mea
708 2142 888 2194 aperies.
908 2148 955 2183 ut

128 2210 269 2249 supra.
300 2198 337 2238 2.

176 2255 303 2316 invit.
339 2256 505 2304 Venite,
528 2259 550 2281 *
566 2254 847 2296 Exsultemus
870 2254 957 2295 Do-

128 2321 257 2350 mmo.

181 2367 249 2408 Ps.
277 2365 517 2408 Jubilemus
542 2368 639 2409 Deo
665 2368 854 2418 ,salutari
882 2380 956 2409 no-

129 2425 233 2462 stro.
259 2430 307 2465 ut
327 2438 469 2476 supra.
498 2425 535 2464 2.

431 2482 642 2533 Hymnus.

296 2551 426 2580 omno
454 2540 629 2582 refectis
661 2540 852 2589 artubus,

308 2595 467 2648 Spreto
484 2596 615 2638 cubili
630 2597 861 2648 surgimus:

218 2649 368 2700 Nobis,
386 2652 527 2702 Pater,
545 2652 799 2694 canentibus

219 2705 390 2748 Adesse
410 2713 454 2749 te
475 2708 765 2761 deposcimus.

290 2849 353 2873 Pars
370 2849 503 2875 Hiemalis.

1061 283 1122 322 Te
1141 281 1287 333 lingua
1305 283 1494 335 primum
1515 286 1725 335 concinat,

1110 338 1175 379 Te
1193 339 1351 380 mentis
1371 339 1503 381 ardor
1524 341 1703 383 ambiat:

1110 395 1170 436 Ut
1188 397 1364 436 actuum
1384 398 1658 448 sequentium

1111 452 1190 501 Tu,
1214 457 1374 502 sancte,
1395 453 1454 493 sis
1477 454 1714 495 exordium.

1055 517 1229 558 Cedant
1246 517 1440 559 tenebrae
1461 518 1622 569 lumini,

1111 574 1167 615 Et
1185 587 1275 615 nox
1293 573 1449 616 diurno
1471 575 1613 625 sideri,

1109 631 1169 672 Ut
1188 630 1317 683 culpa
1338 644 1467 684 quam
1484 645 1573 673 nox
1593 633 1745 683 intulit,

1108 687 1238 728 Lucis
1258 686 1455 730 labascat
1472 692 1663 730 munere.

1052 753 1292 794 Precamur
1310 752 1442 794 iidem
1463 754 1694 807 supplices,

1109 809 1261 850 Noxas
1281 814 1329 851 ut
1348 822 1498 851 omnes
1519 813 1728 863 amputes,

1109 866 1166 907 Et
1185 878 1261 907 ore
1281 871 1325 907 te
1346 867 1591 908 canentium

1108 921 1320 963 Lauderis
1342 924 1460 964 omni
1478 925 1688 976 tempore.

1056 989 1234 1037 Praesta,
1254 988 1384 1030 Pater
1403 989 1607 1041 piissime,

1107 1044 1315 1096 Patrique
1336 1057 1516 1098 compar
1534 1045 1682 1096 Unice,

1110 1101 1218 1141 Cum
1237 1101 1401 1153 Spiritu
1419 1102 1638 1143 Paraclito

1108 1158 1315 1207 Regnans
1349 1171 1428 1210 per
1462 1171 1591 1200 omne
1627 1158 1845 1200 saeculum.

1329 1214 1480 1256 Amen.

1058 1273 1168 1307 Iuvit.
1189 1285 1256 1317 per
1276 1274 1407 1308 Fcrias
1433 1274 1503 1307 dic.
1527 1275 1562 1307 in
1588 1275 1651 1309 fer.
1669 1276 1773 1310 Offic.
1794 1276 1840 1309 ab

1016 1321 1094 1356 Oct.
1107 1322 1245 1366 Epiph.
1263 1334 1385 1366 usquc
1401 1323 1841 1368 adDom.l‘'21ss.l*13*n111i

1015 1381 1106 1404 vcro
1132 1376 1206 1404 tum
1235 1372 1281 1405 ad
1307 1372 1435 1405 Matut.
1457 1383 1570 1414 quam
1595 1373 1643 1405 ad
1666 1373 1783 1406 Laud.
1807 1379 1841 1406 ct

1017 1419 1141 1462 Vesp„
1170 1430 1291 1463 usquc
1320 1421 1367 1453 ad
1398 1420 1505 1453 Dom.
1532 1420 1557 1454 I.
1586 1421 1725 1461 Quadr.
1754 1422 1840 1454 Ant.

1015 1473 1141 1501 autem
1158 1468 1266 1502 Noct.
1287 1479 1354 1511 per
1371 1474 1490 1502 totum
1512 1469 1650 1504 Anum.
1675 1475 1715 1503 ut
1733 1470 1839 1503 infra.

1065 1521 1165 1560 Ant.
1194 1518 1407 1559 Dominus
1437 1519 1651 1561 defensor.

1286 1586 1482 1627 Psalmus
1502 1588 1567 1627 26.

1017 1647 1032 1683 T?
1055 1660 1138 1691 κ
1146 1639 1314 1681 ominus
1351 1640 1607 1682 illuminatio
1643 1655 1759 1691 mea,
1799 1646 1842 1683 et

1017 1700 1030 1749 Ἴ
1047 1692 1116 1753 'cl
1130 1714 1138 1745 μ
1162 1696 1278 1737 salus
1298 1710 1404 1747 mea,
1424 1698 1447 1723 *
1468 1710 1598 1750 quem
1616 1697 1807 1739 timebo?

1026 1752 1027 1762 ¹
1044 1747 1138 1781 2³
1213 1753 1427 1794 Dominus
1472 1756 1698 1806 protector
1739 1755 1840 1795 vitae

1012 1822 1134 1859 meae,
1154 1810 1178 1834 *
1198 1823 1223 1850 a
1244 1822 1330 1861 quo
1350 1809 1610 1862 trepidabo?

1063 1865 1180 1906 Dum
1213 1866 1476 1918 appropiant
1504 1879 1636 1919 super
1668 1880 1738 1908 me
1766 1880 1839 1908 no-

1013 1923 1172 1971 centes,
1191 1922 1214 1947 *
1233 1927 1282 1963 ut
1301 1922 1432 1964 edant
1452 1935 1604 1964 carnes
1623 1936 1763 1964 meas:

1064 1978 1148 2027 Qui
1175 1977 1384 2020 tribulant
1411 1992 1481 2020 me
1508 1979 1669 2021 inimici
1692 1980 1787 2030 mei,
1816 1981 1839 2006 *

1011 2034 1095 2086 ipsi
1113 2034 1319 2077 infirmati
1338 2041 1448 2086 sunt,
1468 2041 1512 2077 et
1531 2035 1791 2078 ceciderunt.

1062 2090 1107 2132 Si
1140 2093 1380 2133 consistant
1413 2091 1645 2134 adversum
1669 2105 1739 2134 me
1772 2106 1837 2134 ca-

1011 2151 1111 2196 stra,
1130 2147 1154 2172 *
1172 2160 1260 2189 non
1278 2147 1449 2190 timebit
1468 2161 1544 2190 cor
1563 2161 1718 2190 meum.

1061 2203 1107 2244 Si
1135 2207 1342 2255 exsurgat
1369 2203 1602 2246 adversum
1631 2218 1701 2246 me
1727 2207 1836 2257 prae-

1009 2257 1124 2310 lium,
1144 2261 1167 2285 *
1186 2260 1230 2301 in
1249 2260 1334 2302 hoc
1354 2274 1436 2312 ego
1456 2260 1657 2313 sperabo.

1062 2315 1203 2358 Unam
1229 2317 1337 2369 petii
1364 2330 1389 2358 a
1411 2317 1612 2367 Domino,
1640 2317 1752 2358 hanc
1771 2330 1834 2358 re-

1011 2374 1198 2424 quiram,
1226 2375 1250 2398 *
1277 2378 1325 2415 ut
1351 2373 1590 2415 inhabitem
1625 2374 1669 2414 in
1702 2373 1834 2415 domo

1007 2428 1185 2469 Domini
1205 2429 1404 2471 omnibus
1425 2429 1577 2471 diebus
1593 2430 1694 2471 vitae
1709 2442 1834 2470 meae:

1060 2485 1119 2526 Ut
1147 2484 1320 2526 videam
1348 2485 1619 2538 voluptatem
1646 2485 1833 2534 Domini,

1007 2541 1031 2566 *
1051 2547 1094 2582 et
1113 2541 1285 2583 visitem
1303 2541 1515 2594 templum
1535 2542 1634 2593 ejus.

1059 2597 1274 2647 Quoniam
1293 2597 1523 2639 abscondit
1541 2610 1610 2638 me
1629 2598 1673 2637 in
1692 2595 1830 2638 taber-

1006 2653 1163 2694 naculo
1179 2666 1276 2695 suo:
1290 2654 1313 2679 *
1328 2654 1372 2694 in
1382 2653 1453 2695 die
1463 2653 1676 2694 malorum
1685 2653 1829 2704 prote-

1006 2709 1069 2751 xit
1078 2722 1148 2751 me
1158 2710 1202 2750 in
1213 2709 1470 2751 abscondito
1478 2708 1744 2751 tabernaculi
1754 2707 1830 2748 sui.
