2040 2990
544 232 645 266 Infra
670 233 961 267 Hebdomudam
987 234 1034 267 vi.
1060 240 1147 277 post
1172 235 1437 278 Epiphaniam.

445 326 595 367 Lectio
623 327 660 367 ii.

230 381 308 424 ixit
333 384 447 425 enim
478 384 522 425 in
555 385 745 437 quodam
772 385 870 426 loco
902 384 956 426 de

241 438 310 481 die
338 441 525 493 septima
553 442 631 483 sic:
661 442 717 483 Et
743 441 957 493 requievit

138 493 258 535 Deus
278 495 348 538 die
367 498 551 550 septima
568 497 622 539 ab
638 497 837 539 omnibus
857 499 957 551 ope-

138 550 257 592 ribus
285 553 385 594 suis.
431 554 487 595 Et
513 554 557 595 in
584 554 670 596 isto
697 566 882 595 rursum:
912 554 957 596 Si

137 606 378 651 introibunt
394 610 437 651 in
456 611 650 663 requiem
667 623 819 652 meam.
843 611 956 660 Quo-

138 663 253 705 niam
279 677 382 717 ergo
409 670 610 720 superest
633 667 812 708 introire
832 679 957 719 quos-

139 719 239 761 dam
263 721 307 762 in
334 722 466 772 illam,
492 728 536 765 et
554 723 599 773 ii,
626 722 781 775 quibus
805 724 955 776 priori-

137 775 219 817 bus
250 780 549 821 annuntiatum
584 784 667 829 est,
708 792 795 821 non
825 780 956 821 intro-

138 832 279 875 ierunt
296 840 479 888 propter
497 836 858 879 incredulitatem:
881 838 955 877 ite-

138 901 233 930 rum
250 892 453 933 terminat
471 891 586 934 diem
606 892 848 945 quemdam,
867 893 956 933 Ho-

139 944 226 995 die,
260 946 303 987 in
327 947 470 990 David
505 949 708 999 dicendo,
735 954 838 1002 post
865 954 955 990 tan-

137 1006 229 1043 tum
247 1004 472 1056 temporis,
500 1005 612 1046 sicut
638 1018 769 1058 supra
793 1005 956 1047 dictum

139 1062 220 1099 est:
250 1059 395 1101 Hodie
420 1061 457 1101 si
481 1074 635 1103 vocem
659 1062 749 1113 ejus
775 1061 956 1103 audieri-

138 1113 209 1164 tis,
236 1115 371 1157 nolite
399 1116 615 1159 obdurare
643 1117 777 1159 corda
801 1123 956 1159 vestra.

190 1171 239 1223 Rz.
265 1172 425 1214 Statuit
442 1174 666 1215 Dominus.
684 1175 777 1215 289.

435 1229 585 1272 Lectio
607 1231 661 1271 iii.

232 1298 303 1326 am
328 1285 364 1326 si
391 1286 453 1327 eis
475 1285 600 1328 Jesus
629 1285 824 1338 requiem
847 1298 955 1338 prae-

241 1341 437 1391 stitisset‚
462 1355 697 1394 numquam
720 1342 775 1383 de
794 1341 878 1382 alia
896 1341 956 1382 lo-

141 1399 359 1450 queretur,
382 1398 582 1451 posthac,
606 1398 686 1440 die.
722 1399 875 1450 Itaque
894 1410 956 1439 re-

138 1453 348 1506 linquitur
365 1454 655 1496 sabbatismus
678 1453 844 1507 populo
863 1454 956 1495 Dei.

140 1510 224 1560 Qui
248 1510 362 1552 enim
379 1511 598 1562 ingressus
618 1515 684 1552 est
701 1510 745 1551 in
763 1511 957 1562 requiem

140 1567 244 1618 ejus:
268 1566 399 1608 etiam
421 1567 518 1620 ipse
540 1567 752 1619 requievit
775 1566 830 1608 ab
855 1568 957 1619 ope-

139 1622 260 1664 ribus
283 1623 390 1673 suis,
417 1624 529 1665 sicut
552 1636 578 1664 a
601 1623 690 1664 suis
708 1624 839 1665 Deus.
879 1623 957 1664 Fe-

140 1679 348 1721 stinemus
372 1693 476 1731 ergo
500 1679 667 1730 ingredi
690 1679 733 1720 in
758 1679 876 1720 illam
895 1681 958 1724 ret

141 1735 299 1788 quiem:
322 1741 370 1778 ut
392 1749 447 1778 ne
471 1736 515 1777 in
531 1735 722 1788 idipsum
741 1736 838 1788 quis
856 1736 957 1777 inci-

141 1791 216 1834 dat
245 1791 559 1834 incredulitatis
587 1792 843 1844 exemplum.
883 1792 957 1834 Vi-

140 1861 219 1889 vus
239 1853 306 1890 est
324 1849 438 1890 enim
455 1861 600 1890 sermo
618 1849 713 1898 Dei,
731 1853 774 1890 et
792 1848 957 1898 efficax,

141 1909 184 1946 et
200 1904 512 1957 penetrabilior
536 1905 654 1946 omni
677 1903 823 1955 gladio
846 1907 957 1945 anci—

139 1959 235 2012 piti:
265 1966 308 2002 et
334 1963 584 2013 pertingens
609 1973 747 2012 usque
772 1959 828 2001 ad
853 1959 957 2001 divi-

140 2016 307 2059 sionem
326 2017 481 2058 animae
500 2030 551 2058 ac
569 2017 761 2069 spiritus,
785 2018 957 2069 compa-

139 2085 241 2123 gum
256 2086 430 2126 quoque
447 2086 498 2114 ac
509 2073 806 2122 medullarum,
821 2076 865 2113 et
875 2071 957 2113 dis-

141 2131 284 2171 cretor
323 2130 634 2181 cogitationum
676 2134 719 2170 et
758 2128 956 2170 intentio-

140 2197 243 2226 num
262 2186 417 2228 cordis.

190 2241 241 2292 R.
268 2243 361 2293 Ego
382 2242 483 2284 dixi.
506 2243 605 2284 290.

319 2350 502 2387 Feria
540 2350 784 2397 Quarta.

236 2407 306 2447 De
332 2407 531 2458 Epistola
557 2406 614 2448 ad
640 2406 864 2448 Hebraeos.

291 2466 443 2508 Lectio
463 2469 486 2507 i.
644 2469 745 2520 Cap.
766 2470 802 2508 6.

171 2524 422 2564 “
518 2523 849 2564 intermittentes
897 2521 957 2561 in-

215 2573 229 2607 2¹
256 2576 497 2619 choatio'nis
521 2578 679 2620 Christi
703 2580 956 2626 sermonem,

143 2631 200 2672 ad
229 2632 489 2684 perfectiora
517 2635 720 2684 feramur,
752 2647 838 2675 non
869 2645 957 2673 rur-

143 2699 239 2728 sum
257 2688 459 2739 jacientes
479 2690 805 2731 fundamentum
823 2688 957 2742 poeni-

143 2743 290 2784 tentiae
314 2743 368 2785 ab
394 2745 601 2797 operibus
619 2746 820 2795 mortuiS,
846 2749 889 2787 et
912 2744 957 2784 fi-

296 2885 359 2910 Pars
375 2885 507 2911 Hiemaliu.

1008 327 1079 369 dei
1097 327 1152 369 ad
1171 328 1323 379 Deum,
1341 328 1650 382 baptismatum
1667 330 1825 371 doctri-

1007 396 1086 438 nae,
1107 384 1397 436 impositionis
1418 398 1591 439 quoque
1609 389 1824 435 manuum,

1008 452 1060 481 ac
1096 442 1423 483 resurrectionis
1455 445 1738 491 mortuorum,
1782 447 1825 483 et

1008 496 1153 548 judicii
1172 498 1333 538 aeterni.
1364 499 1421 540 Et
1443 498 1528 540 hoc
1545 500 1763 548 faciemus
1789 498 1825 539 si

1010 553 1185 605 quidem
1203 551 1447 606 permiserit
1466 555 1595 596 Deus.

1062 611 1110 662 Ra
1135 610 1202 651 Ne
1221 610 1474 662 perdideris.
1496 612 1595 652 290.

1316 670 1466 710 Lectio
1489 670 1525 709 ii.

1053 722 1307 775 mpossibile
1327 729 1394 765 est
1413 724 1527 765 enim
1548 737 1639 773 eos,
1665 724 1738 775 qui
1761 736 1824 764 se—

1065 780 1150 821 mel
1169 785 1268 821 sunt
1286 780 1524 830 illuminati,
1544 782 1825 831 gustaverunt

1009 836 1137 878 etiam
1166 836 1328 878 donum
1356 836 1548 886 coeleste,
1586 841 1629 878 et
1655 837 1825 889 partici-

1006 905 1086 945 pes
1111 893 1213 935 facti
1239 899 1338 935 sunt
1364 894 1548 945 Spiritus
1572 894 1724 943 sancti,
1752 906 1824 943 gu-

1009 951 1230 990 staverunt
1256 949 1534 990 nihilominus
1558 949 1721 990 bonum
1743 950 1825 990 Dei

1008 1005 1205 1055 verbum,
1244 1006 1515 1057 virtutesque
1547 1006 1696 1046 saeculi
1728 1018 1826 1046 ven-

1008 1063 1104 1112 turi,
1124 1067 1167 1103 et
1184 1062 1379 1114 prolapsi
1399 1067 1512 1113 sunt,
1536 1074 1684 1102 rursus
1703 1074 1826 1103 reno-

1009 1119 1100 1159 vari
1124 1118 1179 1159 ad
1201 1119 1519 1171 poenitentiam,
1543 1131 1714 1159 rursum
1735 1130 1825 1159 cru-

1009 1175 1230 1226 cifigentes
1257 1174 1538 1227 sibimetipsis
1557 1174 1713 1215 Filium
1731 1174 1826 1223 Dei,

1010 1236 1052 1273 et
1071 1231 1261 1272 ostentui
1280 1230 1499 1272 habentes.

1061 1289 1112 1339 Bi.
1133 1287 1337 1329 Paratum
1356 1299 1442 1328 cor.
1460 1288 1559 1328 290.

1307 1344 1455 1385 Lectio
1478 1345 1529 1384 iii.

1010 1395 1186 1499 Terra
1211 1400 1324 1441 enim
1349 1412 1467 1452 saepe
1490 1399 1734 1441 venientem
1759 1413 1825 1441 su-

1097 1468 1176 1508 per
1195 1469 1241 1498 se
1260 1455 1414 1497 bibens
1432 1455 1622 1507 imbrem,
1644 1461 1687 1498 et
1700 1458 1824 1507 gene-

1008 1525 1109 1553 rans
1140 1512 1320 1554 herbam
1349 1515 1640 1565 opportunam
1666 1512 1766 1562 illis,
1801 1525 1826 1553 a

1010 1568 1166 1621 quibus
1185 1568 1357 1609 colitur:
1384 1569 1543 1621 accipit
1559 1568 1825 1610 benedictio-

1008 1638 1107 1666 nem
1131 1637 1157 1665 a
1174 1625 1282 1666 Deo.
1317 1624 1549 1666 Proferens
1573 1629 1718 1666 autem
1742 1624 1825 1677 spi-

1008 1694 1085 1722 nas
1101 1693 1152 1722 ac
1165 1680 1360 1730 tribulos
1380 1680 1567 1733 reproba
1587 1685 1663 1730 est,
1683 1685 1726 1722 et
1740 1693 1825 1721 ma-

1008 1737 1169 1779 ledicto
1189 1737 1400 1790 proxima:
1420 1737 1539 1788 cujus
1559 1739 1825 1778 consumma-

1008 1794 1069 1834 tio
1094 1794 1135 1834 in
1163 1792 1518 1834 combustionem.
1557 1792 1825 1834 Confidimus

1009 1854 1154 1891 autem
1188 1848 1243 1890 de
1275 1848 1400 1890 vobis
1437 1847 1704 1889 dilectissimi
1739 1861 1824 1889 me-

1008 1905 1132 1954 liora,
1165 1909 1209 1946 et
1240 1904 1448 1945 viciniora
1479 1904 1622 1946 saluti:
1653 1904 1825 1945 tametsi

1007 1961 1068 2002 ita
1098 1960 1326 2012 loquimur.
1365 1960 1467 2002 Non
1498 1961 1610 2001 enim
1642 1960 1824 2012 injustus

1007 2017 1138 2066 Deus,
1156 2020 1204 2057 ut
1223 2016 1505 2058 obliviscatur
1520 2016 1665 2069 operis
1679 2016 1825 2065 vestri,

1009 2078 1052 2114 et
1070 2072 1331 2122 dilectionis,
1358 2085 1488 2124 quam
1511 2071 1762 2114 ostendistis
1781 2072 1823 2112 in

1007 2129 1181 2170 nomine
1194 2129 1341 2181 ipsius,
1357 2128 1430 2180 qui
1444 2128 1721 2169 ministrastis
1731 2140 1822 2169 san-

1008 2185 1098 2234 ctis,
1118 2189 1161 2226 et
1179 2185 1441 2225 ministratis.

1061 2243 1111 2294 R.
1134 2240 1319 2292 Adiutor
1338 2253 1470 2282 meus.
1488 2241 1587 2281 290.

1187 2348 1220 2384 F
1238 2359 1261 2384 e
1278 2359 1298 2384 r
1313 2348 1326 2384 i
1344 2359 1370 2384 a
1406 2349 1441 2396 Q
1459 2359 1486 2384 u
1502 2348 1515 2384 i
1531 2358 1560 2384 n
1574 2351 1591 2383 t
1608 2358 1643 2383 a.

1102 2407 1171 2446 De
1197 2405 1395 2457 Epistola
1423 2404 1479 2446 ad
1505 2403 1730 2445 Hebraeos.

1161 2467 1311 2508 Lectio
1332 2468 1354 2507 i.
1517 2468 1617 2518 Cap.
1637 2468 1671 2506 7.

1031 2532 1038 2570 31‘
1068 2520 1142 2561 ic
1164 2521 1278 2561 enim
1293 2519 1631 2569 Melchisedech,
1655 2532 1732 2561 rex
1750 2519 1821 2561 Sa-

1038 2580 1044 2584 ’
1062 2547 1091 2612 1
1119 2576 1215 2626 lem,
1235 2576 1440 2618 sacerdos
1458 2576 1542 2617 Dei
1560 2576 1726 2625 summi,
1747 2575 1820 2627 qui

1008 2632 1200 2674 obviavit
1219 2632 1409 2674 Abrahae
1433 2633 1633 2682 regresso
1653 2644 1677 2672 a
1701 2630 1822 2672 caede

1007 2700 1172 2739 regum,
1201 2693 1244 2730 et
1267 2688 1489 2730 benedixit
1514 2687 1567 2728 ei:
1594 2687 1663 2728 cui
1686 2691 1728 2727 et
1751 2685 1820 2726 de-

1006 2743 1139 2784 cimas
1177 2744 1368 2785 omnium
1404 2743 1549 2784 divisit
1585 2741 1820 2783 Abraham:

1550 2870 1617 2904 21*
