2040 2990
798 224 998 258 Dominica
1024 223 1293 264 Sexum-simae.

491 320 643 360 Lectio
670 321 721 360 vi.

276 381 305 423 d
338 380 747 423 condemnationem
780 385 924 422 autem
956 392 1022 421 00-

307 440 516 487 terorum,
545 442 588 479 et
614 436 670 479 ad
696 437 1022 490 expressionem

196 494 373 547 pietatis
398 493 574 543 divinae,
603 493 760 535 dicitur
782 493 880 534 Noe
903 492 1022 545 apud

197 551 339 591 Deum
378 551 562 601 gratiam
602 550 831 591 invenisse.
886 548 1021 590 Simul

198 606 458 657 ostenditur,
485 606 604 659 quod
622 606 843 648 hominem
862 607 1022 657 justum

196 677 283 705 non
325 663 559 705 obumbret
603 663 785 704 aliorum
827 662 1020 711 offensio,

198 719 371 773 quando
398 720 493 773 ipse
521 720 576 762 ad
602 722 737 761 totius
760 719 932 770 generis
958 731 1020 760 re-

196 779 394 819 servatur
415 777 703 818 seminarium.
741 775 824 825 Qui
844 788 931 816 non
951 787 1020 826 30-

195 833 431 875 3013110318
459 833 706 882 nobilitate,
739 831 817 873 sed
844 831 1020 883 justitiae

196 895 239 932 et
282 890 563 944 perfectionis
608 890 763 931 merito
808 888 1021 930 laudatur.

194 947 373 988 Probati
405 947 517 988 enim
544 947 624 988 viri
656 958 811 997 genus,
845 945 1020 986 virtutis

195 1003 401 1056 prosapia
426 1009 507 1044 est:
537 1003 638 1055 quia
662 1003 774 1044 sicut
796 1002 1020 1043 hominum

194 1073 331 1111 genus
355 1060 570 1109 hemines,
598 1060 659 1100 ita
685 1059 926 1099 animarum
950 1070 1020 1108 ge-

194 1130 275 1158 nus
299 1117 483 1158 virtutes
507 1120 616 1157 sunt.
652 1116 825 1157 Etenim
846 1115 1019 1156 familiae

194 1173 419 1214 hominum
445 1172 680 1226 splendore
705 1172 876 1223 generis
900 1171 1020 1213 nobi-

194 1230 391 1279 litantur,
425 1230 663 1270 animarum
693 1233 838 1270 autem
868 1228 1020 1270 clarifi-

195 1288 318 1328 catur
337 1286 476 1337 gratia
496 1285 730 1338 splendore
749 1285 933 1327 virtutis.

246 1352 294 1402 R».
323 1348 408 1389 Per
426 1349 732 1399 memetipsum
751 1346 898 1398 juravi,
917 1345 1021 1387 dicit

195 1404 420 1453 Deminus,
439 1416 526 1445 non
543 1402 740 1455 adjiciam
754 1403 868 1444 ultra
883 1415 1020 1468 aquas

196 1460 345 1502 diluvii
365 1473 497 1513 super
515 1465 692 1501 terram:
715 1460 834 1512 pacti
852 1460 938 1500 mei
957 1472 1020 1501 re-

196 1516 426 1559 cordabor.
447 1520 469 1543 *
495 1517 555 1559 Ut
578 1529 666 1558 non
690 1516 872 1579 perdam
895 1516 1020 1568 aquis

195 1573 346 1615 diluvii
369 1586 543 1615 omnem
565 1568 1020 1619 03130111.,Χ”.Α1·011111

195 1642 339 1671 meum
367 1642 527 1682 ponam
554 1629 597 1670 in
625 1629 831 1679 nubibus,
867 1635 911 1671 et
938 1630 1020 1671 erit

195 1687 365 1737 signum
389 1685 568 1728 foederis
592 1686 703 1727 inter
727 1698 814 1735 me,
843 1690 886 1727 et
908 1686 1020 1728 inter

194 1747 367 1785 terram.
395 1743 463 1784 Ut.
493 1742 643 1784 (iloria
661 1742 791 1783 Patri.
818 1742 886 1784 Ut.

415 1820 462 1858 In
484 1820 553 1858 ΠΙ.
577 1819 796 1858 Nocturno.

203 1879 355 1920 Lectio
378 1878 518 1920 sancti
536 1876 762 1929 Evangelii
780 1877 1019 1920 secundum

517 1934 693 1976 Lucam.

297 1999 445 2039 Lectio
469 1999 533 2038 vii.
761 2000 914 2051 (11138.

241 2075 269 2102 n
287 2062 363 2103 illo
381 2063 596 2114 tempore:
615 2061 723 2103 Cum
742 2061 869 2103 turba
887 2061 1018 2114 pluri-

258 2131 330 2160 ma
357 2120 655 2167 convenirent,
684 2123 727 2160 et
755 2117 810 2160 de
838 2118 1019 2160 civitati-

194 2174 276 2216 bus
307 2176 596 2227 properarent
627 2174 683 2216 ad
709 2175 876 2223 Jesum‚
910 2173 1019 2216 dixit

194 2244 273 2284 per
296 2230 635 2272 similitudinem:
660 2231 778 2272 Exiit
799 2231 872 2284 qui
895 2231 1018 2272 semi-

194 2292 284 2337 nat,
307 2287 522 2329 seminare
544 2299 692 2328 semen
715 2300 851 2329 suum.
879 2288 935 2329 Et
954 2289 1018 2329 re-

194 2343 322 2396 liqua.

245 2411 435 2454 Homilia
454 2411 590 2452 sancti
612 2411 815 2463 Gregorii
833 2413 979 2465 Papae.

332 2475 497 2508 nomin-1
527 2475 572 2508 1.›.'
599 2475 633 2507 in
663 2475 879 2516 liv-maelii.

200 2555 201 2571 l
239 2530 426 2571 <
455 2528 593 2569 sancti
617 2528 859 2579 Evangelii,
889 2543 1018 2582 quam

243 2576 306 2628 f*
329 2584 480 2633 modo,
509 2584 666 2626 fratres
693 2586 919 2635 carissimi,
948 2599 1018 2627 au-

331 2641 473 2690 distis,
501 2641 774 2693 expositione
802 2654 888 2682 non
913 2641 1018 2683 indi-

195 2702 284 2749 get,
307 2697 385 2739 sed
405 2696 711 2738 admonitione.
747 2698 886 2747 Quam
906 2699 1019 2739 enim

195 2767 275 2808 per
303 2756 582 2807 semetipsam
606 2754 781 2796 Veritas
807 2755 1019 2807 exposuit,

1076 318 1187 360 hanc
1221 318 1440 361 discutere
1471 319 1659 362 111113333
1689 320 1898 373 fragilitas

1075 387 1163 416 non
1181 379 1429 428 praesumat.
1456 375 1544 417 Sed
1563 381 1630 418 est
1647 377 1766 430 quod
1785 377 1899 419 solli·

1076 432 1160 473 cite
1183 432 1227 472 in
1246 431 1328 473 hac
1345 432 1441 485 ipsa
1461 433 1734 485 expositione
1751 434 1899 476 Domi·

1075 488 1171 529 nica
1184 491 1371 541 pensare
1386 488 1637 531 debeamus:
1653 490 1754 543 quia
1768 490 1804 532 si
1818 503 1899 532 nos

1075 544 1200 586 vobis
1221 558 1369 587 semen
1387 545 1584 595 verbum,
1609 559 1762 597 agrum
1778 561 1898 589 mun-

1076 599 1198 651 dum,
1238 602 1440 644 volucres
1478 602 1714 653 daem6nia‚
1753 604 1898 656 spinas

1076 657 1248 700 divitias
1277 659 1522 710 significare
1550 659 1813 710 diceremus;
1842 660 1899 702 ad

1075 714 1341 757 credendum
1385 715 1514 757 nobis
1554 728 1677 757 mens
1717 716 1899 758 forsitan

1074 776 1220 814 vestra
1258 771 1487 814 dubitaret.
1543 772 1669 814 Unde
1705 778 1749 815 et
1783 772 1899 815 idem

1074 827 1288 870 Dominus
1302 842 1383 881 per
1397 831 1681 881 semetipsum
1695 829 1900 881 dignatus

1076 888 1144 926 est
1160 887 1380 938 expenere
1396 884 1515 938 quod
1530 884 1712 935 dicebat,
1730 891 1779 928 ut
1794 886 1899 928 8013-

1074 941 1130 982 118
1157 954 1302 983 1011113
1334 942 1672 993 significationes
1702 945 1898 994 qua'erere

1074 997 1117 1038 in
1141 998 1193 1039 iis
1219 998 1364 1048 etiam,
1390 1011 1488 1050 quae
1512 1011 1591 1051 per
1616 1001 1898 1052 semetipsum

1074 1054 1213 1096 neluit
1232 1054 1477 1107 explanare.

1126 1115 1177 1166 R'·
1202 1111 1433 1153 Benedixit
1451 1112 1572 1153 Deus
1592 1111 1706 1162 Noe,
1731 1117 1775 1154 et
1797 1111 1898 1154 filiis

1074 1168 1179 1219 ejus,
1204 1173 1247 1210 et
1266 1167 1376 1209 dixit
1395 1167 1451 1210 ad
1471 1180 1561 1210 eos:
1586 1171 1608 1195 *
1628 1168 1835 1219 Crescite,
1855 1173 1898 1211 et

1074 1224 1435 1277 multiplicamini,
1463 1229 1507 1266 et
1531 1225 1698 1278 replete
1722 1230 1898 1267 terram.

1075 1279 1124 1331 V.
1150 1281 1265 1323 Ecce
1289 1294 1371 1332 ego
1398 1283 1587 1323 statuam
1610 1286 1789 1334 pactum
1811 1294 1897 1324 me-

1073 1351 1147 1379 um
1174 1338 1416 1389 vobiscum,
1445 1343 1488 1380 et
1513 1351 1612 1380 cum
1640 1339 1803 1380 semine
1827 1352 1897 1381 ve-

1074 1399 1166 1436 stro
1184 1400 1287 1447 post
1306 1407 1396 1436 vos.
1423 1394 1628 1437 Crescite.

1356 1454 1507 1494 Lectio
1528 1453 1610 1494 viii.

1074 1507 1389 1613 Exponendo
1405 1521 1510 1560 ergo
1528 1508 1648 1561 quod
1662 1507 1782 1559 dixit,
1799 1508 1899 1560 figu-

1163 1567 1256 1607 rate
1270 1579 1316 1607 se
1330 1565 1452 1618 loqui
1465 1565 1666 1607 1113011111·
1683 1567 1897 1618 quatenus

1073 1627 1218 1664 certos
1237 1635 1318 1663 nos
1335 1621 1550 1671 redderet,
1569 1634 1669 1663 cum
1683 1621 1808 1663 vobis
1823 1634 1897 1664 no-

1073 1683 1163 1720 stra
1182 1678 1390 1730 fragilitas
1409 1678 1644 1720 verborum
1662 1678 1776 1720 illius
1790 1678 1896 1730 figu-

1071 1748 1143 1776 ras
1167 1737 1368 1788 aperiret.
1407 1734 1517 1800 Quis
1539 1734 1654 1776 enim
1677 1734 1783 1775 mihi
1805 1748 1896 1776 um-

1074 1804 1204 1844 quam
1232 1791 1450 1841 crederet,
1483 1791 1519 1832 si
1547 1791 1695 1844 spinas
1723 1790 1896 1833 divitias

1071 1848 1348 1901 interpretari
1396 1846 1659 1889 voluissem?
1707 1848 1896 1890 maxime

1072 1918 1170 1946 cum
1194 1904 1279 1946 11130
1306 1909 1518 1957 pungant,
1545 1904 1641 1946 18130
1667 1904 1896 1947 delectent.

1070 1961 1126 2003 Et
1148 1966 1295 2003 tamen
1318 1961 1455 2014 spinae
1477 1966 1590 2011 sunt,
1615 1961 1717 2014 quia
1734 1961 1894 2012 cogita—

1070 2018 1237 2060 tienum
1257 2020 1433 2059 suarum
1451 2017 1761 2070 punctionibus
1778 2030 1895 2060 men-

1071 2080 1160 2117 tem
1195 2075 1406 2116 lacerant:
1449 2079 1493 2116 et
1529 2086 1628 2116 cum
1662 2086 1803 2127 usque
1838 2074 1895 2117 ad

1071 2133 1302 2185 peccatum
1328 2130 1606 2184 pertrahunt,
1636 2131 1762 2184 quasi
1787 2131 1895 2172 infli-

1071 2193 1144 2230 cto
1166 2187 1346 2230 vulnere
1372 2189 1610 2229 cruentant.
1647 2187 1765 2237 Quas
1783 2187 1894 2230 bene

1070 2245 1155 2287 hoc
1186 2245 1229 2286 in
1261 2244 1380 2294 1000,
1413 2244 1499 2285 alio
1526 2243 1804 2295 Evangelista
1832 2248 1894 2286 te-

1070 2304 1229 2351 stante,
1253 2303 1531 2354 nequaquam
1552 2300 1766 2341 Dominus
1789 2299 1894 2342 divi—

1070 2359 1163 2409 tias,
1183 2357 1262 2400 sed
1280 2358 1456 2399 fallaces
1477 2356 1649 2399 divitias
1669 2356 1872 2410 appellat.

1123 2418 1174 2468 R.
1210 2415 1325 2456 Ecce
1366 2427 1448 2466 ego
1490 2416 1677 2456 statuam
1716 2418 1893 2466 pactum

1069 2484 1214 2514 meum
1245 2470 1491 2521 vobiscum,
1525 2474 1567 2512 et
1599 2483 1697 2511 cum
1730 2470 1893 2512 semine

1070 2533 1217 2571 vestro
1242 2532 1343 2580 post
1366 2540 1461 2568 vos:
1488 2532 1509 2556 *
1532 2526 1689 2579 Neque
1715 2527 1797 2568 erit
1821 2526 1892 2569 de-

1070 2588 1220 2637 inceps
1245 2583 1454 2625 diluvium
1479 2582 1696 2636 dissipans
1720 2588 1892 2625 terram.

1072 2639 1121 2690 V.
1149 2642 1313 2682 Arcum
1340 2653 1485 2681 meum
1512 2652 1674 2692 ponam
1701 2640 1744 2681 in
1771 2639 1892 2682 nubi-

1070 2699 1170 2749 bus,
1201 2702 1244 2739 et
1271 2697 1352 2738 erit
1379 2696 1549 2747 signum
1577 2695 1754 2738 fo'ederis
1782 2697 1892 2738 inter

1070 2767 1150 2806 me,
1173 2758 1216 2796 et
1235 2754 1346 2795 inter
1366 2757 1537 2795 terram.
1565 2753 1731 2806 Neque.
