2080 2990
1749 232 1839 276 [243]

529 237 706 271 Officium
730 237 903 271 votivum
929 237 975 270 dc
1000 236 1188 270 Passione-
1214 236 1256 268 l).
1281 236 1322 268 N.
1345 236 1377 269 J.
1400 236 1438 269 C.

181 329 301 371 Misit
321 328 376 371 de
398 328 523 378 coelo,
548 333 591 370 et
610 328 812 370 liberavit
830 342 916 370 me:
938 329 961 355 *

131 384 253 427 dedit
292 386 336 426 in
377 383 666 438 opprobrium
705 386 961 426 conculcan-

129 446 197 483 tes
224 453 306 482 me.

182 496 302 538 Misit
320 497 441 538 Deus
461 495 809 537 misericcrdiam
828 509 962 545 suam,

132 558 175 595 et
193 553 422 595 veritatem
440 565 574 602 suam,
588 552 613 579 *
632 557 676 593 et
696 552 855 604 eripuit
874 552 962 593 ani-

130 622 247 650 mam
277 621 421 650 meam
449 607 505 649 de
537 607 684 649 medio
717 608 962 650 catuldrum

130 665 322 706 leonum:
350 663 538 706 dormivi
565 664 863 706 conturbatus.

182 721 281 761 Filii
328 720 553 761 h6minum
602 719 756 762 dentes
811 723 963 762 e6rum

132 789 252 818 arma
271 782 314 818 et
333 778 519 827 sagittae:
539 777 563 803 *
583 781 626 817 et
644 775 792 827 lingua
811 778 962 817 earum

131 832 304 884 gladius
333 835 500 874 acutus.

181 889 390 930 Exaltare
425 900 558 940 super
594 887 733 929 coelos
764 888 905 929 Deus:
939 890 962 915 *

132 950 176 987 et
202 945 246 985 in
273 956 448 986 omnem
473 950 636 984 terram
663 943 804 993 gl6ria
830 949 916 985 tua.

181 1001 411 1053 Laqueum
459 1001 725 1052 paraverunt
774 999 962 1052 pedibus

130 1057 258 1098 meis:
287 1057 311 1083 *
340 1061 384 1098 et
410 1056 747 1097 incurvaverunt
775 1056 963 1097 animam

130 1125 285 1155 meam.

182 1167 408 1211 Foderunt
434 1173 534 1210 ante
557 1168 714 1209 faciem
735 1181 879 1209 meam
902 1169 961 1210 fc-

131 1238 273 1267 veam:
300 1226 324 1252 *
353 1229 397 1266 et
423 1223 667 1266 inciderunt
693 1224 737 1264 in
765 1237 872 1265 eam.

182 1282 389 1323 Paratum
412 1293 489 1322 cor
511 1293 658 1321 meum
681 1280 814 1330 Deus,
838 1283 962 1333 para-

130 1342 224 1379 tum
243 1349 321 1379 cor
339 1349 500 1378 meum:
522 1338 547 1364 *
567 1335 766 1386 cantabo,
787 1341 831 1378 et
848 1337 962 1389 psal-

130 1406 250 1434 mum
278 1392 432 1434 dicam.

182 1450 383 1500 Exsurge
428 1448 568 1499 gloria
611 1461 730 1498 mea,
777 1452 963 1499 exsurge

131 1505 388 1558 psalterium
412 1510 455 1547 et
480 1504 659 1546 cithara:
684 1506 708 1532 *
732 1508 964 1556 exsurgam

133 1560 339 1603 diluculo.

185 1617 442 1659 Confitebor
472 1616 554 1659 tibi
586 1617 631 1657 in
665 1617 843 1669 papulis
875 1618 963 1658 Βό-

131 1673 263 1715 mine:
290 1675 315 1700 *
340 1678 383 1715 et
406 1673 625 1726 psalmum
651 1672 794 1715 dicam
817 1673 897 1714 tibi
921 1673 964 1713 in

134 1729 364 1771 Gentibus:

185 1785 402 1835 Qu6niam
427 1785 707 1836 magnificata
733 1790 800 1826 est
824 1797 964 1836 usque

133 1840 191 1883 ad
210 1841 349 1883 coelos
367 1841 669 1883 misericardia
686 1846 773 1891 tua,
791 1841 815 1867 *
834 1846 877 1882 et
895 1854 964 1882 us-

134 1909 220 1949 que
249 1897 306 1938 ad
333 1897 472 1939 nubes
499 1897 661 1938 veritas
687 1901 774 1938 tua.

185 1952 393 1995 Exaltare
427 1965 560 2005 super
596 1952 735 1994 coelos
766 1952 906 1993 Deus:
941 1952 966 1978 *

137 2014 182 2051 et
201 2022 334 2062 super
353 2021 529 2050 omnem
544 2014 707 2050 terram
724 2008 863 2059 glcria
878 2013 966 2049 tua.

188 2066 285 2105 Ant.
323 2065 416 2106 Filii
446 2064 672 2106 h6minum
704 2063 859 2106 dentes
890 2066 960 2105 εό-

135 2134 232 2162 111111
267 2133 389 2162 arma
425 2126 469 2162 et
505 2123 696 2171 sagittae,
741 2125 785 2161 et
819 2120 966 2171 lingua

137 2179 289 2218 eorum
316 2176 489 2228 gladius
515 2180 680 2218 acutus.

186 2232 284 2273 Ant.
321 2232 603 2274 Intenderunt
622 2245 781 2274 arcum.

406 2287 605 2326 Psahnus
627 2287 690 2325 63.

134 2338 354 2443 Exaudi
389 2345 512 2386 Deus
548 2345 791 2386 orationem
823 2357 967 2386 meam

234 2414 333 2442 cum
362 2401 589 2453 deprecor:
617 2401 641 2427 *
669 2413 695 2441 a
722 2401 879 2442 tim6re
906 2401 966 2441 in-

138 2457 254 2498 imici
273 2457 394 2509 eripe
414 2457 602 2497 animam
620 2469 775 2497 meam.

189 2512 428 2554 Protexisti
453 2525 524 2554 me
553 2525 579 2553 a
607 2514 824 2554 conventu
847 2512 966 2552 mali-

139 2569 378 2618 gnantium:
396 2568 420 2594 *
440 2580 466 2609 a
487 2568 764 2610 multitudine
785 2570 966 2620 operan-

139 2624 248 2665 tium
265 2624 550 2676 iniquitatem.

194 2679 305 2729 Quia
323 2681 591 2721 exacuerunt
613 2684 662 2721 ut
680 2679 873 2730 gladium
891 2678 967 2719 lin-

142 2747 250 2786 guas
289 2747 404 2776 suas:
440 2736 463 2762 *
499 2735 778 2777 intenderunt
819 2747 968 2776 arcum

1013 341 1106 370 rem
1134 331 1346 378 amaram,
1380 333 1429 370 ut
1461 331 1668 379 sagittent
1698 329 1742 369 in
1770 341 1840 370 oc-

1014 385 1142 426 cultis
1169 384 1506 426 immaculatum.

1065 440 1219 482 Subito
1245 440 1513 491 sagittabunt
1537 453 1652 490 eum,
1686 446 1730 482 et
1753 453 1841 482 non

1013 496 1247 538 timebunt:
1275 496 1298 521 *
1327 496 1610 538 firmaverunt
1641 496 1723 538 sibi
1755 510 1841 538 ser-

1013 555 1189 594 m6nem
1207 564 1407 603 nequam.

1064 609 1364 650 Narraverunt
1417 612 1465 649 ut
1521 608 1843 650 absconderent

1013 666 1211 750 laqueos:
1239 665 1262 690 *
1291 663 1507 705 dixerunt:
1545 665 1650 714 Quis
1677 664 1843 706 videbit

1015 734 1108 762 eos.

1066 776 1256 818 Scrutati
1277 781 1378 817 sunt
1400 776 1666 828 iniquitates:
1685 777 1708 802 *
1729 776 1843 818 defe-

1015 835 1167 874 cerunt
1186 835 1432 873 scrutantes
1451 832 1671 873 scrutinio.

1066 888 1264 930 Accedet
1290 887 1423 929 homo
1453 888 1510 929 ad
1538 901 1614 929 cor
1642 888 1792 929 altum:
1819 889 1843 914 *

1015 950 1059 986 et
1078 943 1341 986 exaltabitur
1359 944 1493 985 Deus.

1066 1001 1245 1051 Sagittae
1273 999 1556 1052 parvulcrum
1588 1000 1716 1040 factae
1745 1005 1845 1041 sunt

1013 1057 1156 1109 plagae
1185 1056 1394 1097 οό111111ε*
1418 1060 1462 1097 et
1484 1056 1716 1097 infirmatae
1744 1061 1845 1097 sunt

1015 1117 1169 1154 contra
1188 1124 1265 1153 eos
1284 1112 1443 1162 linguae
1463 1114 1625 1153 earum.

1069 1167 1327 1209 Conturbati
1346 1172 1447 1208 sunt
1466 1180 1618 1209 omnes
1640 1169 1713 1219 qui
1728 1167 1844 1209 vide-

1014 1224 1121 1266 bant
1146 1236 1238 1265 eos:
1256 1223 1280 1249 *
1301 1228 1345 1264 et
1368 1223 1511 1264 timuit
1535 1224 1676 1264 omnis
1699 1223 1845 1264 homo.

1067 1281 1124 1321 Et
1148 1279 1512 1320 annuntiaverunt
1541 1281 1677 1331 Opera
1699 1279 1798 1328 Dei,
1822 1280 1845 1305 *

1016 1341 1060 1378 et
1079 1336 1195 1376 facta
1215 1335 1305 1386 ejus
1324 1334 1640 1376 intellexerunt.

1067 1390 1310 1432 Laetabitur
1333 1391 1471 1442 justus
1497 1390 1541 1430 in
1564 1391 1773 1439 1)(51111110,
1803 1395 1846 1432 et

1017 1446 1213 1500 sperabit
1231 1447 1275 1486 in
1295 1459 1364 1496 eo,
1382 1447 1406 1472 *
1427 1450 1470 1487 et
1489 1446 1783 1487 laudabuntur
1802 1459 1845 1487 0-
1893 1489 1895 1492 Α

1016 1516 1140 1545 1111108
1159 1503 1268 1544 recti
1287 1502 1432 1543 corde.

1070 1570 1167 1609 Ant.
1196 1565 1481 1609 Intenderunt
1510 1579 1659 1608 arcum
1686 1579 1780 1607 rem
1807 1579 1847 1606 a·

1015 1625 1194 1673 maram,
1214 1629 1262 1665 ut
1282 1624 1488 1673 sagittent
1506 1622 1550 1662 in
1570 1622 1754 1663 occultis
1772 1622 1846 1663 im-

1015 1680 1292 1721 maculatum.

1069 1746 1168 1785 Ant.
1203 1743 1359 1784 Factus
1379 1756 1486 1784 sum.

1287 1821 1485 1861 Psahnus
1515 1821 1577 1859 87.

1107 1894 1251 1935 amine
1275 1894 1396 1934 Deus
1424 1893 1577 1934 sallitis
1602 1905 1728 1934 meae:
1756 1892 1780 1918 *
1804 1892 1848 1932 in

1123 1950 1194 1991 die
1209 1949 1406 1998 clamavi,
1423 1955 1467 1990 et
1482 1954 1612 1990 nocte
1629 1961 1777 1990 coram
1792 1953 1847 1989 te.

1071 2007 1210 2048 Intret
1241 2006 1286 2046 in
1322 2007 1564 2058 conspectu
1596 2009 1672 2046 tuo
1706 2004 1847 2045 oratio

1017 2075 1129 2104 mea:
1148 2063 1173 2090 *
1191 2061 1353 2103 inclina
1371 2074 1521 2103 aurem
1540 2066 1662 2102 tuam
1679 2060 1736 2102 ad
1751 2073 1847 2113 pre-

1019 2132 1115 2160 cem
1133 2130 1291 2159 meam:

1071 2174 1183 2225 Quia
1223 2173 1392 2226 repleta
1433 2178 1500 2215 est
1539 2173 1666 2214 malis
1705 2172 1849 2213 anima

1018 2243 1131 2272 mea:
1154 2231 1178 2258 *
1202 2234 1246 2271 et
1268 2230 1359 2271 vita
1376 2242 1475 2271 mea
1497 2229 1666 2271 inferno
1691 2241 1848 2281 appro-

1018 2286 1258 2340 pinquavit.

1070 2343 1331 2384 AEstimatus
1351 2354 1447 2383 sum
1467 2354 1567 2383 cum
1584 2339 1847 2382 descenden-

1019 2398 1137 2440 tibus
1160 2398 1206 2439 in
1228 2398 1388 2439 lacum:
1411 2399 1436 2425 *
1459 2398 1598 2439 factus
1619 2409 1716 2437 sum
1736 2395 1849 2436 sicut

1019 2454 1152 2496 homo
1169 2454 1263 2496 sine
1278 2453 1505 2505 adjuteriQ
1521 2453 1634 2493 inter
1649 2453 1848 2492 mortuos

1019 2510 1141 2552 liber.

1072 2566 1193 2608 Sicut
1210 2565 1426 2607 vulnerati
1443 2563 1710 2605 dormientes
1724 2563 1768 2603 in
1783 2574 1846 2603 se-

1020 2622 1233 2674 pulchris,
1268 2633 1455 2673 quorum
1486 2632 1574 2661 non
1606 2632 1652 2661 es
1681 2630 1849 2659 memor

1022 2678 1223 2731 amplius:
1246 2678 1270 2704 *
1295 2681 1338 2718 et
1359 2676 1446 2728 ipsi
1465 2675 1521 2717 de
1543 2688 1673 2716 manu
1692 2679 1767 2715 tua
1785 2686 1848 2715 re-

1019 2734 1137 2786 pulsi
1156 2738 1265 2775 sunt.
