2080 2990
615 203 683 236 Dic
709 204 741 236 S.
771 204 903 237 Martii.
953 204 987 238 S.
1012 205 1176 238 Joannis
1203 205 1249 239 dc
1276 205 1357 239 Deo
1383 205 1492 239 Conf.

251 303 289 335 ln
326 302 388 335 ΙΙΙ.
424 302 532 335 Noct.
568 302 737 336 llomilia
774 303 810 335 in
846 303 1026 342 Evangel.

203 350 278 382 X'os
303 347 397 382 estis
427 346 486 381 sal
508 350 631 382 terrae.
665 350 711 382 dc
744 349 888 383 Comm.
918 350 1026 384 Doct.

200 399 224 430 1.
251 399 347 430 loco.
375 394 444 437 [64]

254 455 381 487 Lectio
411 455 457 487 ix.
492 456 537 489 dc
566 456 733 489 Humilia
767 460 800 488 ct
831 466 1026 488 commem.

200 502 320 535 Furia:
346 514 490 536 occurs.
518 504 555 536 in
581 503 789 537 Laudibus.

253 560 391 593 Postea
419 562 475 592 ὃς.
503 560 608 593 Mart
636 566 673 593 ut
700 570 827 601 supra,

251 617 365 658 chp.
393 628 413 649 a
439 617 562 659 (Iupit.
594 617 639 650 dc
670 616 861 658 sequenti.
893 627 1026 649 comm.

199 664 360 707 pricccd,
388 670 422 697 ct
448 664 577 697 Fcrizc.

455 757 538 798 Die
558 758 595 797 8.
614 757 770 798 Martii.

195 826 238 867 S.
269 825 481 867 Joannis
511 825 572 865 de
602 825 706 864 Deo
743 828 1027 868 Confessoris.

528 893 692 934 Duplex.

250 957 386 989 Omnia
419 957 464 990 dc
496 957 639 990 Connu.
673 958 780 992 Conf.
812 970 886 992 non
920 960 1026 994 Pont.

195 1002 264 1045 [67]
294 1011 433 1046 practer
459 1016 562 1047 sequ.

536 1065 698 1105 Oratio.
975 1082 978 1086 <

195 1118 375 1222 Deus,
402 1122 476 1175 qui
498 1123 677 1164 beatum
697 1123 721 1163 J
724 1125 926 1171 oannem,
949 1127 1027 1163 tuo

294 1181 443 1220 amore
470 1180 745 1228 succensum,
771 1179 884 1219 inter
908 1178 1027 1218 fiam-

194 1248 288 1276 mas
318 1235 544 1276 innoxium
576 1234 780 1275 incedere
814 1234 956 1275 fecisti
983 1239 1027 1275 et

193 1304 273 1343 per
318 1304 418 1332 eum
458 1291 703 1332 Ecclesiam
747 1296 867 1332 tuam
911 1303 1027 1331 nova

193 1347 319 1399 prole
357 1346 637 1388 foecundasti:
673 1352 852 1399 praesta,
889 1346 1027 1399 ipsius

195 1403 535 1455 suffragantibus
554 1403 736 1453 meritis3
762 1408 809 1444 ut
833 1403 932 1453 igne
959 1415 1027 1443 ca-

194 1460 335 1502 ritatis
353 1466 442 1501 tuae
458 1460 563 1501 vitia
582 1466 733 1502 nostra
750 1461 965 1509 curentur,
985 1464 1029 1500 et

193 1515 387 1557 remodia
409 1515 537 1557 nobis
566 1518 732 1558 aeterna
755 1516 1028 1568 proveniant.

193 1572 278 1613 Per
296 1573 545 1614 Dominum.

249 1642 395 1675 Deinde
424 1644 461 1675 iit
488 1653 684 1676 commem.
711 1653 823 1683 praec.

250 1695 346 1734 Ant.
371 1694 407 1732 O
427 1693 599 1735 Doctor
618 1694 796 1746 optime,
815 1693 1027 1734 Ecclesiae

194 1755 359 1791 sanctae
378 1749 541 1800 lumen,
565 1750 696 1792 beate
714 1749 901 1799 Thoma,
921 1749 1026 1791 divi-

193 1813 270 1847 nae'
298 1805 409 1857 legis
448 1809 634 1856 amator,
673 1806 913 1859 deprecare
946 1818 1027 1858 pro

193 1862 320 1904 nobis
339 1862 496 1903 Filium
514 1863 610 1904 Dei.

248 1914 296 1962 V·
314 1919 339 1959 J
341 1924 488 1960 ustum
509 1918 693 1960 deduxit
713 1918 927 1960 Dominus
946 1931 1027 1971 per

193 1974 287 2015 vias
311 1980 465 2016 rectas
505 1976 553 2025 Ra
577 1975 633 2016 Et
658 1974 851 2017 ostendit
874 1974 936 2015 illi
960 1987 1024 2016 re-

192 2043 326 2080 gnum
344 2031 438 2072 Dei.

534 2090 696 2130 Oratio.

282 2163 376 2200 eus,
407 2152 481 2203 qui
499 2151 744 2193 Ecclesiam
766 2156 887 2192 tuam
907 2151 1027 2193 beati

306 2207 493 2248 Thomae
523 2207 799 2249 Confessoris
827 2207 890 2248 tui
917 2207 1027 2249 mira

193 2262 441 2304 eruditione
455 2263 681 2312 clarificas,
699 2268 743 2305 et
759 2268 910 2305 sancta
925 2276 1027 2316 ope·

193 2319 362 2360 ratione
386 2318 632 2361 foecundas:
658 2319 715 2360 da
737 2319 882 2369 nobis,
909 2322 1025 2372 quae-

193 2387 359 2426 sumu8‚
394 2380 439 2417 et
473 2388 573 2427 quae
602 2375 766 2425 docuit,
801 2376 1027 2417 intellectu

193 2433 464 2483 conspicere,
485 2436 528 2473 et
549 2444 647 2483 quae
664 2432 762 2482 egit,
782 2431 1026 2474 imitatione

193 2487 429 2539 complere.
456 2488 542 2529 Per
560 2488 810 2529 Dominum.

248 2561 290 2594 ln
322 2561 345 2594 I.
378 2562 575 2595 Noc-turno
614 2562 814 2595 Lectiones
848 2563 893 2595 dc
926 2565 1023 2597 seri-

195 2615 305 2653 ptura
332 2614 564 2643 occurrente

248 2666 286 2699 In
314 2665 505 2704 [nundi-ug.
540 2667 681 2702 Beatus
709 2668 779 2703 vir.
810 2667 856 2700 dc
889 2668 1022 2701 codem

195 2714 396 2747 Communi
423 2716 450 2745 2,
478 2714 573 2746 luco,
599 2715 668 2758 [77]

1317 301 1366 339 In
1384 301 1434 339 II.
1455 301 1678 340 Nocturno.

1386 356 1537 397 Lectio
1558 357 1610 397 iv.

1096 427 1121 450 u
1157 422 1182 458 ,a
1196 410 1361 449 oannes
1390 406 1446 448 de
1474 407 1571 448 Deo
1599 419 1655 448 ex
1687 407 1913 449 catholicis

1086 459 1123 520 Ἰ(ᾖ,
1152 463 1157 503 3
1187 483 1188 486 ¹
1212 464 1386 516 piisque
1404 463 1661 516 parentibus
1681 463 1724 503 in
1744 462 1912 516 oppido

1092 520 1101 540 ἒ
1146 513 1189 540 ‘³²¹
1212 519 1376 560 Montis
1392 519 1580 570 Maioris,
1596 519 1777 571 junioris
1792 519 1913 569 regni

1081 575 1319 617 Lusitaniae
1342 580 1486 625 natus,
1513 588 1645 627 quam
1669 575 1913 621 sublimiter

1081 632 1125 672 in
1157 637 1322 673 sortem
1355 632 1533 672 Domini
1570 632 1701 673 fuerit
1736 631 1913 681 electus,

1080 688 1279 729 insuetus
1299 686 1509 739 splendor
1524 700 1657 739 super
1672 688 1763 739 ejus
1779 685 1913 728 domo

1080 743 1317 794 refalgens,
1343 743 1601 795 sonitnsque
1622 743 1721 784 aeris
1742 744 1914 794 campa·

1082 800 1125 839 ni
1145 813 1224 840 sua
1244 804 1402 852 sponte
1422 801 1619 848 emissuS,
1638 799 1693 840 ab
1708 799 1807 851 ipso
1824 799 1915 849 ejus

1082 855 1323 897 nativitatis
1354 857 1574 908 tempore,
1606 867 1694 896 non
1727 854 1914 896 obscure

1080 911 1442 963 praenuntiarunt.
1483 911 1525 951 A
1554 911 1711 952 laxiori
1738 909 1915 951 vivendi

1080 968 1269 1017 ratione,
1307 967 1454 1009 divina
1492 969 1718 1020 operante>
1741 966 1914 1017 vittate,

1081 1026 1330 1074 revocatus,
1362 1036 1535 1073 magnae
1568 1023 1811 1065 sanctitatis
1843 1035 1913 1064 ex-

1081 1078 1232 1121 hibere
1258 1080 1483 1132 specimen
1507 1079 1659 1132 coepit,
1688 1085 1732 1121 et
1758 1079 1816 1120 ob
1843 1093 1915 1121 au-

1081 1135 1217 1177 ditam
1236 1135 1598 1188 praedicationem
1612 1135 1736 1177 verbi
1749 1136 1834 1177 Dei
1851 1136 1914 1178 sic

1081 1191 1139 1232 ad
1157 1192 1342 1233 meliora
1361 1205 1409 1233 se
1430 1192 1671 1233 excitatum
1692 1191 1843 1242 sensit,
1866 1197 1915 1234 ut

1080 1248 1164 1299 jam
1194 1247 1249 1289 ab
1278 1248 1378 1300 ipso
1408 1247 1641 1289 sanctioris
1667 1247 1770 1289 vitae
1799 1248 1913 1290 rudi-

1080 1306 1228 1345 mento
1255 1306 1605 1345 consummatum
1629 1303 1796 1355 aliquid
1817 1317 1914 1357 per-

1081 1360 1332 1413 fectamque
1357 1361 1478 1402 visus
1503 1361 1560 1402 sit
1585 1361 1792 1410 attigisse.
1828 1360 1913 1403 Bo-

1080 1417 1147 1457 nis
1181 1417 1383 1458 omnibus
1413 1417 1457 1457 in
1484 1420 1705 1470 pauperes
1734 1418 1913 1459 carceri-

1080 1472 1164 1514 bus
1189 1473 1382 1514 inclusos
1408 1473 1618 1524 erogatis,
1645 1471 1914 1515 admirabilis

1081 1529 1365 1581 poenitentiae,
1388 1531 1544 1581 suique
1564 1529 1703 1581 ipsius
1723 1531 1915 1571 contem-

1080 1590 1184 1637 ptus
1218 1590 1377 1626 cuncto
1410 1586 1579 1638 populo
1613 1585 1916 1638 spectaculum

1080 1641 1239 1691 factus,
1275 1655 1300 1682 a
1331 1641 1575 1694 plerisque,
1609 1654 1689 1683 ceu
1722 1641 1915 1692 demens,

1080 1698 1274 1747 graviter
1326 1697 1533 1747 afflictus,
1590 1698 1634 1738 in
1691 1700 1915 1740 carcerem

1082 1753 1328 1795 amentibus
1370 1753 1636 1795 destinatum
1677 1754 1915 1805 conjicitur.

1081 1809 1142 1850 At
1160 1809 1184 1849 J
1187 1811 1352 1851 oannes
1376 1809 1548 1851 coelesti
1573 1810 1755 1852 caritate
1774 1811 1914 1861 magis

1081 1865 1300 1915 incensus,
1325 1866 1500 1918 gemino
1521 1870 1653 1918 atque
1672 1866 1821 1919 amplo
1842 1880 1914 1908 va-

1080 1921 1343 1963 letudinario
1361 1935 1415 1963 ex
1430 1922 1605 1974 piorum
1623 1922 1916 1975 eleemosynis

1080 1978 1123 2018 in
1161 1978 1338 2020 civitate
1376 1979 1640 2020 Granatensi
1676 1983 1915 2029 exstructo,

1080 2035 1284 2086 jactoque
1302 2035 1407 2076 novi
1428 2033 1596 2076 ordinis
1616 2034 1914 2086 fundamento,

1080 2090 1326 2132 Ecclesiam
1366 2103 1482 2132 nova
1521 2091 1648 2143 prole
1689 2091 1913 2133 foecunda-

1080 2147 1143 2188 vit
1164 2147 1347 2188 fratrum
1366 2146 1705 2199 Hospitalitatis,
1729 2147 1914 2189 infirmis

1079 2202 1298 2255 praeclaro
1320 2203 1563 2244 animarum
1586 2206 1913 2256 corporumque

1079 2258 1282 2311 profectu
1317 2258 1669 2310 inservientium,
1705 2265 1749 2301 et
1783 2259 1913 2311 longe

1079 2314 1257 2366 lateque
1280 2327 1361 2367 per
1388 2313 1543 2355 orbem
1568 2314 1837 2356 diffusorum.

1134 2374 1183 2425 R.
1210 2371 1459 2413 Honestum
1484 2370 1589 2412 fecit
1615 2370 1737 2412 illum
1763 2371 1912 2413 Domi-

1080 2441 1176 2479 nus,
1203 2432 1246 2469 et
1266 2427 1503 2470 custodivit
1522 2440 1622 2469 eum
1641 2426 1695 2469 ab
1716 2427 1915 2479 inimicis,

1080 2489 1125 2525 et
1153 2496 1179 2525 a
1207 2483 1516 2525 seductoribus
1542 2483 1703 2525 tutavit
1725 2483 1863 2525 illum:
1887 2486 1908 2508 *

1078 2540 1135 2581 Et
1167 2539 1290 2581 dedit
1320 2539 1382 2580 illi
1416 2539 1658 2581 claritatem
1691 2542 1913 2581 aeternam.

1081 2590 1130 2641 V.
1162 2596 1336 2637 Justum
1369 2594 1554 2638 deduxit
1585 2596 1801 2637 Dominus
1833 2609 1914 2649 per

1081 2652 1174 2693 vias
1194 2656 1353 2701 rectaS,
1373 2657 1418 2693 et
1438 2651 1632 2694 ostendit
1650 2652 1713 2693 illi
1731 2665 1914 2704 regnum

1080 2708 1175 2751 Dei.
1202 2707 1260 2749 Et
1281 2707 1413 2750 dedit.
