2080 2990
479 259 549 293 Die
579 259 626 292 17.
650 259 758 293 Febr.

186 354 230 387 In
253 353 318 388 ΠΙ.
339 354 538 389 Nocturno
563 355 734 389 Homilia
759 356 797 390 in
818 356 962 399 Evang.

136 399 268 436 Simile
292 400 366 435 erit
383 410 554 444 regnum.
577 403 623 436 de
646 403 782 437 eodem
800 404 964 438 Comuni

136 449 164 483 1.
187 450 286 484 loco.
310 447 381 491 [93]
416 450 460 483 In
485 450 677 497 Quadi-ag.
696 451 826 485 Lectio
848 453 897 486 ix.
917 453 963 486 de

134 496 275 531 Homil.
303 500 339 530 et
362 506 559 531 commem.
585 498 719 532 Feriae.

345 581 430 622 Die
449 581 507 622 17.
526 581 763 623 Februarii.

111 646 288 695 *Fugae
307 645 362 686 D.
385 646 438 686 N.
462 646 504 686 J.
530 646 576 686 Ο.
600 644 654 685 in
676 644 965 695 AEgyptum.

397 707 553 749 Duplex
569 707 703 749 majus.

347 771 409 812 In
434 770 472 810 Ι.
501 769 752 819 vesperis.

186 831 274 864 Ant.
300 835 336 864 et
360 830 453 874 Cap.
481 832 527 864 de
552 832 672 866 Laud.
699 830 808 873 [297]‚
840 832 899 866 Ps.
924 838 964 867 ut

135 877 175 911 in
198 877 325 912 Festis
349 878 390 912 Β.
414 879 461 912 Μ.
486 879 530 913 V.
559 878 650 922 [133]

444 931 654 981 Hymnus.

250 999 375 1037 egem
392 987 634 1028 tremendae
653 986 806 1037 gloriae

257 1042 325 1083 De
342 1043 478 1095 stirpe
492 1046 758 1095 promissum
773 1040 966 1082 Abrahae

214 1098 413 1147 Venisse,
433 1111 558 1149 reges
578 1098 786 1147 indicant;

213 1153 466 1206 Natumque
485 1155 579 1205 regi
596 1154 806 1195 nuntiant.

170 1219 396 1271 Tyrannus
414 1220 479 1260 ira
498 1220 691 1268 fluctuat,

213 1275 347 1316 Morti
364 1275 564 1316 Puellum
583 1275 782 1323 destinat,

213 1330 301 1372 Sed
319 1331 459 1382 Virgo
479 1331 620 1372 Mater
639 1330 813 1372 co'elitus

212 1386 394 1437 Edecta,
413 1387 529 1428 ferro
550 1386 779 1428 subtrahit.

166 1451 344 1492 Deferre
363 1457 513 1493 natum
532 1451 589 1493 ad
608 1453 781 1492 exteras

213 1507 411 1550 Festinat
428 1507 613 1560 AEgypti
630 1507 794 1559 plagas,

212 1563 308 1604 Nec
326 1564 411 1614 jam
431 1564 628 1616 quiescit,
647 1562 806 1602 Filium

215 1619 456 1672 Quousque
475 1624 618 1661 tutum
638 1617 863 1670 conspicit.

167 1686 224 1725 At
241 1688 290 1725 tu
308 1697 467 1737 parens
486 1683 735 1732 fortissima,

215 1740 324 1789 Quae
345 1745 497 1781 sancto
518 1741 667 1781 amere
687 1738 836 1780 saucia

217 1794 420 1837 Adversa
439 1808 628 1848 quaeque
648 1794 852 1847 despicis,

214 1851 440 1903 Fugaeque
460 1851 619 1892 damna
637 1851 842 1892 sustines:

170 1916 274 1956 Tuis
293 1915 448 1957 adesto
468 1914 653 1956 servulis

217 1971 368 2012 Rebus
388 1970 636 2023 quibusque
654 1970 697 2010 in
717 1968 876 2018 arduis,

217 2028 338 2077 Quos
358 2027 488 2080 culpa
507 2026 609 2068 fecit
628 2025 812 2074 exsules,

215 2083 380 2124 Redire
399 2083 468 2124 fac
486 2083 530 2122 in
547 2082 747 2135 patriam.

167 2149 282 2197 Jesu,
300 2147 379 2188 tibi
399 2147 454 2188 sit
473 2146 622 2198 gleria,

217 2203 301 2254 Qui
319 2208 447 2244 natus
467 2215 514 2243 es
535 2201 589 2244 de
607 2200 800 2251 Virgine,

218 2259 328 2301 Cum
346 2259 477 2300 Patre
497 2263 540 2300 et
560 2258 674 2299 almo
694 2257 858 2309 Spiritu

215 2315 267 2355 In
286 2315 553 2367 sempiterna
574 2313 745 2355 saecula.
773 2313 926 2354 Amen.

140 2421 177 2456 Η
195 2374 258 2410 Sic
291 2373 543 2409 terminantur
574 2371 719 2417 Hymni
753 2360 803 2407 ad
836 2382 968 2407 omnes

181 2432 280 2457 oras.
312 2432 315 2435 ·

195 2469 246 2520 V.
280 2473 466 2526 Accepit
499 2472 667 2525 Joseph
697 2472 888 2512 Puerum
926 2475 969 2512 et

140 2530 327 2571 Matrem
349 2530 440 2581 ejus
459 2534 599 2570 nocte.
635 2531 685 2581 K.
708 2528 764 2568 Et
788 2526 970 2568 secessit

140 2586 184 2626 in
203 2587 456 2638 AEgyptum.

195 2639 267 2680 Ad
290 2640 464 2691 Magnif.
499 2643 596 2683 Ant.
632 2642 748 2682 Ecce
774 2638 970 2689 Angelus
1026 2633 1086 2664 ἐν

142 2696 320 2738 Demini
338 2696 543 2748 apparuit
560 2696 604 2736 in
624 2696 788 2737 somnis
803 2695 827 2735 J
831 2694 970 2746 oseph

143 2752 306 2794 dicens:
325 2752 473 2802 Surge,
493 2756 536 2793 et
555 2752 706 2804 accipe
720 2752 910 2792 Puerum
928 2754 972 2790 et

297 2893 362 2917 Pars
379 2893 513 2918 Hiemalis.

806 259 925 301 Fugae
948 258 992 291 D.
1018 258 1062 291 N.
1087 259 1119 291 J.
1147 259 1185 291 C.
1212 259 1247 291 in
1275 259 1496 301 ilssgyptuni.

1018 351 1205 391 Matrem
1224 352 1329 402 ejus,
1349 356 1393 393 et
1411 352 1511 403 fuge
1530 352 1573 392 in
1592 353 1845 405 AEgthum,

1018 411 1063 447 et
1090 411 1186 447 esto
1212 407 1273 448 ibi
1296 420 1436 459 usque
1460 407 1564 449 dum
1588 408 1730 449 dicam
1753 409 1845 450 tibi:

1017 462 1212 503 futurum
1227 468 1292 504 est
1307 465 1432 513 enim,
1449 469 1496 505 ut
1509 463 1712 505 Herodes
1729 477 1844 515 quae-

1017 523 1086 559 rat
1104 519 1293 560 Puerum
1311 519 1368 560 ad
1387 518 1660 571 perdendum
1680 532 1788 560 eum.

1356 578 1518 618 Oratio.

1101 632 1296 671 rotector
1310 630 1353 670 in
1366 635 1410 671 te
1421 631 1700 682 sperantium,
1714 631 1846 680 Deus,

1127 686 1201 737 qui
1219 686 1501 736 Unigenitum
1519 691 1642 727 tuum
1661 686 1846 727 Redem-

1017 744 1192 794 pterem
1216 747 1431 791 nostrum,
1460 754 1514 783 ex
1540 742 1731 783 Heredis
1758 739 1846 793 gla-

1019 797 1092 839 dio
1119 798 1220 849 fuga
1243 799 1286 838 in
1309 799 1553 850 AEgyptum
1578 800 1746 850 eripere
1773 811 1846 839 vo-

1020 854 1153 895 luisti:
1185 853 1378 895 concede
1406 853 1536 894 nobi-s
1564 853 1734 894 famulis
1761 854 1847 895 tuis

1018 909 1271 951 beatissima
1316 922 1489 961 semper
1530 909 1712 959 Virgine
1758 911 1847 961 ejus

1018 971 1158 1007 matre
1190 966 1328 1006 Maria
1359 964 1673 1012 intercedente:
1713 971 1762 1006 ut
1792 965 1846 1006 ab

1020 1021 1220 1062 omnibus
1248 1022 1406 1062 mentis
1439 1026 1482 1061 et
1510 1021 1710 1072 cerporis
1738 1024 1848 1073 peri-

1020 1077 1127 1118 culis
1146 1077 1328 1127 liberati,
1349 1077 1405 1118 ad
1422 1077 1648 1118 coelestem
1662 1077 1849 1129 patriam

1019 1135 1248 1185 pervenire
1267 1135 1523 1174 mereamur.
1546 1132 1631 1173 Per
1647 1132 1850 1173 eumdem

1019 1189 1256 1230 Deminum
1274 1194 1481 1230 nostrum.

1073 1251 1116 1283 In
1140 1250 1331 1291 Quadrag.
1357 1250 1398 1283 fit
1422 1258 1616 1283 commem.
1641 1247 1773 1281 Furiae.

1184 1320 1272 1360 Ad
1303 1319 1689 1360 matutinum.

1073 1378 1197 1418 Invit.
1225 1376 1499 1417 Salvaterem
1517 1376 1755 1417 Deminum
1775 1388 1847 1416 no-

1020 1437 1158 1473 strum
1185 1433 1209 1473 J
1213 1445 1335 1473 esum
1363 1431 1582 1474 Christum
1615 1431 1850 1482 fugientem

1020 1489 1063 1529 in
1088 1489 1348 1541 AEgyptum,
1372 1492 1394 1515 *
1419 1488 1579 1529 Venite
1605 1486 1850 1528 adoremus.

1072 1547 1139 1585 Ps.
1166 1546 1332 1594 Venite,
1353 1543 1630 1585 exsultemus.
1649 1544 1686 1583 2.

1073 1602 1283 1653 Hymnus.
1318 1602 1482 1651 Regem
1500 1597 1741 1640 tremendae
1760 1597 1849 1648 gle-

1021 1656 1108 1697 riae.
1129 1664 1176 1699 ut
1197 1669 1339 1711 supra.

1258 1738 1307 1776 In
1335 1737 1365 1775 I.
1394 1736 1616 1775 Nocturno.

1075 1797 1175 1837 Ant.
1203 1793 1386 1845 Accepit
1405 1793 1430 1833 J
1433 1791 1573 1843 oseph
1595 1791 1782 1831 Puerum
1807 1795 1851 1830 et

1021 1849 1207 1890 Matrem
1235 1850 1325 1900 ejus
1352 1853 1498 1896 nocte,
1527 1852 1570 1888 et
1598 1846 1779 1887 secessit
1805 1845 1851 1885 in

1020 1905 1276 1956 AEgJ'thum.

1075 1965 1137 1998 Ps.
1159 1964 1275 1998 trium
1292 1963 1328 1997 N
1332 1967 1579 1997 octurnorum
1602 1965 1641 1995 ut
1662 1960 1701 1993 in
1723 1960 1753 1993 F
1757 1960 1849 1993 estis

1021 2012 1063 2047 B.
1088 2012 1135 2046 M.
1160 2011 1205 2046 V.
1229 2010 1320 2054 [136]

1072 2062 1175 2104 Ant.
1210 2063 1317 2103 Erat
1343 2061 1404 2103 ibi
1431 2073 1571 2112 usque
1598 2058 1655 2100 ad
1683 2058 1851 2100 ebitum

1021 2116 1227 2159 Heredis.

1075 2178 1176 2216 Ant.
1202 2173 1300 2215 Fuit
1322 2172 1537 2214 Deminus
1561 2183 1661 2212 cum
1683 2170 1708 2210 J
1711 2168 1851 2221 oseph

1021 2229 1066 2269 in
1085 2229 1293 2281 AEgypto.

1075 2282 1128 2333 V.
1162 2285 1231 2325 Ex
1257 2285 1465 2337 AEgypto.
1508 2286 1558 2337 RI-
1587 2280 1758 2324 Vocavi
1782 2280 1849 2320 Fi-

1022 2340 1128 2381 lium
1145 2353 1304 2381 meum.

1210 2412 1276 2451 De
1300 2408 1416 2450 Osea
1438 2406 1670 2459 Propheta.

1127 2471 1280 2512 Lectio
1303 2471 1329 2510 i.
1575 2467 1676 2517 Cap.
1697 2465 1746 2503 11.

1127 2526 1218 2566 icut
1235 2537 1362 2566 mane
1382 2523 1572 2571 transiit,
1599 2520 1851 2574 pertransiit

1065 2577 1118 2636 ζ
1145 2593 1223 2622 rex
1249 2579 1397 2621 Israel.
1433 2579 1543 2628 Quia
1567 2589 1677 2630 puer
1702 2574 1849 2624 Israel,

1146 2642 1190 2678 et
1213 2635 1347 2677 dilexi
1371 2647 1483 2676 eum:
1509 2638 1553 2675 et
1577 2645 1631 2673 ex
1654 2632 1849 2682 AEgypto

1024 2693 1181 2734 vocavi
1198 2692 1355 2733 Filium
1378 2703 1534 2732 meum.
1568 2689 1850 2729 Vocaverunt

1025 2762 1120 2798 eos,
1155 2749 1217 2789 sic
1251 2747 1450 2788 abierunt
1482 2758 1508 2786 a
1540 2744 1648 2785 facie
1683 2744 1850 2783 eerum:

1592 2874 1644 2908 Τ*
