2080 2990
559 213 630 247 Dic
654 215 683 248 ἶ),
709 214 796 249 Dec.
843 216 878 249 S.
903 216 1085 250 stanislai
1106 217 1269 252 Kostkae
1294 219 1401 252 (lons.
1779 214 1822 248 7*

462 304 625 345 Oratio.

220 373 312 410 eus,
339 361 412 413 qui
434 361 546 403 inter
565 363 709 403 cetera
728 362 954 415 sapientiae

223 421 312 458 tuae
330 417 553 467 miracula,
582 419 711 459 etiam
736 419 779 459 in
804 421 954 461 tenera

132 476 263 515 aetate
287 476 470 515 maturae
499 474 743 515 sanctitatis
771 475 954 525 gratiam

132 529 367 572 contulisti:
393 529 450 571 da
474 532 738 582 quaesumus3
766 535 814 572 ut
836 531 955 573 beati

131 586 335 628 Stanislai
355 586 572 639 exemplo,
598 591 772 639 tempus
795 587 954 629 instan-

131 648 198 684 ter
217 642 445 696 operando
465 643 744 692 redimentes,
770 644 814 684 in
833 646 953 685 aeter-

131 713 231 741 nam
265 699 435 750 ingredi
466 700 662 752 requiem
692 699 954 742 festinemus.

130 756 214 798 Per
233 756 478 797 Dominum.

184 820 227 854 In
260 820 286 854 l.
322 820 519 869 Nocturno
547 819 750 854 Lectiones
785 821 831 855 dc
860 823 956 855 Scri-

133 873 245 912 ptura
271 874 503 902 occurrente.

363 931 411 968 In
432 930 482 968 II.
503 930 538 968 N
541 930 726 968 octurno.

435 989 584 1029 Lectio
607 990 657 1028 iv.

139 1052 186 1101 *4124
199 1046 462 1112 f'ltanislaus,
507 1047 727 1088 senatoria
762 1047 954 1089 Kostka-

142 1103 227 1171 ({j
253 1116 348 1144 rum
383 1108 513 1155 gente
542 1108 665 1144 ortus
692 1103 735 1143 in
763 1104 954 1154 Polonia,

145 1162 227 1186 Χ*’
254 1172 383 1212 quam
407 1160 512 1201 olim
537 1164 653 1201 esset
676 1159 883 1201 militiam·
893 1173 954 1201 se-

132 1218 322 1266 cuturus,
341 1229 501 1258 nomen
515 1216 539 1257 J
542 1229 619 1257 esu
636 1217 955 1269 praenuntiavit,

131 1272 339 1324 pariturae
370 1274 522 1314 matris
554 1273 720 1324 gremio
749 1272 955 1314 divinitus

133 1328 400 1382 inscriptum.
461 1330 770 1381 Virginitatem
815 1329 956 1371 adhuc

134 1398 244 1438 puer
262 1386 324 1427 ita
343 1386 493 1436 coluit,
513 1391 561 1427 ut
579 1388 760 1438 paterna
778 1386 822 1426 in
839 1399 956 1427 men-

133 1454 183 1483 sa
216 1442 253 1483 si
286 1442 391 1494 quid
421 1443 564 1484 minus
596 1442 756 1495 pudice
793 1442 957 1483 dictum

133 1497 343 1549 audisset,
387 1512 481 1552 prae
521 1499 706 1541 horrore
748 1499 957 1540 exanimis

134 1557 370 1597 corrueret.
414 1555 488 1597 Ad
513 1555 764 1597 Viennense
796 1556 839 1596 in
870 1555 957 1596 Au-

134 1612 241 1654 stria
259 1612 539 1654 seminarium
563 1611 807 1654 studiorum
827 1624 958 1653 causa

133 1668 310 1718 missus,
336 1681 425 1710 non
448 1669 590 1711 minus
610 1669 811 1721 exemplo
832 1668 957 1710 soda-

133 1724 248 1767 libus
273 1738 404 1778 quam
426 1725 697 1767 venerationi
718 1725 809 1767 fuit.
851 1725 958 1766 Coa-

135 1785 232 1823 ctus
258 1780 360 1823 inde
385 1782 429 1822 in
453 1781 671 1824 lutherani
697 1781 884 1834 hospitis
904 1794 957 1822 ae-

134 1837 212 1880 des
231 1837 435 1890 migrare,
453 1838 602 1891 ibique
623 1851 648 1880 a
666 1837 803 1879 Paulo
824 1837 957 1879 fratre

134 1894 191 1936 ad
225 1894 477 1936 liberiorem
508 1896 644 1936 vitam
679 1894 796 1935 omni
828 1894 958 1935 etiam

135 1951 422 2004 asperitatum
445 1953 604 2002 genere
632 1950 855 1999 incitatus,
882 1949 957 1990 do-

133 2007 362 2050 mesticum
379 2007 543 2050 bellum
555 2012 652 2049 toto
667 2006 840 2049 biennio
859 2018 957 2047 con-

134 2064 399 2106 stantissime
435 2064 655 2113 sustinuit,
701 2062 758 2104 ad
794 2064 958 2103 aeterna

134 2133 192 2170 se,
210 2133 298 2162 non
312 2120 370 2162 ad
384 2119 550 2162 caduca
563 2125 713 2161 natum
726 2118 957 2160 affirmans.

134 2177 290 2230 Itaque
312 2177 489 2218 unicum
510 2176 574 2217 illi
598 2180 691 2218 erat
709 2188 854 2217 rerum
873 2187 956 2215 coe-

134 2233 307 2275 lestium
325 2233 603 2282 desiderium,
626 2233 840 2285 perpetua
858 2243 957 2272 cum

135 2290 232 2331 Deo
261 2289 552 2339 consuetudo,
586 2289 728 2330 cultus
752 2288 957 2340 Deiparae

137 2345 248 2388 adeo
267 2351 407 2396 tener,
433 2350 483 2387 ut
499 2350 684 2387 matrem
703 2343 957 2386 suavissime

136 2402 388 2455 appellaret.
424 2402 475 2453 Rv.
509 2402 756 2444 Honestum
773 2400 887 2442 fecit.
905 2401 957 2440 4*

445 2459 595 2500 Lectio
618 2473 652 2498 V.

220 2515 456 2557 uotidianae
475 2514 619 2556 fratris
634 2512 855 2555 vexationi
868 2524 956 2553 cre-

229 2571 309 2614 bra
328 2572 423 2625 ipse
442 2571 611 2624 jejunia,
628 2569 813 2620 flagella,
833 2568 956 2609 alios-

137 2641 222 2681 que
249 2628 433 2670 insontis
461 2626 711 2680 corpusculi
740 2625 957 2666 cruciatus

137 2684 357 2737 adjiciens,
384 2683 591 2726 lethalem
612 2684 657 2724 in
678 2681 880 2724 morbum
896 2683 956 2721 in-

137 2740 254 2783 cidit.
282 2741 379 2791 Quo
398 2741 739 2792 ingravescente,
759 2750 857 2779 cum
872 2736 956 2778 dae-

1005 320 1179 350 monem
1203 308 1407 352 horrendi
1426 311 1543 352 canis
1563 310 1708 363 specie
1727 310 1824 351 insi-

1004 364 1181 406 lientem
1209 365 1332 416 signo
1362 367 1500 408 crucis
1527 372 1594 408 ter
1620 367 1824 418 fugasset,

1005 433 1177 462 sacrum
1195 422 1428 472 viaticum,
1456 423 1575 475 quod
1592 423 1637 463 in
1657 422 1824 464 haereti-

1006 490 1057 518 ca
1076 478 1208 518 domo
1227 477 1492 521 decumbens
1507 480 1668 521 frustra
1682 479 1735 520 ab
1750 479 1825 520 ho-

1004 533 1192 575 minibus
1212 534 1406 586 petebat,
1434 535 1488 577 ab
1508 535 1687 587 Angelis
1706 537 1824 576 acce-

1004 590 1078 641 pit.
1122 590 1228 631 Mox
1258 590 1315 632 ad
1345 592 1470 643 pueri
1501 592 1605 633 Jesu
1637 591 1824 643 comple-

1004 660 1108 687 xum
1134 659 1160 687 a
1186 646 1436 688 beatissima
1473 649 1562 698 ejus
1588 648 1728 689 Matre
1757 649 1825 689 co-

1005 703 1132 744 miter
1151 702 1376 753 admissus,
1396 716 1446 744 ac
1460 704 1668 745 Societati
1686 704 1826 755 jussus

1006 771 1165 820 nomen
1185 758 1300 810 dare,
1321 759 1466 801 subito
1486 760 1716 802 convaluit.
1740 759 1827 801 Sed

1007 827 1106 856 cum
1130 815 1296 856 aditum
1321 816 1377 857 ad
1399 816 1518 857 illam
1542 816 1678 869 patris
1696 816 1827 858 timor

1005 871 1049 911 in
1068 871 1301 913 Germania
1319 872 1621 924 praecluderet,
1641 874 1826 924 peregri-

1006 928 1050 968 ni
1068 927 1234 977 habitu,
1263 928 1398 978 solus,
1425 929 1574 981 pedes,
1601 928 1827 970 mendicus

1006 984 1151 1035 fugam
1176 985 1343 1037 arripit,
1375 990 1520 1026 certus
1547 997 1636 1026 non
1663 987 1827 1034 sistere,

1007 1040 1089 1081 nisi
1103 1042 1194 1082 voti
1214 1054 1395 1093 compos
1414 1041 1500 1083 fiat.
1527 1042 1616 1083 Iter
1634 1053 1721 1082 non
1739 1053 1826 1081 uno

1007 1097 1091 1138 Dei
1104 1097 1315 1139 beneficio
1330 1100 1590 1150 prosperum
1603 1097 1692 1139 fuit.
1715 1097 1828 1138 Nam

1008 1159 1169 1207 praeter
1202 1155 1300 1205 alia,
1332 1154 1456 1196 Pauli
1487 1154 1720 1207 profugum
1746 1154 1826 1194 fra-

1007 1217 1118 1253 trem
1137 1213 1220 1263 jam
1240 1211 1512 1263 assequentis
1533 1211 1646 1263 equi,
1669 1211 1827 1251 immis-

1008 1281 1057 1309 so
1079 1268 1282 1309 divinitus
1301 1270 1497 1320 torpore,
1524 1267 1827 1316 constiterunt3

1009 1329 1051 1366 et
1069 1324 1308 1367 Stanislaus
1330 1323 1599 1374 Angelorum
1620 1336 1733 1376 pane
1753 1325 1827 1364 ite-

1008 1395 1104 1423 rum
1136 1381 1329 1432 angelico
1361 1380 1602 1422 ministerio
1630 1380 1827 1430 refectus,

1008 1443 1109 1491 post
1142 1437 1377 1479 duodecies
1412 1438 1594 1478 centena
1620 1438 1828 1489 passuum

1007 1495 1155 1545 millia,
1187 1494 1364 1536 tandem
1392 1495 1547 1535 Romae
1572 1494 1615 1534 in
1639 1493 1828 1534 Societa-

1008 1557 1098 1593 tem
1116 1551 1220 1593 Jesu
1245 1564 1270 1592 a
1295 1555 1445 1592 sancto
1466 1551 1698 1591 Francisco
1722 1549 1828 1591 Bor-

1009 1608 1079 1659 gia
1103 1607 1294 1659 generali
1318 1607 1559 1660 praeposito
1582 1606 1738 1647 meruit
1761 1618 1828 1647 co-

1010 1665 1165 1717 optari.
1218 1667 1267 1717 lxffv.
1292 1664 1469 1706 Amavit
1489 1676 1597 1705 eum.
1623 1663 1675 1703 4*

1310 1723 1461 1764 Lectio
1482 1723 1534 1762 vi.

1013 1776 1224 1881 Tironis
1257 1777 1422 1820 emeriti
1452 1776 1634 1817 virtutes
1664 1775 1707 1815 in
1735 1774 1829 1815 reli-

1099 1835 1234 1886 giosae
1267 1834 1368 1875 vitae
1407 1834 1612 1886 palaestra
1643 1830 1828 1884 splendi-

1010 1892 1107 1933 dius
1152 1891 1340 1940 eluxere3
1386 1890 1542 1932 caritas
1586 1886 1829 1940 praesertim

1010 1960 1113 1999 erga
1131 1948 1290 1996 Deum,
1315 1947 1358 1987 in
1384 1959 1513 1999 quem
1537 1944 1710 1986 assidue
1729 1943 1827 1984 alie-

1008 2007 1111 2046 nata
1134 2016 1159 2045 a
1183 2003 1382 2045 sensibus
1404 2007 1548 2043 mente
1571 2000 1829 2053 rapiebatur.

1008 2060 1117 2102 Inde
1152 2060 1214 2101 illi
1249 2060 1380 2102 facies
1422 2070 1594 2111 semper
1630 2058 1828 2105 accensa,

1009 2119 1335 2168 nonnumquam
1376 2114 1567 2163 radians,
1615 2115 1828 2166 perennes

1009 2173 1215 2223 lacrimae3
1239 2172 1371 2214 ardor
1389 2171 1581 2225 pectoris
1599 2174 1759 2218 tantus,
1781 2172 1830 2209 ut

1008 2229 1153 2271 media
1174 2241 1349 2281 quoque
1368 2228 1510 2269 hieme
1533 2227 1644 2268 foret
1661 2225 1830 2275 ingesta

1009 2283 1246 2327 identidem
1257 2284 1401 2336 gelida
1410 2281 1729 2336 temperandus.
1745 2281 1827 2321 Ita-

1010 2355 1094 2394 que
1127 2344 1275 2383 amore
1306 2341 1450 2383 verius
1484 2352 1612 2392 quam
1638 2336 1747 2379 febri
1774 2338 1827 2377 ae-

1010 2403 1173 2448 stuans,
1211 2397 1280 2440 die
1318 2401 1554 2449 assumptae
1589 2394 1633 2435 in
1669 2392 1829 2435 coelum

1009 2455 1178 2505 Virgini
1193 2466 1328 2503 sacro,
1348 2453 1404 2495 ad
1419 2454 1508 2505 ejus
1521 2448 1829 2502 triumphalem

1008 2524 1216 2564 pompam
1261 2510 1459 2563 propius,
1502 2513 1549 2549 ut
1589 2507 1827 2559 optaverat,

1010 2567 1303 2620 spectandam,
1318 2566 1373 2607 ab
1387 2566 1483 2618 ipsa
1495 2564 1722 2606 beatarum
1730 2561 1825 2603 Vir-

1009 2624 1157 2675 ginum
1188 2622 1323 2665 choro
1357 2622 1518 2674 stipata
1547 2621 1728 2661 vocatus
1760 2622 1827 2659 est

1010 2693 1064 2721 ex
1079 2678 1289 2731 Quirinali
1306 2678 1437 2720 domo
1455 2675 1736 2730 probationis,
1755 2686 1825 2715 an-

1008 2749 1067 2778 no
1086 2735 1326 2777 innocentis
1345 2734 1446 2776 vitae
1471 2733 1639 2775 decimo
1659 2732 1825 2780 octavo,
