<?xml version="1.0" encoding="UTF-8"?>
<!DOCTYPE html PUBLIC "-//W3C//DTD XHTML 1.0 Transitional//EN"
    "http://www.w3.org/TR/xhtml1/DTD/xhtml1-transitional.dtd">
<html xmlns="http://www.w3.org/1999/xhtml" xml:lang="en" lang="en">
 <head>
  <title>
</title>
<meta http-equiv="Content-Type" content="text/html;charset=utf-8" />
  <meta name='ocr-system' content='tesseract 3.04.00' />
  <meta name='ocr-capabilities' content='ocr_page ocr_carea ocr_par ocr_line ocrx_word'/>
</head>
<body>
  <div class='ocr_page' id='page_1' title='image "./p1breviariumroma00cathuoft_0838.png"; bbox 0 0 2080 2990; ppageno 0'>
   <div class='ocr_carea' id='block_1_1' title="bbox 241 215 330 259">
    <p class='ocr_par' dir='ltr' id='par_1_1' title="bbox 241 215 330 259">
     <span class='ocr_line' id='line_1_1' title="bbox 241 215 330 259; baseline 0 0"><span class='ocrx_word' id='word_1_1' title='bbox 241 215 330 259; x_wconf 76' lang='lat'>[276]</span> 
     </span>
    </p>
   </div>
   <div class='ocr_carea' id='block_1_2' title="bbox 240 308 1063 1839">
    <p class='ocr_par' dir='ltr' id='par_1_2' title="bbox 240 308 1063 1839">
     <span class='ocr_line' id='line_1_2' title="bbox 241 308 1060 353; baseline -0.005 0"><span class='ocrx_word' id='word_1_2' title='bbox 241 311 441 353; x_wconf 88' lang='lat' dir='ltr'>divinam.</span> <span class='ocrx_word' id='word_1_3' title='bbox 482 310 561 351; x_wconf 91' lang='lat' dir='ltr'>Est</span> <span class='ocrx_word' id='word_1_4' title='bbox 590 309 634 350; x_wconf 90' lang='lat' dir='ltr'>in</span> <span class='ocrx_word' id='word_1_5' title='bbox 666 308 788 350; x_wconf 87' lang='lat' dir='ltr'>coelis</span> <span class='ocrx_word' id='word_1_6' title='bbox 819 308 1060 350; x_wconf 78' lang='lat' dir='ltr'>misericer-</span> 
     </span>
     <span class='ocr_line' id='line_1_3' title="bbox 241 365 1060 419; baseline -0.005 -10"><span class='ocrx_word' id='word_1_7' title='bbox 241 368 327 417; x_wconf 87' lang='lat' dir='ltr'>dia,</span> <span class='ocrx_word' id='word_1_8' title='bbox 351 366 407 408; x_wconf 90' lang='lat' dir='ltr'>ad</span> <span class='ocrx_word' id='word_1_9' title='bbox 432 379 561 419; x_wconf 90' lang='lat' dir='ltr'>quam</span> <span class='ocrx_word' id='word_1_10' title='bbox 585 377 663 418; x_wconf 89' lang='lat' dir='ltr'>per</span> <span class='ocrx_word' id='word_1_11' title='bbox 685 367 880 407; x_wconf 88' lang='lat' dir='ltr'>terrenas</span> <span class='ocrx_word' id='word_1_12' title='bbox 899 365 1060 407; x_wconf 87' lang='lat' dir='ltr'>miseri-</span> 
     </span>
     <span class='ocr_line' id='line_1_4' title="bbox 241 424 692 475; baseline -0.009 -9"><span class='ocrx_word' id='word_1_13' title='bbox 241 424 413 466; x_wconf 85' lang='lat' dir='ltr'>cordias</span> <span class='ocrx_word' id='word_1_14' title='bbox 431 425 692 475; x_wconf 87' lang='lat' dir='ltr'>pervenitur.</span> 
     </span>
     <span class='ocr_line' id='line_1_5' title="bbox 295 477 1061 538; baseline -0.004 -17"><span class='ocrx_word' id='word_1_15' title='bbox 295 489 339 538; x_wconf 49' lang='grc' dir='ltr'>ις,</span> <span class='ocrx_word' id='word_1_16' title='bbox 390 479 567 520; x_wconf 89' lang='lat' dir='ltr'>Amavit</span> <span class='ocrx_word' id='word_1_17' title='bbox 610 491 709 519; x_wconf 89' lang='lat' dir='ltr'>eum</span> <span class='ocrx_word' id='word_1_18' title='bbox 745 477 977 526; x_wconf 78' lang='lat' dir='ltr'>Deminus,</span> <span class='ocrx_word' id='word_1_19' title='bbox 1019 482 1061 518; x_wconf 89' lang='lat' dir='ltr'>et</span> 
     </span>
     <span class='ocr_line' id='line_1_6' title="bbox 241 533 1061 586; baseline -0.004 -8"><span class='ocrx_word' id='word_1_20' title='bbox 241 537 411 578; x_wconf 87' lang='lat' dir='ltr'>ornavit</span> <span class='ocrx_word' id='word_1_21' title='bbox 432 549 545 578; x_wconf 90' lang='lat' dir='ltr'>eum:</span> <span class='ocrx_word' id='word_1_22' title='bbox 574 535 731 577; x_wconf 87' lang='lat' dir='ltr'>stolam</span> <span class='ocrx_word' id='word_1_23' title='bbox 750 534 901 586; x_wconf 82' lang='lat' dir='ltr'>gloriae</span> <span class='ocrx_word' id='word_1_24' title='bbox 921 533 1061 575; x_wconf 87' lang='lat' dir='ltr'>induit</span> 
     </span>
     <span class='ocr_line' id='line_1_7' title="bbox 242 589 1060 644; baseline -0.005 -9"><span class='ocrx_word' id='word_1_25' title='bbox 242 606 355 643; x_wconf 90' lang='lat' dir='ltr'>eum,</span> <span class='ocrx_word' id='word_1_26' title='bbox 382 602 402 622; x_wconf 84' lang='lat'>*</span> <span class='ocrx_word' id='word_1_27' title='bbox 426 593 484 634; x_wconf 90' lang='lat' dir='ltr'>Et</span> <span class='ocrx_word' id='word_1_28' title='bbox 511 591 567 634; x_wconf 91' lang='lat' dir='ltr'>ad</span> <span class='ocrx_word' id='word_1_29' title='bbox 593 596 744 644; x_wconf 90' lang='lat' dir='ltr'>portas</span> <span class='ocrx_word' id='word_1_30' title='bbox 772 589 963 642; x_wconf 82' lang='lat' dir='ltr'>paradisi</span> <span class='ocrx_word' id='word_1_31' title='bbox 991 602 1060 631; x_wconf 93' lang='lat' dir='ltr'>co-</span> 
     </span>
     <span class='ocr_line' id='line_1_8' title="bbox 241 645 1060 701; baseline -0.006 -11"><span class='ocrx_word' id='word_1_32' title='bbox 241 649 415 690; x_wconf 89' lang='lat' dir='ltr'>ronavit</span> <span class='ocrx_word' id='word_1_33' title='bbox 443 661 552 690; x_wconf 92' lang='lat' dir='ltr'>eum.</span> <span class='ocrx_word' id='word_1_34' title='bbox 591 651 638 701; x_wconf 55' lang='lat' dir='ltr'>V,</span> <span class='ocrx_word' id='word_1_35' title='bbox 667 646 814 688; x_wconf 92' lang='lat' dir='ltr'>Induit</span> <span class='ocrx_word' id='word_1_36' title='bbox 842 659 940 687; x_wconf 91' lang='lat' dir='ltr'>eum</span> <span class='ocrx_word' id='word_1_37' title='bbox 967 645 1060 686; x_wconf 79' lang='lat' dir='ltr'>Dfis</span> 
     </span>
     <span class='ocr_line' id='line_1_9' title="bbox 240 702 1061 754; baseline -0.007 -7"><span class='ocrx_word' id='word_1_38' title='bbox 240 706 422 748; x_wconf 90' lang='lat' dir='ltr'>loricam</span> <span class='ocrx_word' id='word_1_39' title='bbox 447 704 562 754; x_wconf 90' lang='lat' dir='ltr'>fidei,</span> <span class='ocrx_word' id='word_1_40' title='bbox 585 709 628 746; x_wconf 89' lang='lat' dir='ltr'>et</span> <span class='ocrx_word' id='word_1_41' title='bbox 652 703 824 746; x_wconf 84' lang='lat' dir='ltr'>ornavit</span> <span class='ocrx_word' id='word_1_42' title='bbox 843 715 952 743; x_wconf 91' lang='lat' dir='ltr'>eum.</span> <span class='ocrx_word' id='word_1_43' title='bbox 995 702 1061 742; x_wconf 90' lang='lat' dir='ltr'>Et.</span> 
     </span>
     <span class='ocr_line' id='line_1_10' title="bbox 527 774 778 817; baseline -0.012 -2"><span class='ocrx_word' id='word_1_44' title='bbox 527 775 675 817; x_wconf 83' lang='lat' dir='ltr'>Lectio</span> <span class='ocrx_word' id='word_1_45' title='bbox 698 774 778 814; x_wconf 85' lang='lat' dir='ltr'>viii.</span> 
     </span>
     <span class='ocr_line' id='line_1_11' title="bbox 330 822 1060 875; baseline -0.007 -7"><span class='ocrx_word' id='word_1_46' title='bbox 330 827 494 868; x_wconf 80' lang='lat' dir='ltr'>icturus</span> <span class='ocrx_word' id='word_1_47' title='bbox 518 838 690 868; x_wconf 89' lang='lat' dir='ltr'>causam</span> <span class='ocrx_word' id='word_1_48' title='bbox 713 824 756 864; x_wconf 91' lang='lat' dir='ltr'>in</span> <span class='ocrx_word' id='word_1_49' title='bbox 780 822 938 875; x_wconf 80' lang='lat' dir='ltr'>iudicio</span> <span class='ocrx_word' id='word_1_50' title='bbox 961 823 1060 872; x_wconf 92' lang='lat' dir='ltr'>Dei,</span> 
     </span>
     <span class='ocr_line' id='line_1_12' title="bbox 346 878 1060 936; baseline -0.007 -11"><span class='ocrx_word' id='word_1_51' title='bbox 346 886 575 936; x_wconf 76' lang='lat' dir='ltr'>patronam</span> <span class='ocrx_word' id='word_1_52' title='bbox 602 881 681 923; x_wconf 90' lang='lat' dir='ltr'>tibi</span> <span class='ocrx_word' id='word_1_53' title='bbox 708 878 1060 929; x_wconf 86' lang='lat' dir='ltr'>misericordiam,</span> 
     </span>
     <span class='ocr_line' id='line_1_13' title="bbox 241 937 1060 994; baseline -0.007 -12"><span class='ocrx_word' id='word_1_54' title='bbox 241 954 320 994; x_wconf 92' lang='lat' dir='ltr'>per</span> <span class='ocrx_word' id='word_1_55' title='bbox 344 953 472 992; x_wconf 90' lang='lat' dir='ltr'>quam</span> <span class='ocrx_word' id='word_1_56' title='bbox 496 938 669 980; x_wconf 89' lang='lat' dir='ltr'>liberari</span> <span class='ocrx_word' id='word_1_57' title='bbox 693 937 852 990; x_wconf 89' lang='lat' dir='ltr'>possis,</span> <span class='ocrx_word' id='word_1_58' title='bbox 878 939 1060 977; x_wconf 69' lang='lat' dir='ltr'>assame.</span> 
     </span>
     <span class='ocr_line' id='line_1_14' title="bbox 242 992 1060 1048; baseline -0.007 -9"><span class='ocrx_word' id='word_1_59' title='bbox 242 997 325 1048; x_wconf 88' lang='lat' dir='ltr'>Qui</span> <span class='ocrx_word' id='word_1_60' title='bbox 370 996 423 1038; x_wconf 93' lang='lat' dir='ltr'>de</span> <span class='ocrx_word' id='word_1_61' title='bbox 467 994 710 1048; x_wconf 87' lang='lat' dir='ltr'>patrocinio</span> <span class='ocrx_word' id='word_1_62' title='bbox 749 992 1060 1034; x_wconf 82' lang='lat' dir='ltr'>misericordiae</span> 
     </span>
     <span class='ocr_line' id='line_1_15' title="bbox 242 1048 1060 1101; baseline -0.006 -5"><span class='ocrx_word' id='word_1_63' title='bbox 242 1059 384 1096; x_wconf 91' lang='lat' dir='ltr'>certus</span> <span class='ocrx_word' id='word_1_64' title='bbox 404 1057 480 1101; x_wconf 89' lang='lat' dir='ltr'>est,</span> <span class='ocrx_word' id='word_1_65' title='bbox 500 1051 554 1093; x_wconf 93' lang='lat' dir='ltr'>de</span> <span class='ocrx_word' id='word_1_66' title='bbox 573 1051 700 1092; x_wconf 85' lang='lat' dir='ltr'>venia</span> <span class='ocrx_word' id='word_1_67' title='bbox 719 1050 774 1091; x_wconf 89' lang='lat' dir='ltr'>sit</span> <span class='ocrx_word' id='word_1_68' title='bbox 793 1052 982 1098; x_wconf 86' lang='lat' dir='ltr'>securus,</span> <span class='ocrx_word' id='word_1_69' title='bbox 1006 1048 1060 1091; x_wconf 91' lang='lat' dir='ltr'>de</span> 
     </span>
     <span class='ocr_line' id='line_1_16' title="bbox 242 1105 1060 1151; baseline -0.006 0"><span class='ocrx_word' id='word_1_70' title='bbox 242 1109 514 1151; x_wconf 84' lang='lat' dir='ltr'>absolutione</span> <span class='ocrx_word' id='word_1_71' title='bbox 546 1120 634 1149; x_wconf 90' lang='lat' dir='ltr'>non</span> <span class='ocrx_word' id='word_1_72' title='bbox 666 1106 847 1148; x_wconf 81' lang='lat' dir='ltr'>dubitet.</span> <span class='ocrx_word' id='word_1_73' title='bbox 896 1105 1060 1147; x_wconf 92' lang='lat' dir='ltr'>Miseri-</span> 
     </span>
     <span class='ocr_line' id='line_1_17' title="bbox 242 1164 1060 1215; baseline -0.007 -7"><span class='ocrx_word' id='word_1_74' title='bbox 242 1166 391 1208; x_wconf 83' lang='lat' dir='ltr'>cordia</span> <span class='ocrx_word' id='word_1_75' title='bbox 419 1178 506 1206; x_wconf 93' lang='lat' dir='ltr'>non</span> <span class='ocrx_word' id='word_1_76' title='bbox 531 1164 672 1206; x_wconf 89' lang='lat' dir='ltr'>solum</span> <span class='ocrx_word' id='word_1_77' title='bbox 698 1175 873 1205; x_wconf 85' lang='lat' dir='ltr'>causam</span> <span class='ocrx_word' id='word_1_78' title='bbox 896 1164 1060 1215; x_wconf 83' lang='lat' dir='ltr'>praeve-</span> 
     </span>
     <span class='ocr_line' id='line_1_18' title="bbox 240 1218 1062 1274; baseline -0.005 -10"><span class='ocrx_word' id='word_1_79' title='bbox 240 1223 318 1272; x_wconf 88' lang='lat' dir='ltr'>nit,</span> <span class='ocrx_word' id='word_1_80' title='bbox 377 1221 583 1274; x_wconf 81' lang='lat' dir='ltr'>anticipat</span> <span class='ocrx_word' id='word_1_81' title='bbox 642 1220 925 1272; x_wconf 85' lang='lat' dir='ltr'>cognitorem:</span> <span class='ocrx_word' id='word_1_82' title='bbox 983 1218 1062 1260; x_wconf 87' lang='lat' dir='ltr'>sed</span> 
     </span>
     <span class='ocr_line' id='line_1_19' title="bbox 242 1274 1061 1325; baseline -0.006 -4"><span class='ocrx_word' id='word_1_83' title='bbox 242 1279 371 1321; x_wconf 90' lang='lat' dir='ltr'>etiam</span> <span class='ocrx_word' id='word_1_84' title='bbox 403 1277 660 1319; x_wconf 90' lang='lat' dir='ltr'>sententiam</span> <span class='ocrx_word' id='word_1_85' title='bbox 691 1278 884 1325; x_wconf 87' lang='lat' dir='ltr'>revocat,</span> <span class='ocrx_word' id='word_1_86' title='bbox 921 1274 1061 1317; x_wconf 73' lang='lat' dir='ltr'>absal-</span> 
     </span>
     <span class='ocr_line' id='line_1_20' title="bbox 242 1332 1061 1384; baseline -0.006 -7"><span class='ocrx_word' id='word_1_87' title='bbox 242 1336 304 1377; x_wconf 90' lang='lat' dir='ltr'>vit</span> <span class='ocrx_word' id='word_1_88' title='bbox 331 1334 542 1377; x_wconf 90' lang='lat' dir='ltr'>addictos.</span> <span class='ocrx_word' id='word_1_89' title='bbox 585 1332 714 1384; x_wconf 91' lang='lat' dir='ltr'>Quod</span> <span class='ocrx_word' id='word_1_90' title='bbox 731 1332 936 1374; x_wconf 78' lang='lat' dir='ltr'>Ninivitae</span> <span class='ocrx_word' id='word_1_91' title='bbox 964 1344 1061 1384; x_wconf 90' lang='lat' dir='ltr'>pro-</span> 
     </span>
     <span class='ocr_line' id='line_1_21' title="bbox 240 1388 1061 1444; baseline -0.005 -10"><span class='ocrx_word' id='word_1_92' title='bbox 240 1391 360 1442; x_wconf 85' lang='lat' dir='ltr'>bant,</span> <span class='ocrx_word' id='word_1_93' title='bbox 397 1403 506 1444; x_wconf 92' lang='lat' dir='ltr'>quos</span> <span class='ocrx_word' id='word_1_94' title='bbox 542 1391 626 1442; x_wconf 90' lang='lat' dir='ltr'>jam</span> <span class='ocrx_word' id='word_1_95' title='bbox 663 1389 888 1431; x_wconf 86' lang='lat' dir='ltr'>sententiae</span> <span class='ocrx_word' id='word_1_96' title='bbox 925 1388 1061 1440; x_wconf 89' lang='lat' dir='ltr'>subje-</span> 
     </span>
     <span class='ocr_line' id='line_1_22' title="bbox 241 1445 1062 1500; baseline -0.005 -10"><span class='ocrx_word' id='word_1_97' title='bbox 241 1454 351 1498; x_wconf 91' lang='lat' dir='ltr'>ctos,</span> <span class='ocrx_word' id='word_1_98' title='bbox 378 1460 522 1500; x_wconf 88' lang='lat' dir='ltr'>poenae</span> <span class='ocrx_word' id='word_1_99' title='bbox 543 1446 745 1496; x_wconf 81' lang='lat' dir='ltr'>traditOS,</span> <span class='ocrx_word' id='word_1_100' title='bbox 766 1445 822 1487; x_wconf 91' lang='lat' dir='ltr'>ad</span> <span class='ocrx_word' id='word_1_101' title='bbox 841 1445 1062 1487; x_wconf 87' lang='lat' dir='ltr'>victimam</span> 
     </span>
     <span class='ocr_line' id='line_1_23' title="bbox 242 1502 1061 1554; baseline -0.004 -8"><span class='ocrx_word' id='word_1_102' title='bbox 242 1510 422 1554; x_wconf 88' lang='lat' dir='ltr'>stantes,</span> <span class='ocrx_word' id='word_1_103' title='bbox 446 1504 576 1546; x_wconf 92' lang='lat' dir='ltr'>morti</span> <span class='ocrx_word' id='word_1_104' title='bbox 603 1502 792 1553; x_wconf 73' lang='lat' dir='ltr'>deditos,</span> <span class='ocrx_word' id='word_1_105' title='bbox 820 1502 1061 1544; x_wconf 85' lang='lat' dir='ltr'>misericor·</span> 
     </span>
     <span class='ocr_line' id='line_1_24' title="bbox 242 1559 1061 1613; baseline -0.004 -11"><span class='ocrx_word' id='word_1_106' title='bbox 242 1561 313 1602; x_wconf 90' lang='lat' dir='ltr'>dia</span> <span class='ocrx_word' id='word_1_107' title='bbox 332 1561 394 1602; x_wconf 91' lang='lat' dir='ltr'>sic</span> <span class='ocrx_word' id='word_1_108' title='bbox 413 1561 574 1613; x_wconf 90' lang='lat' dir='ltr'>rapuit,</span> <span class='ocrx_word' id='word_1_109' title='bbox 602 1560 664 1601; x_wconf 91' lang='lat' dir='ltr'>sic</span> <span class='ocrx_word' id='word_1_110' title='bbox 682 1559 834 1609; x_wconf 89' lang='lat' dir='ltr'>tenuit,</span> <span class='ocrx_word' id='word_1_111' title='bbox 862 1559 924 1600; x_wconf 90' lang='lat' dir='ltr'>sic</span> <span class='ocrx_word' id='word_1_112' title='bbox 951 1571 1061 1611; x_wconf 87' lang='lat' dir='ltr'>prae-</span> 
     </span>
     <span class='ocr_line' id='line_1_25' title="bbox 242 1614 1063 1668; baseline -0.004 -9"><span class='ocrx_word' id='word_1_113' title='bbox 242 1618 375 1668; x_wconf 88' lang='lat' dir='ltr'>venit,</span> <span class='ocrx_word' id='word_1_114' title='bbox 418 1622 467 1659; x_wconf 89' lang='lat' dir='ltr'>ut</span> <span class='ocrx_word' id='word_1_115' title='bbox 506 1616 707 1658; x_wconf 83' lang='lat' dir='ltr'>maluerit</span> <span class='ocrx_word' id='word_1_116' title='bbox 740 1616 862 1657; x_wconf 87' lang='lat' dir='ltr'>Deus</span> <span class='ocrx_word' id='word_1_117' title='bbox 904 1614 1063 1657; x_wconf 78' lang='lat' dir='ltr'>deduci</span> 
     </span>
     <span class='ocr_line' id='line_1_26' title="bbox 241 1671 1062 1724; baseline -0.002 -9"><span class='ocrx_word' id='word_1_118' title='bbox 241 1674 515 1722; x_wconf 90' lang='lat' dir='ltr'>sententiam,</span> <span class='ocrx_word' id='word_1_119' title='bbox 542 1686 596 1715; x_wconf 88' lang='lat' dir='ltr'>ne</span> <span class='ocrx_word' id='word_1_120' title='bbox 619 1671 932 1714; x_wconf 85' lang='lat' dir='ltr'>misericordiae</span> <span class='ocrx_word' id='word_1_121' title='bbox 958 1672 1062 1724; x_wconf 89' lang='lat' dir='ltr'>quid</span> 
     </span>
     <span class='ocr_line' id='line_1_27' title="bbox 240 1729 1061 1782; baseline -0.002 -11"><span class='ocrx_word' id='word_1_122' title='bbox 240 1732 429 1782; x_wconf 88' lang='lat' dir='ltr'>negaret.</span> <span class='ocrx_word' id='word_1_123' title='bbox 479 1730 671 1779; x_wconf 82' lang='lat' dir='ltr'>Fratres,</span> <span class='ocrx_word' id='word_1_124' title='bbox 707 1742 786 1781; x_wconf 89' lang='lat' dir='ltr'>per</span> <span class='ocrx_word' id='word_1_125' title='bbox 821 1729 1061 1770; x_wconf 77' lang='lat' dir='ltr'>misericer-</span> 
     </span>
     <span class='ocr_line' id='line_1_28' title="bbox 241 1785 1061 1839; baseline -0.002 -11"><span class='ocrx_word' id='word_1_126' title='bbox 241 1787 334 1828; x_wconf 86' lang='lat' dir='ltr'>dias</span> <span class='ocrx_word' id='word_1_127' title='bbox 357 1790 598 1839; x_wconf 82' lang='lat' dir='ltr'>pauperum</span> <span class='ocrx_word' id='word_1_128' title='bbox 621 1785 964 1827; x_wconf 78' lang='lat' dir='ltr'>misericerdiam</span> <span class='ocrx_word' id='word_1_129' title='bbox 988 1797 1061 1837; x_wconf 88' lang='lat' dir='ltr'>pa-</span> 
     </span>
    </p>
   </div>
   <div class='ocr_carea' id='block_1_3' title="bbox 240 1839 1182 1896">
    <p class='ocr_par' dir='ltr' id='par_1_3' title="bbox 240 1839 1182 1896">
     <span class='ocr_line' id='line_1_29' title="bbox 240 1839 1182 1896; baseline 0 -11"><span class='ocrx_word' id='word_1_130' title='bbox 240 1845 401 1893; x_wconf 87' lang='lat' dir='ltr'>remus,</span> <span class='ocrx_word' id='word_1_131' title='bbox 427 1849 475 1885; x_wconf 90' lang='lat' dir='ltr'>ut</span> <span class='ocrx_word' id='word_1_132' title='bbox 497 1844 717 1896; x_wconf 89' lang='lat' dir='ltr'>possimus</span> <span class='ocrx_word' id='word_1_133' title='bbox 741 1855 836 1883; x_wconf 88' lang='lat' dir='ltr'>esse</span> <span class='ocrx_word' id='word_1_134' title='bbox 856 1841 911 1883; x_wconf 92' lang='lat' dir='ltr'>de</span> <span class='ocrx_word' id='word_1_135' title='bbox 930 1854 1062 1894; x_wconf 87' lang='lat' dir='ltr'>poena</span> <span class='ocrx_word' id='word_1_136' title='bbox 1119 1839 1135 1888; x_wconf 69' lang='lat'>³&#39;.</span> <span class='ocrx_word' id='word_1_137' title='bbox 1151 1853 1182 1885; x_wconf 76' lang='grc'>;·-;</span> 
     </span>
    </p>
   </div>
   <div class='ocr_carea' id='block_1_4' title="bbox 239 1898 1062 2777">
    <p class='ocr_par' dir='ltr' id='par_1_4' title="bbox 239 1898 1061 2167">
     <span class='ocr_line' id='line_1_30' title="bbox 239 1898 1060 1950; baseline -0.001 -10"><span class='ocrx_word' id='word_1_138' title='bbox 239 1900 380 1950; x_wconf 85' lang='lat' dir='ltr'>liberi,</span> <span class='ocrx_word' id='word_1_139' title='bbox 410 1899 465 1942; x_wconf 90' lang='lat' dir='ltr'>de</span> <span class='ocrx_word' id='word_1_140' title='bbox 484 1900 625 1941; x_wconf 83' lang='lat' dir='ltr'>salute</span> <span class='ocrx_word' id='word_1_141' title='bbox 644 1899 795 1941; x_wconf 82' lang='lat' dir='ltr'>securi.</span> <span class='ocrx_word' id='word_1_142' title='bbox 832 1898 975 1949; x_wconf 80' lang='lat' dir='ltr'>Beati,</span> <span class='ocrx_word' id='word_1_143' title='bbox 1000 1898 1060 1939; x_wconf 92' lang='lat' dir='ltr'>in-</span> 
     </span>
     <span class='ocr_line' id='line_1_31' title="bbox 242 1955 1060 2009; baseline -0.001 -11"><span class='ocrx_word' id='word_1_144' title='bbox 242 1957 349 2009; x_wconf 91' lang='lat' dir='ltr'>quit,</span> <span class='ocrx_word' id='word_1_145' title='bbox 366 1956 687 2006; x_wconf 76' lang='lat' dir='ltr'>misericerdes,</span> <span class='ocrx_word' id='word_1_146' title='bbox 715 1956 815 2009; x_wconf 91' lang='lat' dir='ltr'>quia</span> <span class='ocrx_word' id='word_1_147' title='bbox 834 1955 917 2008; x_wconf 91' lang='lat' dir='ltr'>ipsi</span> <span class='ocrx_word' id='word_1_148' title='bbox 935 1955 1060 1997; x_wconf 91' lang='lat' dir='ltr'>mise-</span> 
     </span>
     <span class='ocr_line' id='line_1_32' title="bbox 241 2012 1059 2065; baseline 0 -11"><span class='ocrx_word' id='word_1_149' title='bbox 241 2013 473 2055; x_wconf 76' lang='lat' dir='ltr'>ricerdiam</span> <span class='ocrx_word' id='word_1_150' title='bbox 518 2015 846 2065; x_wconf 90' lang='lat' dir='ltr'>consequentur.</span> <span class='ocrx_word' id='word_1_151' title='bbox 911 2012 1059 2054; x_wconf 88' lang='lat' dir='ltr'>Gratis</span> 
     </span>
     <span class='ocr_line' id='line_1_33' title="bbox 241 2069 1061 2123; baseline 0.002 -13"><span class='ocrx_word' id='word_1_152' title='bbox 241 2069 582 2111; x_wconf 76' lang='lat' dir='ltr'>misericerdiam</span> <span class='ocrx_word' id='word_1_153' title='bbox 609 2074 757 2122; x_wconf 86' lang='lat' dir='ltr'>sperat</span> <span class='ocrx_word' id='word_1_154' title='bbox 784 2069 861 2120; x_wconf 89' lang='lat' dir='ltr'>ibi,</span> <span class='ocrx_word' id='word_1_155' title='bbox 890 2071 963 2123; x_wconf 87' lang='lat' dir='ltr'>qui</span> <span class='ocrx_word' id='word_1_156' title='bbox 990 2070 1061 2112; x_wconf 92' lang='lat' dir='ltr'>hic</span> 
     </span>
     <span class='ocr_line' id='line_1_34' title="bbox 242 2125 867 2167; baseline 0.003 -2"><span class='ocrx_word' id='word_1_157' title='bbox 242 2138 327 2166; x_wconf 90' lang='lat' dir='ltr'>non</span> <span class='ocrx_word' id='word_1_158' title='bbox 346 2125 496 2167; x_wconf 88' lang='lat' dir='ltr'>fecerit</span> <span class='ocrx_word' id='word_1_159' title='bbox 514 2126 867 2167; x_wconf 79' lang='lat' dir='ltr'>misericerdiam.</span> 
     </span>
    </p>

    <p class='ocr_par' dir='ltr' id='par_1_5' title="bbox 240 2181 1062 2619">
     <span class='ocr_line' id='line_1_35' title="bbox 293 2181 1060 2236; baseline 0.005 -15"><span class='ocrx_word' id='word_1_160' title='bbox 293 2183 341 2232; x_wconf 62' lang='lat' dir='ltr'>lx‘f.</span> <span class='ocrx_word' id='word_1_161' title='bbox 373 2181 466 2223; x_wconf 89' lang='lat' dir='ltr'>Sint</span> <span class='ocrx_word' id='word_1_162' title='bbox 497 2182 632 2224; x_wconf 92' lang='lat' dir='ltr'>lumbi</span> <span class='ocrx_word' id='word_1_163' title='bbox 661 2183 795 2224; x_wconf 86' lang='lat' dir='ltr'>vestri</span> <span class='ocrx_word' id='word_1_164' title='bbox 825 2183 1060 2236; x_wconf 85' lang='lat' dir='ltr'>praecincti,</span> 
     </span>
     <span class='ocr_line' id='line_1_36' title="bbox 242 2237 1061 2281; baseline 0.001 -1"><span class='ocrx_word' id='word_1_165' title='bbox 242 2242 285 2280; x_wconf 88' lang='lat' dir='ltr'>et</span> <span class='ocrx_word' id='word_1_166' title='bbox 320 2237 508 2279; x_wconf 83' lang='lat' dir='ltr'>lucernae</span> <span class='ocrx_word' id='word_1_167' title='bbox 546 2238 748 2280; x_wconf 78' lang='lat' dir='ltr'>ardentes</span> <span class='ocrx_word' id='word_1_168' title='bbox 785 2239 828 2279; x_wconf 92' lang='lat' dir='ltr'>in</span> <span class='ocrx_word' id='word_1_169' title='bbox 861 2239 1061 2281; x_wconf 92' lang='lat' dir='ltr'>manibus</span> 
     </span>
     <span class='ocr_line' id='line_1_37' title="bbox 241 2294 1060 2337; baseline 0.002 -2"><span class='ocrx_word' id='word_1_170' title='bbox 241 2294 412 2336; x_wconf 85' lang='lat' dir='ltr'>vestris:</span> <span class='ocrx_word' id='word_1_171' title='bbox 445 2297 467 2319; x_wconf 84' lang='lat'>*</span> <span class='ocrx_word' id='word_1_172' title='bbox 495 2294 551 2335; x_wconf 91' lang='lat' dir='ltr'>Et</span> <span class='ocrx_word' id='word_1_173' title='bbox 579 2307 658 2336; x_wconf 89' lang='lat' dir='ltr'>vos</span> <span class='ocrx_word' id='word_1_174' title='bbox 686 2295 848 2337; x_wconf 85' lang='lat' dir='ltr'>similes</span> <span class='ocrx_word' id='word_1_175' title='bbox 879 2295 1060 2337; x_wconf 86' lang='lat' dir='ltr'>homini-</span> 
     </span>
     <span class='ocr_line' id='line_1_38' title="bbox 240 2350 1060 2403; baseline 0.002 -11"><span class='ocrx_word' id='word_1_176' title='bbox 240 2350 322 2392; x_wconf 89' lang='lat' dir='ltr'>bus</span> <span class='ocrx_word' id='word_1_177' title='bbox 354 2350 708 2403; x_wconf 77' lang='lat' dir='ltr'>exspectantibus</span> <span class='ocrx_word' id='word_1_178' title='bbox 740 2351 962 2393; x_wconf 79' lang='lat' dir='ltr'>deminum</span> <span class='ocrx_word' id='word_1_179' title='bbox 993 2366 1060 2394; x_wconf 92' lang='lat' dir='ltr'>su-</span> 
     </span>
     <span class='ocr_line' id='line_1_39' title="bbox 241 2406 1061 2462; baseline 0.004 -14"><span class='ocrx_word' id='word_1_180' title='bbox 241 2420 329 2456; x_wconf 90' lang='lat' dir='ltr'>um,</span> <span class='ocrx_word' id='word_1_181' title='bbox 363 2406 537 2460; x_wconf 88' lang='lat' dir='ltr'>quando</span> <span class='ocrx_word' id='word_1_182' title='bbox 566 2410 810 2449; x_wconf 86' lang='lat' dir='ltr'>revertatur</span> <span class='ocrx_word' id='word_1_183' title='bbox 836 2421 861 2449; x_wconf 91' lang='lat' dir='ltr'>a</span> <span class='ocrx_word' id='word_1_184' title='bbox 887 2410 1061 2462; x_wconf 81' lang='lat' dir='ltr'>nuptiis.</span> 
     </span>
     <span class='ocr_line' id='line_1_40' title="bbox 241 2460 1061 2517; baseline 0.005 -15"><span class='ocrx_word' id='word_1_185' title='bbox 241 2460 289 2509; x_wconf 66' lang='lat' dir='ltr'>V.</span> <span class='ocrx_word' id='word_1_186' title='bbox 316 2463 504 2514; x_wconf 78' lang='lat' dir='ltr'>Vigilate</span> <span class='ocrx_word' id='word_1_187' title='bbox 525 2476 640 2515; x_wconf 89' lang='lat' dir='ltr'>ergo,</span> <span class='ocrx_word' id='word_1_188' title='bbox 665 2464 763 2516; x_wconf 87' lang='lat' dir='ltr'>quia</span> <span class='ocrx_word' id='word_1_189' title='bbox 781 2465 957 2507; x_wconf 90' lang='lat' dir='ltr'>nescitis</span> <span class='ocrx_word' id='word_1_190' title='bbox 976 2478 1061 2517; x_wconf 89' lang='lat' dir='ltr'>qua</span> 
     </span>
     <span class='ocr_line' id='line_1_41' title="bbox 241 2519 1062 2566; baseline 0.006 -6"><span class='ocrx_word' id='word_1_191' title='bbox 241 2519 349 2560; x_wconf 90' lang='lat' dir='ltr'>hora</span> <span class='ocrx_word' id='word_1_192' title='bbox 367 2520 580 2562; x_wconf 83' lang='lat' dir='ltr'>D61ninus</span> <span class='ocrx_word' id='word_1_193' title='bbox 601 2524 744 2562; x_wconf 90' lang='lat' dir='ltr'>vester</span> <span class='ocrx_word' id='word_1_194' title='bbox 764 2525 972 2563; x_wconf 81' lang='lat' dir='ltr'>venturus</span> <span class='ocrx_word' id='word_1_195' title='bbox 993 2521 1062 2566; x_wconf 89' lang='lat' dir='ltr'>sit.</span> 
     </span>
     <span class='ocr_line' id='line_1_42' title="bbox 241 2574 920 2619; baseline 0.003 -3"><span class='ocrx_word' id='word_1_196' title='bbox 241 2575 299 2617; x_wconf 92' lang='lat' dir='ltr'>Et</span> <span class='ocrx_word' id='word_1_197' title='bbox 318 2588 407 2617; x_wconf 90' lang='lat' dir='ltr'>vos.</span> <span class='ocrx_word' id='word_1_198' title='bbox 431 2574 584 2618; x_wconf 83' lang='lat' dir='ltr'>Gloria</span> <span class='ocrx_word' id='word_1_199' title='bbox 601 2577 730 2618; x_wconf 90' lang='lat' dir='ltr'>Patri.</span> <span class='ocrx_word' id='word_1_200' title='bbox 757 2577 814 2618; x_wconf 88' lang='lat' dir='ltr'>Et</span> <span class='ocrx_word' id='word_1_201' title='bbox 830 2590 920 2619; x_wconf 90' lang='lat' dir='ltr'>vos.</span> 
     </span>
    </p>

    <p class='ocr_par' dir='ltr' id='par_1_6' title="bbox 242 2633 1058 2720">
     <span class='ocr_line' id='line_1_43' title="bbox 292 2633 1058 2679; baseline 0.007 -13"><span class='ocrx_word' id='word_1_202' title='bbox 292 2633 422 2667; x_wconf 80' lang='lat' dir='ltr'>Lectio</span> <span class='ocrx_word' id='word_1_203' title='bbox 448 2634 495 2668; x_wconf 85' lang='lat' dir='ltr'>ix.</span> <span class='ocrx_word' id='word_1_204' title='bbox 522 2635 567 2669; x_wconf 88' lang='lat' dir='ltr'>de</span> <span class='ocrx_word' id='word_1_205' title='bbox 592 2635 626 2669; x_wconf 83' lang='lat' dir='ltr'>S.</span> <span class='ocrx_word' id='word_1_206' title='bbox 645 2636 793 2678; x_wconf 79' lang='lat' dir='ltr'>Agncte</span> <span class='ocrx_word' id='word_1_207' title='bbox 819 2637 998 2679; x_wconf 81' lang='lat' dir='ltr'>secundo,</span> <span class='ocrx_word' id='word_1_208' title='bbox 1023 2642 1058 2672; x_wconf 85' lang='lat' dir='ltr'>et</span> 
     </span>
     <span class='ocr_line' id='line_1_44' title="bbox 242 2681 736 2720; baseline 0.01 -5"><span class='ocrx_word' id='word_1_209' title='bbox 242 2690 435 2715; x_wconf 90' lang='lat' dir='ltr'>commem.</span> <span class='ocrx_word' id='word_1_210' title='bbox 460 2681 499 2716; x_wconf 88' lang='lat' dir='ltr'>in</span> <span class='ocrx_word' id='word_1_211' title='bbox 523 2682 638 2717; x_wconf 81' lang='lat' dir='ltr'>Laud.</span> <span class='ocrx_word' id='word_1_212' title='bbox 663 2685 736 2720; x_wconf 84' lang='lat'><strong>457.</strong></span> 
     </span>
    </p>

    <p class='ocr_par' dir='ltr' id='par_1_7' title="bbox 532 2750 794 2777">
     <span class='ocr_line' id='line_1_45' title="bbox 532 2750 794 2777; baseline 0.008 -13"><span class='ocrx_word' id='word_1_213' title='bbox 532 2762 539 2764; x_wconf 14' lang='lat' dir='ltr'>a</span> <span class='ocrx_word' id='word_1_214' title='bbox 560 2757 609 2769; x_wconf 29' lang='grc' dir='ltr'>ᾖ,</span> <span class='ocrx_word' id='word_1_215' title='bbox 630 2750 673 2777; x_wconf 51' lang='lat' dir='ltr'>a&gt;</span> <span class='ocrx_word' id='word_1_216' title='bbox 695 2758 705 2770; x_wconf 51' lang='grc' dir='ltr'><strong>ο</strong></span> <span class='ocrx_word' id='word_1_217' title='bbox 774 2762 794 2765; x_wconf 83' lang='lat'><em>-</em></span> 
     </span>
    </p>
   </div>
   <div class='ocr_carea' id='block_1_5' title="bbox 672 214 1500 259">
    <p class='ocr_par' dir='ltr' id='par_1_8' title="bbox 672 214 1500 259">
     <span class='ocr_line' id='line_1_46' title="bbox 672 214 1500 259; baseline -0.008 -5"><span class='ocrx_word' id='word_1_218' title='bbox 672 220 742 254; x_wconf 83' lang='lat' dir='ltr'>Die</span> <span class='ocrx_word' id='word_1_219' title='bbox 766 220 795 253; x_wconf 96' lang='lat'>3</span> <span class='ocrx_word' id='word_1_220' title='bbox 823 220 929 253; x_wconf 83' lang='lat' dir='ltr'>Febr.</span> <span class='ocrx_word' id='word_1_221' title='bbox 977 219 1012 253; x_wconf 81' lang='lat' dir='ltr'>S.</span> <span class='ocrx_word' id='word_1_222' title='bbox 1036 217 1157 253; x_wconf 79' lang='lat' dir='ltr'>Blasii</span> <span class='ocrx_word' id='word_1_223' title='bbox 1181 216 1307 259; x_wconf 88' lang='lat' dir='ltr'>Episc.</span> <span class='ocrx_word' id='word_1_224' title='bbox 1334 219 1369 249; x_wconf 87' lang='lat' dir='ltr'>ct</span> <span class='ocrx_word' id='word_1_225' title='bbox 1393 214 1500 248; x_wconf 84' lang='lat' dir='ltr'>Mart.</span> 
     </span>
    </p>
   </div>
   <div class='ocr_carea' id='block_1_6' title="bbox 1187 322 1868 386">
    <p class='ocr_par' dir='ltr' id='par_1_9' title="bbox 1187 322 1868 386">
     <span class='ocr_line' id='line_1_47' title="bbox 1187 322 1868 386; baseline -0.003 0"><span class='ocrx_word' id='word_1_226' title='bbox 1187 323 1415 386; x_wconf 75' lang='lat' dir='ltr'>FESTA</span> <span class='ocrx_word' id='word_1_227' title='bbox 1452 322 1868 385; x_wconf 83' lang='lat' dir='ltr'><strong>FEBRUARII.</strong></span> 
     </span>
    </p>
   </div>
   <div class='ocr_carea' id='block_1_7' title="bbox 1326 444 1721 487">
    <p class='ocr_par' dir='ltr' id='par_1_10' title="bbox 1326 444 1721 487">
     <span class='ocr_line' id='line_1_48' title="bbox 1326 444 1721 487; baseline 0 -2"><span class='ocrx_word' id='word_1_228' title='bbox 1326 445 1410 486; x_wconf 92' lang='lat' dir='ltr'>Die</span> <span class='ocrx_word' id='word_1_229' title='bbox 1428 445 1465 486; x_wconf 88' lang='lat'>3.</span> <span class='ocrx_word' id='word_1_230' title='bbox 1483 444 1721 487; x_wconf 85' lang='lat' dir='ltr'>Februarii.</span> 
     </span>
    </p>
   </div>
   <div class='ocr_carea' id='block_1_8' title="bbox 1113 508 1935 765">
    <p class='ocr_par' dir='ltr' id='par_1_11' title="bbox 1113 508 1935 765">
     <span class='ocr_line' id='line_1_49' title="bbox 1222 508 1823 562; baseline 0 -13"><span class='ocrx_word' id='word_1_231' title='bbox 1222 509 1264 550; x_wconf 86' lang='lat' dir='ltr'>S.</span> <span class='ocrx_word' id='word_1_232' title='bbox 1288 508 1443 550; x_wconf 87' lang='lat' dir='ltr'>Blasii</span> <span class='ocrx_word' id='word_1_233' title='bbox 1466 509 1608 562; x_wconf 86' lang='lat' dir='ltr'>Episc.</span> <span class='ocrx_word' id='word_1_234' title='bbox 1635 514 1678 550; x_wconf 87' lang='lat' dir='ltr'>et</span> <span class='ocrx_word' id='word_1_235' title='bbox 1703 508 1823 550; x_wconf 90' lang='lat' dir='ltr'>Conf.</span> 
     </span>
     <span class='ocr_line' id='line_1_50' title="bbox 1442 574 1604 617; baseline -0.006 -8"><span class='ocrx_word' id='word_1_236' title='bbox 1442 574 1604 617; x_wconf 84' lang='lat' dir='ltr'>Duplex.</span> 
     </span>
     <span class='ocr_line' id='line_1_51' title="bbox 1165 626 1935 671; baseline -0.008 -4"><span class='ocrx_word' id='word_1_237' title='bbox 1165 633 1301 667; x_wconf 85' lang='lat' dir='ltr'>Omnia</span> <span class='ocrx_word' id='word_1_238' title='bbox 1318 633 1364 667; x_wconf 89' lang='lat' dir='ltr'>de</span> <span class='ocrx_word' id='word_1_239' title='bbox 1383 631 1585 667; x_wconf 90' lang='lat' dir='ltr'>Communi</span> <span class='ocrx_word' id='word_1_240' title='bbox 1605 631 1718 666; x_wconf 79' lang='lat' dir='ltr'>unius</span> <span class='ocrx_word' id='word_1_241' title='bbox 1736 629 1841 664; x_wconf 85' lang='lat' dir='ltr'>Mart.</span> <span class='ocrx_word' id='word_1_242' title='bbox 1866 626 1935 671; x_wconf 89' lang='grc'>[21]</span> 
     </span>
     <span class='ocr_line' id='line_1_52' title="bbox 1113 685 1379 724; baseline 0 -9"><span class='ocrx_word' id='word_1_243' title='bbox 1113 685 1252 724; x_wconf 82' lang='lat' dir='ltr'>praeter</span> <span class='ocrx_word' id='word_1_244' title='bbox 1276 691 1379 724; x_wconf 83' lang='lat' dir='ltr'>sequ.</span> 
     </span>
     <span class='ocr_line' id='line_1_53' title="bbox 1447 724 1607 765; baseline -0.013 0"><span class='ocrx_word' id='word_1_245' title='bbox 1447 724 1607 765; x_wconf 90' lang='lat' dir='ltr'>Oratio.</span> 
     </span>
    </p>
   </div>
   <div class='ocr_carea' id='block_1_9' title="bbox 1113 777 1936 1216">
    <p class='ocr_par' dir='ltr' id='par_1_12' title="bbox 1210 777 1935 830">
     <span class='ocr_line' id='line_1_54' title="bbox 1210 777 1935 830; baseline 0.001 -11"><span class='ocrx_word' id='word_1_246' title='bbox 1210 791 1302 828; x_wconf 91' lang='lat' dir='ltr'>eus,</span> <span class='ocrx_word' id='word_1_247' title='bbox 1322 778 1396 830; x_wconf 91' lang='lat' dir='ltr'>qui</span> <span class='ocrx_word' id='word_1_248' title='bbox 1417 777 1594 820; x_wconf 90' lang='lat' dir='ltr'>beatum</span> <span class='ocrx_word' id='word_1_249' title='bbox 1615 777 1808 820; x_wconf 90' lang='lat' dir='ltr'>Blasium</span> <span class='ocrx_word' id='word_1_250' title='bbox 1825 778 1935 820; x_wconf 90' lang='lat' dir='ltr'>Mar-</span> 
     </span>
    </p>

    <p class='ocr_par' dir='ltr' id='par_1_13' title="bbox 1113 834 1936 1216">
     <span class='ocr_line' id='line_1_55' title="bbox 1214 834 1936 887; baseline -0.001 -10"><span class='ocrx_word' id='word_1_251' title='bbox 1214 839 1356 887; x_wconf 90' lang='lat' dir='ltr'>tyrem</span> <span class='ocrx_word' id='word_1_252' title='bbox 1379 839 1501 876; x_wconf 88' lang='lat' dir='ltr'>tuum</span> <span class='ocrx_word' id='word_1_253' title='bbox 1526 839 1656 887; x_wconf 87' lang='lat' dir='ltr'>atque</span> <span class='ocrx_word' id='word_1_254' title='bbox 1679 834 1936 877; x_wconf 89' lang='lat' dir='ltr'>Pontificem</span> 
     </span>
     <span class='ocr_line' id='line_1_56' title="bbox 1113 890 1935 944; baseline 0 -12"><span class='ocrx_word' id='word_1_255' title='bbox 1113 892 1156 932; x_wconf 93' lang='lat' dir='ltr'>in</span> <span class='ocrx_word' id='word_1_256' title='bbox 1175 891 1265 933; x_wconf 92' lang='lat' dir='ltr'>suis</span> <span class='ocrx_word' id='word_1_257' title='bbox 1282 891 1554 944; x_wconf 84' lang='lat' dir='ltr'>perferendis</span> <span class='ocrx_word' id='word_1_258' title='bbox 1574 890 1808 944; x_wconf 81' lang='lat' dir='ltr'>suppliciis,</span> <span class='ocrx_word' id='word_1_259' title='bbox 1831 891 1935 934; x_wconf 91' lang='lat' dir='ltr'>etin</span> 
     </span>
     <span class='ocr_line' id='line_1_57' title="bbox 1114 947 1935 1001; baseline -0.001 -12"><span class='ocrx_word' id='word_1_260' title='bbox 1114 947 1296 989; x_wconf 85' lang='lat' dir='ltr'>aliorum</span> <span class='ocrx_word' id='word_1_261' title='bbox 1322 947 1593 1001; x_wconf 80' lang='lat' dir='ltr'>depellendis</span> <span class='ocrx_word' id='word_1_262' title='bbox 1612 947 1935 990; x_wconf 90' lang='lat' dir='ltr'>infirmitatibus</span> 
     </span>
     <span class='ocr_line' id='line_1_58' title="bbox 1114 1003 1934 1057; baseline -0.001 -11"><span class='ocrx_word' id='word_1_263' title='bbox 1114 1003 1412 1046; x_wconf 78' lang='lat' dir='ltr'>admirabilem</span> <span class='ocrx_word' id='word_1_264' title='bbox 1427 1004 1622 1046; x_wconf 85' lang='lat' dir='ltr'>effecisti:</span> <span class='ocrx_word' id='word_1_265' title='bbox 1637 1003 1829 1046; x_wconf 88' lang='lat' dir='ltr'>concede</span> <span class='ocrx_word' id='word_1_266' title='bbox 1841 1016 1934 1057; x_wconf 91' lang='lat' dir='ltr'>pro·</span> 
     </span>
     <span class='ocr_line' id='line_1_59' title="bbox 1113 1060 1935 1114; baseline -0.001 -12"><span class='ocrx_word' id='word_1_267' title='bbox 1113 1061 1260 1114; x_wconf 84' lang='lat' dir='ltr'>pitius3</span> <span class='ocrx_word' id='word_1_268' title='bbox 1288 1065 1336 1102; x_wconf 93' lang='lat' dir='ltr'>ut</span> <span class='ocrx_word' id='word_1_269' title='bbox 1359 1061 1472 1102; x_wconf 90' lang='lat' dir='ltr'>illius</span> <span class='ocrx_word' id='word_1_270' title='bbox 1499 1066 1542 1102; x_wconf 91' lang='lat' dir='ltr'>et</span> <span class='ocrx_word' id='word_1_271' title='bbox 1563 1061 1607 1102; x_wconf 92' lang='lat' dir='ltr'>in</span> <span class='ocrx_word' id='word_1_272' title='bbox 1630 1060 1717 1103; x_wconf 91' lang='lat' dir='ltr'>fide</span> <span class='ocrx_word' id='word_1_273' title='bbox 1737 1062 1935 1102; x_wconf 90' lang='lat' dir='ltr'>constan-</span> 
     </span>
     <span class='ocr_line' id='line_1_60' title="bbox 1114 1116 1935 1170; baseline -0.001 -11"><span class='ocrx_word' id='word_1_274' title='bbox 1114 1117 1220 1159; x_wconf 87' lang='lat' dir='ltr'>tiam</span> <span class='ocrx_word' id='word_1_275' title='bbox 1239 1117 1472 1167; x_wconf 89' lang='lat' dir='ltr'>imitemur,</span> <span class='ocrx_word' id='word_1_276' title='bbox 1500 1122 1543 1159; x_wconf 92' lang='lat' dir='ltr'>et</span> <span class='ocrx_word' id='word_1_277' title='bbox 1566 1118 1610 1158; x_wconf 91' lang='lat' dir='ltr'>in</span> <span class='ocrx_word' id='word_1_278' title='bbox 1634 1116 1839 1170; x_wconf 92' lang='lat' dir='ltr'>periculis</span> <span class='ocrx_word' id='word_1_279' title='bbox 1861 1130 1935 1170; x_wconf 89' lang='lat' dir='ltr'>pa-</span> 
     </span>
     <span class='ocr_line' id='line_1_61' title="bbox 1114 1174 1935 1216; baseline -0.001 -1"><span class='ocrx_word' id='word_1_280' title='bbox 1114 1174 1298 1216; x_wconf 87' lang='lat' dir='ltr'>trocinia</span> <span class='ocrx_word' id='word_1_281' title='bbox 1317 1174 1563 1216; x_wconf 87' lang='lat' dir='ltr'>sentiamus.</span> <span class='ocrx_word' id='word_1_282' title='bbox 1589 1174 1674 1216; x_wconf 92' lang='lat' dir='ltr'>Per</span> <span class='ocrx_word' id='word_1_283' title='bbox 1689 1174 1935 1216; x_wconf 74' lang='lat' dir='ltr'>Deminum.</span> 
     </span>
    </p>
   </div>
   <div class='ocr_carea' id='block_1_10' title="bbox 1114 1239 1935 1334">
    <p class='ocr_par' dir='ltr' id='par_1_14' title="bbox 1114 1239 1935 1334">
     <span class='ocr_line' id='line_1_62' title="bbox 1166 1239 1935 1279; baseline -0.001 -2"><span class='ocrx_word' id='word_1_284' title='bbox 1166 1243 1209 1277; x_wconf 93' lang='lat' dir='ltr'>In</span> <span class='ocrx_word' id='word_1_285' title='bbox 1238 1243 1263 1278; x_wconf 92' lang='grc' dir='ltr'>Ι.</span> <span class='ocrx_word' id='word_1_286' title='bbox 1294 1243 1491 1279; x_wconf 86' lang='lat' dir='ltr'>Nocturno</span> <span class='ocrx_word' id='word_1_287' title='bbox 1525 1241 1728 1277; x_wconf 86' lang='lat' dir='ltr'>Lectiones</span> <span class='ocrx_word' id='word_1_288' title='bbox 1761 1239 1806 1275; x_wconf 88' lang='lat' dir='ltr'>de</span> <span class='ocrx_word' id='word_1_289' title='bbox 1838 1239 1935 1276; x_wconf 87' lang='lat' dir='ltr'>Scri-</span> 
     </span>
     <span class='ocr_line' id='line_1_63' title="bbox 1114 1295 1480 1334; baseline 0.003 -8"><span class='ocrx_word' id='word_1_290' title='bbox 1114 1295 1225 1334; x_wconf 87' lang='lat' dir='ltr'>ptura</span> <span class='ocrx_word' id='word_1_291' title='bbox 1250 1295 1480 1327; x_wconf 84' lang='lat' dir='ltr'>occurrente.</span> 
     </span>
    </p>
   </div>
   <div class='ocr_carea' id='block_1_11' title="bbox 1342 1357 1708 1398">
    <p class='ocr_par' dir='ltr' id='par_1_15' title="bbox 1342 1357 1708 1398">
     <span class='ocr_line' id='line_1_64' title="bbox 1342 1357 1708 1398; baseline 0.003 -1"><span class='ocrx_word' id='word_1_292' title='bbox 1342 1358 1391 1397; x_wconf 91' lang='lat' dir='ltr'>In</span> <span class='ocrx_word' id='word_1_293' title='bbox 1413 1358 1463 1397; x_wconf 93' lang='lat' dir='ltr'>II.</span> <span class='ocrx_word' id='word_1_294' title='bbox 1486 1357 1708 1398; x_wconf 75' lang='lat' dir='ltr'>Nocturno.</span> 
     </span>
    </p>
   </div>
   <div class='ocr_carea' id='block_1_12' title="bbox 1112 1421 1937 2733">
    <p class='ocr_par' dir='ltr' id='par_1_16' title="bbox 1112 1421 1936 1612">
     <span class='ocr_line' id='line_1_65' title="bbox 1166 1421 1935 1459; baseline -0.003 0"><span class='ocrx_word' id='word_1_295' title='bbox 1166 1424 1265 1459; x_wconf 88' lang='lat' dir='ltr'>Lect.</span> <span class='ocrx_word' id='word_1_296' title='bbox 1302 1424 1351 1459; x_wconf 79' lang='lat' dir='ltr'>iv.</span> <span class='ocrx_word' id='word_1_297' title='bbox 1390 1422 1555 1458; x_wconf 85' lang='lat' dir='ltr'>Blasius.</span> <span class='ocrx_word' id='word_1_298' title='bbox 1590 1427 1631 1458; x_wconf 89' lang='lat' dir='ltr'>ut</span> <span class='ocrx_word' id='word_1_299' title='bbox 1666 1422 1704 1457; x_wconf 87' lang='lat' dir='ltr'>in</span> <span class='ocrx_word' id='word_1_300' title='bbox 1734 1421 1935 1457; x_wconf 89' lang='lat' dir='ltr'>Breviario</span> 
     </span>
     <span class='ocr_line' id='line_1_66' title="bbox 1114 1469 1936 1507; baseline -0.004 0"><span class='ocrx_word' id='word_1_301' title='bbox 1114 1472 1248 1507; x_wconf 89' lang='lat' dir='ltr'>eadem</span> <span class='ocrx_word' id='word_1_302' title='bbox 1278 1471 1339 1507; x_wconf 89' lang='lat' dir='ltr'>die</span> <span class='ocrx_word' id='word_1_303' title='bbox 1367 1470 1442 1505; x_wconf 88' lang='grc'><strong>471.</strong></span> <span class='ocrx_word' id='word_1_304' title='bbox 1475 1471 1575 1507; x_wconf 87' lang='lat' dir='ltr'>Lect.</span> <span class='ocrx_word' id='word_1_305' title='bbox 1604 1482 1638 1506; x_wconf 84' lang='lat' dir='ltr'>v.</span> <span class='ocrx_word' id='word_1_306' title='bbox 1664 1475 1700 1506; x_wconf 89' lang='lat' dir='ltr'>et</span> <span class='ocrx_word' id='word_1_307' title='bbox 1722 1470 1772 1505; x_wconf 80' lang='lat' dir='ltr'>vi.</span> <span class='ocrx_word' id='word_1_308' title='bbox 1796 1469 1936 1504; x_wconf 88' lang='lat' dir='ltr'>Princi-</span> 
     </span>
     <span class='ocr_line' id='line_1_67' title="bbox 1114 1517 1935 1563; baseline -0.002 -9"><span class='ocrx_word' id='word_1_309' title='bbox 1114 1529 1183 1563; x_wconf 89' lang='lat' dir='ltr'>pes</span> <span class='ocrx_word' id='word_1_310' title='bbox 1217 1519 1410 1563; x_wconf 78' lang='lat' dir='ltr'>persecuti</span> <span class='ocrx_word' id='word_1_311' title='bbox 1445 1522 1542 1553; x_wconf 90' lang='lat' dir='ltr'>sunt.</span> <span class='ocrx_word' id='word_1_312' title='bbox 1579 1519 1625 1555; x_wconf 89' lang='lat' dir='ltr'>de</span> <span class='ocrx_word' id='word_1_313' title='bbox 1659 1518 1795 1554; x_wconf 89' lang='lat' dir='ltr'>eodem</span> <span class='ocrx_word' id='word_1_314' title='bbox 1830 1517 1935 1553; x_wconf 75' lang='lat' dir='ltr'>Coffi.</span> 
     </span>
     <span class='ocr_line' id='line_1_68' title="bbox 1112 1564 1936 1612; baseline -0.001 -10"><span class='ocrx_word' id='word_1_315' title='bbox 1112 1569 1141 1602; x_wconf 81' lang='lat'>2.</span> <span class='ocrx_word' id='word_1_316' title='bbox 1159 1568 1246 1603; x_wconf 90' lang='lat' dir='ltr'>loco</span> <span class='ocrx_word' id='word_1_317' title='bbox 1270 1567 1350 1610; x_wconf 89' lang='lat'>[31],</span> <span class='ocrx_word' id='word_1_318' title='bbox 1373 1577 1457 1602; x_wconf 92' lang='lat' dir='ltr'>cum</span> <span class='ocrx_word' id='word_1_319' title='bbox 1478 1567 1521 1612; x_wconf 71' lang='lat' dir='ltr'>R.</span> <span class='ocrx_word' id='word_1_320' title='bbox 1538 1578 1572 1603; x_wconf 89' lang='lat' dir='ltr'>v.</span> <span class='ocrx_word' id='word_1_321' title='bbox 1598 1572 1635 1603; x_wconf 89' lang='lat' dir='ltr'>et</span> <span class='ocrx_word' id='word_1_322' title='bbox 1650 1567 1699 1603; x_wconf 82' lang='lat' dir='ltr'>vi.</span> <span class='ocrx_word' id='word_1_323' title='bbox 1724 1565 1792 1609; x_wconf 90' lang='lat'>[32]</span> <span class='ocrx_word' id='word_1_324' title='bbox 1811 1570 1848 1601; x_wconf 89' lang='lat' dir='ltr'>et</span> <span class='ocrx_word' id='word_1_325' title='bbox 1867 1564 1936 1609; x_wconf 89' lang='lat'>[27]</span> 
     </span>
    </p>

    <p class='ocr_par' dir='ltr' id='par_1_17' title="bbox 1115 1623 1937 1707">
     <span class='ocr_line' id='line_1_69' title="bbox 1167 1623 1937 1667; baseline -0.001 -9"><span class='ocrx_word' id='word_1_326' title='bbox 1167 1623 1243 1658; x_wconf 88' lang='lat' dir='ltr'>Ubi</span> <span class='ocrx_word' id='word_1_327' title='bbox 1271 1634 1363 1659; x_wconf 77' lang='lat' dir='ltr'>vero</span> <span class='ocrx_word' id='word_1_328' title='bbox 1395 1627 1482 1659; x_wconf 87' lang='lat' dir='ltr'>sunt</span> <span class='ocrx_word' id='word_1_329' title='bbox 1515 1634 1727 1666; x_wconf 87' lang='lat' dir='ltr'>concessae,</span> <span class='ocrx_word' id='word_1_330' title='bbox 1759 1624 1937 1667; x_wconf 86' lang='lat' dir='ltr'>leguntur</span> 
     </span>
     <span class='ocr_line' id='line_1_70' title="bbox 1115 1671 1287 1707; baseline 0 -1"><span class='ocrx_word' id='word_1_331' title='bbox 1115 1677 1155 1707; x_wconf 92' lang='lat' dir='ltr'>ut</span> <span class='ocrx_word' id='word_1_332' title='bbox 1179 1671 1287 1706; x_wconf 85' lang='lat' dir='ltr'>infra.</span> 
     </span>
    </p>

    <p class='ocr_par' dir='ltr' id='par_1_18' title="bbox 1414 1716 1637 1758">
     <span class='ocr_line' id='line_1_71' title="bbox 1414 1716 1637 1758; baseline -0.004 0"><span class='ocrx_word' id='word_1_333' title='bbox 1414 1716 1564 1758; x_wconf 90' lang='lat' dir='ltr'>Lectio</span> <span class='ocrx_word' id='word_1_334' title='bbox 1585 1717 1637 1757; x_wconf 83' lang='lat' dir='ltr'>iv.</span> 
     </span>
    </p>

    <p class='ocr_par' dir='ltr' id='par_1_19' title="bbox 1113 1772 1937 2672">
     <span class='ocr_line' id='line_1_72' title="bbox 1119 1772 1936 1826; baseline -0.001 -10"><span class='ocrx_word' id='word_1_335' title='bbox 1119 1774 1358 1815; x_wconf 64' lang='lat' dir='ltr'>“‘lasius</span> <span class='ocrx_word' id='word_1_336' title='bbox 1370 1772 1613 1826; x_wconf 83' lang='lat' dir='ltr'>Cappadox</span> <span class='ocrx_word' id='word_1_337' title='bbox 1627 1772 1763 1814; x_wconf 78' lang='lat' dir='ltr'>nebili</span> <span class='ocrx_word' id='word_1_338' title='bbox 1777 1774 1936 1823; x_wconf 87' lang='lat' dir='ltr'>genere</span> 
     </span>
     <span class='ocr_line' id='line_1_73' title="bbox 1119 1820 1936 1882; baseline -0.001 -10"><span class='ocrx_word' id='word_1_339' title='bbox 1119 1825 1134 1839; x_wconf 74' lang='grc'>’“</span> <span class='ocrx_word' id='word_1_340' title='bbox 1151 1820 1219 1867; x_wconf 18' lang='lat'>3²</span> <span class='ocrx_word' id='word_1_341' title='bbox 1244 1836 1374 1880; x_wconf 92' lang='lat' dir='ltr'>ortus,</span> <span class='ocrx_word' id='word_1_342' title='bbox 1396 1829 1580 1871; x_wconf 84' lang='lat' dir='ltr'>Sebaste</span> <span class='ocrx_word' id='word_1_343' title='bbox 1596 1829 1640 1870; x_wconf 91' lang='lat' dir='ltr'>in</span> <span class='ocrx_word' id='word_1_344' title='bbox 1657 1828 1936 1882; x_wconf 80' lang='lat' dir='ltr'>Cappadocia</span> 
     </span>
     <span class='ocr_line' id='line_1_74' title="bbox 1120 1882 1936 1939; baseline -0.005 -8"><span class='ocrx_word' id='word_1_345' title='bbox 1120 1882 1220 1912; x_wconf 38' lang='lat' dir='ltr'>-ffl</span> <span class='ocrx_word' id='word_1_346' title='bbox 1244 1901 1298 1930; x_wconf 85' lang='lat' dir='ltr'>ex</span> <span class='ocrx_word' id='word_1_347' title='bbox 1324 1887 1469 1930; x_wconf 89' lang='lat' dir='ltr'>medio</span> <span class='ocrx_word' id='word_1_348' title='bbox 1501 1888 1734 1939; x_wconf 86' lang='lat' dir='ltr'>episcopus</span> <span class='ocrx_word' id='word_1_349' title='bbox 1762 1888 1936 1928; x_wconf 89' lang='lat' dir='ltr'>creatus</span> 
     </span>
     <span class='ocr_line' id='line_1_75' title="bbox 1115 1942 1936 1998; baseline -0.005 -11"><span class='ocrx_word' id='word_1_350' title='bbox 1115 1949 1196 1995; x_wconf 89' lang='lat' dir='ltr'>est,</span> <span class='ocrx_word' id='word_1_351' title='bbox 1219 1949 1267 1986; x_wconf 92' lang='lat' dir='ltr'>ut</span> <span class='ocrx_word' id='word_1_352' title='bbox 1291 1946 1527 1998; x_wconf 85' lang='lat' dir='ltr'>corporum</span> <span class='ocrx_word' id='word_1_353' title='bbox 1546 1942 1759 1984; x_wconf 66' lang='lat' dir='ltr'>curationi</span> <span class='ocrx_word' id='word_1_354' title='bbox 1778 1942 1936 1984; x_wconf 85' lang='lat' dir='ltr'>anima·</span> 
     </span>
     <span class='ocr_line' id='line_1_76' title="bbox 1114 1999 1937 2043; baseline -0.002 -1"><span class='ocrx_word' id='word_1_355' title='bbox 1114 2015 1210 2043; x_wconf 92' lang='lat' dir='ltr'>rum</span> <span class='ocrx_word' id='word_1_356' title='bbox 1230 2014 1335 2043; x_wconf 92' lang='lat' dir='ltr'>cura</span> <span class='ocrx_word' id='word_1_357' title='bbox 1351 2000 1617 2043; x_wconf 89' lang='lat' dir='ltr'>succederet.</span> <span class='ocrx_word' id='word_1_358' title='bbox 1640 1999 1754 2041; x_wconf 88' lang='lat' dir='ltr'>Huic</span> <span class='ocrx_word' id='word_1_359' title='bbox 1768 1999 1937 2041; x_wconf 83' lang='lat' dir='ltr'>muneri</span> 
     </span>
     <span class='ocr_line' id='line_1_77' title="bbox 1115 2057 1935 2110; baseline -0.005 -10"><span class='ocrx_word' id='word_1_360' title='bbox 1115 2071 1217 2100; x_wconf 92' lang='lat' dir='ltr'>cum</span> <span class='ocrx_word' id='word_1_361' title='bbox 1240 2057 1436 2100; x_wconf 89' lang='lat' dir='ltr'>sedulam</span> <span class='ocrx_word' id='word_1_362' title='bbox 1461 2069 1512 2098; x_wconf 92' lang='lat' dir='ltr'>ac</span> <span class='ocrx_word' id='word_1_363' title='bbox 1530 2057 1648 2110; x_wconf 90' lang='lat' dir='ltr'>piam</span> <span class='ocrx_word' id='word_1_364' title='bbox 1667 2058 1847 2108; x_wconf 71' lang='lat' dir='ltr'>Operam</span> <span class='ocrx_word' id='word_1_365' title='bbox 1864 2068 1935 2097; x_wconf 87' lang='lat' dir='ltr'>na-</span> 
     </span>
     <span class='ocr_line' id='line_1_78' title="bbox 1114 2111 1936 2166; baseline -0.004 -10"><span class='ocrx_word' id='word_1_366' title='bbox 1114 2117 1253 2165; x_wconf 90' lang='lat' dir='ltr'>varet,</span> <span class='ocrx_word' id='word_1_367' title='bbox 1282 2114 1376 2156; x_wconf 85' lang='lat' dir='ltr'>dira</span> <span class='ocrx_word' id='word_1_368' title='bbox 1400 2115 1639 2166; x_wconf 85' lang='lat' dir='ltr'>tempestas</span> <span class='ocrx_word' id='word_1_369' title='bbox 1662 2112 1707 2153; x_wconf 92' lang='lat' dir='ltr'>in</span> <span class='ocrx_word' id='word_1_370' title='bbox 1732 2111 1936 2154; x_wconf 86' lang='lat' dir='ltr'>Christia-</span> 
     </span>
     <span class='ocr_line' id='line_1_79' title="bbox 1114 2168 1937 2223; baseline -0.004 -11"><span class='ocrx_word' id='word_1_371' title='bbox 1114 2183 1195 2213; x_wconf 91' lang='lat' dir='ltr'>nos</span> <span class='ocrx_word' id='word_1_372' title='bbox 1214 2184 1239 2212; x_wconf 90' lang='lat' dir='ltr'>a</span> <span class='ocrx_word' id='word_1_373' title='bbox 1252 2171 1419 2212; x_wconf 91' lang='lat' dir='ltr'>Licinio</span> <span class='ocrx_word' id='word_1_374' title='bbox 1439 2171 1624 2223; x_wconf 88' lang='lat' dir='ltr'>tyranno</span> <span class='ocrx_word' id='word_1_375' title='bbox 1641 2168 1830 2210; x_wconf 86' lang='lat' dir='ltr'>excitata</span> <span class='ocrx_word' id='word_1_376' title='bbox 1845 2168 1937 2210; x_wconf 87' lang='lat' dir='ltr'>fuit.</span> 
     </span>
     <span class='ocr_line' id='line_1_80' title="bbox 1114 2223 1937 2275; baseline -0.004 -7"><span class='ocrx_word' id='word_1_377' title='bbox 1114 2227 1288 2269; x_wconf 88' lang='lat' dir='ltr'>Blasius</span> <span class='ocrx_word' id='word_1_378' title='bbox 1326 2227 1473 2269; x_wconf 90' lang='lat' dir='ltr'>divino</span> <span class='ocrx_word' id='word_1_379' title='bbox 1511 2226 1735 2275; x_wconf 91' lang='lat' dir='ltr'>instinctu,</span> <span class='ocrx_word' id='word_1_380' title='bbox 1775 2223 1937 2266; x_wconf 89' lang='lat' dir='ltr'>Christi</span> 
     </span>
     <span class='ocr_line' id='line_1_81' title="bbox 1115 2281 1936 2334; baseline -0.004 -9"><span class='ocrx_word' id='word_1_381' title='bbox 1115 2283 1296 2325; x_wconf 91' lang='lat' dir='ltr'>consilio</span> <span class='ocrx_word' id='word_1_382' title='bbox 1339 2287 1382 2324; x_wconf 91' lang='lat' dir='ltr'>et</span> <span class='ocrx_word' id='word_1_383' title='bbox 1423 2281 1624 2334; x_wconf 79' lang='lat' dir='ltr'>exemplo</span> <span class='ocrx_word' id='word_1_384' title='bbox 1664 2281 1708 2322; x_wconf 89' lang='lat' dir='ltr'>in</span> <span class='ocrx_word' id='word_1_385' title='bbox 1743 2285 1936 2323; x_wconf 91' lang='lat' dir='ltr'>montem</span> 
     </span>
     <span class='ocr_line' id='line_1_82' title="bbox 1114 2338 1935 2391; baseline -0.004 -10"><span class='ocrx_word' id='word_1_386' title='bbox 1114 2340 1322 2391; x_wconf 81' lang='lat' dir='ltr'>Argaeum</span> <span class='ocrx_word' id='word_1_387' title='bbox 1340 2352 1388 2381; x_wconf 90' lang='lat' dir='ltr'>se</span> <span class='ocrx_word' id='word_1_388' title='bbox 1405 2338 1582 2391; x_wconf 87' lang='lat' dir='ltr'>recepit,</span> <span class='ocrx_word' id='word_1_389' title='bbox 1601 2350 1652 2379; x_wconf 92' lang='lat' dir='ltr'>ac</span> <span class='ocrx_word' id='word_1_390' title='bbox 1670 2350 1767 2379; x_wconf 88' lang='lat' dir='ltr'>sese</span> <span class='ocrx_word' id='word_1_391' title='bbox 1781 2338 1826 2378; x_wconf 90' lang='lat' dir='ltr'>in</span> <span class='ocrx_word' id='word_1_392' title='bbox 1841 2350 1935 2390; x_wconf 88' lang='lat' dir='ltr'>spe-</span> 
     </span>
     <span class='ocr_line' id='line_1_83' title="bbox 1113 2392 1936 2447; baseline -0.004 -9"><span class='ocrx_word' id='word_1_393' title='bbox 1113 2398 1286 2439; x_wconf 72' lang='lat' dir='ltr'>lancam</span> <span class='ocrx_word' id='word_1_394' title='bbox 1312 2394 1498 2444; x_wconf 87' lang='lat' dir='ltr'>abdidit,</span> <span class='ocrx_word' id='word_1_395' title='bbox 1525 2395 1568 2435; x_wconf 93' lang='lat' dir='ltr'>in</span> <span class='ocrx_word' id='word_1_396' title='bbox 1594 2407 1680 2447; x_wconf 88' lang='lat' dir='ltr'>qua</span> <span class='ocrx_word' id='word_1_397' title='bbox 1705 2406 1850 2436; x_wconf 90' lang='lat' dir='ltr'>rerum</span> <span class='ocrx_word' id='word_1_398' title='bbox 1876 2392 1936 2435; x_wconf 88' lang='lat' dir='ltr'>di-</span> 
     </span>
     <span class='ocr_line' id='line_1_84' title="bbox 1114 2450 1936 2503; baseline -0.005 -8"><span class='ocrx_word' id='word_1_399' title='bbox 1114 2454 1310 2495; x_wconf 89' lang='lat' dir='ltr'>vinarum</span> <span class='ocrx_word' id='word_1_400' title='bbox 1355 2450 1712 2503; x_wconf 68' lang='lat' dir='ltr'>contemplationi</span> <span class='ocrx_word' id='word_1_401' title='bbox 1761 2462 1936 2499; x_wconf 86' lang='lat' dir='ltr'>vacans,</span> 
     </span>
     <span class='ocr_line' id='line_1_85' title="bbox 1114 2506 1935 2564; baseline -0.006 -12"><span class='ocrx_word' id='word_1_402' title='bbox 1114 2510 1169 2552; x_wconf 90' lang='lat' dir='ltr'>ab</span> <span class='ocrx_word' id='word_1_403' title='bbox 1192 2509 1300 2562; x_wconf 89' lang='lat' dir='ltr'>ipsis</span> <span class='ocrx_word' id='word_1_404' title='bbox 1323 2508 1441 2557; x_wconf 87' lang='lat' dir='ltr'>feris,</span> <span class='ocrx_word' id='word_1_405' title='bbox 1468 2509 1628 2564; x_wconf 83' lang='lat' dir='ltr'>nativae</span> <span class='ocrx_word' id='word_1_406' title='bbox 1652 2507 1838 2549; x_wconf 86' lang='lat' dir='ltr'>feritatis</span> <span class='ocrx_word' id='word_1_407' title='bbox 1862 2506 1935 2548; x_wconf 93' lang='lat' dir='ltr'>ob-</span> 
     </span>
     <span class='ocr_line' id='line_1_86' title="bbox 1114 2563 1936 2617; baseline -0.004 -10"><span class='ocrx_word' id='word_1_408' title='bbox 1114 2566 1219 2615; x_wconf 84' lang='lat' dir='ltr'>litis,</span> <span class='ocrx_word' id='word_1_409' title='bbox 1248 2563 1550 2617; x_wconf 90' lang='lat' dir='ltr'>quotidianum</span> <span class='ocrx_word' id='word_1_410' title='bbox 1569 2563 1732 2605; x_wconf 89' lang='lat' dir='ltr'>victum</span> <span class='ocrx_word' id='word_1_411' title='bbox 1757 2563 1936 2615; x_wconf 88' lang='lat' dir='ltr'>accepit,</span> 
     </span>
     <span class='ocr_line' id='line_1_87' title="bbox 1115 2619 1895 2672; baseline -0.004 -8"><span class='ocrx_word' id='word_1_412' title='bbox 1115 2627 1158 2664; x_wconf 90' lang='lat' dir='ltr'>et</span> <span class='ocrx_word' id='word_1_413' title='bbox 1176 2622 1323 2664; x_wconf 92' lang='lat' dir='ltr'>multis</span> <span class='ocrx_word' id='word_1_414' title='bbox 1342 2620 1566 2672; x_wconf 89' lang='lat' dir='ltr'>obsequiis</span> <span class='ocrx_word' id='word_1_415' title='bbox 1586 2619 1726 2662; x_wconf 83' lang='lat' dir='ltr'>cultus</span> <span class='ocrx_word' id='word_1_416' title='bbox 1747 2624 1824 2662; x_wconf 87' lang='lat' dir='ltr'>est.</span> <span class='ocrx_word' id='word_1_417' title='bbox 1891 2662 1895 2668; x_wconf 80' lang='grc'><strong><em>,</em></strong></span> 
     </span>
    </p>

    <p class='ocr_par' dir='ltr' id='par_1_20' title="bbox 1165 2680 1935 2733">
     <span class='ocr_line' id='line_1_88' title="bbox 1165 2680 1935 2733; baseline -0.005 -8"><span class='ocrx_word' id='word_1_418' title='bbox 1165 2682 1215 2733; x_wconf 63' lang='lat' dir='ltr'>Ra.</span> <span class='ocrx_word' id='word_1_419' title='bbox 1247 2683 1493 2724; x_wconf 87' lang='lat' dir='ltr'>Honestum</span> <span class='ocrx_word' id='word_1_420' title='bbox 1518 2681 1620 2722; x_wconf 90' lang='lat' dir='ltr'>fecit</span> <span class='ocrx_word' id='word_1_421' title='bbox 1644 2681 1764 2723; x_wconf 90' lang='lat' dir='ltr'>illum</span> <span class='ocrx_word' id='word_1_422' title='bbox 1788 2680 1935 2722; x_wconf 78' lang='lat' dir='ltr'>Demi-</span> 
     </span>
    </p>
   </div>
   <div class='ocr_carea' id='block_1_13' title="bbox 1113 2736 1933 2790">
    <p class='ocr_par' dir='ltr' id='par_1_21' title="bbox 1113 2736 1933 2790">
     <span class='ocr_line' id='line_1_89' title="bbox 1113 2736 1933 2790; baseline -0.002 -10"><span class='ocrx_word' id='word_1_423' title='bbox 1113 2752 1204 2790; x_wconf 91' lang='lat' dir='ltr'>nus,</span> <span class='ocrx_word' id='word_1_424' title='bbox 1231 2744 1274 2782; x_wconf 90' lang='lat' dir='ltr'>et</span> <span class='ocrx_word' id='word_1_425' title='bbox 1293 2737 1529 2781; x_wconf 70' lang='lat' dir='ltr'>custodIvit</span> <span class='ocrx_word' id='word_1_426' title='bbox 1548 2750 1647 2779; x_wconf 90' lang='lat' dir='ltr'>eum</span> <span class='ocrx_word' id='word_1_427' title='bbox 1665 2736 1720 2780; x_wconf 90' lang='lat' dir='ltr'>ab</span> <span class='ocrx_word' id='word_1_428' title='bbox 1738 2737 1933 2787; x_wconf 87' lang='lat' dir='ltr'>inimicis,</span> 
     </span>
    </p>
   </div>
   <div class='ocr_carea' id='block_1_14' title="bbox 181 157 1995 2842">
    <p class='ocr_par' dir='ltr' id='par_1_22' title="bbox 181 157 1995 2842">
     <span class='ocr_line' id='line_1_90' title="bbox 181 157 1995 2842; baseline 0 0"><span class='ocrx_word' id='word_1_429' title='bbox 181 157 1995 2842; x_wconf 95' lang='lat' dir='ltr'> </span> 
     </span>
    </p>
   </div>
  </div>
 </body>
</html>
