2080 2990
740 210 975 254 Praeparatio
1001 209 1050 244 ad
1072 210 1238 244 Missam.

196 306 302 342 Deus
331 309 374 341 tu
403 306 612 341 conversus
635 305 852 341 vivificabis
875 315 963 340 nos:

145 357 167 383 *
190 360 227 391 et
248 355 360 400 plebs
384 358 451 390 tua
472 355 666 390 laetabitur
686 355 727 390 in
749 359 796 390 te.

199 406 366 442 Ostende
400 405 515 440 nobis
546 405 631 440 Dfie
661 405 966 441 misericerdiam

145 461 266 493 tuam:
290 457 312 482 ²³
335 459 372 492 et
396 455 562 491 salutare
585 459 693 491 tuum
716 455 766 491 da
788 456 912 491 nobis.

197 507 367 543 Audiam
389 506 484 551 quid
505 506 685 550 loquatur
704 506 744 540 in
763 516 822 541 me
837 506 966 541 Domi-

146 568 219 593 nus
242 557 363 592 Deus:
386 556 408 581 ¹⁸¹
429 555 611 600 quoniam
632 555 810 600 loquetur
831 566 967 600 pacem

147 609 188 644 in
209 607 362 652 plebem
384 616 502 641 suam.

199 658 247 693 Et
269 666 386 701 super
409 659 564 691 sanctos
589 666 696 691 suos:
720 656 741 681 *
766 660 802 691 et
825 656 866 691 in
889 667 966 700 eOS‚

150 708 217 754 qui
240 708 514 743 convertuntur
536 706 586 742 ad
608 717 684 742 cor.

198 758 470 793 Verumtamen
505 766 627 800 prope
664 757 840 791 timentes
882 767 968 791 eum

150 808 316 844 salutare
343 808 481 852 ipsius:
511 807 533 832 ‘³‘
561 811 603 842 ut
630 807 817 842 inhabitet
846 807 969 851 gleria

148 858 189 893 in
211 862 313 893 terra
334 861 477 893 nostra.

198 908 478 952 Misericordia,
503 911 540 943 et
554 907 698 943 veritas
716 908 970 943 obviaverunt

150 959 239 994 sibi:
263 958 284 983 ²*
307 958 462 1002 justitia,
486 962 523 993 et
546 968 625 1002 pax
648 958 832 992 osculatae
854 962 951 993 sunt.

200 1008 352 1044 Veritas
377 1008 424 1043 de
447 1012 549 1043 terra
572 1012 656 1042 orta
676 1012 747 1043 est:
768 1008 789 1032 ’¹‘
812 1011 848 1043 et
865 1009 968 1052 justi-

149 1059 204 1094 tia
227 1058 274 1093 de
298 1058 397 1093 coelo
423 1057 633 1102 prospexit.

202 1108 354 1144 Etenim
386 1108 574 1143 Dominus
613 1107 720 1143 dabit
757 1108 969 1152 benignita-

148 1162 239 1195 tem:
267 1158 290 1184 *
318 1162 355 1194 et
381 1162 483 1194 terra
510 1162 643 1193 nostra
671 1158 779 1193 dabit
807 1158 970 1193 fructum

150 1220 270 1245 suum.

201 1259 358 1295 Justitia
390 1262 476 1294 ante
509 1268 595 1294 eum
627 1257 850 1292 ambulabit:
881 1258 902 1282 ²²<
934 1262 971 1293 et

151 1314 270 1354 ponet
292 1310 333 1344 in
354 1309 420 1345 via
443 1319 600 1353 gressus
625 1318 726 1343 suos.

204 1359 338 1396 Gleria
358 1359 474 1395 Patri.

428 1420 603 1455 Psalmus
627 1420 681 1453 85.

180 1479 307 1514 nelina
334 1479 497 1514 Demine
529 1488 659 1513 aurem
688 1480 807 1520 tuam,
841 1481 878 1511 et
908 1487 970 1518 ex-

205 1529 297 1564 audi
312 1539 388 1564 me:
404 1529 426 1553 *
439 1528 621 1573 queniam
635 1528 761 1571 inops,
776 1531 812 1562 et
824 1537 972 1571 pauper

152 1590 237 1615 sum
259 1589 342 1623 ego.

203 1629 365 1665 Custedi
402 1628 568 1664 animam
604 1638 745 1671 meam,
789 1627 971 1671 quoniam

152 1683 306 1715 sanetus
323 1690 422 1714 sum:
446 1679 467 1704 *
491 1678 642 1714 salvum
657 1678 718 1713 fac
739 1688 893 1713 servum
915 1681 971 1712 tu-

150 1742 224 1775 um,
246 1731 352 1766 Deus
376 1740 494 1774 meus,
519 1731 737 1774 sperantem
760 1729 799 1764 in
822 1733 869 1764 te.

202 1781 382 1816 Miserere
410 1780 486 1815 mei
514 1779 678 1814 Domine
709 1779 891 1823 queniam
922 1779 972 1813 ad

150 1835 188 1867 te
204 1830 369 1866 clamavi
391 1833 473 1866 tota
496 1829 574 1864 die:
597 1829 618 1854 ²⁸³
641 1829 793 1864 laetifica
807 1828 972 1863 animam

152 1881 256 1917 servi
277 1881 344 1924 tui,
368 1879 551 1925 quoniam
574 1879 624 1914 ad
647 1883 683 1914 te
707 1878 869 1914 Demine
893 1878 971 1912 ani-

151 1942 254 1967 mam
274 1941 400 1966 meam
421 1930 560 1966 levavi.

205 1982 395 2024 Queniam
411 1985 454 2017 tu
467 1980 630 2016 Demine
652 1979 783 2014 suavis
801 1982 838 2014 et
852 1978 971 2013 mitis:

153 2033 174 2059 *⁴
198 2036 235 2068 et
256 2032 387 2067 multae
408 2030 685 2067 misericerdiae
713 2029 889 2064 omnibus
918 2029 972 2063 in-

152 2083 382 2119 vocantibus
403 2086 451 2118 te.

203 2134 375 2169 Auribus
398 2132 554 2177 percipe
574 2130 738 2166 D6mine
762 2129 974 2164 oratienem

153 2194 291 2219 meam:
314 2183 335 2208 *
358 2187 396 2218 et
416 2181 570 2218 intende
585 2180 675 2216 voci
691 2179 973 2223 deprecationis

154 2243 260 2269 meae.

205 2283 251 2318 In
272 2282 334 2318 die
354 2280 614 2317 tribulationis
632 2289 728 2314 meae
745 2278 908 2314 clamavi
925 2277 975 2312 ad.

154 2338 209 2369 te:
232 2333 254 2358 *¹
278 2332 370 2377 quia
393 2331 585 2367 exaudisti
606 2340 676 2365 me.

206 2383 296 2418 Non
319 2385 378 2417 est
401 2381 536 2416 similis
559 2380 617 2415 tui
640 2379 680 2414 in
705 2379 780 2414 diis
795 2378 973 2413 Demine:

155 2434 177 2459 ’¹³
201 2437 238 2468 et
259 2442 338 2467 non
360 2434 419 2466 est
443 2430 652 2466 secundum
675 2430 793 2473 opera
813 2432 889 2462 tua.

210 2482 350 2518 Omnes
382 2485 514 2525 gentes
548 2481 808 2524 quascumque
840 2477 973 2520 fecisti,

155 2532 323 2576 venient,
355 2535 393 2567 et
425 2531 640 2566 adorabunt
672 2538 801 2564 coram
830 2531 867 2562 te
899 2527 974 2561 Do-

155 2584 271 2618 mine:
295 2583 317 2608 *
341 2586 378 2618 et
400 2581 668 2626 glorificabunt
692 2588 831 2613 nomen
857 2581 972 2611 tuum.

208 2633 396 2675 Queniam
423 2640 585 2674 magnus
613 2639 654 2664 es
678 2632 737 2671 tu,
770 2631 806 2662 et
830 2626 973 2661 faciens

156 2683 360 2719 mirabilia:
385 2682 406 2708 *
431 2686 472 2717 tu
495 2691 536 2716 es
559 2680 664 2714 Deus
689 2678 805 2713 solus.

210 2733 344 2769 Deduc
371 2742 431 2767 me
461 2730 624 2766 Demine
654 2729 693 2763 in
722 2728 787 2763 via
821 2731 902 2769 tua⁷
937 2730 975 2761 et

1015 304 1210 348 ingrediar
1225 304 1265 339 in
1278 304 1438 340 veritate
1454 308 1534 340 tua:
1557 304 1578 329 *
1599 304 1748 339 laetetur
1768 314 1833 339 cor

1015 363 1142 388 meum
1163 357 1204 388 ut
1225 354 1355 388 timeat
1376 364 1515 389 nomen
1537 357 1652 389 tuum.

1070 403 1289 439 Confitebor
1315 403 1387 439 tibi
1409 403 1570 439 Domine
1593 404 1698 438 Deus
1726 412 1833 437 meus

1016 453 1058 488 in
1087 457 1170 488 toto
1205 453 1320 488 corde
1351 463 1455 496 meo,
1488 453 1509 478 ’ῖς
1541 457 1578 488 et
1610 453 1833 497 glorificabo

1017 514 1157 539 nomen
1179 507 1285 538 tuum
1308 503 1348 537 in
1371 504 1566 538 aeternum:

1071 554 1170 595 Quia
1202 553 1466 588 misericordia
1501 557 1567 588 tua
1606 562 1745 596 magna
1778 556 1835 587 est

1019 614 1136 647 super
1157 613 1233 638 me:
1262 603 1283 628 ’ὲ
1307 606 1344 638 et
1367 603 1498 637 eruisti
1526 602 1690 637 animam
1712 611 1836 636 meam

1019 664 1068 688 ex
1090 654 1238 689 inferno
1262 652 1443 687 inferieri.

1070 704 1191 748 Deus,
1238 703 1360 747 iniqui
1396 703 1681 737 insurrexerunt
1721 711 1836 745 super

1018 765 1096 797 me,
1135 758 1172 789 et
1206 754 1405 798 synagoga
1434 751 1646 796 potentium
1676 751 1835 795 quaesie-

1019 809 1106 839 runt
1134 804 1299 839 animam
1321 813 1459 837 meam:
1488 802 1509 826 ‘³⁴
1537 806 1573 836 et
1599 811 1676 835 non
1697 811 1836 845 propo-

1021 856 1176 890 suerunt
1197 858 1234 888 te
1259 853 1298 887 in
1323 853 1530 896 conspectu
1554 861 1634 886 suo.

1071 905 1119 939 Et
1154 908 1196 939 tu
1228 902 1391 938 Domine
1426 902 1531 936 Deus
1568 901 1769 935 miserator
1801 904 1838 934 et

1020 955 1253 990 misericors:
1276 954 1297 978 ‘³‘
1312 953 1474 997 patiens⁷
1491 956 1528 987 et
1547 952 1677 987 multae
1692 951 1837 986 miseri-

1021 1005 1174 1048 cordiae,
1199 1008 1235 1039 et
1257 1014 1386 1039 verax.

1072 1054 1234 1098 Respice
1252 1053 1292 1087 in
1307 1063 1377 1095 me,
1395 1056 1431 1087 et
1446 1052 1624 1086 miserere
1640 1051 1725 1094 mei,
1746 1051 1767 1075 ’³‘
1788 1050 1838 1085 da

1021 1105 1222 1149 imperium
1244 1108 1352 1139 tuum
1372 1104 1493 1146 puero
1516 1106 1598 1136 tuo:
1629 1105 1666 1136 et
1689 1101 1838 1136 salvum

1021 1155 1082 1189 fac
1106 1154 1228 1188 filium
1251 1153 1399 1188 ancillae
1422 1156 1508 1187 tuae.

1072 1205 1149 1239 Fac
1176 1214 1325 1239 mecum
1355 1203 1506 1246 signum
1536 1202 1575 1236 in
1604 1203 1765 1245 bonum,
1797 1204 1839 1236 ut

1021 1255 1177 1290 videant
1209 1254 1276 1298 qui
1309 1253 1470 1288 oderunt
1502 1262 1580 1295 me,
1615 1255 1651 1286 et
1682 1251 1837 1286 confun-

1022 1305 1175 1340 dantur:
1190 1304 1210 1327 '³‘
1228 1303 1408 1348 queniam
1424 1306 1465 1336 tu
1479 1302 1641 1337 Domine
1658 1301 1838 1345 adjuvisti

1021 1365 1091 1398 me,
1115 1358 1152 1390 et
1175 1353 1396 1389 consolatus
1420 1363 1461 1388 es
1484 1362 1554 1387 me.

1074 1404 1208 1440 Glaria
1229 1403 1344 1438 Patri.

1295 1477 1469 1510 Psalmus
1496 1476 1564 1509 115.

1023 1538 1203 1617 Credidi,
1219 1541 1378 1582 propter
1397 1537 1503 1581 quod
1524 1537 1675 1571 locutus
1699 1545 1798 1570 sum:
1818 1534 1840 1559 *

1102 1599 1174 1633 ego
1198 1592 1323 1623 autem
1338 1588 1560 1623 humiliatus
1583 1597 1667 1621 sum
1685 1585 1810 1620 nimis.

1073 1639 1155 1682 Ego
1181 1638 1263 1673 dixi
1286 1637 1326 1671 in
1350 1638 1511 1672 excessu
1532 1646 1633 1671 meo:
1662 1635 1683 1660 '³‘
1708 1634 1839 1669 Omnis

1022 1690 1138 1724 homo
1162 1687 1338 1723 mendax.

1075 1738 1177 1780 Quid
1191 1738 1398 1773 retribuam
1413 1735 1578 1771 Demino
1599 1735 1620 1759 ²³²
1635 1744 1705 1778 pro
1722 1734 1839 1768 emni-

1022 1790 1106 1831 bus,
1131 1798 1218 1832 quae
1242 1786 1417 1822 retribuit
1438 1785 1551 1820 mihi?

1075 1839 1243 1875 Calicem
1259 1837 1437 1873 salutaris
1455 1835 1654 1878 accipiam:
1675 1833 1696 1858 ‘³³
1718 1836 1754 1868 et
1774 1842 1840 1867 no-

1022 1900 1110 1924 men
1131 1887 1287 1923 Domini
1310 1886 1511 1922 invocabo.

1074 1939 1176 1974 Vota
1209 1948 1295 1973 mea
1326 1936 1491 1971 Domino
1523 1934 1681 1970 reddam
1713 1942 1841 1967 coram

1025 1989 1129 2025 omni
1151 1989 1296 2033 populo
1321 1988 1419 2031 ejus:
1447 1986 1469 2011 ’Β
1495 1984 1665 2029 pretiesa
1692 1982 1732 2017 in
1753 1992 1840 2017 con-

1025 2041 1158 2084 spectu
1174 2037 1329 2073 Demini
1349 2045 1453 2071 mors
1477 2035 1695 2069 sanctorum
1718 2032 1808 2076 eius.

1076 2089 1107 2124 O
1128 2087 1291 2123 Demine
1315 2086 1406 2131 quia
1434 2095 1506 2129 ego
1530 2093 1665 2119 servus
1688 2086 1791 2117 tuus:
1820 2081 1841 2106 *

1025 2150 1096 2183 ego
1121 2148 1256 2174 servus
1279 2141 1382 2180 tuus,
1407 2140 1444 2172 et
1466 2135 1569 2170 filius
1591 2133 1739 2168 ancillae
1754 2136 1840 2167 tuae.

1075 2188 1264 2232 Dirupisti
1278 2187 1432 2223 vincula
1446 2195 1545 2220 mea:
1569 2183 1590 2209 '³‘
1609 2182 1681 2218 tibi
1702 2181 1841 2217 sacrifi-

1026 2239 1121 2274 cabo
1156 2237 1325 2272 hestiam
1355 2235 1499 2278 laudis,
1537 2237 1574 2268 et
1601 2241 1739 2267 nomen
1766 2230 1840 2265 Do-

1024 2289 1119 2324 mini
1142 2287 1343 2323 invocabo.

1076 2339 1178 2374 Vota
1205 2347 1291 2372 mea
1313 2335 1478 2371 Demino
1506 2332 1663 2368 reddam
1691 2330 1730 2365 in
1754 2339 1840 2364 eon-

1026 2390 1159 2433 spectu
1183 2387 1306 2423 omnis
1329 2385 1465 2431 pepuli
1493 2384 1589 2427 ejus:
1617 2382 1638 2406 *
1666 2380 1706 2414 in
1733 2379 1840 2414 atriis

1026 2439 1163 2474 domus
1186 2437 1356 2480 Domini,
1389 2436 1429 2470 in
1456 2432 1583 2469 medio
1610 2431 1666 2467 tui
1687 2430 1840 2464 Jerusa-

1024 2490 1108 2525 lem.

1077 2539 1210 2574 Glaria
1232 2537 1347 2572 Patri.

1302 2603 1476 2638 Psalmus
1502 2602 1572 2636 129.

1028 2673 1103 2749 De
1126 2672 1328 2719 profundis
1352 2669 1514 2726 clamavi
1538 2667 1588 2703 ad.
1611 2671 1647 2702 te
1662 2664 1839 2700 Demine:

1111 2725 1132 2749 ²¹²
1154 2723 1315 2758 Demine
1339 2720 1479 2756 exaudi
1502 2727 1636 2754 vocem
1658 2724 1793 2750 meam:

1741 207 1832 252 [323]
1892 212 1902 216 “
