2040 2990
199 285 446 328 Secsmdum
477 288 821 330 misericordiam
852 294 971 331 tuam

146 344 366 384 memento
386 343 471 384 mei
488 349 550 385 tu:
565 345 588 370 *
603 350 786 398 propter
804 345 970 388 bonita—

147 403 237 440 tem
256 403 377 440 tuam
395 400 593 441 Domine.

197 455 349 496 Dulcis
369 461 414 497 et
429 461 575 497 rectus
589 457 818 499 Dominus:
833 459 856 484 *
871 472 969 511 pro-

145 516 245 563 pter
267 510 352 552 hoc
375 511 515 562 legem
540 512 661 555 dabit
685 513 968 566 delinquenti-

145 566 227 608 bus
245 567 288 607 in
308 568 388 608 via.

197 623 367 674 Diriget
394 627 646 666 mansuetos
673 626 716 666 in
743 627 917 678 judicio:
944 629 967 653 *

145 678 322 721 docebit
339 680 467 721 mites
486 681 578 722 vias
598 695 710 722 suas.

195 735 420 777 Universae
431 737 513 777 viae
524 738 711 788 Domini,
725 740 966 781 misericor-

145 790 217 832 dia
245 797 289 833 et
312 793 490 842 veritas,
514 794 537 819 *
562 795 882 846 requirentibus
906 802 966 838 te—

144 850 406 889 stamentum
426 850 515 901 ejus
536 855 580 891 et
598 851 847 893 testimonia
866 854 965 904 ejus.

193 904 380 956 Propter
421 918 580 947 nomen
620 911 743 948 tuum
778 909 965 950 Domine

141 961 451 1013 propitiaberis
475 965 659 1014 peccato
683 977 797 1005 meo:
817 966 840 990 *
860 966 964 1006 mul-

141 1020 235 1057 tum
254 1022 322 1058 est
341 1018 464 1059 enim.

193 1073 299 1122 Quis
324 1078 391 1115 est
415 1074 547 1116 homo
574 1076 647 1127 qui
669 1077 794 1118 timet
816 1078 964 1119 Domi-

140 1127 270 1170 num?
302 1130 325 1155 *
356 1130 498 1181 legem
534 1133 688 1173 statuit
725 1133 763 1174 ei
800 1134 843 1174 in
880 1135 963 1185 via,

142 1198 272 1237 quam
291 1185 433 1237 elegit.

190 1241 349 1283 Anima
377 1243 466 1294 ejus
493 1244 536 1284 in
564 1244 692 1286 bonis
721 1245 962 1288 demorabi-

138 1302 229 1339 tur:
256 1299 280 1324 *
308 1303 352 1340 et
383 1312 531 1341 semen
563 1301 653 1352 ejus
685 1301 963 1345 haereditabit

138 1358 311 1395 terram.

190 1410 532 1453 Firmamentum
568 1418 635 1454 est
666 1414 880 1455 Dominus
912 1416 962 1456 ti-

138 1466 356 1508 mentibus
385 1480 501 1508 eum:
528 1469 551 1495 *
580 1474 624 1510 et
650 1472 961 1512 testamentum

138 1521 275 1574 ipsius
294 1524 661 1566 utmanifestetur
679 1525 774 1566 illis.

190 1578 316 1619 Oculi
333 1580 420 1621 mei
443 1593 617 1633 semper
637 1581 693 1623 ad
710 1582 960 1624 Dominum:

138 1634 161 1660 *
186 1635 391 1686 quoniam
412 1636 508 1689 ipse
538 1637 695 1679 evellet
723 1637 777 1680 de
801 1638 959 1691 laqueo

137 1689 274 1742 pedes
293 1705 427 1733 meos.

188 1747 406 1800 Respice
394 1762 438 1789 111
456 1762 541 1800 1116,
565 1755 609 1791 61
631 1750 837 1792 miserere
860 1753 959 1793 mei:

136 1803 160 1829 *
181 1804 280 1855 quia
298 1805 450 1846 unicus
471 1810 515 1847 et
532 1819 699 1859 pauper
719 1820 815 1848 sum
834 1820 927 1858 ego.

187 1860 511 1903 Tribulationes
536 1862 681 1904 cordis
710 1863 795 1904 mei
818 1864 958 1906 multi-

135 1915 310 1968 plicatae
338 1922 453 1959 sunt:
484 1918 507 1943 *
540 1918 594 1960 de
623 1919 957 1961 necessitatibus

134 1972 242 2013 meis
263 1974 364 2014 erue
384 1986 464 2015 me.

186 2028 300 2070 Vide
327 2029 616 2072 humilitatem
642 2044 799 2081 meam,
828 2036 872 2073 et
899 2032 956 2072 la—

135 2083 288 2126 borem
301 2087 548 2128 meum:*et
567 2086 736 2129 dimitte
755 2088 956 2129 universa

136 2139 295 2182 delicta
313 2155 420 2183 mea.

186 2197 373 2250 Respice
392 2199 589 2240 inimicos
607 2212 730 2241 meos
752 2200 954 2252 queniam

133 2253 409 2306 multiplicati
434 2260 549 2305 sunt,
568 2256 591 2281 *
611 2260 655 2297 et
680 2255 781 2297 odio
807 2256 954 2308 iniquo

135 2308 322 2351 oderunt
340 2323 420 2351 me.

187 2364 368 2407 Custodi
394 2367 581 2407 animam
603 2380 760 2417 meam,
789 2373 832 2409 et
852 2370 953 2409 erue

133 2434 217 2462 me:
231 2421 255 2447 *
269 2434 357 2462 non
372 2422 626 2464 erubescam
642 2424 846 2476 quoniam
858 2436 952 2476 spe-

133 2477 227 2517 ravi
244 2477 288 2518 in
306 2482 361 2519 te.

183 2533 443 2576 Innocentes
471 2539 515 2576 et
541 2535 649 2576 recti
677 2535 953 2579 adhaeserunt

132 2587 250 2629 mihi:
267 2589 292 2615 *
312 2590 413 2642 quia
431 2592 615 2632 sustinui
633 2597 687 2633 te.

184 2643 342 2686 Libera
367 2646 488 2688 Deus
515 2647 666 2697 Israel,
690 2649 713 2674 *
738 2661 792 2689 ex
820 2649 951 2689 omni-

132 2699 215 2742 bus
233 2700 582 2745 tribulationibus
602 2704 701 2745 suis.

687 199 729 232 In
755 199 877 233 feriali
904 199 1040 233 Officio
1065 200 1114 234 ad
1139 200 1313 235 Primam.

1218 293 1387 329 Feria
1423 294 1647 342 Quarta.

1298 366 1365 405 Ῑ)5·
1358 366 1494 406 11111115
1514 369 1559 406 2.”
1548 382 1577 407 J.

1021 424 1221 532 Judica
1239 445 1309 473 me
1325 432 1522 484 Domine,
1540 437 1743 505 queniam
1762 451 1842 489 ego

1122 501 1165 527 111
1200 488 1447 531 innocentia
1482 505 1579 533 mea
1624 493 1843 543 ingressus

1022 555 1132 583 sum:
1155 544 1179 569 *
1204 550 1247 586 et
1270 545 1314 586 in
1338 546 1527 589 Domino
1553 562 1731 601 sperans
1755 564 1842 592 non

1021 598 1285 642 infirmabor.

1071 656 1216 697 Proba
1235 671 1304 699 me
1322 659 1525 710 Domine,
1550 665 1593 702 et
1617 666 1737 703 tenta
1759 677 1841 705 me:

1020 712 1043 736 *
1062 725 1139 753 ure
1158 725 1284 754 renes
1303 727 1425 756 meos
1446 721 1490 757 et
1509 729 1585 757 cor
1603 731 1758 759 meum.

1072 769 1287 818 Quoniam
1314 771 1612 813 misericordia
1639 779 1714 815 tua
1742 780 1840 817 ante

1020 824 1172 865 oculos
1191 839 1314 867 meos
1334 832 1414 869 est·
1434 829 1456 853 *
1477 834 1520 870 et
1537 830 1808 882 complacui
1798 846 1840 872 111

1019 881 1203 923 veritate
1222 887 1307 923 1113.

1069 937 1169 978 Νο11
1189 938 1283 980 sedi
1302 952 1400 980 cum
1420 942 1602 983 concilio
1623 944 1839 985 vanitatis:
1890 942 1892 945 ’

1017 994 1040 1018 *
1069 998 1113 1034 61
1149 1007 1248 1035 611111
1283 996 1429 1049 iniqua
1464 999 1715 1048 gerentibus
1753 1013 1838 1041 non

1017 1049 1218 1092 introibo.

1069 1106 1199 1147 Odivi
1218 1107 1446 1150 ecclesiam
1464 1110 1804 1161 malignantium:
1815 1113 1837 1137 *

1017 1167 1060 1203 et
1081 1175 1179 1203 cum
1197 1164 1340 1216 impiis
1359 1178 1447 1206 non
1467 1166 1641 1208 sedebo.

1066 1218 1245 1260 Lavabo
1269 1221 1381 1262 inter
1408 1222 1661 1264 innocentes
1685 1237 1837 1265 manus

1015 1287 1149 1315 meas:
1164 1276 1187 1301 *
1203 1281 1246 1317 et
1266 1277 1546 1320 circumdabo
1563 1279 1699 1321 altare
1715 1286 1836 1321 tuum

1015 1330 1220 1373 Domine:

1066 1387 1125 1428 Ut
1157 1388 1330 1430 audiam
1362 1403 1516 1432 vocem
1547 1391 1704 1441 laudis,
1735 1393 1759 1418 *
1791 1398 1835 1434 et

1014 1445 1213 1485 enarrem
1231 1445 1432 1487 universa
1451 1447 1663 1489 mirabilia
1681 1453 1766 1489 tua.

1064 1500 1251 1542 Domine
1280 1501 1410 1542 dilexi
1443 1502 1646 1544 decorem
1679 1504 1834 1545 domus

1012 1560 1116 1605 tuae,
1143 1557 1167 1582 *
1195 1562 1239 1598 61
1266 1557 1411 1598 10611111
1438 1558 1718 1601 habitationis
1744 1561 1834 1611 glo—

1013 1612 1088 1652 riae
1108 1617 1206 1653 tuae.

1062 1668 1130 1709 Ne
1149 1669 1308 1721 perdas
1329 1683 1427 1711 cum
1445 1671 1588 1723 impiis
1607 1673 1727 1713 Deus
1747 1673 1833 1713 ani-

1010 1737 1127 1765 mam
1145 1738 1298 1776 meam,
1317 1727 1340 1751 *
1360 1732 1404 1768 et
1424 1739 1522 1768 cum
1541 1728 1643 1769 viris
1664 1729 1831 1779 sangui-

1011 1794 1114 1821 num
1132 1781 1267 1822 vitam
1285 1795 1443 1824 meam:

1061 1837 1112 1877 In
1142 1850 1326 1889 quorum
1355 1838 1553 1880 manibus
1580 1840 1830 1891 iniquitates

1011 1898 1130 1934 sunt:
1149 1894 1172 1918 *
1192 1893 1372 1935 dextera
1397 1896 1547 1936 eorum
1571 1896 1739 1948 repleta
1763 1901 1830 1938 est

1009 1949 1271 1991 muneribus.

1059 2005 1155 2055 Ego
1174 2010 1321 2047 autem
1339 2006 1382 2046 in
1400 2007 1645 2049 innocentia
1658 2021 1755 2049 mea
1769 2009 1828 2048 in-

1007 2062 1183 2110 gressus
1208 2074 1317 2102 sum:
1336 2062 1360 2088 *
1379 2062 1542 2105 redime
1568 2077 1654 2114 me,
1683 2069 1726 2105 et
1752 2065 1826 2105 mi-

1008 2118 1152 2158 serere
1170 2118 1266 2159 mei.

1058 2173 1142 2214 Pes
1169 2186 1291 2215 meus
1320 2175 1442 2216 stetit
1465 2175 1508 2215 in
1533 2175 1713 2217 directo:
1735 2175 1759 2202 *
1782 2176 1825 2216 in

1007 2229 1200 2270 ecclesiis
1219 2229 1474 2272 benedicam
1492 2236 1536 2273 te
1555 2232 1751 2273 Domine.

1199 2340 1369 2377 Feria
1406 2340 1628 2388 Quinta.

1285 2411 1478 2451 Psalmus
1497 2412 1559 2450 22.

1092 2482 1260 2523 ominus
1286 2483 1396 2533 regit
1420 2496 1504 2533 me,
1530 2488 1573 2524 et
1596 2483 1701 2524 nihil
1718 2483 1821 2524 mihi

1108 2537 1263 2579 deerit:
1277 2539 1300 2565 *
1314 2539 1357 2579 in
1371 2539 1469 2581 1060
1484 2541 1659 2592 pascuae
1677 2539 1736 2581 ibi
1750 2551 1818 2579 me

1004 2593 1244 2635 collocavit.

1053 2650 1192 2701 Super
1215 2663 1371 2717 aquam
1394 2650 1640 2692 refectionis
1664 2649 1816 2690 educa-

1002 2705 1065 2746 vit
1082 2718 1166 2746 me:
1185 2706 1208 2731 *
1228 2706 1414 2747 animam
1432 2719 1573 2747 meam
1593 2705 1815 2748 convertit.
