2040 2990
652 200 704 232 25¹.
730 200 784 233 Dc

244 306 291 356 Ru
315 303 398 343 Hic
419 306 485 343 est
509 313 612 342 vere
631 300 812 352 Martyr,
839 300 911 352 qui
930 313 1012 352 pro

189 360 349 403 Christi
384 358 559 399 nomine
596 357 851 409 sanguinem
887 369 1013 397 suum

187 417 311 458 fudit:
341 419 361 440 *
384 415 466 466 Qui
487 414 626 455 minas
647 413 839 466 indicum
857 425 944 454 non
963 415 1011 454 ti-

185 473 312 522 muit,
342 484 423 513 nec
455 472 641 513 terrenae
670 469 894 520 dignitatis
922 468 1011 519 glo·

186 530 294 570 riam
315 528 533 581 quaesivit,
558 525 637 568 sed
658 526 715 568 ad
733 525 930 567 coelestia
948 537 1011 567 re-

185 599 271 637 gna
297 584 506 638 pervenit.
556 580 605 631 Y.
627 584 800 625 Justum
828 581 1012 623 dednxit

185 643 401 684 Dominus
420 654 500 694 per
519 641 612 682 vias
630 645 784 689 rectas,
809 643 851 680 et
870 640 1011 679 osten·

187 699 250 741 dit
282 699 344 740 illi
375 710 556 748 regnum
583 698 677 739 Dei.
723 696 817 747 Qui.
862 695 1012 736 Gloria

184 756 315 797 Patri.
352 755 446 806 Qui.

491 811 641 851 Lectio
662 812 715 850 ix.

191 861 407 968 Verum
430 868 484 910 ab
507 869 694 918 utroque
723 878 770 907 se
798 865 1012 907 dissidere

295 924 487 967 ostendit
509 924 720 966 Christus:
744 921 798 963 ab
818 922 903 963 illis
923 923 1012 975 qui-

186 982 303 1032 dem,
328 982 401 1035 qui
419 982 463 1022 in
481 981 666 1022 aliorum
684 979 923 1032 perniciem
942 981 1011 1020 ve-

185 1039 323 1088 niunt,
346 1051 445 1080 cum
465 1037 595 1086 dicat,
621 1050 667 1078 se
686 1037 923 1089 propterea
942 1049 1011 1078 ve-

185 1097 318 1146 nisse,
345 1100 392 1136 ut
410 1095 545 1136 vitam
566 1094 792 1143 haberent,
818 1098 861 1135 et
881 1093 1011 1134 abun-

186 1151 360 1194 dantius
375 1151 600 1193 haberent:
616 1150 670 1191 ab
684 1149 752 1190 his
766 1154 922 1199 autem,
938 1149 1011 1202 qui

183 1221 289 1250 oves
316 1222 341 1249 a
365 1208 479 1260 lupis
505 1207 601 1260 rapi
626 1206 923 1258 negligebant,
950 1205 1010 1247 di-

182 1264 323 1306 cendo
349 1278 396 1306 se
420 1269 604 1317 propter
629 1276 703 1305 eas
726 1263 914 1304 animam
933 1265 1009 1315 po-

181 1334 300 1371 nere,
325 1334 378 1363 ne
404 1334 509 1362 oves
533 1322 736 1373 perirent.
773 1319 887 1360 Nam
911 1331 1011 1360 cum

180 1377 205 1418 J
207 1377 323 1419 udaei
364 1378 508 1430 ipsum
550 1377 799 1418 interimere
838 1375 1010 1424 vellent,

180 1447 267 1476 non
296 1435 532 1487 propterea
559 1433 726 1475 destitit
749 1445 775 1473 a
799 1431 1010 1482 doctrina,

180 1503 323 1543 neque
347 1490 577 1532 credentes
595 1489 793 1539 tradidit,
817 1488 896 1530 sed
914 1490 1009 1541 per-

181 1547 302 1596 stitit,
323 1552 366 1588 et
386 1546 567 1599 pertulit
585 1550 789 1587 mortem:
809 1544 908 1586 ideo
928 1545 1010 1587 fre-

182 1604 365 1655 quenter
403 1603 562 1654 inquit:
598 1602 694 1654 Ego
732 1615 828 1643 sum
859 1606 1011 1654 pastor

180 1658 334 1701 bonus.
372 1659 480 1709 Quae
509 1672 609 1700 cum
637 1658 756 1699 nullo
787 1658 866 1699 niti
891 1658 1010 1699 testi-

180 1716 328 1757 monio
350 1715 617 1765 viderentur,
643 1714 779 1767 (quod
799 1715 915 1756 enim
933 1715 1010 1767 po-

181 1777 306 1814 neret
343 1772 530 1813 animam
565 1784 709 1821 suam,
747 1784 836 1812 non
872 1770 1010 1812 multo

182 1834 284 1881 post
308 1841 354 1870 re
379 1830 671 1870 monstrAtum
692 1833 772 1870 est:
800 1827 919 1880 quod
939 1840 1010 1868 au-

182 1890 272 1926 tem
299 1885 433 1926 vitam
460 1884 689 1934 haberent,
718 1889 762 1925 et
789 1883 1010 1925 abundan-

183 1941 268 1982 tius
296 1940 526 1991 haberent,
560 1944 817 1983 eventnrum
846 1945 940 1982 erat
966 1940 1010 1981 in

183 1997 330 2038 futt'lro
363 1997 540 2047 saeculo)
574 1997 758 2039 alterum
786 1996 841 2038 ab
871 1996 1010 2039 altero

185 2053 425 2095 confirmat.

239 2109 300 2150 Te
318 2109 461 2151 Deum
479 2109 718 2151 laudamus.
738 2110 798 2150 14.

241 2170 280 2203 ln
300 2170 497 2204 Laudibus
517 2172 608 2205 liunt
628 2174 1010 2207 commemorationes

188 2218 234 2251 de
261 2218 428 2252 octavis-1

452 2275 506 2309 Dc
532 2276 751 2310 Nativitate.

240 2327 338 2367 Ant.
359 2327 507 2368 Gloria
522 2327 565 2368 in
581 2328 766 2369 excelsis
781 2329 890 2378 Deo,
910 2334 953 2370 et
968 2329 1011 2370 in

186 2390 303 2425 terra
327 2397 414 2436 pax
437 2383 685 2426 hominibus
709 2384 837 2426 bonae
862 2385 1011 2426 volun-

186 2441 299 2490 tatis,
319 2440 500 2492 allelnja,
519 2440 701 2492 allehiJa.

240 2496 292 2544 V·
319 2501 486 2542 Notum
516 2501 619 2542 fecit
646 2501 879 2549 Dominus,
912 2501 1011 2543 alle-

187 2557 282 2609 haja.
319 2556 368 2606 Rg.
387 2557 585 2599 Salutare
605 2570 742 2606 suum,
768 2557 948 2610 afleh'ija.

520 2614 682 2654 Oratio.

266 2673 448 2722 cncede,
465 2675 714 2725 quaesumus
734 2676 1012 2726 omnipotens

276 2731 412 2772 Deus:
429 2735 477 2771 ut
491 2743 572 2771 nos
585 2730 805 2780 Unigeniti
820 2730 883 2771 tui
899 2743 1012 2772 nova

790 212 817 234 c.
865 202 899 233 S.
925 200 1084 233 'l'lwmzc
1113 200 1235 242 Episc.
1262 205 1297 234 ct
1323 200 1427 234 Mart.

1065 311 1144 352 per
1163 311 1339 341 carnem
1356 299 1575 341 Nativitas
1593 299 1758 350 liberet,
1779 312 1891 352 quos

1065 355 1146 410 sub
1173 356 1346 408 peccati
1373 357 1471 408 jugo
1501 359 1675 398 vetnsta
1703 357 1891 398 servitus

1063 417 1194 454 tenet.

1309 472 1365 506 De
1390 474 1425 507 S.
1451 472 1658 516 Stephano.

1123 524 1221 563 Ant.
1263 521 1509 574 Stephanus
1549 525 1695 563 autem
1735 521 1891 574 plenus

1064 577 1204 628 gratia
1223 582 1266 619 et
1280 577 1547 627 fortitt'idine,
1567 577 1754 619 faciebat
1768 577 1892 629 signa

1064 646 1222 685 magna
1240 634 1283 674 in
1302 634 1482 687 populo.

1122 687 1171 739 V.
1202 691 1476 744 Sepelierunt
1507 689 1776 743 Stephanum
1810 690 1892 732 viri

1064 747 1266 789 timorati.
1308 749 1357 801 Rg.
1373 748 1430 790 Et
1452 747 1649 789 fecerunt
1667 746 1892 800 planctum

1064 817 1268 855 magnum
1288 817 1420 857 super
1441 817 1550 846 eum.

1407 864 1569 905 Oratio.

1064 911 1178 1018 Da
1216 916 1364 967 nobis,
1406 919 1656 969 quaesumus
1692 916 1892 966 Domine,

1170 973 1331 1014 imitari
1363 973 1484 1026 quod
1515 973 1718 1023 colimus,
1751 978 1801 1015 ut
1832 972 1892 1015 di-

1065 1032 1237 1072 scamus
1266 1035 1308 1072 et
1336 1030 1535 1071 inimicos
1564 1029 1763 1081 diligere:
1792 1030 1893 1082 quia

1065 1087 1155 1139 ejus
1181 1086 1377 1128 natalitia
1402 1086 1692 1137 celebramus,
1721 1087 1795 1139 qui
1819 1098 1892 1128 no-

1063 1143 1127 1185 vit
1158 1144 1290 1185 etiam
1319 1156 1401 1196 pro
1433 1142 1792 1196 persecutoribus
1822 1156 1892 1185 ex-

1064 1202 1192 1242 orare
1231 1200 1470 1241 Dominum
1504 1204 1704 1242 nostrum
1744 1200 1769 1241 J
1771 1212 1894 1242 esum

1065 1256 1288 1298 Christum
1310 1256 1468 1298 Filium
1491 1260 1625 1298 tuum.

1331 1322 1387 1357 De
1413 1322 1447 1358 S.
1472 1321 1633 1357 Joanne.

1120 1375 1218 1415 Ant.
1242 1375 1330 1416 Iste
1351 1379 1418 1416 est
1435 1374 1460 1415 J
1462 1376 1642 1423 oannes,
1668 1373 1742 1426 qui
1761 1386 1894 1427 supra

1063 1435 1219 1483 pectus
1244 1431 1423 1472 Domini
1450 1431 1494 1472 in
1523 1442 1649 1472 coena
1677 1427 1893 1472 recfibuit:

1063 1487 1219 1529 beatus
1230 1487 1486 1540 ApostoluS,
1502 1487 1572 1528 cui
1586 1486 1780 1528 revelata
1793 1490 1894 1528 sunt

1063 1545 1233 1586 secreta
1252 1544 1459 1586 coelestia.

1119 1595 1171 1646 ΥΤ.
1184 1601 1269 1642 Hic
1289 1606 1356 1643 est
1376 1600 1617 1654 discipulus
1636 1600 1720 1650 ille,
1741 1599 1815 1652 qui
1832 1603 1893 1641 te-

1065 1657 1316 1699 stimonium
1339 1657 1544 1710 perhibet
1568 1656 1623 1699 de
1646 1656 1725 1698 his.
1765 1656 1817 1708 Rt.
1836 1656 1894 1697 Et

1064 1714 1225 1755 scimus
1264 1715 1366 1767 quia
1403 1727 1558 1756 verum
1595 1718 1663 1756 est
1698 1712 1892 1754 testimo-

1063 1771 1182 1812 nium
1202 1771 1303 1823 ejus.

1405 1826 1569 1867 Oratio.

1067 1875 1361 1982 Ecclesiam
1397 1888 1517 1925 tuam
1552 1883 1740 1925 Domine
1777 1882 1894 1925 beni-

1158 1954 1268 1993 gnus
1291 1941 1475 1982 illfistra:
1503 1945 1550 1983 ut
1574 1940 1693 1982 beati
1712 1940 1736 1981 J
1739 1939 1893 1982 oannis

1064 1997 1270 2051 Apostoli
1288 1998 1352 2039 tui
1371 2002 1414 2039 et
1428 1996 1722 2049 Evangelistae
1739 1995 1893 2037 illumi-

1064 2057 1167 2096 nata
1191 2054 1419 2104 doctrinis,
1445 2053 1502 2095 ad
1526 2053 1644 2095 dona
1666 2052 1894 2106 perveniat

1065 2111 1341 2164 sempiterna.

1260 2169 1316 2204 De
1342 2170 1397 2205 Ss.
1422 2171 1707 2206 Innocentibus.

1116 2223 1215 2263 Ant.
1236 2223 1293 2263 Hi
1308 2226 1419 2272 sunt,
1435 2222 1509 2274 qui
1525 2235 1624 2264 cum
1639 2221 1892 2264 mulieribus

1066 2293 1153 2322 non
1165 2284 1267 2321 sunt
1279 2278 1564 2331 coinquinati:
1579 2279 1768 2330 virgines
1780 2279 1893 2321 enim

1067 2341 1177 2386 sunt,
1191 2341 1235 2378 et
1248 2338 1489 2387 sequnntur
1501 2335 1674 2386 Agnum
1687 2338 1893 2387 quocl'lm-

1067 2406 1152 2446 que
1170 2393 1278 2434 ierit.

1122 2443 1171 2494 Y.
1185 2448 1390 2490 Herodes
1404 2447 1540 2488 iratus
1556 2446 1717 2489 occidit
1731 2447 1893 2489 multos

1066 2510 1238 2559 pneros.
1267 2505 1318 2556 R.
1335 2505 1385 2545 In
1403 2503 1661 2546 Bethlehem
1682 2504 1705 2544 J
1708 2504 1819 2554 udae,
1839 2504 1893 2545 ci-

1066 2563 1202 2604 vitate
1219 2561 1374 2602 David.

1402 2618 1565 2659 Oratio.

1065 2670 1242 2776 Deus,
1264 2674 1384 2726 cujus
1404 2673 1616 2715 hodierna
1636 2672 1706 2715 die
1726 2674 1891 2726 praeco-

1167 2731 1286 2771 nium
1300 2731 1560 2771 Innocentes
1574 2730 1792 2781 Martyres
1805 2741 1892 2770 non
