2080 2990
767 258 977 291 Commune
1003 257 1290 300 Apostolorum.

1817 254 1885 298 [17]

172 358 367 394 vestrum
384 357 610 405 tamquam
627 352 801 402 malum,
818 356 1002 404 propter

172 408 330 450 Filium
348 409 548 450 hominis.
574 407 786 450 Gaudete.

476 470 627 512 Lectio
648 472 699 510 vi.

258 530 277 567 t
294 525 396 567 ideo
418 525 519 577 quia
540 524 733 577 undique
753 527 923 566 venitur
947 524 1003 565 ad

276 580 571 633 judicandum,
609 580 843 622 duodecim
875 581 1004 622 sedes

174 642 290 678 sunt:
327 638 439 678 sicut
468 637 570 689 quia
596 636 790 689 undique
817 637 1003 678 intratur

172 693 217 734 in
230 692 350 734 illam
365 693 597 743 civitatem,
613 692 848 735 duodecim
860 698 1004 745 portae

174 754 285 791 sunt.
300 749 403 791 Non
419 749 562 791 solum
576 761 680 801 ergo
695 749 756 789 illi
771 748 1005 790 duodecim

175 810 219 847 et
237 805 480 858 Apostolus
494 805 667 855 Paulus,
687 804 767 847 sed
787 809 1006 857 quotquot

174 861 406 913 judicaturi
430 866 545 911 sunt,
582 866 767 914 propter
793 861 1005 913 significa—

174 918 342 959 tionem
356 917 654 959 universitatis
674 917 731 959 ad
751 917 881 959 sedes
901 917 1006 959 duo-

177 973 320 1015 decim
354 974 593 1026 pertinent·
634 973 1007 1026 quemadmodum

177 1034 396 1082 quotquot
419 1030 663 1080 intrabunt,
690 1030 748 1071 ad
772 1030 1007 1071 duodecim

176 1090 329 1138 portas
343 1086 574 1139 pertinent.
588 1061 743 1128 Partes
758 1087 873 1127 enim
887 1100 1007 1127 mun-

177 1141 223 1184 di
242 1143 431 1194 quatuor
450 1147 561 1192 sunt,
585 1142 754 1193 Oriens,
779 1142 1008 1192 Occidens,

177 1198 341 1251 Aquilo
367 1202 411 1240 et
434 1198 652 1240 Meridies.
689 1175 794 1240 Ist⁷ae
820 1201 1008 1251 quatuor

177 1259 327 1307 partes
347 1254 523 1296 assidue
542 1254 822 1296 nominantur
841 1256 885 1296 in
899 1255 1008 1297 Scri-

178 1310 331 1363 pturis.
345 1310 416 1352 Ab
427 1311 522 1352 istis
535 1313 724 1363 quatuor
734 1312 886 1362 ventis,
898 1312 1010 1353 sicut

180 1366 287 1408 dicit
300 1367 517 1408 Dominus
536 1368 582 1408 in
593 1367 844 1419 Evangelio,
866 1381 892 1408 a
907 1370 1009 1420 qua-

179 1427 281 1464 tuor
299 1423 440 1464 ventis
465 1436 513 1465 se
532 1423 820 1465 collecturum
844 1424 1010 1465 electos

180 1491 299 1520 suos:
313 1478 368 1521 ab
381 1479 583 1521 omnibus
594 1492 699 1530 ergo
714 1480 810 1521 istis
822 1482 1010 1532 quatuor

180 1534 322 1576 ventis
341 1537 526 1577 vocatur
540 1535 749 1577 Ecclesia.
776 1535 1010 1586 Quomodo

180 1589 389 1632 vocatur?
417 1591 622 1644 Undique
640 1592 684 1633 in
703 1592 919 1634 Trinitate
937 1605 1010 1634 vo-

181 1649 316 1688 catur.
344 1647 446 1688 Non
466 1650 649 1689 vocatur
667 1648 752 1689 nisi
771 1661 851 1701 per
870 1648 1010 1701 bapti-

181 1716 323 1744 smum
340 1703 385 1744 in
402 1704 578 1745 nomine
596 1704 751 1754 Patris,
776 1709 820 1746 et
837 1704 947 1754 Filii,
968 1710 1012 1746 et

180 1759 368 1812 Spiritus
393 1760 542 1802 sancti.
584 1761 782 1810 Quatuor
811 1773 916 1812 ergo
944 1766 1012 1802 ter

183 1814 315 1857 ducta
334 1815 569 1858 duodecim
589 1816 878 1858 inveniuntur.

235 1877 287 1928 R.
311 1872 392 1913 Isti
410 1876 511 1914 sunt
529 1872 884 1925 triumphatores.
912 1872 995 1925 [10]

395 1950 445 1988 In
471 1949 543 1989 111.
570 1949 793 1989 Nocturno.

182 2011 339 2052 Lectio
364 2010 504 2051 sancti
522 2009 748 2062 Evangelii
772 2010 1014 2052 secundum

462 2066 733 2108 Matthaeum.

287 2129 439 2170 Lectio
459 2130 528 2169 vii.
678 2130 780 2181 Cap.
796 2129 907 2169 19.d.

232 2202 262 2229 n
283 2187 359 2229 illo
383 2188 598 2239 tempore:
632 2187 755 2228 Dixit
777 2187 934 2228 Petrus
958 2185 1016 2228 ad

258 2244 283 2284 J
285 2256 423 2285 esum:
450 2244 566 2285 Ecce
590 2256 671 2284 nos
695 2243 950 2296 reliquimus
971 2243 1014 2283 o-

185 2299 313 2351 mnia,
329 2304 373 2342 et
391 2299 530 2341 secuti
545 2312 694 2340 sumus
709 2304 768 2341 te:
789 2299 894 2352 quid
909 2311 1014 2350 ergo

188 2355 270 2397 erit
288 2353 438 2397 nobis?
466 2356 524 2397 Et
541 2355 721 2408 reliqua.

286 2423 482 2465 Homih'a
498 2423 761 2465 venerabilis
778 2423 915 2466 Bedae

467 2479 733 2532 Presbyteri.

273 2539 445 2575 Homilia
460 2541 500 2575 in
516 2541 646 2576 Natali
663 2539 698 2574 S.
715 2541 925 2575 Benedicti.

198 2616 201 2620 -
227 2612 243 2643 <2
296 2591 493 2633 erfectus
523 2592 595 2633 ifle
629 2597 715 2641 est,
760 2592 833 2644 qui
867 2591 1017 2632 abiens

202 2667 204 2690 ;
233 2647 290 2714 ,345
326 2647 477 2689 vendit
499 2648 646 2689 omnia
670 2660 768 2700 quae
792 2647 941 2697 habet,
974 2652 1018 2688 et

331 2702 407 2744 dat
432 2703 715 2756 pauperibus,
752 2716 804 2745 ac
827 2704 1017 2753 veniens,

189 2759 388 2811 sequitur
420 2758 655 2801 Christum:
690 2759 871 2801 habebit
903 2760 1019 2801 enim

344 2899 408 2924 Pars
424 2899 557 2924 Hiemalis.

1054 350 1309 391 thesaurum
1331 361 1418 389 non
1438 348 1713 390 deficientem
1736 348 1780 388 in
1801 360 1885 388 coe·
1932 358 1934 361 ’

1054 406 1120 448 lis.
1151 404 1280 447 Unde
1300 404 1412 446 bene
1431 404 1727 455 interrogante
1742 404 1886 453 Petro,
1933 402 1935 406 ⁴

1057 462 1166 503 dixit
1184 460 1347 502 talibus
1362 461 1386 500 J
1390 473 1504 502 esus:
1530 461 1673 501 Amen
1693 459 1792 501 dico
1812 472 1886 500 vo-

1056 518 1140 567 bis,
1171 517 1290 570 quod
1315 529 1394 558 vos
1420 517 1495 568 qui
1520 517 1658 558 secuti
1678 517 1782 557 estis
1806 529 1886 564 me,

1056 575 1100 615 in
1124 573 1472 625 regeneratione,
1510 586 1609 613 cum
1634 572 1796 613 sederit
1820 573 1886 612 Fi-

1057 630 1141 671 lius
1156 630 1345 671 hominis
1360 629 1404 669 in
1415 628 1520 670 sede
1535 629 1773 680 majestatis
1786 641 1888 677 suae,

1059 686 1269 728 sedebitis
1295 690 1338 727 et
1362 699 1442 727 vos
1470 698 1602 737 super
1627 684 1756 726 sedes
1783 684 1887 726 duo-

1059 743 1213 792 decim,
1233 742 1474 794 Judicantes
1496 741 1731 782 duodecim
1749 740 1889 781 tribus

1058 799 1207 846 Israel.
1240 799 1291 839 In
1310 798 1394 839 hac
1412 798 1574 850 quippe
1590 798 1681 838 vita
1699 809 1782 849 pro
1799 797 1888 847 ejus

1058 855 1234 896 nomine
1253 854 1523 903 laborantes,
1550 854 1595 894 in
1615 853 1700 894 alia
1718 853 1888 905 praemi-

1058 925 1133 952 um
1153 912 1334 964 sperare
1355 910 1519 952 docuit:
1544 909 1589 951 id
1609 914 1686 958 est,
1707 909 1751 949 in
1771 922 1888 960 rege—

1059 967 1301 1018 neratione3
1332 979 1432 1008 cum
1456 966 1662 1008 videlicet
1687 966 1730 1006 in
1755 965 1891 1006 vitam

1059 1022 1352 1064 immortalem
1381 1023 1591 1064 fuerimus
1619 1021 1890 1073 resurgendo

1060 1080 1322 1131 regenerati,
1353 1079 1427 1131 qui
1451 1079 1494 1119 in
1518 1079 1654 1120 vitam
1678 1078 1891 1119 caducam

1060 1136 1306 1178 mortaliter
1325 1137 1499 1176 eramus
1518 1135 1662 1186 geniti.

1114 1195 1164 1246 R.
1177 1192 1257 1233 Isti
1272 1196 1373 1233 sunt
1390 1192 1464 1244 qui
1479 1192 1676 1233 viventes
1692 1191 1734 1231 in
1750 1203 1891 1239 carne,

1060 1249 1369 1301 plantaverunt
1400 1247 1644 1289 Ecclesiam
1683 1247 1891 1298 sanguine

1062 1318 1158 1346 suo:
1176 1309 1196 1330 *
1213 1304 1405 1345 Calicem
1420 1304 1599 1344 Domini
1614 1303 1828 1352 biberunt,
1849 1307 1893 1343 et

1062 1361 1190 1402 amici
1209 1361 1292 1401 Dei
1311 1360 1415 1401 facti
1435 1365 1545 1401 sunt.
1576 1360 1625 1409 Y.
1647 1360 1698 1399 In
1718 1371 1893 1400 omnem

1061 1422 1225 1458 terram
1251 1417 1385 1458 exivit
1414 1429 1548 1458 sonus
1576 1411 1746 1465 eorum,
1779 1419 1824 1456 et
1849 1415 1892 1455 in

1062 1474 1173 1515 fines
1219 1473 1338 1514 orbis
1379 1478 1510 1514 terrae
1552 1472 1687 1514 verba
1728 1473 1892 1513 eorum.
1943 1518 1945 1523 .

1063 1530 1264 1571 Calicem.

1353 1582 1503 1623 Lectio
1524 1582 1607 1621 viii.

1153 1647 1171 1683 t
1185 1643 1298 1694 justa
1311 1654 1494 1695 prorsus
1510 1642 1751 1691 retributio,
1762 1646 1810 1683 ut
1822 1641 1895 1694 qui

1166 1697 1237 1739 hic
1264 1710 1346 1750 pro
1373 1697 1547 1739 Christo
1575 1697 1778 1739 humanae
1803 1698 1893 1748 glo-

1063 1755 1172 1795 riam
1191 1753 1460 1795 celsitudinis
1483 1754 1780 1804 neglexerunt,
1808 1754 1895 1795 illic

1064 1823 1089 1850 a
1109 1809 1283 1851 Christo
1306 1809 1471 1861 judices
1495 1810 1728 1860 glorificati
1753 1810 1893 1860 singu-

1062 1865 1212 1907 lariter
1233 1878 1333 1906 cum
1353 1878 1405 1906 eo
1426 1865 1662 1914 assideant,
1693 1866 1767 1917 qui
1786 1878 1812 1907 a
1831 1878 1893 1906 se-

1065 1921 1249 1974 quendis
1269 1922 1360 1973 ejus
1375 1921 1570 1972 vestigiis
1588 1921 1707 1962 nulla
1726 1922 1895 1963 ratione

1063 1979 1270 2030 poterant
1283 1977 1422 2018 avelli.
1436 1977 1580 2018 Nemo
1596 1982 1743 2019 autem
1758 1981 1894 2030 putet,

1065 2032 1300 2074 duodecim
1319 2037 1489 2074 tantum
1508 2033 1763 2085 Apostolos,
1794 2034 1895 2085 quia

1063 2101 1146 2141 pro
1158 2089 1183 2130 J
1184 2088 1273 2130 uda
1282 2089 1600 2141 praevaricante
1611 2090 1798 2131 Mathias
1813 2089 1894 2131 ele-

1066 2149 1163 2186 ctus
1174 2150 1252 2194 est,
1262 2149 1366 2186 tunc
1377 2158 1474 2186 esse
1489 2144 1772 2197 judicaturos:
1784 2146 1897 2187 sicut

1065 2214 1147 2242 nec
1166 2200 1400 2242 duodecim
1424 2201 1532 2242 solae
1557 2206 1658 2243 sunt
1675 2201 1815 2243 tribus
1835 2202 1895 2242 Is-

1066 2256 1158 2297 rael
1200 2256 1464 2308 judicandae:
1517 2257 1711 2310 alioquin
1756 2257 1896 2299 tribus

1065 2312 1183 2362 Levi,
1205 2325 1303 2365 quae
1323 2313 1624 2355 tertiadecima
1643 2318 1720 2363 est,
1748 2312 1896 2365 injudi-

1067 2371 1166 2410 cata
1183 2368 1372 2410 recedet.

1120 2425 1172 2476 Η.
1192 2425 1272 2466 Isti
1291 2430 1392 2467 sunt
1410 2425 1493 2466 viri
1511 2425 1661 2476 sancti,
1682 2436 1793 2477 quos
1813 2424 1895 2465 ele-

1066 2480 1130 2531 git
1152 2480 1368 2522 Dominus
1395 2482 1439 2522 in
1466 2482 1648 2523 caritate
1671 2494 1759 2522 non
1782 2481 1896 2529 ficta,

1068 2542 1112 2578 et
1130 2535 1252 2578 dedit
1271 2537 1356 2578 illis
1369 2537 1555 2588 gloriam
1570 2537 1896 2590 sempiternam:

1068 2597 1091 2620 *
1107 2593 1305 2642 Quorum
1320 2592 1521 2635 doctrina
1535 2593 1673 2644 fulget
1687 2592 1896 2640 Ecclesia,

1067 2653 1116 2689 ut
1139 2648 1233 2690 sole
1258 2648 1370 2690 luna.
1406 2646 1455 2695 V.
1483 2649 1630 2690 Sancti
1658 2661 1738 2701 per
1763 2647 1896 2688 fidem

1067 2704 1266 2746 vicerunt
1289 2717 1438 2756 regna:
1466 2705 1636 2757 operati
1660 2709 1760 2745 sunt
1782 2704 1896 2755 justi-

1068 2760 1185 2802 tiam.
1214 2761 1421 2811 Quorum.
1446 2760 1613 2802 Gloria.
1640 2761 1846 2811 Quorum.

1641 2889 1669 2922 B
