2040 2990
801 212 839 245 In
867 211 1008 253 Vigilia
1036 211 1274 254 Epiphaniae.

187 310 294 352 dens
321 313 506 363 puerum
529 314 696 358 natum,
728 308 917 349 maxima
941 321 1010 350 ex-

188 367 422 408 sultatione
441 366 634 419 repletus
655 370 735 407 est:
760 364 839 406 sed
862 378 1010 406 rursus

187 423 287 464 huic
303 424 434 465 etiam
453 422 615 475 gaudio
634 421 875 475 periculum
888 434 1010 472 gran-

187 479 241 521 de
262 480 487 530 successit‚
511 493 609 521 cum
628 484 722 520 tota
740 478 891 530 utique
910 477 1009 518 civi-

186 542 253 578 tas
272 536 538 586 turbaretur,
557 536 652 589 ipse
670 548 748 576 rex
766 534 944 583 fureret,
968 539 1011 575 et

186 593 242 635 ad
269 606 421 635 necem
448 596 632 646 puerum
659 593 886 643 quaereret.
923 590 1010 632 Sed

186 655 230 691 et
248 649 362 691 hunc
380 651 616 691 moererem
635 648 719 689 alia
737 660 885 689 rursus
903 647 1008 688 laeti-

185 706 246 748 tia
265 706 499 748 subsecuta
519 711 601 755 est,
625 704 842 758 apparitio
862 703 1009 744 videli-

187 768 256 805 cet
284 763 438 813 stellae,
474 768 517 805 et
544 761 743 804 adoratio
771 761 1010 811 Magorum.

185 820 292 861 Post
333 819 445 861 hanc
489 831 664 872 quoque
699 816 1010 869 jucunditatem

185 878 339 918 iterum
368 876 627 930 periculum,
654 875 899 926 iterumque
926 873 1010 914 for-

186 932 315 975 mido.
342 933 518 984 Quaerit,
537 932 687 984 inquit,
706 929 910 972 Herodes
925 930 1010 970 ani-

185 1003 301 1031 mam
319 990 459 1043 pueri,
488 995 531 1031 et
555 990 706 1040 fugere
730 989 909 1029 necesse
934 992 1010 1036 est,

186 1051 230 1088 et
249 1047 291 1087 in
310 1047 547 1099 longinqua
565 1047 761 1087 transire.

241 1110 300 1150 Te
319 1109 463 1150 Deum
482 1107 721 1150 laudamus.
745 1107 804 1147 14.

237 1193 298 1226 Ad
325 1191 474 1225 Laudes
500 1196 535 1225 ct
559 1202 628 1234 per
650 1191 791 1226 Horas.
818 1191 944 1225 omnia
971 1198 1009 1225 ut

188 1241 225 1274 in
251 1241 311 1274 dic
340 1239 450 1273 Festi.
476 1239 564 1283 207,
594 1240 748 1273 omissis
774 1240 1010 1273 Commemo—

187 1289 411 1323 rationibus.

392 1379 452 1419 In
475 1378 537 1419 11.
553 1376 802 1428 vesperis.

240 1452 326 1485 Ant.
345 1451 390 1485 de
408 1450 527 1485 Laud.
541 1451 628 1494 207;
654 1450 714 1484 Ps.
738 1450 783 1484 dc
798 1450 906 1484 Dom.
926 1450 1009 1485 108.

187 1504 222 1533 ct
246 1500 331 1533 loco
363 1500 446 1537 ult..
478 1499 538 1533 ΡΞ.
571 1499 641 1532 115.
675 1499 842 1535 Credidi.
873 1499 943 1534 111.
975 1503 1011 1533 et

186 1547 334 1590 reliqua
358 1551 399 1581 ut
423 1548 461 1581 in
487 1547 558 1581 die.
582 1548 665 1584 209.

239 1612 331 1646 Post
356 1612 456 1646 Orat.
481 1613 536 1647 ὃς.
558 1612 822 1646 Innocentium
847 1613 887 1646 fit
912 1622 1010 1646 com·
1067 1605 1097 1627 ²*

189 1670 297 1694 mem.
323 1660 369 1695 de
393 1661 505 1703 x'igil.
532 1661 668 1705 Epiph.

241 1724 341 1764 Ant.
375 1725 486 1768 Puer
513 1726 640 1767 Jesus
670 1725 929 1778 proficiebat
956 1738 1010 1767 ae-

186 1784 277 1824 tate
297 1787 340 1823 et
358 1783 572 1835 sapientia
592 1796 740 1824 coram
758 1782 854 1824 Deo
875 1787 918 1824 et
936 1781 1010 1824 ho—

186 1838 383 1881 minibus.

239 1907 290 1953 V
320 1908 485 1950 Notum
512 1909 616 1950 fecit
641 1908 874 1958 Deminus‚
910 1908 1009 1950 alle·

187 1964 283 2016 luja.
319 1963 368 2014 R:-
391 1965 589 2007 Salutare
612 1978 752 2016 suum,
777 1965 958 2018 alleluja.

520 2036 684 2076 Oratio.

269 2105 516 2155 mnipotens
565 2105 826 2157 sempiterne
875 2106 1011 2155 Deus,

281 2158 419 2209 dirige
451 2165 574 2202 actus
606 2166 781 2203 nostros
813 2163 855 2203 in
883 2162 1010 2203 bene-

187 2215 350 2268 placito
378 2221 470 2257 tuo:
506 2222 554 2258 ut
584 2218 627 2258 in
659 2218 833 2259 nomine
865 2218 1011 2260 dilecti

187 2271 282 2313 Filii
307 2272 371 2313 tui
395 2276 639 2315 mereamur
657 2273 784 2315 bonis
805 2274 1011 2327 operibus

187 2327 420 2370 abundare.

242 2398 388 2432 Deinde
423 2399 461 2432 fit
492 2408 685 2432 commem.
717 2398 751 2432 S.
781 2398 1008 2442 Tclesphori

191 2445 307 2489 Papa·
333 2452 367 2480 ct
392 2446 580 2490 Martyris.

244 2507 340 2545 Ant.
378 2506 461 2546 Iste
494 2510 670 2547 sanctus
702 2519 782 2558 pro
806 2507 902 2558 1636
927 2508 1010 2550 Dei

187 2562 253 2603 sui
272 2562 457 2603 certavit
476 2575 614 2614 usque
633 2562 689 2603 ad
707 2568 904 2613 mortem,
925 2570 967 2606 et
986 2579 1010 2606 a

188 2618 333 2660 verbis
359 2618 591 2670 impiorum
619 2631 706 2660 non
730 2621 886 2661 timuit:
922 2621 1010 2662 fun-

188 2674 316 2716 datus
339 2675 453 2715 enim
478 2679 571 2716 erat
596 2688 728 2727 supra
751 2676 919 2717 firmam
938 2690 1009 2729 pe-

186 2736 308 2772 tram.

1116 300 1167 351 V.
1203 307 1353 349 Glbria
1390 313 1433 350 et
1465 308 1631 351 honere
1663 309 1885 351 coronasti

1063 376 1161 405 eum
1195 364 1393 406 Domine.
1449 365 1499 417 R.
1530 364 1591 409 Et
1623 366 1884 408 constituisti

1063 433 1161 461 eum
1181 433 1311 473 super
1331 423 1466 474 opera
1482 423 1687 463 manuum
1700 424 1884 464 tuarum.

1395 477 1556 518 Oratio.

1150 546 1242 584 eus,
1278 535 1350 587 qui
1375 547 1457 576 nos
1482 535 1601 577 beati
1625 535 1883 589 Telesphori

1168 590 1370 643 Martyris
1402 592 1465 633 tui
1497 597 1629 645 atque
1658 592 1884 634 Pontificis

1063 648 1204 688 annua
1219 647 1490 690 solemnitate
1504 648 1715 691 laetificas:
1733 651 1883 691 conce-

1063 702 1117 745 de
1137 705 1370 757 propitius3
1394 710 1442 746 ut
1462 706 1581 756 cujus
1601 705 1795 747 natalitia
1814 707 1883 747 6ό-

1062 759 1201 811 limus,
1221 760 1275 803 de
1296 761 1490 814 ejusdem
1504 762 1635 803 etiam
1650 762 1883 815 protectio-

1062 829 1115 858 ne
1134 817 1412 868 gaudeamus.
1439 819 1523 860 Per
1541 818 1787 860 Dominum.

1336 909 1358 910 ἡ
1421 896 1590 924 ψ-

1169 964 1230 1004 In
1256 954 1443 1014 'vigilia
1469 964 1778 1016 Epiphaniae.

1223 1027 1399 1063 Officium
1415 1027 1455 1061 fit
1472 1026 1730 1070 Semiduplex.

1226 1093 1314 1135 Ad
1344 1094 1728 1135 matutinum.

1118 1152 1253 1187 Omnia
1287 1152 1464 1186 dicuntur
1492 1155 1532 1186 ut
1563 1152 1601 1186 in
1631 1151 1709 1186 Oet.
1740 1151 1888 1186 Nativi-

1066 1201 1165 1235 tatis.
1186 1201 1260 1236 224.
1293 1201 1464 1244 exceptis
1489 1200 1588 1235 Lect.
1615 1204 1651 1235 et
1675 1200 1779 1242 aliis,
1802 1210 1888 1244 quae

1067 1249 1164 1283 infra
1189 1254 1391 1293 ponuntur.

1309 1314 1358 1352 In
1376 1314 1406 1352 Ι.
1424 1313 1645 1354 Nocturno.

1159 1373 1224 1413 De
1252 1370 1453 1424 Epistola
1481 1370 1537 1412 ad
1560 1371 1796 1412 Romanos.

1178 1434 1328 1476 Lectio
1347 1435 1371 1475 i.
1631 1435 1732 1487 Cap.
1751 1434 1787 1475 7.

1068 1487 1483 1543 ¹51‘3-*23‘nignoratis
1515 1488 1671 1530 fratres
1704 1486 1885 1538 (scienti-

1067 1541 1083 1576 ⁴1'²
1103 1546 1144 1596 2¹³5„
1222 1545 1304 1587 bus
1321 1543 1768 1597 enimlegemloquor)
1785 1543 1886 1597 quia

1223 1602 1296 1643 lex
1338 1601 1382 1642 in
1422 1600 1598 1642 homine
1639 1600 1886 1642 dominatur

1064 1663 1227 1711 quanto
1254 1660 1452 1711 tempore
1479 1657 1607 1700 vivit?
1644 1657 1759 1699 Nam
1787 1669 1886 1710 quae

1063 1715 1143 1757 sub
1171 1715 1266 1756 viro
1293 1719 1359 1756 est
1381 1714 1552 1764 mulier,
1579 1714 1752 1756 vivente
1779 1713 1886 1763 viro,

1063 1771 1239 1823 alligata
1260 1776 1326 1813 est
1343 1771 1444 1823 legi:
1469 1771 1505 1812 si
1524 1775 1669 1812 autem
1688 1772 1886 1812 mortuus

1063 1828 1192 1870 fuerit
1222 1828 1287 1869 vir
1320 1828 1428 1880 ejus,
1460 1827 1603 1869 soluta
1637 1831 1703 1869 est
1734 1839 1760 1868 a
1789 1826 1886 1878 lege

1063 1885 1153 1926 viri.
1193 1885 1346 1936 Igitur,
1373 1884 1546 1926 vivente
1572 1883 1683 1934 viro,
1714 1882 1886 1925 vocabi-

1062 1947 1133 1983 tur
1152 1941 1350 1984 adultera
1369 1941 1549 1983 sifuerit
1564 1943 1662 1982 cum
1677 1939 1762 1982 alio
1777 1939 1886 1981 viro:

1063 1999 1100 2040 si
1131 2004 1275 2041 autem
1307 2000 1507 2040 mortuus
1539 1997 1668 2039 fuerit
1695 1997 1760 2038 vir
1785 1996 1886 2048 ejus,

1063 2055 1247 2097 liberata
1272 2060 1339 2096 est
1363 2067 1388 2096 a
1412 2054 1509 2106 1636
1535 2054 1632 2095 viri:
1659 2058 1707 2095 ut
1725 2066 1812 2095 non
1831 2053 1886 2095 sit

1063 2111 1261 2154 adultera
1280 2111 1316 2152 si
1334 2111 1462 2152 fuerit
1480 2124 1578 2152 cum
1597 2110 1684 2152 alio
1704 2110 1809 2151 viro.

1118 2168 1168 2221 Rt·
1206 2168 1321 2209 Ecce
1354 2168 1505 2218 Agnus
1536 2167 1636 2216 Dei,
1677 2179 1779 2208 ecce
1813 2165 1886 2219 qui

1063 2224 1177 2267 tollit
1195 2226 1379 2277 peccata
1397 2223 1561 2265 mundi:
1589 2236 1692 2265 6666
1717 2223 1772 2264 de
1798 2235 1885 2275 quo

1065 2280 1263 2323 dicebam
1281 2280 1422 2322 vobis:
1444 2280 1528 2330 Qui
1546 2284 1650 2332 post
1667 2292 1738 2321 me
1756 2279 1884 2327 venit,

1064 2342 1163 2379 ante
1195 2350 1265 2378 me
1296 2337 1435 2378 factus
1467 2341 1552 2378 est:
1586 2332 1608 2356 *
1637 2335 1766 2387 Cujus
1798 2347 1884 2376 non

1065 2407 1161 2435 sum
1181 2393 1336 2444 dignus
1352 2392 1583 2443 corrigiam
1602 2391 1883 2433 calceamenti

1064 2450 1247 2492 solvere.
1292 2444 1341 2496 X.
1371 2449 1455 2499 Qui
1485 2447 1540 2490 de
1573 2453 1688 2490 terra
1719 2453 1796 2497 est,
1829 2447 1884 2489 de

1063 2512 1179 2549 terra
1202 2506 1407 2558 loquitur:
1436 2505 1509 2557 qui
1533 2504 1589 2547 de
1617 2504 1730 2546 coelo
1755 2504 1883 2554 venit,

1063 2575 1195 2616 super
1214 2575 1365 2604 omnes
1385 2566 1462 2603 est.
1490 2561 1631 2613 Cujus.

1369 2617 1517 2658 Lectio
1538 2618 1575 2657 ii.

1111 2682 1242 2728 taque
1260 2675 1416 2716 fratres
1438 2674 1522 2716 mei
1547 2679 1590 2716 et
1608 2687 1687 2716 vos
1704 2673 1881 2716 mortifi-

1122 2733 1209 2775 cati
1225 2732 1328 2773 estis
1342 2731 1427 2782 legi
1442 2744 1521 2783 per
1537 2744 1696 2784 corpus
1709 2730 1882 2773 Christi:
