2040 2990
784 841 868 882 Die
896 841 960 882 27.
984 840 1254 882 Decembris.

379 926 425 965 In
455 927 588 967 Festo
615 929 785 970 Sancti
812 929 1023 971 «Ioannis
1050 929 1253 980 Apostoli
1284 934 1326 969 ct
1356 930 1658 975 Evangelistae.

826 1005 980 1048 Duplex
1003 1006 1032 1039 2.
1060 1007 1206 1040 elassis.

323 1084 411 1124 Ad
437 1084 826 1126 matutinum.

211 1155 338 1198 Invit.⁷
368 1156 524 1200 Hymn.,
555 1157 657 1192 Ant..
686 1158 746 1191 Ps.
773 1161 809 1191 et
834 1152 916 1197 YY.
943 1158 989 1191 dc

160 1203 304 1238 Comm.
330 1204 467 1246 Apost.
489 1202 536 1245 [4]

404 1273 453 1311 In
472 1273 502 1311 Ι.
521 1273 745 1313 Nocturno.

158 1340 319 1393 Incipit
332 1341 534 1393 Epistola
548 1339 691 1392 prima
705 1339 826 1382 beati
839 1342 861 1382 J
867 1341 990 1382 oanis

465 1396 684 1449 Ap6stoli.

309 1501 312 1508 ¹,
360 1458 511 1499 Lectio
531 1458 554 1498 i.
714 1459 816 1509 Cap.
838 1459 867 1498 1.

171 1541 172 1549 κ
220 1530 259 1563 221}
272 1544 293 1570 ,ζ
340 1512 431 1554 uod
450 1513 530 1554 fuit
549 1511 604 1553 ab
624 1512 757 1562 initio,
778 1511 899 1564 quod
918 1525 989 1553 au-

204 1584 215 1595 *
276 1573 290 1602 ἑ
358 1568 563 1619 divimus,
592 1568 713 1620 quod
735 1567 925 1609 vidimus
946 1570 989 1609 ὀ-

172 1620 175 1650 ὶ
245 1658 247 1660 .
357 1624 466 1665 culis
484 1625 658 1673 nostris,
680 1623 800 1676 quod
813 1625 989 1676 persp&-

157 1680 312 1731 ximus,
331 1684 375 1722 θῖ
394 1694 548 1722 manus
563 1685 728 1722 nostrae
748 1684 990 1721 contrecta-

157 1738 315 1778 verunt
338 1736 394 1778 de
412 1736 549 1778 verbo
573 1737 691 1778 vitae:
719 1740 764 1777 θῖ
788 1736 879 1776 vita
902 1749 990 1777 ma-

156 1792 363 1834 nifestata
386 1797 468 1842 θεῖ,
495 1797 538 1834 θῖ
557 1791 764 1841 vidimus,
789 1795 833 1832 et
857 1794 990 1833 testa-

157 1861 272 1899 mur,
301 1853 345 1890 et
369 1848 678 1889 annuntiamus
703 1846 831 1888 vobis
855 1847 990 1888 vitam

159 1906 384 1952 aet6mam,
415 1917 514 1956 quae
543 1908 637 1945 erat
661 1902 780 1955 apud
802 1903 990 1952 Patrem,

159 1964 203 2001 θῖ
222 1960 426 2013 apparuit
444 1959 587 2001 nobis:
608 1958 729 2011 quod.
744 1958 932 1999 vidimus
948 1962 991 1999 θῖ

159 2016 422 2066 audivimus,
447 2015 754 2056 annuntiamus
774 2013 916 2063 vobis,
942 2018 991 2054 ut

160 2077 204 2113 θῖ
229 2085 310 2114 vos
339 2072 597 2113 societatem
621 2070 822 2111 habeatis
846 2069 990 2110 nobis-

160 2141 270 2178 cum,
289 2133 334 2170 et
353 2130 543 2169 societas
562 2131 714 2168 nostra
728 2126 784 2166 sit
799 2138 898 2166 cum
913 2125 990 2165 Pa-

159 2189 237 2234 tre,
257 2188 301 2225 θῖ
321 2197 421 2225 cum
438 2183 550 2224 Filio
571 2184 662 2235 ejus
681 2183 705 2223 J
707 2195 786 2224 esu
805 2181 990 2222 Christo.

160 2240 216 2281 Et
247 2239 344 2281 haec
376 2239 609 2281 scribimus
638 2238 781 2287 vobis,
814 2242 863 2278 ut
890 2249 991 2286 gau·-

160 2295 313 2343 desitis,
333 2300 377 2337 et
395 2295 604 2347 gaudium
622 2298 817 2335 vestrum
832 2293 888 2333 sit
901 2292 990 2344 ple—

159 2365 274 2392 num.
297 2352 355 2392 Et
368 2351 465 2392 haec
480 2355 547 2392 θεῖ
563 2349 844 2398 annuntiatio,
861 2360 992 2399 quam

160 2406 408 2448 audivimus
432 2406 490 2448 ab
516 2419 586 2455 co,
615 2410 659 2447 et
687 2404 991 2446 annuntiamus

160 2462 300 2503 vobis:
337 2462 554 2512 Quc'miam
578 2462 700 2502 Deus
732 2460 807 2501 lux
832 2463 914 2509 est,
949 2462 993 2499 et

160 2517 356 2558 tcncbrae
375 2518 419 2558 in
439 2530 492 2559 eo
512 2529 599 2558 non
619 2521 720 2557 sunt
738 2515 850 2556 ullae.

213 2571 264 2622 Rz.
281 2572 426 2615 Valde
444 2572 731 2614 honorandus
751 2575 818 2612 θεῖ
835 2570 992 2611 beatus

161 2628 184 2668 J
187 2630 368 2677 oannes,
395 2629 470 2680 qui
490 2641 623 2680 supra
641 2632 796 2679 pectus
815 2624 993 2666 Dcmini

161 2684 206 2724 in
233 2696 361 2725 coena
387 2683 604 2725 recabuit:
628 2683 651 2707 *
685 2683 765 2723 Cui
794 2681 1000 2722 Christus-

1044 1082 1087 1122 in
1113 1095 1242 1124 cruce
1272 1086 1459 1123 matrem
1482 1081 1694 1132 virginem
1719 1081 1874 1132 virgini

1045 1138 1381 1180 commendavit.
1413 1133 1458 1183 δ”.
1470 1138 1610 1188 Virgo
1627 1142 1694 1178 θεῖ
1709 1137 1873 1178 θΙθθῖιιε

1044 1206 1070 1234 a
1088 1195 1292 1243 D6min0‚
1313 1199 1445 1246 atque
1464 1194 1576 1235 inter
1596 1195 1768 1234 cctcros
1786 1206 1873 1233 ma-

1043 1250 1111 1300 gis
1131 1250 1328 1291 dilcctus.
1356 1250 1447 1290 Cui.

1351 1326 1502 1367 Lcctio
1523 1326 1560 1365 ii.

1112 1392 1127 1432 i
1168 1392 1406 1433 dixcrimus
1445 1391 1652 1443 qucniam
1690 1392 1873 1432 socicta-

1130 1452 1221 1488 tcm
1239 1447 1452 1488 habe'mus
1472 1460 1571 1487 cum
1591 1459 1659 1496 θο,
1685 1452 1728 1488 θῖ
1751 1447 1795 1487 in
1813 1449 1873 1487 ῖθ-

1043 1503 1190 1545 nebris
1224 1502 1514 1551 ambulamus,
1544 1505 1794 1552 mentimur,
1830 1507 1875 1544 θῖ

1044 1560 1275 1600 veritatem
1304 1571 1391 1599 non
1420 1559 1614 1599 facimus.
1657 1558 1702 1599 Si
1728 1562 1874 1599 autem

1043 1615 1087 1655 in
1116 1614 1214 1655 lucc
1242 1614 1532 1663 ambulamus,
1567 1614 1680 1655 sicut
1708 1619 1751 1654 θῖ
1779 1614 1874 1665 ipsc

1045 1675 1112 1711 θεῖ
1143 1671 1187 1710 in
1218 1670 1331 1719 luce3
1369 1671 1628 1711 societatem
1661 1669 1873 1710 habcmus

1045 1726 1102 1767 ad
1120 1726 1317 1775 invicem,
1338 1731 1382 1766 θῖ
1402 1726 1577 1776 sanguis
1593 1726 1617 1765 J
1621 1738 1697 1766 esu
1714 1725 1875 1766 Christi

1044 1782 1143 1822 Filii
1180 1782 1271 1833 ejus
1308 1781 1517 1822 emundat
1552 1793 1634 1822 nos
1667 1780 1721 1821 ab
1755 1780 1875 1821 omni

1045 1839 1244 1889 peccato.
1299 1837 1344 1878 Si
1389 1837 1627 1878 dixcrimus
1669 1836 1875 1887 quc'miam

1044 1894 1277 1944 peccatum
1308 1905 1396 1933 non
1423 1891 1652 1932 habcmus:
1682 1892 1767 1944 ipsi
1794 1904 1875 1933 nos

1046 1948 1311 1998 sedacimus,
1332 1952 1376 1988 et
1395 1948 1557 1988 vcritas
1576 1947 1619 1987 in
1638 1947 1766 1988 nobis
1786 1960 1874 1988 non

1046 2008 1123 2045 θεῖ.
1149 2003 1194 2044 Si
1209 2003 1497 2045 confiteamur
1511 2004 1697 2055 peccata
1710 2008 1874 2044 nostra:

1044 2059 1187 2100 fidclis
1222 2063 1304 2108 θεῖ,
1344 2063 1388 2100 θῖ
1414 2060 1566 2110 justus,
1604 2063 1651 2099 ut
1682 2060 1875 2100 remittat

1045 2114 1173 2156 nobis
1196 2117 1381 2167 peccata
1405 2119 1572 2164 nostra,
1600 2118 1644 2155 θῖ
1669 2113 1875 2155 emundet

1044 2183 1127 2212 nos
1152 2170 1207 2211 ab
1233 2170 1352 2211 omni
1374 2170 1615 2221 iniquitate.
1651 2170 1696 2211 Si
1720 2169 1874 2210 dixe‘ri-

1045 2239 1142 2267 mus
1155 2227 1361 2278 qucniam
1370 2239 1458 2267 non
1466 2226 1756 2278 peccavimus,
1766 2237 1876 2266 men-

1046 2281 1201 2323 dacem
1212 2282 1394 2323 facimus
1407 2294 1516 2331 eum,
1532 2286 1576 2322 θῖ
1591 2280 1773 2322 verbum
1785 2280 1874 2331 ejus

1045 2350 1134 2378 non
1153 2342 1220 2378 θεῖ
1238 2337 1283 2377 in
1301 2336 1441 2378 nobis.

1094 2402 1145 2451 Ην.
1167 2401 1252 2442 Hic
1273 2406 1340 2442 est
1359 2399 1598 2452 discipulus
1617 2399 1700 2448 ifle,
1721 2398 1794 2450 qui
1813 2403 1872 2439 te-

1046 2457 1298 2498 stimcnium
1317 2456 1519 2508 pcrhibet
1539 2455 1593 2496 dc
1612 2455 1691 2503 his,
1711 2459 1755 2496 et
1774 2454 1873 2495 scri-

1045 2513 1135 2564 psit
1154 2513 1263 2553 haec:
1282 2515 1303 2538 *
1328 2513 1385 2552 Et
1409 2512 1570 2552 scimus
1597 2510 1698 2575 quia
1721 2522 1872 2550 verum

1047 2573 1114 2609 θεῖ
1141 2568 1439 2609 testimcnium
1466 2567 1566 2618 ejus.
1607 2568 1655 2613 X.
1688 2565 1871 2605 Fluanta

1046 2624 1272 2674 Evangclii
1300 2623 1355 2664 de
1380 2623 1479 2675 ipso
1505 2635 1631 2663 sacro
1655 2618 1871 2662 Dominici

1046 2680 1240 2731 pectoris
1258 2680 1379 2720 fonte
1398 2678 1581 2730 potavit.
1608 2678 1674 2717 Et.
