<?xml version="1.0" encoding="UTF-8"?>
<!DOCTYPE html PUBLIC "-//W3C//DTD XHTML 1.0 Transitional//EN"
    "http://www.w3.org/TR/xhtml1/DTD/xhtml1-transitional.dtd">
<html xmlns="http://www.w3.org/1999/xhtml" xml:lang="en" lang="en">
 <head>
  <title>
</title>
<meta http-equiv="Content-Type" content="text/html;charset=utf-8" />
  <meta name='ocr-system' content='tesseract 3.04.00' />
  <meta name='ocr-capabilities' content='ocr_page ocr_carea ocr_par ocr_line ocrx_word'/>
</head>
<body>
  <div class='ocr_page' id='page_1' title='image "./p1breviariumroma00cathuoft_0093.png"; bbox 0 0 2040 2990; ppageno 0'>
   <div class='ocr_carea' id='block_1_1' title="bbox 877 189 1833 224">
    <p class='ocr_par' dir='ltr' id='par_1_1' title="bbox 877 189 1833 224">
     <span class='ocr_line' id='line_1_1' title="bbox 877 189 1833 224; baseline 0.001 -1"><span class='ocrx_word' id='word_1_1' title='bbox 877 189 939 223; x_wconf 81' lang='lat' dir='ltr'>Ad</span> <span class='ocrx_word' id='word_1_2' title='bbox 962 189 1122 224; x_wconf 81' lang='lat' dir='ltr'>Nonam.</span> <span class='ocrx_word' id='word_1_3' title='bbox 1788 189 1833 224; x_wconf 88' lang='lat'>39</span> 
     </span>
    </p>
   </div>
   <div class='ocr_carea' id='block_1_2' title="bbox 164 283 929 783">
    <p class='ocr_par' dir='ltr' id='par_1_2' title="bbox 164 283 903 502">
     <span class='ocr_line' id='line_1_2' title="bbox 164 283 736 335; baseline -0.003 -10"><span class='ocrx_word' id='word_1_4' title='bbox 164 285 345 334; x_wconf 81' lang='lat' dir='ltr'>Largire</span> <span class='ocrx_word' id='word_1_5' title='bbox 371 283 516 324; x_wconf 90' lang='lat' dir='ltr'>lumen</span> <span class='ocrx_word' id='word_1_6' title='bbox 544 284 736 335; x_wconf 82' lang='lat' dir='ltr'>vespere,</span> 
     </span>
     <span class='ocr_line' id='line_1_3' title="bbox 216 337 884 391; baseline -0.001 -11"><span class='ocrx_word' id='word_1_7' title='bbox 216 339 313 389; x_wconf 90' lang='lat' dir='ltr'>Quo</span> <span class='ocrx_word' id='word_1_8' title='bbox 343 340 432 380; x_wconf 81' lang='lat' dir='ltr'>vita</span> <span class='ocrx_word' id='word_1_9' title='bbox 459 352 673 391; x_wconf 81' lang='lat' dir='ltr'>nusquam</span> <span class='ocrx_word' id='word_1_10' title='bbox 701 337 884 388; x_wconf 81' lang='lat' dir='ltr'>decidat,</span> 
     </span>
     <span class='ocr_line' id='line_1_4' title="bbox 215 395 903 448; baseline -0.001 -12"><span class='ocrx_word' id='word_1_11' title='bbox 215 395 302 437; x_wconf 87' lang='lat' dir='ltr'>Sed</span> <span class='ocrx_word' id='word_1_12' title='bbox 329 396 558 448; x_wconf 75' lang='lat' dir='ltr'>praemium</span> <span class='ocrx_word' id='word_1_13' title='bbox 584 395 737 436; x_wconf 90' lang='lat' dir='ltr'>mortis</span> <span class='ocrx_word' id='word_1_14' title='bbox 767 407 903 436; x_wconf 86' lang='lat' dir='ltr'>sacrae</span> 
     </span>
     <span class='ocr_line' id='line_1_5' title="bbox 214 451 781 502; baseline -0.004 -10"><span class='ocrx_word' id='word_1_15' title='bbox 214 451 447 493; x_wconf 80' lang='lat' dir='ltr'>Perrennis</span> <span class='ocrx_word' id='word_1_16' title='bbox 475 452 606 493; x_wconf 90' lang='lat' dir='ltr'>instet</span> <span class='ocrx_word' id='word_1_17' title='bbox 632 451 781 502; x_wconf 85' lang='lat' dir='ltr'>gloria.</span> 
     </span>
    </p>

    <p class='ocr_par' dir='ltr' id='par_1_3' title="bbox 168 517 929 738">
     <span class='ocr_line' id='line_1_6' title="bbox 168 517 733 570; baseline -0.002 -12"><span class='ocrx_word' id='word_1_18' title='bbox 168 519 346 567; x_wconf 84' lang='lat' dir='ltr'>Praesta,</span> <span class='ocrx_word' id='word_1_19' title='bbox 373 517 502 559; x_wconf 89' lang='lat' dir='ltr'>Pater</span> <span class='ocrx_word' id='word_1_20' title='bbox 529 517 733 570; x_wconf 84' lang='lat' dir='ltr'>piissime,</span> 
     </span>
     <span class='ocr_line' id='line_1_7' title="bbox 216 572 807 626; baseline -0.002 -13"><span class='ocrx_word' id='word_1_21' title='bbox 216 573 424 626; x_wconf 82' lang='lat' dir='ltr'>Patrique</span> <span class='ocrx_word' id='word_1_22' title='bbox 452 586 631 626; x_wconf 86' lang='lat' dir='ltr'>compar</span> <span class='ocrx_word' id='word_1_23' title='bbox 659 572 807 621; x_wconf 85' lang='lat' dir='ltr'>Unice,</span> 
     </span>
     <span class='ocr_line' id='line_1_8' title="bbox 218 628 760 682; baseline -0.002 -12"><span class='ocrx_word' id='word_1_24' title='bbox 218 629 327 670; x_wconf 92' lang='lat' dir='ltr'>Cum</span> <span class='ocrx_word' id='word_1_25' title='bbox 353 630 516 682; x_wconf 84' lang='lat' dir='ltr'>Spiritu</span> <span class='ocrx_word' id='word_1_26' title='bbox 542 628 760 670; x_wconf 63' lang='lat' dir='ltr'>Paraclito</span> 
     </span>
     <span class='ocr_line' id='line_1_9' title="bbox 215 683 929 738; baseline -0.006 -11"><span class='ocrx_word' id='word_1_27' title='bbox 215 686 419 736; x_wconf 86' lang='lat' dir='ltr'>Regnans</span> <span class='ocrx_word' id='word_1_28' title='bbox 446 698 526 738; x_wconf 90' lang='lat' dir='ltr'>per</span> <span class='ocrx_word' id='word_1_29' title='bbox 555 698 683 727; x_wconf 89' lang='lat' dir='ltr'>omne</span> <span class='ocrx_word' id='word_1_30' title='bbox 711 683 929 725; x_wconf 72' lang='lat' dir='ltr'>saeculum.</span> 
     </span>
    </p>

    <p class='ocr_par' dir='ltr' id='par_1_4' title="bbox 445 743 599 783">
     <span class='ocr_line' id='line_1_10' title="bbox 445 743 599 783; baseline -0.006 0"><span class='ocrx_word' id='word_1_31' title='bbox 445 743 599 783; x_wconf 68' lang='lat' dir='ltr'>Amffli.</span> 
     </span>
    </p>
   </div>
   <div class='ocr_carea' id='block_1_3' title="bbox 190 811 955 863">
    <p class='ocr_par' dir='ltr' id='par_1_5' title="bbox 190 811 955 863">
     <span class='ocr_line' id='line_1_11' title="bbox 190 811 955 863; baseline -0.001 -12"><span class='ocrx_word' id='word_1_32' title='bbox 190 812 236 851; x_wconf 90' lang='lat' dir='ltr'>In</span> <span class='ocrx_word' id='word_1_33' title='bbox 266 811 503 852; x_wconf 82' lang='lat' dir='ltr'>Dominicis</span> <span class='ocrx_word' id='word_1_34' title='bbox 532 824 610 863; x_wconf 89' lang='lat' dir='ltr'>per</span> <span class='ocrx_word' id='word_1_35' title='bbox 639 812 821 851; x_wconf 80' lang='lat' dir='ltr'>Annum.</span> <span class='ocrx_word' id='word_1_36' title='bbox 858 812 955 851; x_wconf 85' lang='lat' dir='ltr'>Ant.</span> 
     </span>
    </p>
   </div>
   <div class='ocr_carea' id='block_1_4' title="bbox 143 866 335 918">
    <p class='ocr_par' dir='ltr' id='par_1_6' title="bbox 143 866 335 918">
     <span class='ocr_line' id='line_1_12' title="bbox 143 866 335 918; baseline 0.005 -11"><span class='ocrx_word' id='word_1_37' title='bbox 143 866 335 918; x_wconf 77' lang='lat' dir='ltr'>Alleluia.</span> 
     </span>
    </p>
   </div>
   <div class='ocr_carea' id='block_1_5' title="bbox 137 924 957 1133">
    <p class='ocr_par' dir='ltr' id='par_1_7' title="bbox 145 924 957 1032">
     <span class='ocr_line' id='line_1_13' title="bbox 191 924 957 976; baseline -0.001 -13"><span class='ocrx_word' id='word_1_38' title='bbox 191 925 238 964; x_wconf 90' lang='lat' dir='ltr'>In</span> <span class='ocrx_word' id='word_1_39' title='bbox 251 924 383 964; x_wconf 80' lang='lat' dir='ltr'>feriali</span> <span class='ocrx_word' id='word_1_40' title='bbox 399 924 554 964; x_wconf 85' lang='lat' dir='ltr'>Officio</span> <span class='ocrx_word' id='word_1_41' title='bbox 566 938 643 976; x_wconf 83' lang='lat' dir='ltr'>per</span> <span class='ocrx_word' id='word_1_42' title='bbox 655 925 837 964; x_wconf 84' lang='lat' dir='ltr'>Annum.</span> <span class='ocrx_word' id='word_1_43' title='bbox 860 924 957 963; x_wconf 71' lang='lat' dir='ltr'>Ant.</span> 
     </span>
     <span class='ocr_line' id='line_1_14' title="bbox 145 979 483 1032; baseline 0 -12"><span class='ocrx_word' id='word_1_44' title='bbox 145 979 305 1032; x_wconf 80' lang='lat' dir='ltr'>Aspice</span> <span class='ocrx_word' id='word_1_45' title='bbox 331 979 375 1020; x_wconf 90' lang='lat' dir='ltr'>in</span> <span class='ocrx_word' id='word_1_46' title='bbox 402 992 483 1021; x_wconf 91' lang='lat' dir='ltr'>me.</span> 
     </span>
    </p>

    <p class='ocr_par' dir='ltr' id='par_1_8' title="bbox 137 1042 957 1133">
     <span class='ocr_line' id='line_1_15' title="bbox 179 1042 957 1085; baseline 0.001 -10"><span class='ocrx_word' id='word_1_47' title='bbox 179 1042 310 1085; x_wconf 87' lang='lat' dir='ltr'>Temp.</span> <span class='ocrx_word' id='word_1_48' title='bbox 333 1043 508 1079; x_wconf 58' lang='lat' dir='ltr'>Advent„</span> <span class='ocrx_word' id='word_1_49' title='bbox 529 1043 613 1076; x_wconf 85' lang='lat' dir='ltr'>Ant.</span> <span class='ocrx_word' id='word_1_50' title='bbox 636 1043 683 1076; x_wconf 80' lang='lat' dir='ltr'>de</span> <span class='ocrx_word' id='word_1_51' title='bbox 703 1042 820 1076; x_wconf 77' lang='lat' dir='ltr'>Laud.</span> <span class='ocrx_word' id='word_1_52' title='bbox 839 1042 957 1076; x_wconf 76' lang='lat' dir='ltr'>Dom..</span> 
     </span>
     <span class='ocr_line' id='line_1_16' title="bbox 137 1091 608 1133; baseline 0.002 -10"><span class='ocrx_word' id='word_1_53' title='bbox 137 1094 201 1123; x_wconf 74' lang='lat' dir='ltr'>aut</span> <span class='ocrx_word' id='word_1_54' title='bbox 224 1100 270 1123; x_wconf 82' lang='lat' dir='ltr'>ex</span> <span class='ocrx_word' id='word_1_55' title='bbox 296 1091 464 1133; x_wconf 82' lang='lat' dir='ltr'>propriis</span> <span class='ocrx_word' id='word_1_56' title='bbox 490 1091 608 1124; x_wconf 71' lang='lat' dir='ltr'>Laud.</span> 
     </span>
    </p>
   </div>
   <div class='ocr_carea' id='block_1_6' title="bbox 443 1167 649 1207">
    <p class='ocr_par' dir='ltr' id='par_1_9' title="bbox 443 1167 649 1207">
     <span class='ocr_line' id='line_1_17' title="bbox 443 1167 649 1207; baseline 0 -1"><span class='ocrx_word' id='word_1_57' title='bbox 443 1167 649 1207; x_wconf 80' lang='lat' dir='ltr'>Psalmus.</span> 
     </span>
    </p>
   </div>
   <div class='ocr_carea' id='block_1_7' title="bbox 139 1234 961 2680">
    <p class='ocr_par' dir='ltr' id='par_1_10' title="bbox 149 1234 960 1349">
     <span class='ocr_line' id='line_1_18' title="bbox 149 1234 959 1294; baseline 0.002 -19"><span class='ocrx_word' id='word_1_58' title='bbox 149 1265 151 1287; x_wconf 32' lang='grc' dir='ltr'>Ξ</span> <span class='ocrx_word' id='word_1_59' title='bbox 194 1250 237 1294; x_wconf 94' lang='lat'><em>4</em></span> <span class='ocrx_word' id='word_1_60' title='bbox 254 1279 257 1284; x_wconf 30' lang='lat' dir='ltr'><em>s</em></span> <span class='ocrx_word' id='word_1_61' title='bbox 286 1234 466 1277; x_wconf 84' lang='lat' dir='ltr'>irabilia</span> <span class='ocrx_word' id='word_1_62' title='bbox 475 1235 723 1276; x_wconf 88' lang='lat' dir='ltr'>testimonia</span> <span class='ocrx_word' id='word_1_63' title='bbox 732 1235 959 1277; x_wconf 82' lang='lat' dir='ltr'>tua:*ideo</span> 
     </span>
     <span class='ocr_line' id='line_1_19' title="bbox 150 1292 960 1337; baseline 0.002 -7"><span class='ocrx_word' id='word_1_64' title='bbox 150 1294 187 1337; x_wconf 47' lang='grc' dir='ltr'>’ᾖ</span> <span class='ocrx_word' id='word_1_65' title='bbox 316 1294 508 1333; x_wconf 62' lang='lat' dir='ltr'>scrutata</span> <span class='ocrx_word' id='word_1_66' title='bbox 531 1297 598 1333; x_wconf 89' lang='lat' dir='ltr'>est</span> <span class='ocrx_word' id='word_1_67' title='bbox 620 1304 672 1333; x_wconf 86' lang='lat' dir='ltr'>ea</span> <span class='ocrx_word' id='word_1_68' title='bbox 693 1292 835 1333; x_wconf 67' lang='lat' dir='ltr'>{mima</span> <span class='ocrx_word' id='word_1_69' title='bbox 853 1305 960 1334; x_wconf 84' lang='lat' dir='ltr'>mea.</span> 
     </span>
    </p>

    <p class='ocr_par' dir='ltr' id='par_1_11' title="bbox 139 1345 961 1512">
     <span class='ocr_line' id='line_1_20' title="bbox 242 1345 960 1390; baseline 0.001 -1"><span class='ocrx_word' id='word_1_70' title='bbox 242 1345 251 1354; x_wconf 57' lang='lat'>⁸</span> <span class='ocrx_word' id='word_1_71' title='bbox 286 1353 289 1358; x_wconf 83' lang='lat'><em>&#39;</em></span> <span class='ocrx_word' id='word_1_72' title='bbox 349 1348 600 1389; x_wconf 66' lang='lat' dir='ltr'>Declaratio</span> <span class='ocrx_word' id='word_1_73' title='bbox 628 1351 877 1390; x_wconf 88' lang='lat' dir='ltr'>sermonum</span> <span class='ocrx_word' id='word_1_74' title='bbox 897 1354 960 1390; x_wconf 87' lang='lat' dir='ltr'>tu-</span> 
     </span>
     <span class='ocr_line' id='line_1_21' title="bbox 140 1403 961 1446; baseline 0.002 -2"><span class='ocrx_word' id='word_1_75' title='bbox 140 1405 265 1445; x_wconf 92' lang='lat' dir='ltr'>orum</span> <span class='ocrx_word' id='word_1_76' title='bbox 279 1403 536 1445; x_wconf 78' lang='lat' dir='ltr'>illuminatz*</span> <span class='ocrx_word' id='word_1_77' title='bbox 548 1409 592 1445; x_wconf 89' lang='lat' dir='ltr'>et</span> <span class='ocrx_word' id='word_1_78' title='bbox 605 1404 870 1446; x_wconf 85' lang='lat' dir='ltr'>intellectum</span> <span class='ocrx_word' id='word_1_79' title='bbox 886 1405 961 1446; x_wconf 86' lang='lat' dir='ltr'>dat</span> 
     </span>
     <span class='ocr_line' id='line_1_22' title="bbox 139 1460 343 1512; baseline -0.005 -11"><span class='ocrx_word' id='word_1_80' title='bbox 139 1460 343 1512; x_wconf 66' lang='lat' dir='ltr'>parvulis.</span> 
     </span>
    </p>

    <p class='ocr_par' dir='ltr' id='par_1_12' title="bbox 139 1516 960 1670">
     <span class='ocr_line' id='line_1_23' title="bbox 192 1516 960 1569; baseline 0.001 -12"><span class='ocrx_word' id='word_1_81' title='bbox 192 1516 254 1557; x_wconf 90' lang='lat' dir='ltr'>Os</span> <span class='ocrx_word' id='word_1_82' title='bbox 272 1529 418 1558; x_wconf 91' lang='lat' dir='ltr'>meum</span> <span class='ocrx_word' id='word_1_83' title='bbox 439 1516 599 1569; x_wconf 81' lang='lat' dir='ltr'>aperui,</span> <span class='ocrx_word' id='word_1_84' title='bbox 624 1521 668 1558; x_wconf 92' lang='lat' dir='ltr'>et</span> <span class='ocrx_word' id='word_1_85' title='bbox 691 1517 850 1558; x_wconf 68' lang='lat' dir='ltr'>attraxi</span> <span class='ocrx_word' id='word_1_86' title='bbox 876 1519 960 1569; x_wconf 89' lang='lat' dir='ltr'>spi-</span> 
     </span>
     <span class='ocr_line' id='line_1_24' title="bbox 139 1571 960 1625; baseline 0.002 -13"><span class='ocrx_word' id='word_1_87' title='bbox 139 1571 284 1613; x_wconf 90' lang='lat' dir='ltr'>ritum:</span> <span class='ocrx_word' id='word_1_88' title='bbox 315 1573 339 1598; x_wconf 87' lang='lat'>*</span> <span class='ocrx_word' id='word_1_89' title='bbox 372 1572 473 1625; x_wconf 87' lang='lat' dir='ltr'>quia</span> <span class='ocrx_word' id='word_1_90' title='bbox 505 1572 711 1614; x_wconf 69' lang='lat' dir='ltr'>mandata</span> <span class='ocrx_word' id='word_1_91' title='bbox 741 1578 816 1614; x_wconf 86' lang='lat' dir='ltr'>tua</span> <span class='ocrx_word' id='word_1_92' title='bbox 851 1573 960 1614; x_wconf 88' lang='lat' dir='ltr'>desi-</span> 
     </span>
     <span class='ocr_line' id='line_1_25' title="bbox 140 1627 359 1670; baseline 0.005 -1"><span class='ocrx_word' id='word_1_93' title='bbox 140 1627 359 1670; x_wconf 63' lang='lat' dir='ltr'>derabam.</span> 
     </span>
    </p>

    <p class='ocr_par' dir='ltr' id='par_1_13' title="bbox 140 1684 961 1838">
     <span class='ocr_line' id='line_1_26' title="bbox 191 1684 960 1737; baseline 0.001 -12"><span class='ocrx_word' id='word_1_94' title='bbox 191 1684 354 1737; x_wconf 90' lang='lat' dir='ltr'>Aspice</span> <span class='ocrx_word' id='word_1_95' title='bbox 384 1685 428 1726; x_wconf 90' lang='lat' dir='ltr'>in</span> <span class='ocrx_word' id='word_1_96' title='bbox 454 1698 535 1735; x_wconf 86' lang='lat' dir='ltr'>me,</span> <span class='ocrx_word' id='word_1_97' title='bbox 559 1690 603 1727; x_wconf 89' lang='lat' dir='ltr'>et</span> <span class='ocrx_word' id='word_1_98' title='bbox 629 1685 836 1727; x_wconf 80' lang='lat' dir='ltr'>miserere</span> <span class='ocrx_word' id='word_1_99' title='bbox 865 1686 960 1735; x_wconf 86' lang='lat' dir='ltr'>mei,</span> 
     </span>
     <span class='ocr_line' id='line_1_27' title="bbox 140 1740 961 1795; baseline 0.001 -14"><span class='ocrx_word' id='word_1_100' title='bbox 140 1740 164 1765; x_wconf 82' lang='lat'><strong>*</strong></span> <span class='ocrx_word' id='word_1_101' title='bbox 193 1740 432 1782; x_wconf 84' lang='lat' dir='ltr'>secundum</span> <span class='ocrx_word' id='word_1_102' title='bbox 460 1741 664 1795; x_wconf 79' lang='lat' dir='ltr'>judicium</span> <span class='ocrx_word' id='word_1_103' title='bbox 692 1741 961 1793; x_wconf 82' lang='lat' dir='ltr'>diligentium</span> 
     </span>
     <span class='ocr_line' id='line_1_28' title="bbox 140 1802 459 1838; baseline 0.006 -2"><span class='ocrx_word' id='word_1_104' title='bbox 140 1809 299 1838; x_wconf 92' lang='lat' dir='ltr'>nomen</span> <span class='ocrx_word' id='word_1_105' title='bbox 326 1802 459 1838; x_wconf 89' lang='lat' dir='ltr'>tuum.</span> 
     </span>
    </p>

    <p class='ocr_par' dir='ltr' id='par_1_14' title="bbox 141 1852 961 2017">
     <span class='ocr_line' id='line_1_29' title="bbox 193 1852 961 1905; baseline 0.001 -11"><span class='ocrx_word' id='word_1_106' title='bbox 193 1852 382 1894; x_wconf 90' lang='lat' dir='ltr'>Gressus</span> <span class='ocrx_word' id='word_1_107' title='bbox 408 1866 531 1895; x_wconf 91' lang='lat' dir='ltr'>meos</span> <span class='ocrx_word' id='word_1_108' title='bbox 560 1853 696 1905; x_wconf 86' lang='lat' dir='ltr'>dirige</span> <span class='ocrx_word' id='word_1_109' title='bbox 723 1853 961 1895; x_wconf 81' lang='lat' dir='ltr'>secundum</span> 
     </span>
     <span class='ocr_line' id='line_1_30' title="bbox 141 1908 960 1962; baseline 0 -12"><span class='ocrx_word' id='word_1_110' title='bbox 141 1908 362 1962; x_wconf 88' lang='lat' dir='ltr'>eloquium</span> <span class='ocrx_word' id='word_1_111' title='bbox 383 1914 520 1951; x_wconf 87' lang='lat' dir='ltr'>tuum:</span> <span class='ocrx_word' id='word_1_112' title='bbox 541 1910 565 1935; x_wconf 88' lang='lat'>*</span> <span class='ocrx_word' id='word_1_113' title='bbox 585 1914 628 1951; x_wconf 89' lang='lat' dir='ltr'>et</span> <span class='ocrx_word' id='word_1_114' title='bbox 654 1922 742 1951; x_wconf 93' lang='lat' dir='ltr'>non</span> <span class='ocrx_word' id='word_1_115' title='bbox 769 1909 960 1951; x_wconf 81' lang='lat' dir='ltr'>domine-</span> 
     </span>
     <span class='ocr_line' id='line_1_31' title="bbox 141 1965 736 2017; baseline 0.002 -11"><span class='ocrx_word' id='word_1_116' title='bbox 141 1969 211 2006; x_wconf 88' lang='lat' dir='ltr'>tur</span> <span class='ocrx_word' id='word_1_117' title='bbox 238 1966 323 2007; x_wconf 91' lang='lat' dir='ltr'>mei</span> <span class='ocrx_word' id='word_1_118' title='bbox 351 1966 491 2007; x_wconf 90' lang='lat' dir='ltr'>omnis</span> <span class='ocrx_word' id='word_1_119' title='bbox 520 1965 736 2017; x_wconf 84' lang='lat' dir='ltr'>injustitia.</span> 
     </span>
    </p>

    <p class='ocr_par' dir='ltr' id='par_1_15' title="bbox 140 2021 960 2120">
     <span class='ocr_line' id='line_1_32' title="bbox 191 2021 960 2063; baseline 0 0"><span class='ocrx_word' id='word_1_120' title='bbox 191 2021 375 2063; x_wconf 77' lang='lat' dir='ltr'>Redime</span> <span class='ocrx_word' id='word_1_121' title='bbox 410 2035 480 2063; x_wconf 89' lang='lat' dir='ltr'>me</span> <span class='ocrx_word' id='word_1_122' title='bbox 517 2035 542 2062; x_wconf 84' lang='lat' dir='ltr'>a</span> <span class='ocrx_word' id='word_1_123' title='bbox 571 2022 795 2063; x_wconf 82' lang='lat' dir='ltr'>calumniis</span> <span class='ocrx_word' id='word_1_124' title='bbox 826 2022 960 2063; x_wconf 91' lang='lat' dir='ltr'>homi-</span> 
     </span>
     <span class='ocr_line' id='line_1_33' title="bbox 140 2077 960 2120; baseline 0 -2"><span class='ocrx_word' id='word_1_125' title='bbox 140 2090 258 2118; x_wconf 90' lang='lat' dir='ltr'>num:</span> <span class='ocrx_word' id='word_1_126' title='bbox 278 2078 302 2103; x_wconf 84' lang='lat'>*</span> <span class='ocrx_word' id='word_1_127' title='bbox 322 2083 371 2119; x_wconf 90' lang='lat' dir='ltr'>ut</span> <span class='ocrx_word' id='word_1_128' title='bbox 389 2077 633 2119; x_wconf 88' lang='lat' dir='ltr'>custodiam</span> <span class='ocrx_word' id='word_1_129' title='bbox 652 2078 856 2120; x_wconf 62' lang='lat' dir='ltr'>mandata</span> <span class='ocrx_word' id='word_1_130' title='bbox 873 2083 960 2119; x_wconf 81' lang='lat' dir='ltr'>tua.</span> 
     </span>
    </p>

    <p class='ocr_par' dir='ltr' id='par_1_16' title="bbox 141 2134 960 2288">
     <span class='ocr_line' id='line_1_34' title="bbox 192 2134 960 2187; baseline 0 -13"><span class='ocrx_word' id='word_1_131' title='bbox 192 2134 367 2176; x_wconf 64' lang='lat' dir='ltr'>Faciem</span> <span class='ocrx_word' id='word_1_132' title='bbox 382 2139 502 2176; x_wconf 84' lang='lat' dir='ltr'>tuam</span> <span class='ocrx_word' id='word_1_133' title='bbox 520 2134 713 2175; x_wconf 82' lang='lat' dir='ltr'>illumina</span> <span class='ocrx_word' id='word_1_134' title='bbox 727 2147 859 2187; x_wconf 91' lang='lat' dir='ltr'>super</span> <span class='ocrx_word' id='word_1_135' title='bbox 875 2147 960 2175; x_wconf 87' lang='lat' dir='ltr'>ser-</span> 
     </span>
     <span class='ocr_line' id='line_1_35' title="bbox 141 2190 960 2242; baseline 0.001 -12"><span class='ocrx_word' id='word_1_136' title='bbox 141 2202 244 2231; x_wconf 88' lang='lat' dir='ltr'>vum</span> <span class='ocrx_word' id='word_1_137' title='bbox 268 2195 404 2231; x_wconf 84' lang='lat' dir='ltr'>tuum:</span> <span class='ocrx_word' id='word_1_138' title='bbox 421 2191 445 2216; x_wconf 83' lang='lat'>*</span> <span class='ocrx_word' id='word_1_139' title='bbox 465 2195 508 2232; x_wconf 92' lang='lat' dir='ltr'>et</span> <span class='ocrx_word' id='word_1_140' title='bbox 532 2190 642 2232; x_wconf 92' lang='lat' dir='ltr'>doce</span> <span class='ocrx_word' id='word_1_141' title='bbox 665 2204 734 2232; x_wconf 91' lang='lat' dir='ltr'>me</span> <span class='ocrx_word' id='word_1_142' title='bbox 762 2190 960 2242; x_wconf 85' lang='lat' dir='ltr'>justifica-</span> 
     </span>
     <span class='ocr_line' id='line_1_36' title="bbox 141 2246 418 2288; baseline 0.004 -1"><span class='ocrx_word' id='word_1_143' title='bbox 141 2246 282 2288; x_wconf 91' lang='lat' dir='ltr'>tiones</span> <span class='ocrx_word' id='word_1_144' title='bbox 309 2252 418 2288; x_wconf 87' lang='lat' dir='ltr'>tuas.</span> 
     </span>
    </p>

    <p class='ocr_par' dir='ltr' id='par_1_17' title="bbox 141 2302 961 2465">
     <span class='ocr_line' id='line_1_37' title="bbox 180 2302 961 2356; baseline -0.001 -13"><span class='ocrx_word' id='word_1_145' title='bbox 180 2303 332 2344; x_wconf 81' lang='lat' dir='ltr'>Exitus</span> <span class='ocrx_word' id='word_1_146' title='bbox 343 2305 555 2356; x_wconf 62' lang='lat' dir='ltr'>aquarum</span> <span class='ocrx_word' id='word_1_147' title='bbox 565 2302 837 2344; x_wconf 81' lang='lat' dir='ltr'>deduxerunt</span> <span class='ocrx_word' id='word_1_148' title='bbox 848 2302 961 2343; x_wconf 91' lang='lat' dir='ltr'>oculi</span> 
     </span>
     <span class='ocr_line' id='line_1_38' title="bbox 141 2358 960 2411; baseline 0.001 -13"><span class='ocrx_word' id='word_1_149' title='bbox 141 2359 242 2399; x_wconf 90' lang='lat' dir='ltr'>mei:</span> <span class='ocrx_word' id='word_1_150' title='bbox 273 2359 297 2384; x_wconf 85' lang='lat'>*</span> <span class='ocrx_word' id='word_1_151' title='bbox 328 2360 429 2411; x_wconf 87' lang='lat' dir='ltr'>quia</span> <span class='ocrx_word' id='word_1_152' title='bbox 459 2372 547 2400; x_wconf 92' lang='lat' dir='ltr'>non</span> <span class='ocrx_word' id='word_1_153' title='bbox 575 2358 874 2400; x_wconf 80' lang='lat' dir='ltr'>custodierunt</span> <span class='ocrx_word' id='word_1_154' title='bbox 904 2358 960 2399; x_wconf 93' lang='lat' dir='ltr'>le-</span> 
     </span>
     <span class='ocr_line' id='line_1_39' title="bbox 142 2419 398 2465; baseline 0.004 -10"><span class='ocrx_word' id='word_1_155' title='bbox 142 2427 242 2465; x_wconf 87' lang='lat' dir='ltr'>gem</span> <span class='ocrx_word' id='word_1_156' title='bbox 268 2419 398 2456; x_wconf 83' lang='lat' dir='ltr'>tuam.</span> 
     </span>
    </p>

    <p class='ocr_par' dir='ltr' id='par_1_18' title="bbox 144 2470 961 2576">
     <span class='ocr_line' id='line_1_40' title="bbox 194 2470 961 2513; baseline -0.001 -2"><span class='ocrx_word' id='word_1_157' title='bbox 194 2470 343 2512; x_wconf 89' lang='lat' dir='ltr'>Justus</span> <span class='ocrx_word' id='word_1_158' title='bbox 368 2484 415 2512; x_wconf 89' lang='lat' dir='ltr'>es</span> <span class='ocrx_word' id='word_1_159' title='bbox 442 2471 644 2513; x_wconf 90' lang='lat' dir='ltr'>Domine:</span> <span class='ocrx_word' id='word_1_160' title='bbox 673 2472 697 2497; x_wconf 82' lang='grc'>*</span> <span class='ocrx_word' id='word_1_161' title='bbox 725 2476 768 2512; x_wconf 91' lang='lat' dir='ltr'>et</span> <span class='ocrx_word' id='word_1_162' title='bbox 795 2475 961 2511; x_wconf 90' lang='lat' dir='ltr'>rectum</span> 
     </span>
     <span class='ocr_line' id='line_1_41' title="bbox 144 2525 506 2576; baseline 0.006 -10"><span class='ocrx_word' id='word_1_163' title='bbox 144 2525 346 2576; x_wconf 84' lang='lat' dir='ltr'>judicium</span> <span class='ocrx_word' id='word_1_164' title='bbox 373 2532 506 2568; x_wconf 88' lang='lat' dir='ltr'>tuum.</span> 
     </span>
    </p>

    <p class='ocr_par' dir='ltr' id='par_1_19' title="bbox 144 2582 961 2680">
     <span class='ocr_line' id='line_1_42' title="bbox 195 2582 961 2635; baseline 0 -13"><span class='ocrx_word' id='word_1_165' title='bbox 195 2582 412 2624; x_wconf 64' lang='lat' dir='ltr'>Mandasti</span> <span class='ocrx_word' id='word_1_166' title='bbox 461 2584 667 2635; x_wconf 85' lang='lat' dir='ltr'>justitiam</span> <span class='ocrx_word' id='word_1_167' title='bbox 715 2582 961 2624; x_wconf 86' lang='lat' dir='ltr'>testimonia</span> 
     </span>
     <span class='ocr_line' id='line_1_43' title="bbox 144 2638 919 2680; baseline 0.001 -3"><span class='ocrx_word' id='word_1_168' title='bbox 144 2642 234 2678; x_wconf 86' lang='lat' dir='ltr'>tua:</span> <span class='ocrx_word' id='word_1_169' title='bbox 259 2638 283 2663; x_wconf 80' lang='grc'>*</span> <span class='ocrx_word' id='word_1_170' title='bbox 311 2643 355 2680; x_wconf 91' lang='lat' dir='ltr'>et</span> <span class='ocrx_word' id='word_1_171' title='bbox 381 2640 610 2680; x_wconf 65' lang='lat' dir='ltr'>verit-‘sitem</span> <span class='ocrx_word' id='word_1_172' title='bbox 637 2644 756 2680; x_wconf 85' lang='lat' dir='ltr'>tuam</span> <span class='ocrx_word' id='word_1_173' title='bbox 783 2638 919 2679; x_wconf 89' lang='lat' dir='ltr'>nimis.</span> 
     </span>
    </p>
   </div>
   <div class='ocr_carea' id='block_1_8' title="bbox 1010 281 1832 1117">
    <p class='ocr_par' dir='ltr' id='par_1_20' title="bbox 1010 281 1832 379">
     <span class='ocr_line' id='line_1_44' title="bbox 1013 281 1832 334; baseline 0.001 -12"><span class='ocrx_word' id='word_1_174' title='bbox 1013 282 1113 334; x_wconf 89' lang='lat' dir='ltr'>quia</span> <span class='ocrx_word' id='word_1_175' title='bbox 1135 281 1259 323; x_wconf 88' lang='lat' dir='ltr'>obliti</span> <span class='ocrx_word' id='word_1_176' title='bbox 1286 287 1385 323; x_wconf 92' lang='lat' dir='ltr'>sunt</span> <span class='ocrx_word' id='word_1_177' title='bbox 1412 283 1545 325; x_wconf 84' lang='lat' dir='ltr'>verba</span> <span class='ocrx_word' id='word_1_178' title='bbox 1571 288 1646 324; x_wconf 86' lang='lat' dir='ltr'>tua</span> <span class='ocrx_word' id='word_1_179' title='bbox 1672 283 1832 324; x_wconf 91' lang='lat' dir='ltr'>inimici</span> 
     </span>
     <span class='ocr_line' id='line_1_45' title="bbox 1010 350 1106 379; baseline 0.01 -1"><span class='ocrx_word' id='word_1_180' title='bbox 1010 350 1106 379; x_wconf 86' lang='lat' dir='ltr'>mei.</span> 
     </span>
    </p>

    <p class='ocr_par' dir='ltr' id='par_1_21' title="bbox 1010 395 1831 548">
     <span class='ocr_line' id='line_1_46' title="bbox 1062 395 1831 447; baseline 0.003 -11"><span class='ocrx_word' id='word_1_181' title='bbox 1062 395 1250 446; x_wconf 85' lang='lat' dir='ltr'>Ignitum</span> <span class='ocrx_word' id='word_1_182' title='bbox 1292 395 1510 447; x_wconf 90' lang='lat' dir='ltr'>eloquium</span> <span class='ocrx_word' id='word_1_183' title='bbox 1549 400 1670 436; x_wconf 93' lang='lat' dir='ltr'>tuum</span> <span class='ocrx_word' id='word_1_184' title='bbox 1705 396 1831 438; x_wconf 87' lang='lat' dir='ltr'>vehe-</span> 
     </span>
     <span class='ocr_line' id='line_1_47' title="bbox 1010 452 1831 494; baseline 0.004 -3"><span class='ocrx_word' id='word_1_185' title='bbox 1010 452 1192 493; x_wconf 84' lang='lat' dir='ltr'>menter:</span> <span class='ocrx_word' id='word_1_186' title='bbox 1226 452 1249 477; x_wconf 88' lang='lat'>*</span> <span class='ocrx_word' id='word_1_187' title='bbox 1283 456 1326 493; x_wconf 91' lang='lat' dir='ltr'>et</span> <span class='ocrx_word' id='word_1_188' title='bbox 1359 464 1510 492; x_wconf 86' lang='lat' dir='ltr'>servus</span> <span class='ocrx_word' id='word_1_189' title='bbox 1546 457 1645 493; x_wconf 87' lang='lat' dir='ltr'>tuus</span> <span class='ocrx_word' id='word_1_190' title='bbox 1682 452 1831 494; x_wconf 79' lang='lat' dir='ltr'>dilexit</span> 
     </span>
     <span class='ocr_line' id='line_1_48' title="bbox 1010 507 1127 548; baseline 0.009 -1"><span class='ocrx_word' id='word_1_191' title='bbox 1010 507 1127 548; x_wconf 86' lang='lat' dir='ltr'>illud.</span> 
     </span>
    </p>

    <p class='ocr_par' dir='ltr' id='par_1_22' title="bbox 1011 563 1831 718">
     <span class='ocr_line' id='line_1_49' title="bbox 1063 563 1830 615; baseline 0.003 -11"><span class='ocrx_word' id='word_1_192' title='bbox 1063 563 1429 605; x_wconf 79' lang='lat' dir='ltr'>Adolescentulus</span> <span class='ocrx_word' id='word_1_193' title='bbox 1449 577 1544 605; x_wconf 91' lang='lat' dir='ltr'>sum</span> <span class='ocrx_word' id='word_1_194' title='bbox 1565 577 1645 615; x_wconf 89' lang='lat' dir='ltr'>ego</span> <span class='ocrx_word' id='word_1_195' title='bbox 1668 569 1711 606; x_wconf 90' lang='lat' dir='ltr'>et</span> <span class='ocrx_word' id='word_1_196' title='bbox 1732 578 1830 606; x_wconf 91' lang='lat' dir='ltr'>con-</span> 
     </span>
     <span class='ocr_line' id='line_1_50' title="bbox 1011 620 1831 672; baseline 0.004 -12"><span class='ocrx_word' id='word_1_197' title='bbox 1011 620 1218 672; x_wconf 80' lang='lat' dir='ltr'>temptus:</span> <span class='ocrx_word' id='word_1_198' title='bbox 1240 621 1263 645; x_wconf 90' lang='lat'>*</span> <span class='ocrx_word' id='word_1_199' title='bbox 1285 620 1610 672; x_wconf 84' lang='lat' dir='ltr'>justificationes</span> <span class='ocrx_word' id='word_1_200' title='bbox 1629 626 1726 662; x_wconf 82' lang='lat' dir='ltr'>tuas</span> <span class='ocrx_word' id='word_1_201' title='bbox 1744 635 1831 663; x_wconf 90' lang='lat' dir='ltr'>non</span> 
     </span>
     <span class='ocr_line' id='line_1_51' title="bbox 1012 676 1307 718; baseline 0.003 -2"><span class='ocrx_word' id='word_1_202' title='bbox 1012 689 1107 716; x_wconf 93' lang='lat' dir='ltr'>sum</span> <span class='ocrx_word' id='word_1_203' title='bbox 1136 676 1307 718; x_wconf 89' lang='lat' dir='ltr'>oblitus.</span> 
     </span>
    </p>

    <p class='ocr_par' dir='ltr' id='par_1_23' title="bbox 1011 728 1831 827">
     <span class='ocr_line' id='line_1_52' title="bbox 1062 728 1831 781; baseline 0.003 -13"><span class='ocrx_word' id='word_1_204' title='bbox 1062 728 1086 768; x_wconf 87' lang='lat' dir='ltr'>J</span> <span class='ocrx_word' id='word_1_205' title='bbox 1089 729 1235 770; x_wconf 87' lang='lat' dir='ltr'>ustitia</span> <span class='ocrx_word' id='word_1_206' title='bbox 1254 734 1338 778; x_wconf 84' lang='lat' dir='ltr'>tua,</span> <span class='ocrx_word' id='word_1_207' title='bbox 1359 730 1520 781; x_wconf 85' lang='lat' dir='ltr'>justitia</span> <span class='ocrx_word' id='word_1_208' title='bbox 1545 730 1587 770; x_wconf 92' lang='lat' dir='ltr'>in</span> <span class='ocrx_word' id='word_1_209' title='bbox 1607 731 1831 771; x_wconf 82' lang='lat' dir='ltr'>aeternum:</span> 
     </span>
     <span class='ocr_line' id='line_1_53' title="bbox 1011 784 1504 827; baseline 0.002 -2"><span class='ocrx_word' id='word_1_210' title='bbox 1011 784 1034 809; x_wconf 90' lang='lat'>*</span> <span class='ocrx_word' id='word_1_211' title='bbox 1064 789 1107 825; x_wconf 91' lang='lat' dir='ltr'>et</span> <span class='ocrx_word' id='word_1_212' title='bbox 1133 784 1204 826; x_wconf 83' lang='lat' dir='ltr'>lex</span> <span class='ocrx_word' id='word_1_213' title='bbox 1231 790 1306 826; x_wconf 86' lang='lat' dir='ltr'>tua</span> <span class='ocrx_word' id='word_1_214' title='bbox 1333 787 1504 827; x_wconf 81' lang='lat' dir='ltr'>veritas.</span> 
     </span>
    </p>

    <p class='ocr_par' dir='ltr' id='par_1_24' title="bbox 1011 840 1832 995">
     <span class='ocr_line' id='line_1_54' title="bbox 1063 840 1832 893; baseline 0.003 -12"><span class='ocrx_word' id='word_1_215' title='bbox 1063 840 1322 891; x_wconf 64' lang='lat' dir='ltr'>Tribulatio,</span> <span class='ocrx_word' id='word_1_216' title='bbox 1357 847 1401 883; x_wconf 85' lang='lat' dir='ltr'>et</span> <span class='ocrx_word' id='word_1_217' title='bbox 1433 842 1643 893; x_wconf 82' lang='lat' dir='ltr'>angustia·</span> <span class='ocrx_word' id='word_1_218' title='bbox 1663 842 1832 884; x_wconf 83' lang='lat' dir='ltr'>invene-</span> 
     </span>
     <span class='ocr_line' id='line_1_55' title="bbox 1011 898 1831 940; baseline 0.005 -4"><span class='ocrx_word' id='word_1_219' title='bbox 1011 902 1111 938; x_wconf 91' lang='lat' dir='ltr'>runt</span> <span class='ocrx_word' id='word_1_220' title='bbox 1134 910 1221 939; x_wconf 93' lang='lat' dir='ltr'>me:</span> <span class='ocrx_word' id='word_1_221' title='bbox 1245 898 1268 923; x_wconf 87' lang='lat'>*</span> <span class='ocrx_word' id='word_1_222' title='bbox 1293 898 1499 940; x_wconf 69' lang='lat' dir='ltr'>mandata</span> <span class='ocrx_word' id='word_1_223' title='bbox 1517 904 1592 940; x_wconf 83' lang='lat' dir='ltr'>tua</span> <span class='ocrx_word' id='word_1_224' title='bbox 1606 898 1831 940; x_wconf 63' lang='lat' dir='ltr'>meditatio</span> 
     </span>
     <span class='ocr_line' id='line_1_56' title="bbox 1011 959 1212 995; baseline 0.01 -2"><span class='ocrx_word' id='word_1_225' title='bbox 1011 966 1109 994; x_wconf 85' lang='lat' dir='ltr'>mea</span> <span class='ocrx_word' id='word_1_226' title='bbox 1136 959 1212 995; x_wconf 85' lang='lat' dir='ltr'>est.</span> 
     </span>
    </p>

    <p class='ocr_par' dir='ltr' id='par_1_25' title="bbox 1012 1010 1832 1117">
     <span class='ocr_line' id='line_1_57' title="bbox 1063 1010 1832 1062; baseline 0.003 -12"><span class='ocrx_word' id='word_1_227' title='bbox 1063 1010 1266 1062; x_wconf 86' lang='lat' dir='ltr'>AEquitas</span> <span class='ocrx_word' id='word_1_228' title='bbox 1285 1011 1532 1052; x_wconf 83' lang='lat' dir='ltr'>testimonia</span> <span class='ocrx_word' id='word_1_229' title='bbox 1552 1016 1627 1052; x_wconf 82' lang='lat' dir='ltr'>tua</span> <span class='ocrx_word' id='word_1_230' title='bbox 1645 1012 1688 1052; x_wconf 91' lang='lat' dir='ltr'>in</span> <span class='ocrx_word' id='word_1_231' title='bbox 1709 1013 1832 1052; x_wconf 80' lang='lat' dir='ltr'>aeter-</span> 
     </span>
     <span class='ocr_line' id='line_1_58' title="bbox 1012 1066 1832 1117; baseline 0.004 -12"><span class='ocrx_word' id='word_1_232' title='bbox 1012 1079 1114 1106; x_wconf 91' lang='lat' dir='ltr'>num</span> <span class='ocrx_word' id='word_1_233' title='bbox 1122 1067 1159 1105; x_wconf 78' lang='lat' dir='ltr'>z*</span> <span class='ocrx_word' id='word_1_234' title='bbox 1166 1066 1432 1108; x_wconf 82' lang='lat' dir='ltr'>intellectum</span> <span class='ocrx_word' id='word_1_235' title='bbox 1442 1067 1497 1108; x_wconf 83' lang='lat' dir='ltr'>da</span> <span class='ocrx_word' id='word_1_236' title='bbox 1505 1067 1618 1117; x_wconf 87' lang='lat' dir='ltr'>mihi,</span> <span class='ocrx_word' id='word_1_237' title='bbox 1628 1073 1672 1109; x_wconf 92' lang='lat' dir='ltr'>et</span> <span class='ocrx_word' id='word_1_238' title='bbox 1679 1068 1832 1109; x_wconf 83' lang='lat' dir='ltr'>vivam.</span> 
     </span>
    </p>
   </div>
   <div class='ocr_carea' id='block_1_9' title="bbox 1011 1178 1832 2690">
    <p class='ocr_par' dir='ltr' id='par_1_26' title="bbox 1011 1178 1832 1344">
     <span class='ocr_line' id='line_1_59' title="bbox 1094 1178 1832 1229; baseline 0.003 -10"><span class='ocrx_word' id='word_1_239' title='bbox 1094 1178 1252 1220; x_wconf 67' lang='lat' dir='ltr'>lame&#39;wi</span> <span class='ocrx_word' id='word_1_240' title='bbox 1270 1179 1313 1220; x_wconf 91' lang='lat' dir='ltr'>in</span> <span class='ocrx_word' id='word_1_241' title='bbox 1341 1184 1435 1221; x_wconf 91' lang='lat' dir='ltr'>toto</span> <span class='ocrx_word' id='word_1_242' title='bbox 1465 1180 1598 1221; x_wconf 91' lang='lat' dir='ltr'>corde</span> <span class='ocrx_word' id='word_1_243' title='bbox 1624 1192 1733 1229; x_wconf 88' lang='lat' dir='ltr'>meo,</span> <span class='ocrx_word' id='word_1_244' title='bbox 1763 1193 1832 1221; x_wconf 84' lang='lat' dir='ltr'>ex-</span> 
     </span>
     <span class='ocr_line' id='line_1_60' title="bbox 1116 1235 1832 1287; baseline 0.003 -12"><span class='ocrx_word' id='word_1_245' title='bbox 1116 1235 1217 1277; x_wconf 78' lang='lat' dir='ltr'>audi</span> <span class='ocrx_word' id='word_1_246' title='bbox 1231 1249 1301 1277; x_wconf 90' lang='lat' dir='ltr'>me</span> <span class='ocrx_word' id='word_1_247' title='bbox 1315 1236 1517 1277; x_wconf 89' lang='lat' dir='ltr'>Domine:</span> <span class='ocrx_word' id='word_1_248' title='bbox 1532 1237 1555 1261; x_wconf 90' lang='lat'>*</span> <span class='ocrx_word' id='word_1_249' title='bbox 1571 1236 1832 1287; x_wconf 85' lang='lat' dir='ltr'>justificatio-</span> 
     </span>
     <span class='ocr_line' id='line_1_61' title="bbox 1011 1295 1472 1344; baseline 0.004 -14"><span class='ocrx_word' id='word_1_250' title='bbox 1011 1303 1089 1331; x_wconf 92' lang='lat' dir='ltr'>nes</span> <span class='ocrx_word' id='word_1_251' title='bbox 1118 1296 1215 1332; x_wconf 85' lang='lat' dir='ltr'>tuas</span> <span class='ocrx_word' id='word_1_252' title='bbox 1243 1295 1472 1344; x_wconf 85' lang='lat' dir='ltr'>requiram.</span> 
     </span>
    </p>

    <p class='ocr_par' dir='ltr' id='par_1_27' title="bbox 1011 1347 1832 1445">
     <span class='ocr_line' id='line_1_62' title="bbox 1065 1347 1832 1397; baseline -0.001 -9"><span class='ocrx_word' id='word_1_253' title='bbox 1065 1347 1258 1389; x_wconf 64' lang='lat' dir='ltr'>Clamavi</span> <span class='ocrx_word' id='word_1_254' title='bbox 1286 1347 1341 1389; x_wconf 83' lang='lat' dir='ltr'>ad</span> <span class='ocrx_word' id='word_1_255' title='bbox 1369 1354 1429 1397; x_wconf 88' lang='lat' dir='ltr'>te,</span> <span class='ocrx_word' id='word_1_256' title='bbox 1458 1348 1624 1388; x_wconf 85' lang='lat' dir='ltr'>salvum</span> <span class='ocrx_word' id='word_1_257' title='bbox 1646 1361 1720 1389; x_wconf 85' lang='lat' dir='ltr'>-me</span> <span class='ocrx_word' id='word_1_258' title='bbox 1749 1348 1832 1389; x_wconf 82' lang='lat' dir='ltr'>fac:</span> 
     </span>
     <span class='ocr_line' id='line_1_63' title="bbox 1011 1403 1725 1445; baseline 0 0"><span class='ocrx_word' id='word_1_259' title='bbox 1011 1403 1035 1427; x_wconf 86' lang='lat'>*</span> <span class='ocrx_word' id='word_1_260' title='bbox 1063 1409 1111 1444; x_wconf 94' lang='lat' dir='ltr'>ut</span> <span class='ocrx_word' id='word_1_261' title='bbox 1139 1405 1382 1445; x_wconf 84' lang='lat' dir='ltr'>custodiam</span> <span class='ocrx_word' id='word_1_262' title='bbox 1409 1404 1614 1445; x_wconf 69' lang='lat' dir='ltr'>mandata</span> <span class='ocrx_word' id='word_1_263' title='bbox 1641 1409 1725 1445; x_wconf 87' lang='lat' dir='ltr'>tua.</span> 
     </span>
    </p>

    <p class='ocr_par' dir='ltr' id='par_1_28' title="bbox 1011 1459 1832 1569">
     <span class='ocr_line' id='line_1_64' title="bbox 1063 1459 1832 1510; baseline 0 -10"><span class='ocrx_word' id='word_1_264' title='bbox 1063 1459 1832 1510; x_wconf 59' lang='lat' dir='ltr'>Praeveniinmaturitateetelamaivi:</span> 
     </span>
     <span class='ocr_line' id='line_1_65' title="bbox 1011 1516 1832 1569; baseline -0.001 -12"><span class='ocrx_word' id='word_1_265' title='bbox 1011 1516 1035 1540; x_wconf 86' lang='lat'>*</span> <span class='ocrx_word' id='word_1_266' title='bbox 1064 1516 1164 1568; x_wconf 88' lang='lat' dir='ltr'>quia</span> <span class='ocrx_word' id='word_1_267' title='bbox 1190 1517 1234 1556; x_wconf 92' lang='lat' dir='ltr'>in</span> <span class='ocrx_word' id='word_1_268' title='bbox 1257 1516 1391 1558; x_wconf 84' lang='lat' dir='ltr'>verba</span> <span class='ocrx_word' id='word_1_269' title='bbox 1417 1522 1492 1558; x_wconf 87' lang='lat' dir='ltr'>tua</span> <span class='ocrx_word' id='word_1_270' title='bbox 1516 1517 1832 1569; x_wconf 67' lang='lat' dir='ltr'>supersperavi.</span> 
     </span>
    </p>

    <p class='ocr_par' dir='ltr' id='par_1_29' title="bbox 1011 1572 1832 1681">
     <span class='ocr_line' id='line_1_66' title="bbox 1063 1572 1832 1614; baseline 0 -2"><span class='ocrx_word' id='word_1_271' title='bbox 1063 1572 1374 1614; x_wconf 72' lang='lat' dir='ltr'>Praevenerunt</span> <span class='ocrx_word' id='word_1_272' title='bbox 1394 1573 1506 1614; x_wconf 93' lang='lat' dir='ltr'>oculi</span> <span class='ocrx_word' id='word_1_273' title='bbox 1524 1573 1610 1613; x_wconf 91' lang='lat' dir='ltr'>mei</span> <span class='ocrx_word' id='word_1_274' title='bbox 1631 1572 1687 1614; x_wconf 84' lang='lat' dir='ltr'>ad</span> <span class='ocrx_word' id='word_1_275' title='bbox 1709 1578 1752 1614; x_wconf 88' lang='lat' dir='ltr'>te</span> <span class='ocrx_word' id='word_1_276' title='bbox 1772 1572 1832 1613; x_wconf 89' lang='lat' dir='ltr'>di-</span> 
     </span>
     <span class='ocr_line' id='line_1_67' title="bbox 1011 1628 1832 1681; baseline 0.001 -13"><span class='ocrx_word' id='word_1_277' title='bbox 1011 1628 1172 1670; x_wconf 80' lang='lat' dir='ltr'>luculo:</span> <span class='ocrx_word' id='word_1_278' title='bbox 1191 1630 1214 1654; x_wconf 89' lang='grc'><em>*</em></span> <span class='ocrx_word' id='word_1_279' title='bbox 1233 1634 1281 1670; x_wconf 87' lang='lat' dir='ltr'>ut</span> <span class='ocrx_word' id='word_1_280' title='bbox 1300 1629 1534 1670; x_wconf 64' lang='lat' dir='ltr'>meditarer</span> <span class='ocrx_word' id='word_1_281' title='bbox 1554 1629 1729 1681; x_wconf 71' lang='lat' dir='ltr'>&#39;eloquia</span> <span class='ocrx_word' id='word_1_282' title='bbox 1748 1634 1832 1670; x_wconf 84' lang='lat' dir='ltr'>tua.</span> 
     </span>
    </p>

    <p class='ocr_par' dir='ltr' id='par_1_30' title="bbox 1013 1684 1832 1849">
     <span class='ocr_line' id='line_1_68' title="bbox 1064 1684 1832 1727; baseline -0.003 -1"><span class='ocrx_word' id='word_1_283' title='bbox 1064 1684 1233 1726; x_wconf 91' lang='lat' dir='ltr'>Vocem</span> <span class='ocrx_word' id='word_1_284' title='bbox 1245 1698 1388 1727; x_wconf 83' lang='lat' dir='ltr'>meam</span> <span class='ocrx_word' id='word_1_285' title='bbox 1399 1685 1500 1726; x_wconf 84' lang='lat' dir='ltr'>audi</span> <span class='ocrx_word' id='word_1_286' title='bbox 1510 1684 1748 1726; x_wconf 82' lang='lat' dir='ltr'>secundum</span> <span class='ocrx_word' id='word_1_287' title='bbox 1758 1685 1832 1724; x_wconf 93' lang='lat' dir='ltr'>mi—</span> 
     </span>
     <span class='ocr_line' id='line_1_69' title="bbox 1013 1741 1831 1783; baseline 0 -2"><span class='ocrx_word' id='word_1_288' title='bbox 1013 1741 1294 1782; x_wconf 84' lang='lat' dir='ltr'>sericordiam</span> <span class='ocrx_word' id='word_1_289' title='bbox 1313 1747 1432 1783; x_wconf 85' lang='lat' dir='ltr'>tuam</span> <span class='ocrx_word' id='word_1_290' title='bbox 1450 1742 1652 1782; x_wconf 93' lang='lat' dir='ltr'>Domine:</span> <span class='ocrx_word' id='word_1_291' title='bbox 1667 1741 1690 1766; x_wconf 91' lang='lat'>*</span> <span class='ocrx_word' id='word_1_292' title='bbox 1707 1746 1750 1781; x_wconf 90' lang='lat' dir='ltr'>et</span> <span class='ocrx_word' id='word_1_293' title='bbox 1769 1753 1831 1781; x_wconf 92' lang='lat' dir='ltr'>se-</span> 
     </span>
     <span class='ocr_line' id='line_1_70' title="bbox 1013 1797 1831 1849; baseline -0.002 -11"><span class='ocrx_word' id='word_1_294' title='bbox 1013 1797 1202 1838; x_wconf 80' lang='lat' dir='ltr'>cundum</span> <span class='ocrx_word' id='word_1_295' title='bbox 1217 1797 1420 1849; x_wconf 90' lang='lat' dir='ltr'>judicium</span> <span class='ocrx_word' id='word_1_296' title='bbox 1431 1802 1552 1838; x_wconf 87' lang='lat' dir='ltr'>tuum</span> <span class='ocrx_word' id='word_1_297' title='bbox 1566 1797 1738 1837; x_wconf 85' lang='lat' dir='ltr'>vivifica</span> <span class='ocrx_word' id='word_1_298' title='bbox 1752 1809 1831 1837; x_wconf 92' lang='lat' dir='ltr'>me.</span> 
     </span>
    </p>

    <p class='ocr_par' dir='ltr' id='par_1_31' title="bbox 1012 1853 1831 2016">
     <span class='ocr_line' id='line_1_71' title="bbox 1064 1853 1831 1906; baseline -0.003 -12"><span class='ocrx_word' id='word_1_299' title='bbox 1064 1853 1539 1906; x_wconf 81' lang='lat' dir='ltr'>Appropinquaverunt</span> <span class='ocrx_word' id='word_1_300' title='bbox 1569 1854 1831 1905; x_wconf 83' lang='lat' dir='ltr'>persequen-</span> 
     </span>
     <span class='ocr_line' id='line_1_72' title="bbox 1013 1908 1831 1961; baseline -0.002 -11"><span class='ocrx_word' id='word_1_301' title='bbox 1013 1914 1079 1950; x_wconf 90' lang='lat' dir='ltr'>tes</span> <span class='ocrx_word' id='word_1_302' title='bbox 1106 1922 1176 1950; x_wconf 93' lang='lat' dir='ltr'>me</span> <span class='ocrx_word' id='word_1_303' title='bbox 1202 1909 1430 1961; x_wconf 66' lang='lat' dir='ltr'>iniquitati:</span> <span class='ocrx_word' id='word_1_304' title='bbox 1458 1909 1481 1934; x_wconf 86' lang='lat'>*</span> <span class='ocrx_word' id='word_1_305' title='bbox 1511 1922 1537 1949; x_wconf 85' lang='lat' dir='ltr'>a</span> <span class='ocrx_word' id='word_1_306' title='bbox 1563 1908 1658 1960; x_wconf 91' lang='lat' dir='ltr'>lege</span> <span class='ocrx_word' id='word_1_307' title='bbox 1687 1913 1831 1950; x_wconf 84' lang='lat' dir='ltr'>autem</span> 
     </span>
     <span class='ocr_line' id='line_1_73' title="bbox 1012 1965 1511 2016; baseline 0 -10"><span class='ocrx_word' id='word_1_308' title='bbox 1012 1970 1087 2006; x_wconf 84' lang='lat' dir='ltr'>tua</span> <span class='ocrx_word' id='word_1_309' title='bbox 1113 1965 1242 2016; x_wconf 91' lang='lat' dir='ltr'>longe</span> <span class='ocrx_word' id='word_1_310' title='bbox 1271 1965 1374 2007; x_wconf 86' lang='lat' dir='ltr'>facti</span> <span class='ocrx_word' id='word_1_311' title='bbox 1401 1970 1511 2006; x_wconf 91' lang='lat' dir='ltr'>sunt.</span> 
     </span>
    </p>

    <p class='ocr_par' dir='ltr' id='par_1_32' title="bbox 1012 2021 1830 2119">
     <span class='ocr_line' id='line_1_74' title="bbox 1063 2021 1830 2074; baseline 0 -13"><span class='ocrx_word' id='word_1_312' title='bbox 1063 2022 1208 2074; x_wconf 90' lang='lat' dir='ltr'>Prope</span> <span class='ocrx_word' id='word_1_313' title='bbox 1228 2034 1275 2062; x_wconf 88' lang='lat' dir='ltr'>es</span> <span class='ocrx_word' id='word_1_314' title='bbox 1294 2026 1342 2063; x_wconf 91' lang='lat' dir='ltr'>tu</span> <span class='ocrx_word' id='word_1_315' title='bbox 1358 2021 1561 2062; x_wconf 83' lang='lat' dir='ltr'>Domine:</span> <span class='ocrx_word' id='word_1_316' title='bbox 1575 2021 1599 2047; x_wconf 86' lang='lat'>*</span> <span class='ocrx_word' id='word_1_317' title='bbox 1619 2025 1662 2062; x_wconf 91' lang='lat' dir='ltr'>et</span> <span class='ocrx_word' id='word_1_318' title='bbox 1680 2033 1830 2062; x_wconf 86' lang='lat' dir='ltr'>omnes</span> 
     </span>
     <span class='ocr_line' id='line_1_75' title="bbox 1012 2077 1409 2119; baseline 0.003 -2"><span class='ocrx_word' id='word_1_319' title='bbox 1012 2077 1095 2118; x_wconf 85' lang='lat' dir='ltr'>viae</span> <span class='ocrx_word' id='word_1_320' title='bbox 1123 2082 1210 2118; x_wconf 86' lang='lat' dir='ltr'>tuae</span> <span class='ocrx_word' id='word_1_321' title='bbox 1238 2078 1409 2119; x_wconf 81' lang='lat' dir='ltr'>veritas.</span> 
     </span>
    </p>

    <p class='ocr_par' dir='ltr' id='par_1_33' title="bbox 1012 2132 1831 2241">
     <span class='ocr_line' id='line_1_76' title="bbox 1063 2132 1831 2185; baseline -0.003 -11"><span class='ocrx_word' id='word_1_322' title='bbox 1063 2133 1192 2174; x_wconf 83' lang='lat' dir='ltr'>Initio</span> <span class='ocrx_word' id='word_1_323' title='bbox 1204 2134 1390 2185; x_wconf 78' lang='lat' dir='ltr'>cognovi</span> <span class='ocrx_word' id='word_1_324' title='bbox 1400 2133 1454 2175; x_wconf 92' lang='lat' dir='ltr'>de</span> <span class='ocrx_word' id='word_1_325' title='bbox 1464 2133 1721 2175; x_wconf 81' lang='lat' dir='ltr'>testimoniis</span> <span class='ocrx_word' id='word_1_326' title='bbox 1731 2132 1831 2174; x_wconf 87' lang='lat' dir='ltr'>tuis:</span> 
     </span>
     <span class='ocr_line' id='line_1_77' title="bbox 1012 2189 1769 2241; baseline -0.001 -11"><span class='ocrx_word' id='word_1_327' title='bbox 1012 2189 1036 2214; x_wconf 84' lang='lat'>*</span> <span class='ocrx_word' id='word_1_328' title='bbox 1065 2190 1165 2241; x_wconf 88' lang='lat' dir='ltr'>quia</span> <span class='ocrx_word' id='word_1_329' title='bbox 1187 2189 1230 2230; x_wconf 93' lang='lat' dir='ltr'>in</span> <span class='ocrx_word' id='word_1_330' title='bbox 1257 2191 1469 2231; x_wconf 82' lang='lat' dir='ltr'>aeternum</span> <span class='ocrx_word' id='word_1_331' title='bbox 1491 2189 1681 2230; x_wconf 66' lang='lat' dir='ltr'>fundasti</span> <span class='ocrx_word' id='word_1_332' title='bbox 1708 2201 1769 2230; x_wconf 84' lang='lat' dir='ltr'>ea.</span> 
     </span>
    </p>

    <p class='ocr_par' dir='ltr' id='par_1_34' title="bbox 1012 2245 1831 2399">
     <span class='ocr_line' id='line_1_78' title="bbox 1063 2245 1830 2297; baseline -0.003 -10"><span class='ocrx_word' id='word_1_333' title='bbox 1063 2245 1178 2287; x_wconf 89' lang='lat' dir='ltr'>Vide</span> <span class='ocrx_word' id='word_1_334' title='bbox 1192 2245 1478 2288; x_wconf 64' lang='lat' dir='ltr'>humilitatem</span> <span class='ocrx_word' id='word_1_335' title='bbox 1487 2258 1638 2295; x_wconf 85' lang='lat' dir='ltr'>meam,</span> <span class='ocrx_word' id='word_1_336' title='bbox 1654 2250 1698 2286; x_wconf 90' lang='lat' dir='ltr'>et</span> <span class='ocrx_word' id='word_1_337' title='bbox 1711 2245 1830 2297; x_wconf 77' lang='lat' dir='ltr'>eripe</span> 
     </span>
     <span class='ocr_line' id='line_1_79' title="bbox 1012 2302 1831 2354; baseline -0.001 -12"><span class='ocrx_word' id='word_1_338' title='bbox 1012 2315 1096 2343; x_wconf 92' lang='lat' dir='ltr'>me:</span> <span class='ocrx_word' id='word_1_339' title='bbox 1123 2302 1147 2327; x_wconf 87' lang='lat'>*</span> <span class='ocrx_word' id='word_1_340' title='bbox 1176 2303 1276 2354; x_wconf 83' lang='lat' dir='ltr'>quia</span> <span class='ocrx_word' id='word_1_341' title='bbox 1303 2302 1443 2353; x_wconf 88' lang='lat' dir='ltr'>legem</span> <span class='ocrx_word' id='word_1_342' title='bbox 1475 2307 1594 2343; x_wconf 87' lang='lat' dir='ltr'>tuam</span> <span class='ocrx_word' id='word_1_343' title='bbox 1620 2314 1708 2343; x_wconf 93' lang='lat' dir='ltr'>non</span> <span class='ocrx_word' id='word_1_344' title='bbox 1735 2314 1831 2341; x_wconf 91' lang='lat' dir='ltr'>sum</span> 
     </span>
     <span class='ocr_line' id='line_1_80' title="bbox 1013 2357 1184 2399; baseline -0.006 0"><span class='ocrx_word' id='word_1_345' title='bbox 1013 2357 1184 2399; x_wconf 88' lang='lat' dir='ltr'>oblitus.</span> 
     </span>
    </p>

    <p class='ocr_par' dir='ltr' id='par_1_35' title="bbox 1013 2412 1829 2567">
     <span class='ocr_line' id='line_1_81' title="bbox 1064 2412 1829 2465; baseline -0.003 -11"><span class='ocrx_word' id='word_1_346' title='bbox 1064 2414 1088 2455; x_wconf 88' lang='lat' dir='ltr'><strong>J</strong></span> <span class='ocrx_word' id='word_1_347' title='bbox 1090 2413 1218 2455; x_wconf 78' lang='lat' dir='ltr'>udica</span> <span class='ocrx_word' id='word_1_348' title='bbox 1227 2413 1431 2465; x_wconf 90' lang='lat' dir='ltr'>judicium</span> <span class='ocrx_word' id='word_1_349' title='bbox 1440 2427 1595 2463; x_wconf 87' lang='lat' dir='ltr'>meum,</span> <span class='ocrx_word' id='word_1_350' title='bbox 1611 2417 1655 2454; x_wconf 88' lang='lat' dir='ltr'>et</span> <span class='ocrx_word' id='word_1_351' title='bbox 1666 2412 1829 2454; x_wconf 82' lang='lat' dir='ltr'>redime</span> 
     </span>
     <span class='ocr_line' id='line_1_82' title="bbox 1013 2468 1829 2523; baseline -0.004 -12"><span class='ocrx_word' id='word_1_352' title='bbox 1013 2483 1096 2511; x_wconf 86' lang='lat' dir='ltr'>me:</span> <span class='ocrx_word' id='word_1_353' title='bbox 1123 2471 1147 2495; x_wconf 85' lang='lat'>*</span> <span class='ocrx_word' id='word_1_354' title='bbox 1172 2475 1353 2523; x_wconf 91' lang='lat' dir='ltr'>propter</span> <span class='ocrx_word' id='word_1_355' title='bbox 1382 2470 1601 2522; x_wconf 89' lang='lat' dir='ltr'>eloquium</span> <span class='ocrx_word' id='word_1_356' title='bbox 1627 2474 1748 2510; x_wconf 90' lang='lat' dir='ltr'>tuum</span> <span class='ocrx_word' id='word_1_357' title='bbox 1772 2468 1829 2508; x_wconf 87' lang='lat' dir='ltr'>vi-</span> 
     </span>
     <span class='ocr_line' id='line_1_83' title="bbox 1013 2526 1247 2567; baseline 0.004 -1"><span class='ocrx_word' id='word_1_358' title='bbox 1013 2526 1140 2567; x_wconf 88' lang='lat' dir='ltr'>vifica</span> <span class='ocrx_word' id='word_1_359' title='bbox 1167 2539 1247 2567; x_wconf 89' lang='lat' dir='ltr'>me.</span> 
     </span>
    </p>

    <p class='ocr_par' dir='ltr' id='par_1_36' title="bbox 1015 2578 1829 2690">
     <span class='ocr_line' id='line_1_84' title="bbox 1064 2578 1829 2634; baseline -0.007 -11"><span class='ocrx_word' id='word_1_360' title='bbox 1064 2582 1214 2633; x_wconf 88' lang='lat' dir='ltr'>Longe</span> <span class='ocrx_word' id='word_1_361' title='bbox 1247 2595 1272 2622; x_wconf 84' lang='lat' dir='ltr'>a</span> <span class='ocrx_word' id='word_1_362' title='bbox 1305 2581 1606 2634; x_wconf 88' lang='lat' dir='ltr'>peccatoribus</span> <span class='ocrx_word' id='word_1_363' title='bbox 1641 2579 1771 2621; x_wconf 83' lang='lat' dir='ltr'>salus:</span> <span class='ocrx_word' id='word_1_364' title='bbox 1805 2578 1829 2603; x_wconf 88' lang='lat'>*</span> 
     </span>
     <span class='ocr_line' id='line_1_85' title="bbox 1015 2633 1828 2690; baseline -0.007 -11"><span class='ocrx_word' id='word_1_365' title='bbox 1015 2638 1114 2690; x_wconf 86' lang='lat' dir='ltr'>quia</span> <span class='ocrx_word' id='word_1_366' title='bbox 1130 2637 1453 2689; x_wconf 83' lang='lat' dir='ltr'>justificationes</span> <span class='ocrx_word' id='word_1_367' title='bbox 1472 2642 1569 2678; x_wconf 86' lang='lat' dir='ltr'>tuas</span> <span class='ocrx_word' id='word_1_368' title='bbox 1583 2649 1669 2677; x_wconf 92' lang='lat' dir='ltr'>non</span> <span class='ocrx_word' id='word_1_369' title='bbox 1685 2633 1828 2685; x_wconf 82' lang='lat' dir='ltr'>exqui-</span> 
     </span>
    </p>
   </div>
   <div class='ocr_carea' id='block_1_10' title="bbox 196 2692 1187 2760">
    <p class='ocr_par' dir='ltr' id='par_1_37' title="bbox 196 2692 1187 2760">
     <span class='ocr_line' id='line_1_86' title="bbox 196 2692 1187 2760; baseline 0 -27"><span class='ocrx_word' id='word_1_370' title='bbox 196 2692 442 2736; x_wconf 81' lang='lat' dir='ltr'>Tabescere</span> <span class='ocrx_word' id='word_1_371' title='bbox 451 2707 522 2736; x_wconf 89' lang='lat' dir='ltr'>me</span> <span class='ocrx_word' id='word_1_372' title='bbox 538 2695 640 2736; x_wconf 89' lang='lat' dir='ltr'>fecit</span> <span class='ocrx_word' id='word_1_373' title='bbox 653 2695 773 2736; x_wconf 85' lang='lat' dir='ltr'>zelus</span> <span class='ocrx_word' id='word_1_374' title='bbox 788 2706 924 2735; x_wconf 89' lang='lat' dir='ltr'>meus:</span> <span class='ocrx_word' id='word_1_375' title='bbox 938 2693 961 2719; x_wconf 90' lang='lat'>*</span> <span class='ocrx_word' id='word_1_376' title='bbox 986 2706 997 2760; x_wconf 78' lang='grc' dir='ltr'>Ι·</span> <span class='ocrx_word' id='word_1_377' title='bbox 1014 2694 1187 2735; x_wconf 81' lang='lat' dir='ltr'>sierunt.</span> 
     </span>
    </p>
   </div>
   <div class='ocr_carea' id='block_1_11' title="bbox 73 134 1895 2810">
    <p class='ocr_par' dir='ltr' id='par_1_38' title="bbox 73 134 1895 2810">
     <span class='ocr_line' id='line_1_87' title="bbox 73 134 1895 2810; baseline 0 0"><span class='ocrx_word' id='word_1_378' title='bbox 73 134 1895 2810; x_wconf 95' lang='lat' dir='ltr'> </span> 
     </span>
    </p>
   </div>
  </div>
 </body>
</html>
