2040 2990
780 202 822 236 In
847 203 1066 246 Epiphania
1091 204 1254 239 Domini.

212 302 312 342 Ant.
329 300 524 342 Adorate
539 301 786 350 Deminum‚
802 301 986 353 alleluja:

159 358 203 398 in
222 358 320 398 aula
340 361 489 398 sancta
509 357 609 408 ejus,
633 357 813 409 alleluja.

212 411 312 452 Ant.
341 413 537 455 Adorate
560 413 720 463 Deum,
748 416 771 440 *
798 414 984 466 alleluia:

160 483 310 512 omnes
332 469 490 520 Angeli
509 471 609 521 ejus,
632 470 815 522 alleluja.

423 525 622 565 Psalmus
651 526 718 566 96.

247 582 417 623 0311338
446 583 659 634 regnavit,
688 583 875 626 exsultet
900 591 983 627 101-

266 652 328 680 13;
347 639 370 664 *
389 639 592 681 laetentur
610 640 763 682 insulae
783 642 942 684 multae.

209 695 371 745 Nubes,
392 701 435 737 et
454 695 594 748 caligo
611 697 655 737 in
675 698 859 740 circuitu
877 702 982 752 ejus:

158 754 181 779 *
216 752 395 804 justitia,
438 758 481 794 et
522 753 727 806 judicium
765 758 981 799 correctio

159 808 276 850 sedis
305 810 407 861 ejus.

208 865 327 916 Ignis
365 870 481 920 ante
504 866 646 918 ipsum
682 869 924 919 praecedet,
958 872 981 896 *

157 926 201 962 et
227 921 468 964 inflaffiabit
499 922 542 962 in
570 923 753 964 circuitu
781 925 980 967 inimicos

157 990 257 1029 ejus.

155 1103 230 1131 rae:
251 1091 275 1118 *
297 1090 417 1140 vidit,
443 1096 487 1132 et
510 1094 730 1133 commota
758 1098 825 1135 est
852 1099 979 1135 terra.

204 1147 393 1197 Montes,
427 1148 540 1189 sicut
574 1161 675 1189 cera
707 1149 927 1192 fluxerunt
955 1165 979 1192 a

154 1203 263 1245 facie
298 1204 490 1245 Domini:
528 1207 551 1232 ²⁸¹
588 1218 614 1246 a
649 1205 759 1247 facie
800 1207 978 1249 Demini

153 1260 295 1300 omnis
322 1265 450 1301 terra.

203 1316 583 1359 Annuntiaverunt
626 1319 727 1359 coeli
772 1321 978 1371 justitiam

153 1373 257 1424 ejus:
289 1374 312 1400 *
345 1378 389 1414 et
417 1373 619 1416 viderunt
647 1387 796 1417 omnes
824 1378 978 1429 pepuli

150 1428 334 1479 gloriam
361 1430 461 1481 ejus.

204 1485 534 1528 Confundantur
574 1499 740 1538 omnes,
787 1490 862 1541 qui
903 1490 975 1531 ad-

151 1543 278 1583 erant
301 1542 536 1595 sculptilia:
569 1545 593 1571 *
620 1549 664 1585 01
690 1546 763 1597 qui
790 1545 974 1596 glorian-

149 1602 220 1639 tur
247 1598 291 1639 in
318 1599 561 1641 simulacris
590 1601 690 1642 suis.

200 1654 398 1697 Adorate
414 1669 513 1698 eum
531 1669 681 1699 omnes
696 1658 854 1709 Angeli
870 1661 974 1712 ejus:

149 1712 173 1738 *
200 1711 378 1762 audivit,
407 1717 451 1754 et
476 1713 626 1754 laetata
654 1719 721 1755 est
748 1715 863 1756 Sion.

200 1768 258 1809 Et
290 1769 619 1811 exsultaverunt
650 1770 753 1812 fssiae
780 1771 922 1823 Judae,
950 1774 974 1800 *

148 1829 333 1876 propter
360 1824 519 1877 judicia
545 1830 622 1867 tua
648 1827 849 1869 Domine:

201 1881 416 1930 Queniam
433 1887 482 1923 tu
494 1882 707 1924 Dominus
722 1883 972 1926 Altissimus

149 1949 279 1990 super
307 1950 482 1979 omnem
504 1942 679 1980 terram:
703 1941 727 1966 *
749 1940 876 1981 nimis
902 1953 971 1982 ex-

148 1993 307 2035 altatus
337 2007 383 2035 es
412 2008 543 2047 super
571 2008 721 2037 omnes
750 1995 869 2037 deos.

201 2051 285 2100 Qui
300 2050 478 2102 diligitis
493 2051 739 2102 Deminum‚
754 2052 874 2094 odite
884 2066 971 2094 ma-

148 2106 252 2147 lum:
280 2109 303 2134 *
335 2107 529 2149 custedit
560 2108 773 2150 Deminus
806 2109 971 2150 animas

148 2166 398 2205 5330101313
425 2167 613 2215 8301313,
642 2165 697 2206 110
722 2178 852 2206 manu
872 2178 970 2217 pec-

148 2220 307 2261 0310115
334 2220 537 2263 liberabit
566 2233 653 2262 eos.

198 2276 294 2318 Lux
322 2282 420 2318 orta
452 2282 519 2318 est
544 2279 676 2329 justo,
708 2279 731 2304 *
753 2282 807 2319 ·et
839 2278 970 2319 rectis

148 2332 282 2374 corde
309 2333 472 2375 laetitia.

197 2388 427 2435 Laetamini
454 2390 555 2441 justi
582 2390 626 2430 in
650 2390 856 2431 Domino:
881 2391 905 2417 *
928 2395 970 2431 et

147 2445 413 2486 confitemini
439 2447 662 2488 1110111011εο
695 2447 968 2487 sanctificati-

148 2500 242 2540 0315
270 2503 371 2553 0135.

199 2556 299 2596 Ant.
344 2558 538 2601 Adorate
575 2560 737 2609 Deum,
780 2558 968 2609 alleluja:

147 2625 298 2655 omnes
321 2615 479 2666 Angeli
504 2617 606 2667 ejus,
634 2615 813 2667 31101313.

207 1033 447 1076 1113Χο1331
469 1034 641 1085 fulgura
665 1037 754 1088 ejus
779 1037 875 1079 orbi
896 1043 979 1080 ter·
1038 1020 1074 1064 *⁵³

1039 302 1191 343 Lectio
1216 303 1355 344 sancti
1378 304 1604 355 Evangelii
1624 307 1864 349 secundum
1909 329 1912 337 <

1321 360 1587 402 Matthaeum.

1141 416 1292 456 Lectio
1314 418 1379 457 vii.
1607 418 1706 470 Cap.
1722 421 1757 458 2.

1111 485 1184 512 um
1211 477 1337 513 natus
1367 478 1484 515 esset
1511 474 1636 516 Jesus
1663 476 1706 515 in
1733 476 1860 517 Beth-

1127 527 1270 569 lehem
1290 529 1314 569 J
1317 529 1402 570 uda
1429 530 1472 570 in
1498 530 1650 572 diebus
1670 532 1860 574 Heredis

1038 584 1167 634 regis,
1196 597 1297 626 ecce
1318 586 1435 636 Magi
1460 586 1514 627 ab
1536 587 1711 629 Oriente
1735 591 1859 630 vene—

1038 646 1136 682 runt
1163 641 1500 693 Jerosolymam,
1534 643 1745 685 dicentes:
1776 645 1859 687 Ubi

1036 702 1102 738 est
1128 698 1200 750 qui
1225 702 1352 739 natus
1378 703 1445 740 est
1465 699 1562 740 Rex
1585 700 1858 743 Judaeorum?

1034 754 1090 794 Et
1109 754 1286 806 reliqua.

1082 815 1272 857 Homih'a
1294 816 1433 857 sancti
1455 816 1657 868 Gregorii
1677 818 1820 871 Papae.

1220 872 1360 905 Homil.
1388 872 1443 906 10.
1469 872 1506 905 in
1532 873 1674 914 Evang.

1038 937 1047 957 s
1063 952 1113 980 Ἡ,
1134 924 1222 965 10111
1236 924 1480 966 111Ιο011030
1500 926 1759 977 evangelica,
1779 928 1858 969 fra-

1075 979 1113 985 *
1151 985 1241 1021 tres
1269 981 1498 1031 carissimi,
1527 982 1729 1033 audistiS,
1759 985 1858 1025 coeli

1153 1037 1275 1086 Rege
1290 1042 1405 1087 nato,
1421 1050 1498 1079 rex
1513 1043 1642 1080 terrae
1658 1039 1857 1082 turbatus

1033 1096 1115 1133 est:
1142 1093 1243 1145 quia
1261 1093 1461 1135 nimirum
1481 1097 1653 1136 terrena
1671 1096 1856 1138 altitudo

1032 1149 1328 1199 confunditur,
1362 1163 1459 1191 cum
1488 1150 1701 1193 celsitudo
1731 1153 1856 1194 00010-

1032 1206 1111 1246 5115
1132 1208 1335 1257 aperitur.
1372 1206 1459 1248 Sed
1480 1208 1763 1258 quaerendum
1783 1223 1856 1250 no-

1030 1261 1097 1302 bis
1114 1267 1191 1311 081,
1212 1262 1418 1314 quidnam
1436 1264 1501 1313 511,
1523 1264 1652 1315 quod,
1673 1265 1855 1306 Redem-

1030 1320 1158 1370 ptere
1190 1324 1312 1369 nato,
1349 1319 1600 1372 pasteribus
1633 1321 1675 1361 in
1702 1321 1855 1363 Judaea

1029 1374 1224 1425 Angelus
1261 1376 1481 1427 apparuit,
1527 1381 1657 1428 atque
1694 1377 1750 1418 ad
1784 1378 1854 1419 ad-

1030 1430 1244 1472 orandum
1271 1431 1385 1473 hunc
1413 1432 1467 1474 ab
1498 1432 1674 1474 Oriente
1702 1434 1855 1485 Magos

1029 1499 1117 1528 non
1138 1488 1348 1538 Angelus,
1374 1488 1452 1530 sed
1477 1489 1600 1530 510113
1626 1490 1854 1542 perduxit?

1030 1544 1139 1593 Quia
1176 1543 1380 1586 videlicet
1410 1545 1595 1595 Juda'eis,
1631 1551 1854 1599 tamquam

1028 1600 1196 1641 1311030
1210 1600 1441 1651 3103111135,
1458 1602 1669 1643 rationale
1686 1603 1854 1653 animal,

1028 1656 1074 1697 id
1098 1662 1179 1706 051,
1204 1657 1399 1707 Angelus
1422 1658 1665 1710 praedicare
1691 1658 1854 1701 debuit:

1032 1713 1227 1755 Gentiles
1250 1726 1369 1763 vero,
1395 1714 1495 1766 quia
1514 1715 1576 1756 uti
1597 1716 1764 1756 ratione
1783 1729 1852 1757 ne-

1031 1769 1236 1819 sciebant,
1259 1770 1316 1811 ad
1335 1770 1686 1820 cognoscendum
1704 1771 1851 1812 Demi-

1027 1839 1131 1867 num
1148 1839 1236 1867 non
1254 1839 1333 1878 per
1352 1839 1516 1875 vocem,
1536 1826 1615 1868 sed
1630 1840 1710 1879 per
1729 1827 1851 1878 signa

1027 1881 1336 1934 perducuntur.
1365 1882 1490 1923 Unde
1506 1883 1634 1923 etiam
1649 1895 1728 1935 per
1742 1884 1849 1924 Pau-

1026 1938 1115 1979 lum
1151 1937 1325 1979 dicitur:
1362 1938 1612 1990 Prophetiae
1648 1939 1849 1981 fidelibus

1026 1994 1141 2035 datae
1170 1999 1288 2044 sunt,
1315 2007 1403 2035 non
1431 1995 1697 2037 infidelibus:
1729 1997 1851 2047 signa

1025 2055 1171 2092 autem
1206 2050 1472 2100 infidelibus,
1513 2064 1602 2093 non
1638 2052 1849 2094 fidelibus.

1026 2107 1138 2157 Quia
1166 2112 1210 2148 et
1240 2106 1324 2147 illis
1354 2107 1598 2161 prophetiae
1628 2114 1848 2161 tamquam

1024 2162 1246 2212 fidelibuS,
1273 2176 1361 2204 non
1389 2164 1654 2206 infidelibus:
1684 2170 1727 2206 et
1752 2166 1848 2207 istis

1025 2220 1149 2270 signa
1189 2224 1412 2272 tamquam
1452 2220 1719 2271 infidelibus,
1761 2234 1847 2262 non

1023 2275 1225 2317 fidelibus
1254 2275 1356 2318 data
1384 2282 1494 2318 sunt.

1078 2330 1128 2382 R:-
1156 2332 1309 2382 Stella,
1345 2346 1474 2386 quam
1506 2333 1704 2375 viderant
1733 2333 1847 2385 Magi

1023 2388 1066 2428 in
1084 2388 1274 2438 Oriente,
1294 2389 1581 2431 antecedebat
1600 2402 1687 2439 005,
1707 2389 1846 2431 donec

1023 2447 1220 2486 venirent
1240 2444 1295 2486 ad
1314 2446 1469 2495 locum,
1489 2445 1562 2487 ubi
1577 2458 1685 2498 puer
1700 2450 1802 2487 erat.
1822 2444 1844 2467 '⁸‘

1023 2500 1236 2542 Videntes
1264 2507 1409 2543 autem
1437 2515 1551 2551 eam,
1581 2503 1718 2552 gavisi
1746 2507 1845 2543 sunt

1022 2556 1182 2606 gaudio
1202 2570 1371 2608 magno.
1399 2551 1447 2603 V.
1467 2559 1524 2599 Et
1542 2558 1751 2599 intrantes
1770 2557 1842 2599 do-

1022 2626 1151 2663 mum,
1170 2614 1426 2655 invenerunt
1443 2618 1627 2667 puerum
1644 2627 1741 2654 cum
1755 2613 1842 2653 Ma—

199 2660 249 2712 ΥῙ-
279 2669 476 2712 Adorate
502 2672 757 2720 D6minum,
787 2671 967 2722 alleluja.
1022 2671 1086 2710 ria
1108 2674 1247 2712 matre
1273 2671 1378 2722 ejus,
1405 2675 1447 2712 et
1470 2669 1746 2722 procidentes
1771 2668 1841 2710 ad-

147 2722 198 2774 Rz·
222 2727 272 2767 In
292 2726 390 2767 aula
409 2732 560 2770 sancta
579 2729 679 2779 ejus,
707 2727 886 2779 alleluja.

993 2706 1003 2771 1
1022 2727 1255 2767 oraverunt
1274 2739 1383 2768 eum.
1409 2725 1631 2768 Videntes.
