<?xml version="1.0" encoding="UTF-8"?>
<!DOCTYPE html PUBLIC "-//W3C//DTD XHTML 1.0 Transitional//EN"
    "http://www.w3.org/TR/xhtml1/DTD/xhtml1-transitional.dtd">
<html xmlns="http://www.w3.org/1999/xhtml" xml:lang="en" lang="en">
 <head>
  <title>
</title>
<meta http-equiv="Content-Type" content="text/html;charset=utf-8" />
  <meta name='ocr-system' content='tesseract 3.04.00' />
  <meta name='ocr-capabilities' content='ocr_page ocr_carea ocr_par ocr_line ocrx_word'/>
</head>
<body>
  <div class='ocr_page' id='page_1' title='image "./p1breviariumroma00cathuoft_0302.png"; bbox 0 0 2040 2990; ppageno 0'>
   <div class='ocr_carea' id='block_1_1' title="bbox 790 202 1266 246">
    <p class='ocr_par' dir='ltr' id='par_1_1' title="bbox 790 202 1266 246">
     <span class='ocr_line' id='line_1_1' title="bbox 790 202 1266 246; baseline -0.002 -9"><span class='ocrx_word' id='word_1_1' title='bbox 790 204 831 238; x_wconf 83' lang='lat' dir='ltr'>In</span> <span class='ocrx_word' id='word_1_2' title='bbox 856 203 999 246; x_wconf 56' lang='lat' dir='ltr'>vigilia</span> <span class='ocrx_word' id='word_1_3' title='bbox 1024 202 1266 246; x_wconf 63' lang='lat' dir='ltr'>Epiphaniae.</span> 
     </span>
    </p>
   </div>
   <div class='ocr_carea' id='block_1_2' title="bbox 177 261 1893 276">
    <p class='ocr_par' dir='ltr' id='par_1_2' title="bbox 177 261 1893 276">
     <span class='ocr_line' id='line_1_2' title="bbox 177 261 1893 276; baseline 0 2714"><span class='ocrx_word' id='word_1_4' title='bbox 177 261 1893 276; x_wconf 95' lang='lat' dir='ltr'> </span> 
     </span>
    </p>
   </div>
   <div class='ocr_carea' id='block_1_3' title="bbox 174 299 1006 1260">
    <p class='ocr_par' dir='ltr' id='par_1_3' title="bbox 174 299 1005 410">
     <span class='ocr_line' id='line_1_3' title="bbox 174 299 1005 353; baseline -0.004 -10"><span class='ocrx_word' id='word_1_5' title='bbox 174 302 273 344; x_wconf 84' lang='lat' dir='ltr'>Filii</span> <span class='ocrx_word' id='word_1_6' title='bbox 292 302 356 343; x_wconf 88' lang='lat' dir='ltr'>tui</span> <span class='ocrx_word' id='word_1_7' title='bbox 379 304 624 343; x_wconf 73' lang='lat' dir='ltr'>mereamur</span> <span class='ocrx_word' id='word_1_8' title='bbox 646 301 775 343; x_wconf 92' lang='lat' dir='ltr'>bonis</span> <span class='ocrx_word' id='word_1_9' title='bbox 799 299 1005 353; x_wconf 90' lang='lat' dir='ltr'>operibus</span> 
     </span>
     <span class='ocr_line' id='line_1_4' title="bbox 176 357 820 410; baseline -0.006 -8"><span class='ocrx_word' id='word_1_10' title='bbox 176 358 414 402; x_wconf 79' lang='lat' dir='ltr'>abundare:</span> <span class='ocrx_word' id='word_1_11' title='bbox 434 358 518 410; x_wconf 92' lang='lat' dir='ltr'>Qui</span> <span class='ocrx_word' id='word_1_12' title='bbox 535 363 682 400; x_wconf 87' lang='lat' dir='ltr'>tecum</span> <span class='ocrx_word' id='word_1_13' title='bbox 700 357 820 399; x_wconf 87' lang='lat' dir='ltr'>vivit.</span> 
     </span>
    </p>

    <p class='ocr_par' dir='ltr' id='par_1_4' title="bbox 180 421 1005 512">
     <span class='ocr_line' id='line_1_5' title="bbox 232 421 1005 465; baseline 0.001 -12"><span class='ocrx_word' id='word_1_14' title='bbox 232 421 276 454; x_wconf 76' lang='lat' dir='ltr'>Et</span> <span class='ocrx_word' id='word_1_15' title='bbox 302 422 341 454; x_wconf 79' lang='lat' dir='ltr'>lit</span> <span class='ocrx_word' id='word_1_16' title='bbox 366 431 560 455; x_wconf 72' lang='lat' dir='ltr'>commem.</span> <span class='ocrx_word' id='word_1_17' title='bbox 583 422 617 456; x_wconf 88' lang='lat' dir='ltr'>S.</span> <span class='ocrx_word' id='word_1_18' title='bbox 635 422 864 465; x_wconf 49' lang='lat' dir='ltr'>&#39;llclcsphori</span> <span class='ocrx_word' id='word_1_19' title='bbox 888 422 1005 465; x_wconf 63' lang='lat' dir='ltr'>Papae</span> 
     </span>
     <span class='ocr_line' id='line_1_6' title="bbox 180 469 428 512; baseline 0 -10"><span class='ocrx_word' id='word_1_20' title='bbox 180 475 213 502; x_wconf 74' lang='lat' dir='ltr'>et</span> <span class='ocrx_word' id='word_1_21' title='bbox 239 469 428 512; x_wconf 65' lang='lat' dir='ltr'>Martyris.</span> 
     </span>
    </p>

    <p class='ocr_par' dir='ltr' id='par_1_5' title="bbox 174 518 1005 676">
     <span class='ocr_line' id='line_1_7' title="bbox 231 518 1005 569; baseline -0.001 -9"><span class='ocrx_word' id='word_1_22' title='bbox 231 522 328 562; x_wconf 73' lang='lat' dir='ltr'>Ant.</span> <span class='ocrx_word' id='word_1_23' title='bbox 365 520 449 569; x_wconf 84' lang='lat' dir='ltr'>Qui</span> <span class='ocrx_word' id='word_1_24' title='bbox 478 519 572 562; x_wconf 92' lang='lat' dir='ltr'>odit</span> <span class='ocrx_word' id='word_1_25' title='bbox 600 519 788 561; x_wconf 73' lang='lat' dir='ltr'>animam</span> <span class='ocrx_word' id='word_1_26' title='bbox 814 531 938 560; x_wconf 85' lang='lat' dir='ltr'>suam</span> <span class='ocrx_word' id='word_1_27' title='bbox 962 518 1005 559; x_wconf 88' lang='lat' dir='ltr'>in</span> 
     </span>
     <span class='ocr_line' id='line_1_8' title="bbox 174 576 1005 627; baseline -0.005 -8"><span class='ocrx_word' id='word_1_28' title='bbox 174 578 260 620; x_wconf 86' lang='lat' dir='ltr'>hoc</span> <span class='ocrx_word' id='word_1_29' title='bbox 283 576 465 627; x_wconf 89' lang='lat' dir='ltr'>mundo,</span> <span class='ocrx_word' id='word_1_30' title='bbox 488 576 532 617; x_wconf 90' lang='lat' dir='ltr'>in</span> <span class='ocrx_word' id='word_1_31' title='bbox 552 576 687 618; x_wconf 87' lang='lat' dir='ltr'>vitam</span> <span class='ocrx_word' id='word_1_32' title='bbox 705 577 916 617; x_wconf 80' lang='lat' dir='ltr'>aeternam</span> <span class='ocrx_word' id='word_1_33' title='bbox 935 587 1005 615; x_wconf 87' lang='lat' dir='ltr'>eu—</span> 
     </span>
     <span class='ocr_line' id='line_1_9' title="bbox 175 633 778 676; baseline -0.005 0"><span class='ocrx_word' id='word_1_34' title='bbox 175 633 313 676; x_wconf 86' lang='lat' dir='ltr'>stodit</span> <span class='ocrx_word' id='word_1_35' title='bbox 332 646 438 675; x_wconf 87' lang='lat' dir='ltr'>eam.</span> <span class='ocrx_word' id='word_1_36' title='bbox 775 645 778 649; x_wconf 91' lang='lat'>·</span> 
     </span>
    </p>

    <p class='ocr_par' dir='ltr' id='par_1_6' title="bbox 176 689 1004 851">
     <span class='ocr_line' id='line_1_10' title="bbox 231 689 1004 746; baseline 0 -13"><span class='ocrx_word' id='word_1_37' title='bbox 231 689 280 741; x_wconf 82' lang='lat' dir='ltr'><strong>Y</strong></span> <span class='ocrx_word' id='word_1_38' title='bbox 334 695 484 736; x_wconf 88' lang='lat' dir='ltr'>Justus</span> <span class='ocrx_word' id='word_1_39' title='bbox 534 698 582 735; x_wconf 89' lang='lat' dir='ltr'>ut</span> <span class='ocrx_word' id='word_1_40' title='bbox 626 692 772 746; x_wconf 85' lang='lat' dir='ltr'>palma</span> <span class='ocrx_word' id='word_1_41' title='bbox 818 691 1004 734; x_wconf 92' lang='lat' dir='ltr'>florebit.</span> 
     </span>
     <span class='ocr_line' id='line_1_11' title="bbox 182 748 1004 802; baseline -0.002 -11"><span class='ocrx_word' id='word_1_42' title='bbox 182 753 228 802; x_wconf 61' lang='lat' dir='ltr'>Rg.</span> <span class='ocrx_word' id='word_1_43' title='bbox 263 752 384 794; x_wconf 86' lang='lat' dir='ltr'>Sicut</span> <span class='ocrx_word' id='word_1_44' title='bbox 416 750 575 793; x_wconf 85' lang='lat' dir='ltr'>cedrus</span> <span class='ocrx_word' id='word_1_45' title='bbox 606 750 762 792; x_wconf 86' lang='lat' dir='ltr'>Libani</span> <span class='ocrx_word' id='word_1_46' title='bbox 798 748 1004 802; x_wconf 91' lang='lat' dir='ltr'>multipli-</span> 
     </span>
     <span class='ocr_line' id='line_1_12' title="bbox 176 808 355 851; baseline -0.017 0"><span class='ocrx_word' id='word_1_47' title='bbox 176 808 355 851; x_wconf 79' lang='lat' dir='ltr'>cabitur.</span> 
     </span>
    </p>

    <p class='ocr_par' dir='ltr' id='par_1_7' title="bbox 177 865 1006 1260">
     <span class='ocr_line' id='line_1_13' title="bbox 513 865 675 905; baseline -0.012 0"><span class='ocrx_word' id='word_1_48' title='bbox 513 865 675 905; x_wconf 83' lang='lat' dir='ltr'>Oratio.</span> 
     </span>
     <span class='ocr_line' id='line_1_14' title="bbox 265 922 1005 978; baseline -0.007 -10"><span class='ocrx_word' id='word_1_49' title='bbox 265 939 359 976; x_wconf 88' lang='lat' dir='ltr'>eus,</span> <span class='ocrx_word' id='word_1_50' title='bbox 389 925 463 978; x_wconf 89' lang='lat' dir='ltr'>qui</span> <span class='ocrx_word' id='word_1_51' title='bbox 490 937 570 966; x_wconf 91' lang='lat' dir='ltr'>nos</span> <span class='ocrx_word' id='word_1_52' title='bbox 597 924 716 967; x_wconf 76' lang='lat' dir='ltr'>beati</span> <span class='ocrx_word' id='word_1_53' title='bbox 743 922 1005 975; x_wconf 90' lang='lat' dir='ltr'>Telesphori</span> 
     </span>
     <span class='ocr_line' id='line_1_15' title="bbox 282 979 1005 1034; baseline -0.006 -10"><span class='ocrx_word' id='word_1_54' title='bbox 282 982 486 1034; x_wconf 76' lang='lat' dir='ltr'>Martyris</span> <span class='ocrx_word' id='word_1_55' title='bbox 518 981 583 1023; x_wconf 94' lang='lat' dir='ltr'>tui</span> <span class='ocrx_word' id='word_1_56' title='bbox 615 986 748 1034; x_wconf 89' lang='lat' dir='ltr'>atque</span> <span class='ocrx_word' id='word_1_57' title='bbox 777 979 1005 1021; x_wconf 83' lang='lat' dir='ltr'>Pontificis</span> 
     </span>
     <span class='ocr_line' id='line_1_16' title="bbox 177 1037 1004 1081; baseline -0.005 0"><span class='ocrx_word' id='word_1_58' title='bbox 177 1042 321 1081; x_wconf 74' lang='lat' dir='ltr'>annua</span> <span class='ocrx_word' id='word_1_59' title='bbox 353 1038 630 1080; x_wconf 66' lang='lat' dir='ltr'>solemnitate</span> <span class='ocrx_word' id='word_1_60' title='bbox 661 1037 873 1079; x_wconf 85' lang='lat' dir='ltr'>laetffieas:</span> <span class='ocrx_word' id='word_1_61' title='bbox 906 1049 1004 1078; x_wconf 88' lang='lat' dir='ltr'>eon-</span> 
     </span>
     <span class='ocr_line' id='line_1_17' title="bbox 177 1092 1006 1150; baseline -0.006 -12"><span class='ocrx_word' id='word_1_62' title='bbox 177 1095 284 1138; x_wconf 85' lang='lat' dir='ltr'>cede</span> <span class='ocrx_word' id='word_1_63' title='bbox 313 1095 545 1150; x_wconf 82' lang='lat' dir='ltr'>propitius3</span> <span class='ocrx_word' id='word_1_64' title='bbox 581 1099 631 1136; x_wconf 91' lang='lat' dir='ltr'>ut</span> <span class='ocrx_word' id='word_1_65' title='bbox 662 1096 782 1147; x_wconf 92' lang='lat' dir='ltr'>cujus</span> <span class='ocrx_word' id='word_1_66' title='bbox 809 1092 1006 1135; x_wconf 81' lang='lat' dir='ltr'>natalitia</span> 
     </span>
     <span class='ocr_line' id='line_1_18' title="bbox 177 1150 1005 1204; baseline -0.004 -10"><span class='ocrx_word' id='word_1_67' title='bbox 177 1153 379 1203; x_wconf 87' lang='lat' dir='ltr'>colimus,</span> <span class='ocrx_word' id='word_1_68' title='bbox 410 1151 466 1194; x_wconf 92' lang='lat' dir='ltr'>de</span> <span class='ocrx_word' id='word_1_69' title='bbox 491 1150 687 1204; x_wconf 88' lang='lat' dir='ltr'>eiusdem</span> <span class='ocrx_word' id='word_1_70' title='bbox 707 1151 839 1193; x_wconf 87' lang='lat' dir='ltr'>etiam</span> <span class='ocrx_word' id='word_1_71' title='bbox 860 1154 1005 1203; x_wconf 89' lang='lat' dir='ltr'>prote-</span> 
     </span>
     <span class='ocr_line' id='line_1_19' title="bbox 177 1206 1006 1260; baseline -0.006 -9"><span class='ocrx_word' id='word_1_72' title='bbox 177 1210 322 1251; x_wconf 81' lang='lat' dir='ltr'>ctiene</span> <span class='ocrx_word' id='word_1_73' title='bbox 341 1207 621 1260; x_wconf 69' lang='lat' dir='ltr'>gaudeamus.</span> <span class='ocrx_word' id='word_1_74' title='bbox 653 1208 738 1249; x_wconf 91' lang='lat' dir='ltr'>Per</span> <span class='ocrx_word' id='word_1_75' title='bbox 756 1206 1006 1250; x_wconf 80' lang='lat' dir='ltr'>Deminum.</span> 
     </span>
    </p>
   </div>
   <div class='ocr_carea' id='block_1_4' title="bbox 177 1286 1006 1497">
    <p class='ocr_par' dir='ltr' id='par_1_8' title="bbox 177 1286 1006 1497">
     <span class='ocr_line' id='line_1_20' title="bbox 448 1286 739 1322; baseline 0 0"><span class='ocrx_word' id='word_1_76' title='bbox 448 1286 516 1322; x_wconf 90' lang='lat' dir='ltr'>Ad</span> <span class='ocrx_word' id='word_1_77' title='bbox 539 1287 739 1322; x_wconf 86' lang='lat' dir='ltr'>Primam.</span> 
     </span>
     <span class='ocr_line' id='line_1_21' title="bbox 230 1338 1006 1395; baseline -0.001 -12"><span class='ocrx_word' id='word_1_78' title='bbox 230 1344 277 1383; x_wconf 83' lang='lat' dir='ltr'>In</span> <span class='ocrx_word' id='word_1_79' title='bbox 298 1344 347 1395; x_wconf 65' lang='lat' dir='ltr'>Rg.</span> <span class='ocrx_word' id='word_1_80' title='bbox 368 1343 439 1393; x_wconf 67' lang='lat' dir='ltr'>br„</span> <span class='ocrx_word' id='word_1_81' title='bbox 460 1338 509 1390; x_wconf 72' lang='lat' dir='ltr'>V.</span> <span class='ocrx_word' id='word_1_82' title='bbox 528 1344 612 1395; x_wconf 92' lang='lat' dir='ltr'>Qui</span> <span class='ocrx_word' id='word_1_83' title='bbox 631 1348 760 1386; x_wconf 86' lang='lat' dir='ltr'>natus</span> <span class='ocrx_word' id='word_1_84' title='bbox 781 1355 828 1385; x_wconf 87' lang='lat' dir='ltr'>es</span> <span class='ocrx_word' id='word_1_85' title='bbox 848 1341 903 1384; x_wconf 92' lang='lat' dir='ltr'>de</span> <span class='ocrx_word' id='word_1_86' title='bbox 917 1341 1006 1382; x_wconf 87' lang='lat' dir='ltr'>Ma-</span> 
     </span>
     <span class='ocr_line' id='line_1_22' title="bbox 177 1402 452 1454; baseline -0.004 -10"><span class='ocrx_word' id='word_1_87' title='bbox 177 1406 241 1444; x_wconf 84' lang='lat' dir='ltr'>ria</span> <span class='ocrx_word' id='word_1_88' title='bbox 260 1402 452 1454; x_wconf 85' lang='lat' dir='ltr'><strong>Virgine.</strong></span> 
     </span>
     <span class='ocr_line' id='line_1_23' title="bbox 230 1461 755 1497; baseline 0.004 -3"><span class='ocrx_word' id='word_1_89' title='bbox 230 1461 277 1494; x_wconf 74' lang='lat' dir='ltr'>Et</span> <span class='ocrx_word' id='word_1_90' title='bbox 302 1471 375 1495; x_wconf 83' lang='lat' dir='ltr'>non</span> <span class='ocrx_word' id='word_1_91' title='bbox 404 1462 582 1497; x_wconf 80' lang='lat' dir='ltr'>dicuntur</span> <span class='ocrx_word' id='word_1_92' title='bbox 606 1463 755 1496; x_wconf 77' lang='lat' dir='ltr'>Preces.</span> 
     </span>
    </p>
   </div>
   <div class='ocr_carea' id='block_1_5' title="bbox 180 1514 1009 1605">
    <p class='ocr_par' dir='ltr' id='par_1_9' title="bbox 180 1514 1009 1605">
     <span class='ocr_line' id='line_1_24' title="bbox 232 1514 1009 1559; baseline 0.004 -13"><span class='ocrx_word' id='word_1_93' title='bbox 232 1514 292 1547; x_wconf 66' lang='lat' dir='ltr'>Ad</span> <span class='ocrx_word' id='word_1_94' title='bbox 327 1515 623 1550; x_wconf 60' lang='lat' dir='ltr'>Absolutionem</span> <span class='ocrx_word' id='word_1_95' title='bbox 660 1515 830 1559; x_wconf 76' lang='lat' dir='ltr'>Capituli</span> <span class='ocrx_word' id='word_1_96' title='bbox 869 1515 1009 1549; x_wconf 85' lang='lat' dir='ltr'>dieitur</span> 
     </span>
     <span class='ocr_line' id='line_1_25' title="bbox 180 1562 559 1605; baseline 0.011 -11"><span class='ocrx_word' id='word_1_97' title='bbox 180 1562 401 1605; x_wconf 72' lang='lat' dir='ltr'>Capitulum</span> <span class='ocrx_word' id='word_1_98' title='bbox 426 1564 559 1598; x_wconf 77' lang='lat' dir='ltr'>Nonae.</span> 
     </span>
    </p>
   </div>
   <div class='ocr_carea' id='block_1_6' title="bbox 179 1631 1011 2093">
    <p class='ocr_par' dir='ltr' id='par_1_10' title="bbox 452 1631 743 1669">
     <span class='ocr_line' id='line_1_26' title="bbox 452 1631 743 1669; baseline -0.007 0"><span class='ocrx_word' id='word_1_99' title='bbox 452 1632 519 1669; x_wconf 91' lang='lat' dir='ltr'>Ad</span> <span class='ocrx_word' id='word_1_100' title='bbox 543 1631 743 1668; x_wconf 83' lang='lat' dir='ltr'><strong>Tertiam.</strong></span> 
     </span>
    </p>

    <p class='ocr_par' dir='ltr' id='par_1_11' title="bbox 179 1689 1009 1912">
     <span class='ocr_line' id='line_1_27' title="bbox 232 1689 776 1739; baseline 0.004 -12"><span class='ocrx_word' id='word_1_101' title='bbox 232 1689 332 1730; x_wconf 82' lang='lat' dir='ltr'>Ant.</span> <span class='ocrx_word' id='word_1_102' title='bbox 362 1689 547 1739; x_wconf 83' lang='lat' dir='ltr'>Quando</span> <span class='ocrx_word' id='word_1_103' title='bbox 566 1693 695 1730; x_wconf 89' lang='lat' dir='ltr'>natus</span> <span class='ocrx_word' id='word_1_104' title='bbox 718 1701 776 1730; x_wconf 90' lang='lat' dir='ltr'>es.</span> 
     </span>
     <span class='ocr_line' id='line_1_28' title="bbox 233 1750 956 1801; baseline 0 -10"><span class='ocrx_word' id='word_1_105' title='bbox 233 1751 494 1801; x_wconf 81' lang='lat' dir='ltr'>Capitulum.</span> <span class='ocrx_word' id='word_1_106' title='bbox 757 1750 899 1792; x_wconf 82' lang='lat' dir='ltr'>Galat.</span> <span class='ocrx_word' id='word_1_107' title='bbox 919 1753 956 1791; x_wconf 86' lang='lat'>4.</span> 
     </span>
     <span class='ocr_line' id='line_1_29' title="bbox 179 1807 1009 1912; baseline -0.005 -57"><span class='ocrx_word' id='word_1_108' title='bbox 179 1807 413 1912; x_wconf 83' lang='lat' dir='ltr'>Fratres:</span> <span class='ocrx_word' id='word_1_109' title='bbox 441 1812 616 1862; x_wconf 87' lang='lat' dir='ltr'>Quanto</span> <span class='ocrx_word' id='word_1_110' title='bbox 641 1813 842 1864; x_wconf 87' lang='lat' dir='ltr'>tempore</span> <span class='ocrx_word' id='word_1_111' title='bbox 866 1810 1009 1852; x_wconf 86' lang='lat' dir='ltr'>haeres</span> 
     </span>
    </p>

    <p class='ocr_par' dir='ltr' id='par_1_12' title="bbox 181 1867 1011 2093">
     <span class='ocr_line' id='line_1_30' title="bbox 264 1867 1008 1923; baseline -0.004 -12"><span class='ocrx_word' id='word_1_112' title='bbox 264 1869 472 1923; x_wconf 77' lang='lat' dir='ltr'>parvulus</span> <span class='ocrx_word' id='word_1_113' title='bbox 489 1873 566 1919; x_wconf 88' lang='lat' dir='ltr'>est,</span> <span class='ocrx_word' id='word_1_114' title='bbox 585 1867 691 1909; x_wconf 89' lang='lat' dir='ltr'>nihil</span> <span class='ocrx_word' id='word_1_115' title='bbox 711 1867 858 1910; x_wconf 90' lang='lat' dir='ltr'>differt</span> <span class='ocrx_word' id='word_1_116' title='bbox 877 1880 902 1909; x_wconf 87' lang='lat' dir='ltr'>a</span> <span class='ocrx_word' id='word_1_117' title='bbox 922 1880 1008 1909; x_wconf 88' lang='lat' dir='ltr'>ser-</span> 
     </span>
     <span class='ocr_line' id='line_1_31' title="bbox 181 1924 1011 1973; baseline -0.004 -4"><span class='ocrx_word' id='word_1_118' title='bbox 181 1941 253 1973; x_wconf 89' lang='lat' dir='ltr'>vo,</span> <span class='ocrx_word' id='word_1_119' title='bbox 280 1940 380 1968; x_wconf 86' lang='lat' dir='ltr'>eum</span> <span class='ocrx_word' id='word_1_120' title='bbox 399 1926 455 1967; x_wconf 92' lang='lat' dir='ltr'>sit</span> <span class='ocrx_word' id='word_1_121' title='bbox 476 1925 679 1967; x_wconf 83' lang='lat' dir='ltr'>dominus</span> <span class='ocrx_word' id='word_1_122' title='bbox 699 1925 906 1967; x_wconf 84' lang='lat' dir='ltr'>omnium:</span> <span class='ocrx_word' id='word_1_123' title='bbox 931 1924 1011 1966; x_wconf 89' lang='lat' dir='ltr'>sed</span> 
     </span>
     <span class='ocr_line' id='line_1_32' title="bbox 182 1981 1009 2025; baseline -0.004 0"><span class='ocrx_word' id='word_1_124' title='bbox 182 1983 262 2025; x_wconf 93' lang='lat' dir='ltr'>sub</span> <span class='ocrx_word' id='word_1_125' title='bbox 288 1982 506 2025; x_wconf 82' lang='lat' dir='ltr'>tuteribus</span> <span class='ocrx_word' id='word_1_126' title='bbox 531 1986 575 2023; x_wconf 92' lang='lat' dir='ltr'>et</span> <span class='ocrx_word' id='word_1_127' title='bbox 601 1981 826 2023; x_wconf 81' lang='lat' dir='ltr'>aeteribus</span> <span class='ocrx_word' id='word_1_128' title='bbox 851 1986 917 2023; x_wconf 88' lang='lat' dir='ltr'>est</span> <span class='ocrx_word' id='word_1_129' title='bbox 941 1994 1009 2022; x_wconf 93' lang='lat' dir='ltr'>us-</span> 
     </span>
     <span class='ocr_line' id='line_1_33' title="bbox 183 2038 1010 2093; baseline -0.004 -11"><span class='ocrx_word' id='word_1_130' title='bbox 183 2053 268 2093; x_wconf 92' lang='lat' dir='ltr'>que</span> <span class='ocrx_word' id='word_1_131' title='bbox 288 2039 345 2082; x_wconf 88' lang='lat' dir='ltr'>ad</span> <span class='ocrx_word' id='word_1_132' title='bbox 365 2038 629 2092; x_wconf 78' lang='lat' dir='ltr'>praefinitum</span> <span class='ocrx_word' id='word_1_133' title='bbox 645 2043 819 2091; x_wconf 87' lang='lat' dir='ltr'>tempus</span> <span class='ocrx_word' id='word_1_134' title='bbox 835 2051 861 2079; x_wconf 89' lang='lat' dir='ltr'>a</span> <span class='ocrx_word' id='word_1_135' title='bbox 874 2043 1010 2091; x_wconf 91' lang='lat' dir='ltr'>patre.</span> 
     </span>
    </p>
   </div>
   <div class='ocr_carea' id='block_1_7' title="bbox 181 2097 1011 2323">
    <p class='ocr_par' dir='ltr' id='par_1_13' title="bbox 181 2097 1011 2323">
     <span class='ocr_line' id='line_1_34' title="bbox 234 2097 1010 2150; baseline 0 -9"><span class='ocrx_word' id='word_1_136' title='bbox 234 2098 285 2150; x_wconf 70' lang='lat' dir='ltr'>R.</span> <span class='ocrx_word' id='word_1_137' title='bbox 304 2097 367 2138; x_wconf 85' lang='lat' dir='ltr'>br·</span> <span class='ocrx_word' id='word_1_138' title='bbox 397 2099 595 2141; x_wconf 84' lang='lat' dir='ltr'>Verbum</span> <span class='ocrx_word' id='word_1_139' title='bbox 620 2112 723 2141; x_wconf 87' lang='lat' dir='ltr'>caro</span> <span class='ocrx_word' id='word_1_140' title='bbox 749 2100 913 2142; x_wconf 85' lang='lat' dir='ltr'>factum</span> <span class='ocrx_word' id='word_1_141' title='bbox 933 2105 1010 2149; x_wconf 88' lang='lat' dir='ltr'>est,</span> 
     </span>
     <span class='ocr_line' id='line_1_35' title="bbox 181 2150 1011 2208; baseline 0.001 -10"><span class='ocrx_word' id='word_1_142' title='bbox 181 2153 204 2177; x_wconf 91' lang='lat'>*</span> <span class='ocrx_word' id='word_1_143' title='bbox 223 2156 420 2208; x_wconf 88' lang='lat' dir='ltr'>Alleluia,</span> <span class='ocrx_word' id='word_1_144' title='bbox 439 2155 621 2208; x_wconf 88' lang='lat' dir='ltr'>alleluja.</span> <span class='ocrx_word' id='word_1_145' title='bbox 649 2156 857 2198; x_wconf 89' lang='lat' dir='ltr'>Verbum.</span> <span class='ocrx_word' id='word_1_146' title='bbox 884 2150 934 2202; x_wconf 68' lang='lat' dir='ltr'>V.</span> <span class='ocrx_word' id='word_1_147' title='bbox 953 2158 1011 2199; x_wconf 88' lang='lat' dir='ltr'>Et</span> 
     </span>
     <span class='ocr_line' id='line_1_36' title="bbox 182 2211 1011 2266; baseline 0 -10"><span class='ocrx_word' id='word_1_148' title='bbox 182 2213 398 2256; x_wconf 77' lang='lat' dir='ltr'>habitavit</span> <span class='ocrx_word' id='word_1_149' title='bbox 424 2213 468 2254; x_wconf 89' lang='lat' dir='ltr'>in</span> <span class='ocrx_word' id='word_1_150' title='bbox 496 2211 635 2254; x_wconf 92' lang='lat' dir='ltr'>nobis.</span> <span class='ocrx_word' id='word_1_151' title='bbox 679 2212 882 2266; x_wconf 87' lang='lat' dir='ltr'>Alleluia,</span> <span class='ocrx_word' id='word_1_152' title='bbox 911 2214 1011 2256; x_wconf 84' lang='lat' dir='ltr'>alle-</span> 
     </span>
     <span class='ocr_line' id='line_1_37' title="bbox 182 2268 842 2323; baseline 0 -12"><span class='ocrx_word' id='word_1_153' title='bbox 182 2270 279 2323; x_wconf 85' lang='lat' dir='ltr'>luja.</span> <span class='ocrx_word' id='word_1_154' title='bbox 307 2268 461 2311; x_wconf 85' lang='lat' dir='ltr'>Gloria</span> <span class='ocrx_word' id='word_1_155' title='bbox 477 2268 607 2311; x_wconf 84' lang='lat' dir='ltr'>Patri.</span> <span class='ocrx_word' id='word_1_156' title='bbox 634 2268 842 2311; x_wconf 88' lang='lat' dir='ltr'>Verbum.</span> 
     </span>
    </p>
   </div>
   <div class='ocr_carea' id='block_1_8' title="bbox 1062 296 1887 411">
    <p class='ocr_par' dir='ltr' id='par_1_14' title="bbox 1062 296 1887 411">
     <span class='ocr_line' id='line_1_38' title="bbox 1111 296 1887 354; baseline 0.004 -14"><span class='ocrx_word' id='word_1_157' title='bbox 1111 296 1161 347; x_wconf 88' lang='lat' dir='ltr'><strong>Y.</strong></span> <span class='ocrx_word' id='word_1_158' title='bbox 1200 300 1304 353; x_wconf 87' lang='lat' dir='ltr'>Ipse</span> <span class='ocrx_word' id='word_1_159' title='bbox 1335 299 1558 349; x_wconf 72' lang='lat' dir='ltr'>invocabit</span> <span class='ocrx_word' id='word_1_160' title='bbox 1586 314 1672 351; x_wconf 90' lang='lat' dir='ltr'>me,</span> <span class='ocrx_word' id='word_1_161' title='bbox 1705 301 1887 354; x_wconf 85' lang='lat' dir='ltr'>alleluia.</span> 
     </span>
     <span class='ocr_line' id='line_1_39' title="bbox 1062 357 1761 411; baseline 0.003 -14"><span class='ocrx_word' id='word_1_162' title='bbox 1062 359 1111 410; x_wconf 75' lang='lat' dir='ltr'>R&#39;·</span> <span class='ocrx_word' id='word_1_163' title='bbox 1132 357 1264 398; x_wconf 86' lang='lat' dir='ltr'>Pater</span> <span class='ocrx_word' id='word_1_164' title='bbox 1283 369 1407 398; x_wconf 92' lang='lat' dir='ltr'>meus</span> <span class='ocrx_word' id='word_1_165' title='bbox 1428 370 1474 398; x_wconf 91' lang='lat' dir='ltr'>es</span> <span class='ocrx_word' id='word_1_166' title='bbox 1493 361 1558 407; x_wconf 89' lang='lat' dir='ltr'>tu,</span> <span class='ocrx_word' id='word_1_167' title='bbox 1578 357 1761 411; x_wconf 86' lang='lat' dir='ltr'>alleluia.</span> 
     </span>
    </p>
   </div>
   <div class='ocr_carea' id='block_1_9' title="bbox 1337 441 1614 481">
    <p class='ocr_par' dir='ltr' id='par_1_15' title="bbox 1337 441 1614 481">
     <span class='ocr_line' id='line_1_40' title="bbox 1337 441 1614 481; baseline 0.011 -3"><span class='ocrx_word' id='word_1_168' title='bbox 1337 442 1405 478; x_wconf 90' lang='lat' dir='ltr'>Ad</span> <span class='ocrx_word' id='word_1_169' title='bbox 1427 441 1614 481; x_wconf 86' lang='lat' dir='ltr'>Sextam.</span> 
     </span>
    </p>
   </div>
   <div class='ocr_carea' id='block_1_10' title="bbox 1057 503 1885 612">
    <p class='ocr_par' dir='ltr' id='par_1_16' title="bbox 1057 503 1885 612">
     <span class='ocr_line' id='line_1_41' title="bbox 1113 503 1885 557; baseline 0.008 -15"><span class='ocrx_word' id='word_1_170' title='bbox 1113 503 1211 544; x_wconf 85' lang='lat' dir='ltr'><strong>Ant.</strong></span> <span class='ocrx_word' id='word_1_171' title='bbox 1243 503 1415 545; x_wconf 82' lang='lat' dir='ltr'>Rubum</span> <span class='ocrx_word' id='word_1_172' title='bbox 1444 517 1575 557; x_wconf 92' lang='lat' dir='ltr'>quem</span> <span class='ocrx_word' id='word_1_173' title='bbox 1599 504 1771 548; x_wconf 78' lang='lat' dir='ltr'>viderat</span> <span class='ocrx_word' id='word_1_174' title='bbox 1794 506 1885 548; x_wconf 91' lang='grc' dir='ltr'>Μό-</span> 
     </span>
     <span class='ocr_line' id='line_1_42' title="bbox 1057 573 1170 612; baseline -0.009 -11"><span class='ocrx_word' id='word_1_175' title='bbox 1057 573 1170 612; x_wconf 84' lang='lat' dir='ltr'>yses.</span> 
     </span>
    </p>
   </div>
   <div class='ocr_carea' id='block_1_11' title="bbox 1116 631 1836 686">
    <p class='ocr_par' dir='ltr' id='par_1_17' title="bbox 1116 631 1836 686">
     <span class='ocr_line' id='line_1_43' title="bbox 1116 631 1836 686; baseline -0.006 -11"><span class='ocrx_word' id='word_1_176' title='bbox 1116 634 1375 686; x_wconf 79' lang='lat' dir='ltr'>Capitulum.</span> <span class='ocrx_word' id='word_1_177' title='bbox 1642 631 1781 673; x_wconf 82' lang='lat' dir='ltr'><strong>Galat.</strong></span> <span class='ocrx_word' id='word_1_178' title='bbox 1798 631 1836 671; x_wconf 89' lang='lat'>4.</span> 
     </span>
    </p>
   </div>
   <div class='ocr_carea' id='block_1_12' title="bbox 1058 695 1886 1037">
    <p class='ocr_par' dir='ltr' id='par_1_18' title="bbox 1058 695 1886 1037">
     <span class='ocr_line' id='line_1_44' title="bbox 1058 695 1884 803; baseline 0.005 -62"><span class='ocrx_word' id='word_1_179' title='bbox 1058 695 1151 803; x_wconf 76' lang='grc' dir='ltr'>Αί</span> <span class='ocrx_word' id='word_1_180' title='bbox 1172 700 1246 742; x_wconf 93' lang='lat' dir='ltr'>ubi</span> <span class='ocrx_word' id='word_1_181' title='bbox 1266 702 1386 743; x_wconf 89' lang='lat' dir='ltr'>venit</span> <span class='ocrx_word' id='word_1_182' title='bbox 1408 701 1638 753; x_wconf 78' lang='lat' dir='ltr'>plenitudo</span> <span class='ocrx_word' id='word_1_183' title='bbox 1661 703 1884 757; x_wconf 88' lang='lat' dir='ltr'>temporis,</span> 
     </span>
     <span class='ocr_line' id='line_1_45' title="bbox 1174 757 1884 801; baseline 0.004 -3"><span class='ocrx_word' id='word_1_184' title='bbox 1174 757 1293 799; x_wconf 86' lang='lat' dir='ltr'>misit</span> <span class='ocrx_word' id='word_1_185' title='bbox 1323 757 1445 799; x_wconf 90' lang='lat' dir='ltr'>Deus</span> <span class='ocrx_word' id='word_1_186' title='bbox 1477 757 1636 799; x_wconf 83' lang='lat' dir='ltr'>Filium</span> <span class='ocrx_word' id='word_1_187' title='bbox 1667 772 1794 801; x_wconf 89' lang='lat' dir='ltr'>suum</span> <span class='ocrx_word' id='word_1_188' title='bbox 1826 760 1884 801; x_wconf 85' lang='lat' dir='ltr'>fa-</span> 
     </span>
     <span class='ocr_line' id='line_1_46' title="bbox 1059 814 1886 869; baseline 0.002 -14"><span class='ocrx_word' id='word_1_189' title='bbox 1059 818 1178 856; x_wconf 90' lang='lat' dir='ltr'>ctum</span> <span class='ocrx_word' id='word_1_190' title='bbox 1198 826 1252 855; x_wconf 85' lang='lat' dir='ltr'>ex</span> <span class='ocrx_word' id='word_1_191' title='bbox 1270 814 1468 864; x_wconf 84' lang='lat' dir='ltr'>muliere,</span> <span class='ocrx_word' id='word_1_192' title='bbox 1492 814 1656 857; x_wconf 87' lang='lat' dir='ltr'>factum</span> <span class='ocrx_word' id='word_1_193' title='bbox 1674 815 1755 858; x_wconf 90' lang='lat' dir='ltr'>sub</span> <span class='ocrx_word' id='word_1_194' title='bbox 1774 816 1886 869; x_wconf 87' lang='lat' dir='ltr'>lege:</span> 
     </span>
     <span class='ocr_line' id='line_1_47' title="bbox 1058 870 1885 923; baseline 0.004 -11"><span class='ocrx_word' id='word_1_195' title='bbox 1058 876 1106 912; x_wconf 91' lang='lat' dir='ltr'>ut</span> <span class='ocrx_word' id='word_1_196' title='bbox 1126 883 1217 921; x_wconf 80' lang='lat' dir='ltr'>eOS,</span> <span class='ocrx_word' id='word_1_197' title='bbox 1237 871 1311 923; x_wconf 90' lang='lat' dir='ltr'>qui</span> <span class='ocrx_word' id='word_1_198' title='bbox 1329 870 1410 912; x_wconf 92' lang='lat' dir='ltr'>sub</span> <span class='ocrx_word' id='word_1_199' title='bbox 1429 870 1525 923; x_wconf 88' lang='lat' dir='ltr'>lege</span> <span class='ocrx_word' id='word_1_200' title='bbox 1546 877 1683 923; x_wconf 87' lang='lat' dir='ltr'>erant,</span> <span class='ocrx_word' id='word_1_201' title='bbox 1703 872 1885 915; x_wconf 83' lang='lat' dir='ltr'>redime-</span> 
     </span>
     <span class='ocr_line' id='line_1_48' title="bbox 1059 927 1886 981; baseline 0.004 -12"><span class='ocrx_word' id='word_1_202' title='bbox 1059 933 1140 969; x_wconf 92' lang='lat' dir='ltr'>ret:</span> <span class='ocrx_word' id='word_1_203' title='bbox 1175 932 1224 969; x_wconf 91' lang='lat' dir='ltr'>ut</span> <span class='ocrx_word' id='word_1_204' title='bbox 1251 927 1536 981; x_wconf 87' lang='lat' dir='ltr'>adoptionem</span> <span class='ocrx_word' id='word_1_205' title='bbox 1564 928 1753 971; x_wconf 80' lang='lat' dir='ltr'>filierum</span> <span class='ocrx_word' id='word_1_206' title='bbox 1780 930 1886 972; x_wconf 91' lang='lat' dir='ltr'>reci-</span> 
     </span>
     <span class='ocr_line' id='line_1_49' title="bbox 1058 986 1273 1037; baseline 0 -12"><span class='ocrx_word' id='word_1_207' title='bbox 1058 986 1273 1037; x_wconf 89' lang='lat' dir='ltr'>peremus.</span> 
     </span>
    </p>
   </div>
   <div class='ocr_carea' id='block_1_13' title="bbox 1058 1049 1888 1335">
    <p class='ocr_par' dir='ltr' id='par_1_19' title="bbox 1058 1049 1888 1263">
     <span class='ocr_line' id='line_1_50' title="bbox 1115 1049 1888 1105; baseline 0.008 -16"><span class='ocrx_word' id='word_1_208' title='bbox 1115 1051 1166 1102; x_wconf 70' lang='lat' dir='ltr'>R.</span> <span class='ocrx_word' id='word_1_209' title='bbox 1188 1049 1251 1090; x_wconf 86' lang='lat' dir='ltr'>br.</span> <span class='ocrx_word' id='word_1_210' title='bbox 1281 1050 1448 1092; x_wconf 91' lang='lat' dir='ltr'>Notum</span> <span class='ocrx_word' id='word_1_211' title='bbox 1474 1051 1578 1093; x_wconf 86' lang='lat' dir='ltr'>fecit</span> <span class='ocrx_word' id='word_1_212' title='bbox 1605 1052 1835 1105; x_wconf 84' lang='lat' dir='ltr'>Dominus,</span> <span class='ocrx_word' id='word_1_213' title='bbox 1865 1049 1888 1073; x_wconf 86' lang='lat'>*</span> 
     </span>
     <span class='ocr_line' id='line_1_51' title="bbox 1058 1105 1886 1160; baseline 0.005 -13"><span class='ocrx_word' id='word_1_214' title='bbox 1058 1106 1261 1159; x_wconf 81' lang='lat' dir='ltr'>Alleluia,</span> <span class='ocrx_word' id='word_1_215' title='bbox 1281 1106 1464 1160; x_wconf 84' lang='lat' dir='ltr'>alleluia.</span> <span class='ocrx_word' id='word_1_216' title='bbox 1491 1108 1668 1150; x_wconf 89' lang='lat' dir='ltr'>Notum.</span> <span class='ocrx_word' id='word_1_217' title='bbox 1700 1105 1751 1157; x_wconf 70' lang='lat' dir='ltr'>V.</span> <span class='ocrx_word' id='word_1_218' title='bbox 1768 1109 1886 1152; x_wconf 88' lang='lat' dir='ltr'>Salu-</span> 
     </span>
     <span class='ocr_line' id='line_1_52' title="bbox 1058 1163 1887 1219; baseline 0.005 -15"><span class='ocrx_word' id='word_1_219' title='bbox 1058 1165 1154 1205; x_wconf 77' lang='lat' dir='ltr'>tare</span> <span class='ocrx_word' id='word_1_220' title='bbox 1173 1177 1310 1205; x_wconf 89' lang='lat' dir='ltr'>suum.</span> <span class='ocrx_word' id='word_1_221' title='bbox 1343 1163 1547 1217; x_wconf 85' lang='lat' dir='ltr'>Alleluia,</span> <span class='ocrx_word' id='word_1_222' title='bbox 1572 1165 1754 1219; x_wconf 85' lang='lat' dir='ltr'>alleluia.</span> <span class='ocrx_word' id='word_1_223' title='bbox 1785 1165 1887 1208; x_wconf 81' lang='lat' dir='ltr'>Gle-</span> 
     </span>
     <span class='ocr_line' id='line_1_53' title="bbox 1058 1220 1477 1263; baseline 0.005 -3"><span class='ocrx_word' id='word_1_224' title='bbox 1058 1220 1123 1261; x_wconf 88' lang='lat' dir='ltr'>ria</span> <span class='ocrx_word' id='word_1_225' title='bbox 1141 1221 1271 1262; x_wconf 86' lang='lat' dir='ltr'>Patri.</span> <span class='ocrx_word' id='word_1_226' title='bbox 1298 1220 1477 1263; x_wconf 92' lang='lat' dir='ltr'>Notum.</span> 
     </span>
    </p>

    <p class='ocr_par' dir='ltr' id='par_1_20' title="bbox 1115 1276 1886 1335">
     <span class='ocr_line' id='line_1_54' title="bbox 1115 1276 1886 1335; baseline 0.009 -14"><span class='ocrx_word' id='word_1_227' title='bbox 1115 1276 1164 1329; x_wconf 74' lang='lat' dir='ltr'><strong>,Y&#39;&#39;.</strong></span> <span class='ocrx_word' id='word_1_228' title='bbox 1193 1281 1413 1324; x_wconf 79' lang='lat' dir='ltr'>Viderunt</span> <span class='ocrx_word' id='word_1_229' title='bbox 1435 1295 1587 1325; x_wconf 91' lang='lat' dir='ltr'>omnes</span> <span class='ocrx_word' id='word_1_230' title='bbox 1611 1284 1721 1327; x_wconf 90' lang='lat' dir='ltr'>fines</span> <span class='ocrx_word' id='word_1_231' title='bbox 1745 1289 1886 1335; x_wconf 86' lang='lat' dir='ltr'>terrae,</span> 
     </span>
    </p>
   </div>
   <div class='ocr_carea' id='block_1_14' title="bbox 1060 1337 1888 1448">
    <p class='ocr_par' dir='ltr' id='par_1_21' title="bbox 1060 1337 1888 1448">
     <span class='ocr_line' id='line_1_55' title="bbox 1060 1337 1888 1392; baseline 0.006 -14"><span class='ocrx_word' id='word_1_232' title='bbox 1060 1337 1242 1391; x_wconf 85' lang='lat' dir='ltr'>alleluia.</span> <span class='ocrx_word' id='word_1_233' title='bbox 1299 1337 1347 1388; x_wconf 62' lang='lat' dir='ltr'>Rv-</span> <span class='ocrx_word' id='word_1_234' title='bbox 1389 1339 1589 1383; x_wconf 72' lang='lat' dir='ltr'>Salutate</span> <span class='ocrx_word' id='word_1_235' title='bbox 1623 1341 1709 1383; x_wconf 91' lang='lat' dir='ltr'>Dei</span> <span class='ocrx_word' id='word_1_236' title='bbox 1739 1342 1888 1392; x_wconf 87' lang='lat' dir='ltr'>nostri,</span> 
     </span>
     <span class='ocr_line' id='line_1_56' title="bbox 1060 1394 1242 1448; baseline 0.005 -13"><span class='ocrx_word' id='word_1_237' title='bbox 1060 1394 1242 1448; x_wconf 86' lang='lat' dir='ltr'>alleluia.</span> 
     </span>
    </p>
   </div>
   <div class='ocr_carea' id='block_1_15' title="bbox 1115 1474 1691 1596">
    <p class='ocr_par' dir='ltr' id='par_1_22' title="bbox 1115 1474 1691 1596">
     <span class='ocr_line' id='line_1_57' title="bbox 1338 1474 1612 1513; baseline 0.007 -2"><span class='ocrx_word' id='word_1_238' title='bbox 1338 1474 1405 1511; x_wconf 90' lang='lat' dir='ltr'>Ad</span> <span class='ocrx_word' id='word_1_239' title='bbox 1428 1476 1612 1513; x_wconf 89' lang='lat' dir='ltr'>Nonam.</span> 
     </span>
     <span class='ocr_line' id='line_1_58' title="bbox 1115 1544 1691 1596; baseline 0.002 -11"><span class='ocrx_word' id='word_1_240' title='bbox 1115 1546 1214 1586; x_wconf 86' lang='lat' dir='ltr'>Ant.</span> <span class='ocrx_word' id='word_1_241' title='bbox 1242 1545 1357 1585; x_wconf 86' lang='lat' dir='ltr'>Ecce</span> <span class='ocrx_word' id='word_1_242' title='bbox 1375 1544 1515 1586; x_wconf 83' lang='lat' dir='ltr'>Maria</span> <span class='ocrx_word' id='word_1_243' title='bbox 1531 1545 1691 1596; x_wconf 86' lang='lat' dir='ltr'>genuit.</span> 
     </span>
    </p>
   </div>
   <div class='ocr_carea' id='block_1_16' title="bbox 1116 1617 1838 1670">
    <p class='ocr_par' dir='ltr' id='par_1_23' title="bbox 1116 1617 1838 1670">
     <span class='ocr_line' id='line_1_59' title="bbox 1116 1617 1838 1670; baseline -0.004 -10"><span class='ocrx_word' id='word_1_244' title='bbox 1116 1618 1374 1670; x_wconf 81' lang='lat' dir='ltr'>Capitulum.</span> <span class='ocrx_word' id='word_1_245' title='bbox 1641 1617 1781 1658; x_wconf 86' lang='lat' dir='ltr'>Galat.</span> <span class='ocrx_word' id='word_1_246' title='bbox 1801 1618 1838 1657; x_wconf 88' lang='grc'>4.</span> 
     </span>
    </p>
   </div>
   <div class='ocr_carea' id='block_1_17' title="bbox 1061 1684 1890 2261">
    <p class='ocr_par' dir='ltr' id='par_1_24' title="bbox 1108 1684 1888 1737">
     <span class='ocr_line' id='line_1_60' title="bbox 1108 1684 1888 1737; baseline 0.004 -12"><span class='ocrx_word' id='word_1_247' title='bbox 1108 1688 1241 1736; x_wconf 86' lang='lat' dir='ltr'>taque</span> <span class='ocrx_word' id='word_1_248' title='bbox 1260 1684 1343 1736; x_wconf 84' lang='lat' dir='ltr'>jam</span> <span class='ocrx_word' id='word_1_249' title='bbox 1360 1696 1446 1725; x_wconf 91' lang='lat' dir='ltr'>non</span> <span class='ocrx_word' id='word_1_250' title='bbox 1467 1689 1534 1726; x_wconf 90' lang='lat' dir='ltr'>est</span> <span class='ocrx_word' id='word_1_251' title='bbox 1552 1697 1720 1737; x_wconf 88' lang='lat' dir='ltr'>servus,</span> <span class='ocrx_word' id='word_1_252' title='bbox 1747 1685 1826 1728; x_wconf 92' lang='lat' dir='ltr'>sed</span> <span class='ocrx_word' id='word_1_253' title='bbox 1842 1686 1888 1727; x_wconf 78' lang='lat' dir='ltr'>fi-</span> 
     </span>
    </p>

    <p class='ocr_par' dir='ltr' id='par_1_25' title="bbox 1061 1740 1890 1839">
     <span class='ocr_line' id='line_1_61' title="bbox 1119 1740 1890 1796; baseline 0.005 -15"><span class='ocrx_word' id='word_1_254' title='bbox 1119 1740 1218 1782; x_wconf 88' lang='lat' dir='ltr'>lius:</span> <span class='ocrx_word' id='word_1_255' title='bbox 1243 1740 1362 1793; x_wconf 92' lang='lat' dir='ltr'>quod</span> <span class='ocrx_word' id='word_1_256' title='bbox 1381 1741 1417 1781; x_wconf 92' lang='lat' dir='ltr'>si</span> <span class='ocrx_word' id='word_1_257' title='bbox 1436 1740 1568 1791; x_wconf 88' lang='lat' dir='ltr'>fssius,</span> <span class='ocrx_word' id='word_1_258' title='bbox 1587 1746 1630 1784; x_wconf 91' lang='lat' dir='ltr'>et</span> <span class='ocrx_word' id='word_1_259' title='bbox 1647 1741 1790 1784; x_wconf 89' lang='lat' dir='ltr'>haeres</span> <span class='ocrx_word' id='word_1_260' title='bbox 1810 1756 1890 1796; x_wconf 89' lang='lat' dir='ltr'>per</span> 
     </span>
     <span class='ocr_line' id='line_1_62' title="bbox 1061 1798 1214 1839; baseline -0.013 0"><span class='ocrx_word' id='word_1_261' title='bbox 1061 1798 1214 1839; x_wconf 92' lang='lat' dir='ltr'>Deum.</span> 
     </span>
    </p>

    <p class='ocr_par' dir='ltr' id='par_1_26' title="bbox 1063 1861 1889 2085">
     <span class='ocr_line' id='line_1_63' title="bbox 1114 1861 1889 1913; baseline 0.009 -12"><span class='ocrx_word' id='word_1_262' title='bbox 1114 1862 1165 1913; x_wconf 69' lang='lat' dir='ltr'>R.</span> <span class='ocrx_word' id='word_1_263' title='bbox 1186 1861 1248 1902; x_wconf 90' lang='lat' dir='ltr'>br.</span> <span class='ocrx_word' id='word_1_264' title='bbox 1270 1862 1489 1904; x_wconf 82' lang='lat' dir='ltr'>Viderunt</span> <span class='ocrx_word' id='word_1_265' title='bbox 1509 1876 1660 1906; x_wconf 88' lang='lat' dir='ltr'>omnes</span> <span class='ocrx_word' id='word_1_266' title='bbox 1679 1864 1787 1907; x_wconf 90' lang='lat' dir='ltr'>fines</span> <span class='ocrx_word' id='word_1_267' title='bbox 1806 1870 1889 1908; x_wconf 90' lang='lat' dir='ltr'>ter·</span> 
     </span>
     <span class='ocr_line' id='line_1_64' title="bbox 1063 1919 1889 1973; baseline 0.005 -14"><span class='ocrx_word' id='word_1_268' title='bbox 1063 1932 1140 1968; x_wconf 87' lang='lat' dir='ltr'>rae,</span> <span class='ocrx_word' id='word_1_269' title='bbox 1169 1919 1191 1944; x_wconf 89' lang='lat'>*</span> <span class='ocrx_word' id='word_1_270' title='bbox 1217 1919 1418 1972; x_wconf 79' lang='lat' dir='ltr'>Alleluia,</span> <span class='ocrx_word' id='word_1_271' title='bbox 1445 1919 1627 1973; x_wconf 85' lang='lat' dir='ltr'>alleluia.</span> <span class='ocrx_word' id='word_1_272' title='bbox 1663 1921 1889 1965; x_wconf 81' lang='lat' dir='ltr'>Viderunt.</span> 
     </span>
     <span class='ocr_line' id='line_1_65' title="bbox 1064 1970 1889 2031; baseline 0.008 -16"><span class='ocrx_word' id='word_1_273' title='bbox 1064 1970 1114 2022; x_wconf 70' lang='lat' dir='ltr'>V.</span> <span class='ocrx_word' id='word_1_274' title='bbox 1145 1976 1344 2019; x_wconf 75' lang='lat' dir='ltr'>Salutare</span> <span class='ocrx_word' id='word_1_275' title='bbox 1375 1976 1460 2018; x_wconf 90' lang='lat' dir='ltr'>Dei</span> <span class='ocrx_word' id='word_1_276' title='bbox 1490 1978 1640 2019; x_wconf 92' lang='lat' dir='ltr'>nostri.</span> <span class='ocrx_word' id='word_1_277' title='bbox 1692 1977 1889 2031; x_wconf 84' lang='lat' dir='ltr'>Alleluia,</span> 
     </span>
     <span class='ocr_line' id='line_1_66' title="bbox 1064 2033 1830 2085; baseline 0.003 -9"><span class='ocrx_word' id='word_1_278' title='bbox 1064 2033 1244 2085; x_wconf 82' lang='lat' dir='ltr'>alleluia.</span> <span class='ocrx_word' id='word_1_279' title='bbox 1275 2033 1428 2075; x_wconf 77' lang='lat' dir='ltr'>Gleria</span> <span class='ocrx_word' id='word_1_280' title='bbox 1445 2034 1576 2076; x_wconf 87' lang='lat' dir='ltr'>Patri.</span> <span class='ocrx_word' id='word_1_281' title='bbox 1603 2034 1830 2078; x_wconf 90' lang='lat' dir='ltr'>Viderunt.</span> 
     </span>
    </p>

    <p class='ocr_par' dir='ltr' id='par_1_27' title="bbox 1063 2091 1889 2261">
     <span class='ocr_line' id='line_1_67' title="bbox 1115 2091 1889 2148; baseline 0.008 -14"><span class='ocrx_word' id='word_1_282' title='bbox 1115 2091 1168 2141; x_wconf 70' lang='lat' dir='ltr'>V.</span> <span class='ocrx_word' id='word_1_283' title='bbox 1192 2094 1390 2136; x_wconf 90' lang='lat' dir='ltr'>Verbum</span> <span class='ocrx_word' id='word_1_284' title='bbox 1414 2107 1517 2136; x_wconf 88' lang='lat' dir='ltr'>caro</span> <span class='ocrx_word' id='word_1_285' title='bbox 1541 2095 1706 2137; x_wconf 84' lang='lat' dir='ltr'>factum</span> <span class='ocrx_word' id='word_1_286' title='bbox 1726 2101 1808 2148; x_wconf 85' lang='lat' dir='ltr'>est,</span> <span class='ocrx_word' id='word_1_287' title='bbox 1832 2097 1889 2139; x_wconf 85' lang='lat' dir='ltr'>al-</span> 
     </span>
     <span class='ocr_line' id='line_1_68' title="bbox 1063 2150 1889 2204; baseline 0.004 -11"><span class='ocrx_word' id='word_1_288' title='bbox 1063 2152 1201 2204; x_wconf 88' lang='lat' dir='ltr'>leluia.</span> <span class='ocrx_word' id='word_1_289' title='bbox 1248 2151 1298 2202; x_wconf 68' lang='lat' dir='ltr'>Rz.</span> <span class='ocrx_word' id='word_1_290' title='bbox 1337 2151 1395 2192; x_wconf 85' lang='lat' dir='ltr'>Et</span> <span class='ocrx_word' id='word_1_291' title='bbox 1431 2150 1645 2195; x_wconf 72' lang='lat' dir='ltr'>habitavit</span> <span class='ocrx_word' id='word_1_292' title='bbox 1675 2153 1719 2194; x_wconf 92' lang='lat' dir='ltr'>in</span> <span class='ocrx_word' id='word_1_293' title='bbox 1750 2153 1889 2204; x_wconf 85' lang='lat' dir='ltr'>nobis,</span> 
     </span>
     <span class='ocr_line' id='line_1_69' title="bbox 1063 2208 1245 2261; baseline -0.005 -11"><span class='ocrx_word' id='word_1_294' title='bbox 1063 2208 1245 2261; x_wconf 79' lang='lat' dir='ltr'>alleluia.</span> 
     </span>
    </p>
   </div>
   <div class='ocr_carea' id='block_1_18' title="bbox 1116 2275 1656 2319">
    <p class='ocr_par' dir='ltr' id='par_1_28' title="bbox 1116 2275 1656 2319">
     <span class='ocr_line' id='line_1_70' title="bbox 1116 2275 1656 2319; baseline -0.002 -9"><span class='ocrx_word' id='word_1_295' title='bbox 1116 2276 1233 2319; x_wconf 88' lang='lat' dir='ltr'>Vesp.</span> <span class='ocrx_word' id='word_1_296' title='bbox 1258 2276 1305 2310; x_wconf 86' lang='lat' dir='ltr'>de</span> <span class='ocrx_word' id='word_1_297' title='bbox 1328 2275 1468 2318; x_wconf 90' lang='lat' dir='ltr'>Epiph.</span> <span class='ocrx_word' id='word_1_298' title='bbox 1492 2275 1656 2318; x_wconf 84' lang='lat' dir='ltr'>Duplex.</span> 
     </span>
    </p>
   </div>
   <div class='ocr_carea' id='block_1_19' title="bbox 657 2407 1441 2755">
    <p class='ocr_par' dir='ltr' id='par_1_29' title="bbox 657 2407 1441 2755">
     <span class='ocr_line' id='line_1_71' title="bbox 657 2407 1441 2755; baseline 0 235"><span class='ocrx_word' id='word_1_299' title='bbox 657 2407 1441 2755; x_wconf 95' lang='lat' dir='ltr'> </span> 
     </span>
    </p>
   </div>
  </div>
 </body>
</html>
