2080 2990
206 204 306 249 [150]

707 203 882 237 Officium
910 215 1070 246 parvum
1101 204 1136 237 Β.
1164 203 1295 237 Maria:
1322 203 1425 245 Virg.

239 300 371 341 Maria
390 299 531 341 Mater
550 299 715 350 gratiae,

286 355 440 396 Dulcis
459 356 624 396 Parens
644 355 898 405 clementiae,

286 411 355 452 Tu
374 423 455 452 nos
474 410 528 452 ab
548 410 677 452 hoste
697 414 892 463 pretege,

284 467 341 508 Et
359 467 514 508 mortis
532 466 643 508 hora
662 468 846 520 suscipe.

235 538 348 586 Jesu,
367 536 447 577 tibi
470 536 526 577 sit
545 535 694 586 gldria,

285 592 369 642 Qui
388 597 516 634 natus
537 604 583 633 es
604 591 659 633 de
677 592 869 642 Virgine,

285 648 395 689 Cum
414 648 556 696 Patre,
578 653 621 689 et
640 647 755 689 almo
775 647 950 700 Spiritu,

283 704 336 745 In
356 704 622 756 sempiterna
641 703 814 745 saecula.
842 703 995 744 Amen.

288 770 546 820 Capitulum.
703 770 829 810 Eccli.
845 770 910 808 24.
927 782 960 809 e.

285 845 343 884 go
375 836 516 874 mater
547 831 744 884 pulchrae
777 830 1036 880 dilectionis,

318 894 362 930 et
397 888 586 937 timoris,
623 892 667 928 et
703 887 954 937 agnitiOnis,
993 892 1036 928 et

205 950 369 986 sanctae
392 944 499 997 spei.

264 999 310 1049 R:-
334 1000 432 1041 Deo
452 999 629 1050 gratias.

262 1049 310 1098 Υ
353 1056 442 1097 Ora
478 1068 559 1108 pro
598 1054 725 1096 nobis
766 1058 919 1096 sancta
954 1054 1038 1095 Dei

207 1112 416 1153 Genitrix.
473 1113 518 1163 R.
552 1111 611 1153 Ut
644 1110 764 1162 digni
798 1110 1038 1151 efficiamur

205 1167 571 1220 promissionibus
594 1167 764 1208 Christi.

260 1221 329 1261 Ad
355 1221 481 1260 Nunc
508 1221 699 1261 dimittis.
732 1223 828 1262 Ant.
857 1222 946 1264 Sub
972 1228 1035 1264 tu-

205 1294 279 1321 um
302 1279 558 1332 praesidium
582 1279 606 1304 *
630 1278 916 1329 confligimus,
943 1291 1036 1319 san-

207 1341 277 1377 cta
304 1336 388 1376 Dei
421 1335 637 1376 Genitrix:
674 1339 847 1375 nostras
885 1334 1038 1387 depre-

206 1392 401 1434 cationes
434 1404 488 1432 ne
523 1390 743 1442 despicias
775 1390 818 1431 in
852 1390 1037 1432 necessi-

205 1447 391 1496 tatibus,
436 1446 515 1488 sed
555 1459 581 1487 a
621 1446 827 1498 periculis
869 1446 1038 1488 cunetis

204 1502 343 1543 libera
366 1515 447 1544 nos
473 1514 658 1554 semper,
681 1502 819 1553 Virgo
846 1502 1039 1553 gloriesa

207 1563 250 1599 et
269 1558 512 1599 benedicta.

263 1614 393 1665 Kyrie
426 1614 602 1655 eleison.
658 1613 830 1655 Christe
863 1613 1037 1655 eleison.

212 1670 342 1728 Kyrie
363 1669 540 1711 eleison.

261 1724 307 1769 Y.
348 1725 565 1766 Deminus
602 1725 841 1766 vobiscum.
892 1725 943 1775 R„
981 1725 1038 1766 Et

206 1794 305 1822 cum
324 1781 480 1833 spiritu
498 1785 587 1822 tuo.

542 1842 704 1882 Oratio.

206 1893 398 1996 Beatae
427 1902 471 1938 et
503 1896 709 1948 gloriesae
742 1909 915 1949 semper
941 1897 1038 1938 Vir-

310 1952 421 2002 ginis
457 1952 627 2002 Mariae,
665 1954 916 2004 quaesumus
950 1953 1038 1993 Do-

205 2007 331 2056 mine,
351 2008 607 2049 intercessio
626 2008 820 2059 gloriosa
838 2021 920 2050 nos
938 2010 1036 2060 pro-

205 2068 340 2114 tegat,
370 2068 413 2104 et
437 2062 493 2104 ad
516 2065 651 2105 vitam
675 2064 891 2116 perducat
914 2066 1036 2106 aeter-

206 2132 317 2160 nam.
346 2119 430 2159 Per
449 2119 697 2161 Deminum.

367 2195 454 2235 Ad.
490 2196 882 2238 matutinum.

265 2254 356 2294 Ave
374 2251 524 2293 Maria.
548 2258 594 2293 ut
615 2265 756 2304 supra.

259 2304 309 2355 Y.
351 2308 540 2350 Domine
574 2308 692 2350 labia
723 2322 821 2350 mea
855 2310 1038 2362 aperies.

207 2366 257 2415 R.
289 2364 347 2406 Et
381 2377 431 2406 os
464 2376 610 2405 meum
645 2365 918 2406 annuntiabit
949 2365 1037 2406 lau-

208 2418 308 2461 dem
326 2426 458 2462 tuam.

259 2468 309 2519 V·
336 2476 458 2517 Deus
478 2476 522 2516 in
541 2475 814 2526 adjutorium.

262 2531 386 2571 lnvit.
418 2533 510 2573 Ave
543 2532 696 2581 Maria,
724 2532 865 2582 gratia
892 2532 1039 2584 plena:

206 2589 228 2610 ”¹
250 2586 467 2628 Dominus
485 2593 641 2628 tecum.

262 2644 327 2682 I‘s.
348 2645 517 2692 Venite,
538 2643 816 2684 exsultemus.
835 2645 871 2684 2.

261 2700 470 2749 Hymnus.
500 2704 643 2749 Quem
661 2705 788 2741 terra.
816 2699 920 2751 [135]

1364 297 1413 336 In
1431 297 1655 338 Nocturno.

1147 362 1234 395 Ant.
1258 365 1294 395 et
1312 360 1456 395 Psalmi
1479 361 1660 395 dicuntur
1680 367 1721 396 ut
1742 362 1780 396 in
1799 362 1924 395 Festis

1095 407 1134 441 B.
1161 408 1207 441 M.
1232 408 1284 449 Ὦ,
1311 408 1473 442 seilicet:

1146 460 1257 493 Feria
1284 460 1327 494 11.
1354 466 1390 494 et
1414 460 1458 493 V.
1505 459 1561 494 De
1586 460 1612 494 I.
1638 460 1747 495 Noct.
1769 459 1860 503 [136]

1147 512 1258 546 Feria
1286 512 1347 546 111.
1374 518 1410 546 ct
1436 512 1498 545 VI.
1539 512 1595 546 De
1621 513 1666 546 II.
1691 513 1801 547 Noct.
1825 510 1919 554 [138]

1147 563 1229 597 Fer.
1240 564 1303 598 IV.
1315 569 1349 598 et
1361 565 1542 598 Sabbato.
1562 564 1617 598 I)e
1629 565 1692 598 ΠΙ.
1704 565 1814 599 Noct.
1830 562 1921 606 [141]

1148 617 1196 667 Y.
1226 619 1403 661 Diffusa
1438 624 1505 661 est
1540 619 1681 670 gratia
1715 618 1759 659 in
1794 617 1921 660 labiis

1090 676 1187 716 tuis.
1242 677 1289 728 R
1332 676 1575 728 Propterea
1614 673 1839 716 benedixit
1876 678 1922 715 te

1090 731 1213 772 Deus
1240 731 1284 772 in
1313 733 1537 773 aeternum.

1145 796 1273 838 Pater
1290 801 1451 838 noster.
1477 802 1660 838 secreto.

1146 854 1197 905 V.
1220 862 1278 903 Et
1305 875 1360 904 ne
1388 873 1469 902 nos
1501 860 1684 902 inducas
1714 860 1759 902 in
1785 865 1922 902 tenta-

1090 918 1266 959 tienem.
1303 917 1354 968 R.
1387 918 1475 960 Sed
1493 917 1631 958 libera
1650 929 1731 958 nos
1750 929 1776 957 a
1794 915 1922 957 malo.

1389 990 1634 1031 Absolutio.

1095 1047 1348 1152 Precibus
1368 1061 1411 1097 et
1429 1055 1595 1097 meritis
1613 1054 1757 1096 beatae
1771 1053 1923 1095 Mariae

1196 1125 1370 1166 semper
1405 1112 1600 1163 Virginis
1644 1116 1688 1152 et
1730 1110 1923 1152 emnium

1091 1169 1361 1218 Sanctorum,
1380 1168 1595 1221 perducat
1612 1180 1694 1209 nos
1710 1167 1924 1208 Dominus

1091 1225 1147 1267 ad
1167 1238 1301 1276 regna
1321 1225 1546 1266 coelorum.
1597 1225 1647 1275 R«.
1677 1223 1831 1264 Amen.

1148 1285 1199 1335 V.
1221 1290 1245 1331 J
1247 1289 1333 1332 ube
1353 1289 1512 1331 domne
1532 1287 1805 1330 benedicere.

1148 1354 1310 1396 Bened.
1330 1354 1420 1396 Nos
1441 1366 1541 1395 cum
1560 1352 1685 1406 prole
1702 1353 1776 1406 pia
1793 1351 1922 1394 bene-

1092 1409 1210 1451 dicat
1228 1410 1368 1461 Virgo
1388 1410 1537 1451 Maria.
1587 1410 1638 1461 Ru
1667 1409 1822 1449 Amen.

1198 1484 1349 1524 Lectio
1376 1484 1398 1523 i.
1606 1481 1737 1523 Eccli.
1756 1481 1821 1521 24.

1102 1557 1141 1608 zi„
1164 1557 1242 1604 &gin
1271 1547 1473 1589 omnibus
1504 1548 1701 1599 requiem
1730 1547 1924 1599 quaesivi,

1170 1605 1202 1658 «ᾗ
1234 1605 1339 1645 etin
1357 1603 1617 1645 haereditate
1636 1603 1814 1645 Demini
1832 1615 1921 1644 mo-

1105 1663 1121 1680 „-
1165 1659 1203 1682 ⁶⁷²
1231 1660 1374 1701 rabor.
1412 1660 1538 1701 Tunc
1557 1659 1779 1712 praecepit,
1799 1664 1844 1700 et
1861 1659 1922 1700 di—

1091 1717 1154 1757 xit
1181 1716 1287 1757 mihi
1316 1716 1497 1757 Creator
1529 1716 1740 1757 emnium:
1777 1719 1821 1756 et
1850 1715 1924 1767 qui

1093 1772 1258 1813 creavit
1284 1785 1374 1821 me,
1410 1771 1625 1824 requievit
1651 1772 1695 1812 in
1722 1770 1922 1812 taberna-

1093 1828 1192 1869 culo
1217 1840 1333 1878 meo,
1361 1833 1406 1869 et
1429 1827 1540 1869 dixit
1563 1826 1682 1868 mihi:
1709 1827 1761 1868 In
1783 1826 1923 1868 Jacob

1091 1884 1295 1934 inhebita,
1316 1890 1359 1926 et
1375 1885 1420 1924 in
1433 1883 1571 1925 Israel
1584 1882 1861 1932 haereditare,
1880 1886 1925 1924 et

1091 1941 1135 1981 in
1164 1940 1315 1982 electis
1342 1940 1451 1982 meis
1477 1941 1601 1982 mitte
1628 1938 1813 1981 radices.
1855 1937 1924 1980 Tu

1092 2002 1239 2038 autem
1257 1997 1446 2038 Demine
1465 1996 1673 2037 miserere
1691 1995 1831 2037 nobis.

1143 2058 1194 2110 R.
1221 2057 1319 2098 Deo
1339 2057 1514 2108 gratias.

1143 2123 1193 2172 R.
1227 2121 1387 2162 Sancta
1415 2125 1459 2162 et
1490 2119 1770 2162 immaculata
1796 2120 1923 2170 virgi-

1091 2178 1222 2226 nitas,
1255 2176 1413 2230 quibus
1440 2181 1485 2217 te
1513 2175 1716 2217 laudibus
1745 2174 1924 2216 efferam

1092 2233 1258 2274 nescio:
1284 2234 1306 2256 *
1335 2232 1448 2282 Quia
1474 2244 1606 2284 quem
1633 2231 1735 2273 coeli
1763 2233 1923 2284 capere

1091 2302 1180 2330 non
1207 2291 1433 2342 peterant,
1469 2293 1546 2329 tuo
1578 2288 1745 2338 gremio
1773 2293 1923 2329 contu-

1091 2345 1190 2386 listi.
1238 2339 1288 2391 ΥΤ.
1322 2343 1563 2385 Benedicta
1589 2350 1637 2385 tu
1665 2344 1709 2384 in
1735 2343 1922 2384 mulieri-

1093 2401 1190 2450 bus,
1216 2405 1260 2442 et
1283 2399 1542 2442 benedictus
1566 2400 1734 2441 fructus
1758 2399 1924 2441 ventris

1091 2457 1166 2498 tui.
1194 2457 1316 2507 Quia.

1144 2513 1194 2565 Y.
1220 2517 1332 2559 Jube
1353 2515 1514 2558 domne
1532 2516 1807 2559 benedicere.

1144 2582 1305 2624 Bened.
1334 2581 1439 2634 Ipsa
1457 2582 1595 2632 Virgo
1621 2582 1838 2632 virginum
1862 2582 1922 2622 in-

1093 2637 1291 2680 tercedat
1309 2650 1392 2690 pro
1411 2637 1539 2679 nobis
1558 2637 1615 2679 ad
1633 2638 1883 2679 Dominum.

1143 2699 1193 2749 Rg.
1222 2699 1375 2740 Amen.
