2040 2990
684 235 749 268 lm·
775 237 830 267 15⁴).
860 236 951 267 Nox&

213 327 339 368 dreas
359 327 561 378 expansis
579 326 777 368 manibus
797 326 853 368 ad
872 327 1030 368 coelum

212 382 376 431 orabat,
392 383 554 424 dicens:
568 383 697 425 Salva
707 396 777 424 me
787 383 902 425 bona
913 396 1029 424 crux.

210 439 268 480 Ut
286 452 365 491 per
384 444 438 480 te.

514 489 661 529 Lectio
685 490 733 528 vi.

257 548 371 599 gitur
389 548 520 600 paulo
540 554 642 600 post
661 550 703 590 in
722 548 911 590 tribunal
931 560 1027 600 pro-

267 604 462 654 ductum,
487 617 585 646 cum
605 606 767 656 AEgeas
791 604 932 646 crucis
958 617 1027 645 ex-

208 660 435 702 tollentem
458 662 681 713 mysteria,
711 661 880 713 sibique
906 673 1028 701 suam

207 717 478 770 impietatem
503 717 842 770 exprobrantem
867 716 1027 758 diutius
1089 719 1174 759 ²⁷22.

207 773 320 814 ferre
345 786 432 814 non
457 779 622 826 posset,
651 774 695 814 in
723 787 896 815 crucem
923 773 1027 822 tolli,

208 835 251 871 et
284 830 444 870 Christi
480 836 665 871 mortem
701 830 858 871 imitari
894 830 1027 881 jussit.
1089 833 1153 853 ³³³—
1171 847 1190 853 ·-

206 885 436 927 Adductus
456 886 657 928 Andreas
679 886 735 927 ad
754 887 899 927 locum
918 899 1026 927 mar-

205 943 322 994 tyrii,
356 955 454 984 cum
478 956 652 984 crucem
671 942 865 993 vidisset,
897 942 1026 993 longe

207 999 450 1040 exclamare
488 1000 640 1052 coepit:
677 1000 714 1041 O
751 1000 868 1041 bona
904 1012 1026 1048 crux,

206 1068 303 1108 quae
324 1055 528 1097 decerem
552 1070 605 1098 ex
623 1056 829 1098 membris
849 1056 1026 1096 Demini

205 1113 446 1164 suscepisti,
467 1112 541 1154 diu
561 1112 820 1162 desiderata,
842 1112 1026 1154 sollicite

204 1170 362 1218 amata,
382 1169 474 1210 sine
493 1169 812 1211 intermissiene
833 1171 1025 1221 quaesita,

205 1230 248 1266 et
272 1225 507 1277 aliquando
533 1226 723 1278 cupienti
748 1226 892 1267 animo
916 1238 1025 1278 prae-

203 1284 372 1334 parata:
404 1283 555 1334 accipe
587 1296 656 1324 me
685 1283 739 1325 ab
768 1282 1025 1331 hominibus,

204 1343 247 1379 et
266 1338 402 1383 redde
422 1352 492 1380 me
510 1342 718 1391 magistro
738 1352 852 1381 meo:
876 1344 924 1380 ut
946 1351 1026 1392 per

202 1399 246 1436 te
265 1407 334 1436 me
353 1396 551 1447 recipiat,
581 1397 654 1448 qui
677 1409 756 1448 per
780 1402 823 1438 te
843 1409 911 1437 me
931 1395 1025 1437 red-

203 1451 318 1492 emit.
362 1451 516 1503 Itaque
545 1452 663 1493 cruci
691 1452 845 1493 affixus
873 1457 954 1494 est:
982 1452 1025 1492 in

204 1520 288 1559 qua
302 1507 483 1549 biduum
498 1509 621 1550 vivus
636 1509 843 1562 pendens,
859 1514 902 1550 et
914 1509 1026 1550 Chri-

203 1565 258 1605 sti
282 1564 413 1605 fidem
437 1565 680 1617 praedicare
704 1579 940 1618 numquam
964 1566 1024 1606 in-

201 1623 458 1670 termittens,
478 1621 534 1663 ad
554 1635 651 1663 eum
670 1623 883 1673 migravit,
905 1623 1024 1674 cujus

201 1677 354 1718 mortis
379 1677 704 1720 similitudinem
730 1681 1023 1731 concupierat.

202 1734 310 1783 Quae
335 1734 479 1775 omnia
505 1735 751 1787 presbyteri
780 1741 822 1777 et
850 1734 1023 1776 diaconi

200 1789 395 1841 Achajae,
427 1791 500 1842 qui
529 1792 618 1842 ejus
646 1792 895 1844 passienem
923 1792 1022 1833 scri-

200 1848 395 1898 pserunt,
434 1860 480 1888 se
512 1848 572 1889 ita
603 1853 651 1889 ut
684 1850 1023 1889 commemorata

201 1907 315 1952 sunt,
341 1903 515 1945 audisse
541 1909 585 1945 et
612 1904 773 1946 vidisse
797 1906 1023 1946 testantur.

199 1958 301 2009 Ejus
322 1972 422 2000 ossa
440 1961 627 2012 primum
642 1961 928 2002 Constantino
948 1961 1023 2001 im·

200 2017 403 2067 peratere
417 2016 850 2070 Constantinopolim,
866 2017 1022 2059 deinde

200 2071 450 2123 Amalphim
478 2074 688 2115 translata
717 2079 827 2116 sunt.
872 2074 1022 2127 Caput,

199 2127 278 2169 Pio
298 2129 491 2170 secundo
509 2130 735 2180 Pontifice,
759 2131 947 2172 Romam
965 2130 1022 2171 al-

199 2183 351 2232 latum,
374 2184 417 2224 in
443 2184 622 2227 basilica
642 2188 781 2228 sancti
800 2187 918 2228 Petri
936 2186 1022 2228 col-

201 2239 391 2281 locatum
412 2246 488 2282 est.

259 2303 304 2353 R.
320 2301 521 2354 Expandi
540 2316 691 2344 manus
709 2317 829 2345 meas
843 2309 936 2346 tota
952 2303 1021 2346 die

200 2357 242 2398 in
267 2370 394 2399 cruce
417 2358 474 2399 ad
498 2359 709 2411 pepulum
732 2373 819 2401 non
844 2360 1020 2402 creden-

200 2418 304 2463 tem,
336 2413 414 2455 sed
448 2415 820 2458 contradicentem
852 2416 971 2457 mihi:
998 2419 1018 2440 ¹*

201 2470 286 2520 Qui
306 2470 528 2512 ambulant
547 2471 638 2512 vias
658 2485 744 2513 non
763 2472 916 2522 bonas,
943 2473 1021 2514 sed

200 2531 302 2579 post
329 2529 509 2578 peccata
538 2540 625 2568 sua.
675 2523 719 2572 δ”.
749 2529 869 2570 Deus
896 2529 1021 2570 ultio-

200 2595 303 2623 num
330 2582 559 2632 Deminus,
588 2584 707 2625 Deus
734 2584 947 2625 ultionum
975 2585 1020 2626 li-

200 2638 306 2680 bere
325 2639 426 2689 egit:
450 2639 642 2681 exaltare
663 2641 735 2692 qui
755 2640 919 2690 judicas
939 2647 1020 2682 ter-

201 2707 310 2744 ram,
343 2694 478 2736 redde
510 2696 841 2738 retributienem
874 2699 1019 2749 super-

201 2750 279 2792 bis.
308 2751 401 2801 Qui.
431 2751 581 2793 (ileria
600 2753 729 2794 Patri.
759 2754 852 2803 Qui.

1001 237 1033 267 N.
1063 235 1225 268 Andrea-
1253 235 1439 277 Apostoli.

1300 330 1348 367 In
1376 330 1445 367 III.
1474 328 1692 368 Nocturno.

1142 391 1238 428 Ant.
1268 389 1359 428 Non
1376 399 1446 427 me
1465 389 1690 439 permittas
1703 388 1901 438 Domine,

1082 443 1290 485 famulum
1307 448 1430 484 tuum
1452 455 1477 483 a
1500 447 1544 484 te
1568 445 1774 496 separari:
1796 451 1901 487 tem-

1083 513 1164 552 pus
1206 504 1271 541 est
1315 504 1362 541 ut
1403 500 1730 542 commendetur
1772 507 1901 544 terrae

1083 569 1242 609 corpus
1267 569 1422 606 meum,
1449 560 1492 597 et
1515 569 1584 598 me
1609 557 1666 599 ad
1687 563 1732 600 te
1754 561 1901 600 venire

1082 613 1240 665 'Ubeas'
1355 657 1549 696 Psalmus
1577 656 1639 696 74.

1085 757 1088 768 y
1132 758 1150 770 ἂ,
1183 713 1476 756 onfitebimur
1499 713 1579 755 tibi
1601 714 1736 756 Deus:
1755 716 1779 742 *
1801 727 1900 757 con-

1093 823 1095 826 ·
1115 765 1191 829 ξ]
1222 771 1461 820 fitebimur,
1516 775 1559 812 et
1602 770 1900 813 invocabimus

1088 826 1092 837 ³
1128 834 1131 836 ’
1168 825 1191 833 ''
1222 840 1380 869 nomen
1399 833 1532 869 tuum.

1131 883 1416 926 Narrabimus
1430 883 1646 926 mirabilia
1660 888 1751 926 tua:
1764 885 1788 911 *
1799 897 1901 939 cum

1080 942 1292 994 accepero
1315 946 1500 993 tempus,
1526 953 1607 992 ego
1633 940 1817 991 iustitias
1842 942 1900 993 ju-

1080 996 1248 1038 dicabo.

1130 1053 1386 1105 Liquefacta
1414 1058 1480 1095 est
1506 1057 1637 1103 terra,
1672 1057 1715 1095 et
1748 1066 1899 1095 omnes

1080 1110 1154 1162 qui
1186 1109 1383 1151 habitant
1414 1110 1458 1151 in
1486 1123 1551 1151 ea:
1584 1111 1607 1137 *
1636 1122 1717 1161 ego
1746 1110 1898 1151 confir-

1078 1167 1194 1207 mavi
1221 1166 1446 1208 columnas
1475 1168 1576 1219 ejuS.

1129 1223 1234 1264 Dixi
1244 1223 1418 1275 iniquis:
1431 1223 1580 1265 Nolite
1594 1223 1740 1275 inique
1755 1225 1899 1276 agere:

1078 1281 1102 1307 *
1130 1285 1173 1321 et
1201 1279 1570 1332 delinquentibus:
1602 1279 1752 1322 Nolite
1785 1280 1898 1322 exal-

1077 1339 1172 1387 tare
1199 1349 1350 1378 cornu:

1128 1393 1277 1434 Nolite
1303 1393 1514 1435 extollere
1537 1393 1582 1434 in
1605 1393 1740 1435 altum
1764 1406 1899 1436 cornu

1077 1454 1285 1491 vestrum:
1313 1451 1337 1477 *
1363 1449 1500 1491 nolIte
1534 1449 1657 1502 loqui
1689 1449 1898 1492 adversus

1076 1506 1219 1547 Deum
1246 1506 1530 1558 iniquitatem.

1129 1563 1241 1612 Quia
1253 1575 1395 1615 neque
1409 1562 1465 1604 ab
1484 1563 1672 1612 Oriente,
1687 1575 1829 1615 neque
1842 1563 1897 1606 ab

1078 1618 1327 1669 Occidente,
1351 1632 1493 1671 neque
1518 1633 1544 1660 a
1570 1619 1757 1661 desertis
1779 1621 1898 1662 men-

1076 1674 1210 1716 tibus:
1238 1677 1262 1702 *
1292 1676 1497 1727 queniam
1519 1675 1640 1718 Deus
1666 1675 1796 1728 judex
1821 1681 1911 1718 ests

1127 1732 1256 1773 Hunc
1275 1731 1483 1781 humiliat,
1509 1737 1552 1773 et
1578 1732 1693 1774 hunc
1721 1733 1898 1775 exaltat:

1077 1789 1100 1814 *
1125 1788 1226 1840 quia
1250 1788 1364 1829 calix
1388 1788 1432 1829 in
1454 1801 1585 1830 manu
1607 1789 1785 1830 Domini
1809 1789 1898 1831 vini

1077 1845 1184 1886 meri
1211 1844 1367 1897 plenus
1395 1845 1537 1887 misto.

1127 1901 1184 1942 Et
1224 1901 1449 1943 inclinavit
1494 1914 1547 1945 ex
1587 1901 1672 1943 hoc
1712 1901 1756 1943 in
1796 1902 1897 1944 hoc:

1076 1961 1373 2000 verumtamen
1424 1958 1510 2000 faex
1559 1960 1648 2011 ejus
1698 1971 1785 2000 non
1830 1963 1897 2001 est

1077 2015 1309 2056 exinanita:
1324 2016 1348 2042 *
1363 2014 1516 2057 bibent
1530 2028 1681 2056 omnes
1696 2017 1896 2068 peccate-

1075 2084 1145 2113 res
1173 2076 1315 2113 terrae.

1126 2128 1220 2179 Ego
1245 2133 1390 2169 autem
1409 2128 1677 2170 annuntiabo
1701 2128 1745 2169 in
1762 2130 1895 2171 saecu-

1074 2184 1179 2225 lum:
1206 2186 1230 2211 *
1258 2185 1445 2226 cantabo
1469 2185 1566 2226 Deo
1594 2184 1741 2227 Jacob.

1125 2242 1181 2282 Et
1225 2241 1369 2282 omnia
1410 2243 1573 2283 cornua
1612 2244 1895 2294 peccatorum

1075 2297 1358 2348 confringam:
1375 2299 1399 2324 *
1415 2303 1458 2339 et
1476 2297 1783 2340 exaltabuntur
1801 2300 1894 2340 cor-

1074 2367 1159 2395 nua
1185 2354 1295 2405 justi.

1130 2418 1224 2456 Ant.
1250 2417 1345 2455 Non
1363 2427 1432 2455 me
1450 2417 1677 2466 permittas
1696 2414 1894 2465 Domine,

1074 2470 1280 2511 famulum
1299 2476 1423 2511 tuum
1443 2483 1467 2511 a
1490 2475 1534 2512 te
1555 2471 1764 2523 separari:
1788 2476 1893 2513 tem·

1072 2540 1155 2579 pus
1170 2531 1237 2567 est
1250 2531 1298 2567 ut
1314 2526 1641 2569 commendetur
1655 2531 1785 2568 terrae
1800 2540 1892 2569 cor-

1073 2596 1156 2635 pus
1167 2595 1321 2632 meum,
1331 2587 1374 2624 et
1381 2595 1450 2624 me
1459 2582 1515 2624 ad
1522 2588 1565 2624 te
1574 2585 1722 2625 venire
1733 2583 1892 2636 jubeas.

1127 2646 1224 2684 Ant.
1261 2642 1456 2684 Andreas
1481 2656 1584 2685 vero
1609 2643 1793 2695 rogabat
1815 2647 1891 2697 po-

1072 2699 1236 2753 pulum,
1266 2704 1314 2740 ut
1344 2711 1430 2740 non
1461 2699 1694 2752 impediret
1724 2700 1890 2753 passie-

1071 2769 1170 2798 nem
1188 2758 1336 2808 1psius.
