2080 2990
662 257 873 292 Commune
898 258 1153 302 plurimorum
1176 259 1397 302 Martyrum.

174 357 219 399 Si
243 369 331 398 non
355 357 515 399 fuerint
538 356 785 398 Pontifices.
841 356 1004 397 Oratio.

176 410 359 517 Deus,
392 415 466 467 qui
494 428 574 457 nos
603 413 810 456 concedis
839 416 1008 456 sancto-

286 484 385 512 rum
408 472 654 524 Martyrum
680 472 857 512 tuorum
882 475 935 515 N.
966 475 1009 511 et

174 530 227 571 N.
253 528 449 570 natalitia
469 528 631 570 colere:
660 526 718 568 da
740 526 869 568 nobis
890 526 933 566 in
954 539 1008 567 36-

174 586 300 626 terna
325 583 596 626 beatitudine
619 583 673 625 de
699 585 852 624 earum
872 583 1008 624 socic-

175 643 266 682 tate
286 640 489 691 gaudere.
525 641 610 682 Per
630 639 879 681 Dominum.

450 712 549 752 Alia
570 712 733 753 Oratio.

269 783 357 820 euS,
387 770 461 822 qui
486 782 566 811 nos
591 772 734 811 annua
758 771 1009 811 sanctorum

285 826 529 878 Martyrum
545 828 724 868 tuorum
737 829 789 870 N.
809 830 852 867 et
869 830 920 870 N.
942 838 1008 866 so-

177 882 401 925 lemnitate
431 882 646 924 laetificas:
684 881 879 923 concede
909 895 1009 934 pro-

176 939 324 991 pitius;
351 944 399 981 ut
419 952 606 991 quorum
623 938 866 989 gaudemus
884 939 1009 979 meri-

177 995 243 1045 tis,
254 995 546 1037 accendamur
557 995 781 1047 exemplis.
790 995 876 1036 Per
882 995 1010 1036 Dfim.

445 1064 514 1101 Ad
537 1064 740 1100 Tertiam.

228 1122 327 1163 Ant.
357 1123 469 1164 Cum
487 1120 645 1173 palma.

230 1183 368 1235 Capit.
396 1183 634 1223 Just6rum.
662 1190 710 1225 ut
729 1197 871 1236 supra.
904 1181 988 1234 [44]

229 1243 279 1294 Rc.
294 1244 357 1285 br.
377 1242 611 1284 Laetamini
629 1242 673 1282 in
692 1241 895 1291 D6mino,
910 1246 933 1270 *
955 1243 1011 1283 Et

179 1298 397 1341 exsultate
433 1298 545 1351 iusti.
585 1298 826 1340 Laetamini.
866 1298 916 1349 X
954 1299 1011 1339 Et

178 1355 424 1407 gloriamini
449 1367 600 1396 omnes
626 1354 735 1396 recti
761 1354 907 1396 corde.
944 1355 1011 1396 Et.

178 1411 334 1453 Gloria
351 1412 484 1453 Patri.
511 1410 754 1452 Laetamini.

229 1465 280 1518 V.
313 1467 546 1509 Exsiiltent
573 1467 674 1518 justi
698 1467 742 1507 in
770 1469 1011 1520 conspectu

179 1525 276 1566 Dei.
302 1528 353 1579 R.
373 1524 430 1566 Et
452 1523 726 1565 delectentur
745 1523 790 1564 in
807 1523 971 1566 laetitia.

457 1592 526 1629 Ad
547 1592 735 1629 Sextam.

233 1651 332 1692 Ant.
362 1650 563 1702 Corpora
581 1651 844 1691 sanctorum.

284 1719 542 1771 Capitulum.
670 1722 769 1773 Sap.
785 1722 849 1761 10.
867 1720 906 1761 d.

179 1773 441 1881 Reddidit
467 1779 589 1847 Deus
616 1778 867 1847 mercedem
893 1779 1013 1821 labo-

289 1848 385 1876 rum
401 1840 653 1877 sanctorum
671 1848 862 1885 suorum,
882 1840 926 1877 et
942 1835 1013 1877 de-

103 1934 106 1938 ,
183 1891 308 1933 duxit
334 1891 434 1933 illos
462 1891 507 1932 in
531 1891 603 1933 via
627 1891 832 1933 mirabili:
866 1896 909 1933 et
933 1892 1014 1933 fuit

182 1947 268 1988 illis
290 1947 336 1988 in
360 1947 609 1989 velamanto
635 1947 739 1997 diei,
776 1952 820 1990 et
845 1948 890 1988 in
916 1947 1013 1989 luce

183 2003 411 2045 stellarum
430 2008 573 2046 nocte.

233 2065 284 2116 R.
308 2064 371 2104 br.
399 2064 633 2106 Exsultent
656 2065 756 2116 justi
780 2064 803 2087 *
836 2065 888 2106 In
914 2078 1014 2106 con-

184 2123 340 2174 spactu
358 2121 454 2162 Dei.
481 2120 724 2163 Exsultent.
751 2116 800 2167 V.
824 2122 881 2163 Et
900 2121 1014 2163 dele-

185 2179 356 2219 ctentur
377 2178 421 2218 in
436 2176 600 2219 laetitia.
627 2178 690 2218 In.
717 2177 872 2219 Gloria
884 2178 1015 2220 Patri.

184 2232 426 2276 Exsultent.

234 2286 285 2335 V.
310 2289 335 2331 J
338 2290 423 2332 usti
444 2294 591 2332 autem
610 2290 654 2330 in
672 2291 935 2342 perpatuum
955 2290 1014 2331 vi-

185 2350 299 2387 vent.
339 2347 387 2398 K.
429 2346 486 2388 Et
521 2346 641 2399 apud
677 2346 915 2387 Dominum
950 2351 1016 2387 est

185 2413 353 2443 merces
384 2404 547 2444 eorum.

466 2471 534 2507 Ad
557 2472 742 2508 Nonam.

240 2527 338 2567 Ant.
367 2529 609 2579 Martyrum
628 2527 799 2569 chorus.

289 2589 546 2642 Capitulum.
757 2593 854 2643 Sap.
871 2595 908 2631 3.

267 2655 477 2706 ulgebunt
490 2658 601 2709 justi,
618 2662 662 2700 et
675 2663 900 2710 tamquam
915 2657 1017 2697 scin-

286 2711 393 2753 tillae
416 2713 460 2753 in
479 2714 739 2756 arundineto
759 2714 1016 2756 discarrent.

186 2769 210 2810 J
213 2767 452 2812 udicabunt
484 2770 703 2821 nationeS‚
745 2775 789 2812 et
824 2769 1016 2811 domina-

1060 352 1225 394 buntur
1244 352 1435 405 p6pulis:
1464 357 1507 394 et
1526 351 1727 404 regnabit
1745 352 1894 393 Domi-

1060 422 1142 450 nus
1161 408 1337 450 illarum
1356 409 1400 449 in
1420 410 1694 461 perpetuum.

1114 467 1164 519 Rv.
1183 466 1245 507 br.
1280 465 1304 505 J
1306 465 1394 506 usti
1413 470 1560 506 autem
1574 467 1596 490 *
1623 465 1675 505 In
1690 466 1893 517 perpetu-

1062 535 1135 563 um
1153 522 1312 563 vivent.
1340 521 1365 561 J
1368 521 1464 562 usti.
1499 517 1546 568 V.
1570 522 1627 563 Et
1646 521 1764 573 apud
1778 521 1894 562 Dfim

1063 583 1130 619 est
1145 590 1315 619 merces
1332 579 1494 618 cotum.
1513 578 1574 617 In.
1592 577 1756 618 (iloria.
1771 578 1796 618 J
1798 578 1895 618 usti.

1115 631 1164 683 V.
1194 633 1490 675 Exsultabunt
1514 634 1652 675 sancti
1675 634 1718 674 in
1745 634 1895 684 gloria.

1062 693 1112 744 Rg.
1143 690 1431 732 Laetabuntur
1450 690 1493 730 in
1513 689 1728 731 cubilibus
1748 691 1849 730 suis.

1262 755 1323 795 In
1349 753 1686 803 11.Vesperis.

1116 814 1213 854 Ant.
1233 816 1261 853 1.
1291 812 1370 853 Isti
1391 816 1492 852 sunt
1511 811 1661 860 saneti,
1676 811 1700 837 *
1721 811 1795 863 qui
1812 824 1894 863 pro

1062 870 1327 910 testamento
1347 868 1433 909 Dei
1458 881 1536 908 sua
1556 869 1746 920 corpora
1764 867 1895 909 tradi-

1063 925 1236 974 derunt,
1270 929 1314 966 et
1338 924 1382 964 in
1407 924 1617 974 sanguine
1642 924 1758 973 Agni
1783 923 1896 964 lave-

1063 986 1164 1023 runt
1183 981 1320 1023 stolas
1340 993 1453 1021 suas.

1114 1037 1253 1071 psalm.
1284 1040 1324 1070 ut
1354 1037 1392 1070 in
1423 1037 1449 1070 I.
1475 1037 1590 1079 Vcsp.
1617 1037 1663 1070 dc
1689 1038 1892 1072 Communi

1062 1086 1199 1128 Apost.
1233 1085 1279 1128 [2]
1308 1090 1344 1119 et
1368 1086 1455 1119 loco
1485 1085 1609 1119 ultimi
1636 1085 1697 1119 ΡΞ.
1724 1084 1895 1120 Cre'didi.

1114 1134 1149 1173 2.
1190 1133 1338 1174 Sancti
1366 1144 1446 1185 per
1477 1131 1612 1174 fidem
1643 1132 1667 1158 *
1699 1133 1898 1174 viccrunt

1064 1202 1208 1240 regna,
1220 1189 1392 1242 operati
1407 1193 1508 1230 sunt
1517 1188 1736 1240 justitiam,
1747 1188 1898 1241 adepti

1064 1250 1165 1287 sunt
1186 1245 1562 1298 repromissic'mes.

1114 1304 1150 1343 3.
1179 1303 1442 1343 Sanctorum
1464 1301 1586 1342 velut
1609 1301 1768 1353 aquilae
1792 1301 1816 1326 *
1839 1301 1897 1352 ju-

1064 1360 1219 1400 ve'ntus
1234 1357 1534 1400 renovabitur:
1549 1357 1770 1399 florebunt
1786 1357 1898 1398 sicut

1064 1414 1202 1455 lilium
1222 1415 1266 1455 in
1287 1414 1464 1456 civitate
1483 1414 1672 1454 D6mini.

1116 1476 1152 1513 4.
1184 1470 1423 1521 Absterget
1445 1470 1567 1511 Deus
1591 1470 1615 1495 *
1640 1482 1816 1511 omnem
1839 1469 1898 1510 la-

1065 1527 1246 1568 crimam
1277 1526 1333 1568 ab
1368 1526 1505 1568 oculis
1541 1528 1813 1568 sanctarum:
1855 1530 1899 1567 et

1065 1584 1150 1635 jam
1168 1596 1257 1625 non
1281 1583 1364 1625 erit
1382 1583 1571 1635 amplius
1586 1595 1730 1634 neque
1743 1582 1899 1631 luctus,

1065 1652 1208 1692 neque
1224 1639 1401 1689 clamor,
1422 1638 1502 1681 sed
1520 1652 1602 1680 nec
1621 1638 1734 1679 ullus
1755 1638 1898 1680 dolor:

1067 1696 1274 1748 qu6niam
1292 1696 1441 1748 priora
1458 1695 1735 1737 transierunt.

1116 1754 1154 1793 5.
1183 1754 1233 1793 ln
1253 1752 1507 1794 coelestibus
1526 1752 1673 1803 regnis
1688 1752 1711 1777 *
1729 1752 1898 1792 saneto-

1066 1821 1163 1849 rum
1188 1807 1404 1850 habitatio
1434 1813 1518 1857 est,
1547 1813 1591 1850 et
1618 1808 1662 1848 in
1686 1808 1900 1848 aeternum

1066 1865 1241 1917 requies
1266 1867 1430 1906 earum.

1333 1925 1530 1965 Psalmus
1550 1926 1628 1965 115.

1066 1976 1312 2084 Credidi,
1351 1984 1538 2033 propter
1566 1979 1688 2031 quod
1723 1978 1899 2020 locutus

1158 2050 1271 2078 sum:
1298 2037 1322 2063 *
1351 2049 1433 2088 ego
1463 2040 1611 2078 autem
1644 2035 1899 2077 humiliatus

1067 2106 1165 2134 sum
1192 2093 1334 2134 nimis.

1118 2150 1214 2201 Ego
1244 2149 1335 2191 dixi
1363 2150 1407 2190 in
1436 2151 1621 2191 excessu
1647 2160 1765 2190 meo:
1791 2147 1815 2173 *
1844 2147 1899 2188 O·

1067 2206 1181 2247 mnis
1209 2206 1342 2248 homo
1370 2205 1571 2247 mendax.

1121 2261 1238 2312 Quid
1265 2262 1506 2304 retribuam
1532 2261 1739 2310 Domino,
1765 2261 1789 2286 *
1816 2272 1898 2312 pro

1069 2318 1284 2368 amnibus,
1314 2331 1412 2371 quae
1439 2317 1643 2360 retribuit
1670 2315 1800 2357 mihi?

1121 2374 1314 2416 Calicem
1333 2375 1538 2416 salutaris
1563 2373 1793 2426 accipiam:
1811 2372 1835 2397 *
1855 2376 1899 2412 et

1068 2443 1228 2472 nomen
1255 2431 1435 2472 Domini
1462 2430 1691 2473 invocabo.

1119 2487 1240 2529 Vota
1271 2500 1370 2529 mea
1400 2488 1502 2528 Dfio
1534 2485 1718 2528 reddam
1750 2496 1899 2526 coram

1070 2544 1190 2585 omni
1199 2543 1368 2596 populo
1381 2545 1488 2596 ejus:
1498 2543 1522 2569 *
1532 2542 1730 2595 pretiosa
1742 2541 1787 2581 in
1798 2552 1897 2581 con-

1070 2602 1227 2652 speetu
1239 2601 1328 2641 Dfii
1346 2613 1465 2642 mors
1484 2600 1739 2640 sanctorum
1759 2598 1866 2649 ejus:

1123 2656 1160 2698 O
1176 2657 1366 2698 Damine
1390 2657 1492 2709 quia
1511 2667 1593 2706 ego
1614 2666 1767 2696 servus
1782 2657 1898 2693 tuus:

1069 2713 1093 2738 *
1118 2725 1200 2764 ego
1229 2726 1384 2754 servus
1411 2717 1524 2762 tuus,
1553 2716 1597 2753 et
1624 2710 1740 2752 filius
1769 2706 1897 2749 ancil-

1069 2768 1124 2810 1ae
1147 2774 1248 2811 tuae.
