2080 2990
455 208 525 241 Dic
550 207 579 240 7.
606 207 742 240 Martii.
791 208 824 239 S.
850 206 1010 240 Thomae
1037 206 1083 239 dc
1109 206 1264 247 Aquino
1291 206 1398 239 Conf.
1425 212 1458 239 ct
1486 206 1591 239 Dour.

165 306 275 345 anne
306 302 600 352 Theutonico‚
636 300 801 343 ordinis
832 302 994 343 Praedi-

165 362 363 401 catorum
377 359 572 409 generali
586 359 807 409 Magistro,
826 358 994 407 ductus,

164 415 348 456 Alberto
377 415 537 465 Magno
567 414 768 463 doctore,
801 414 993 466 philoso-

163 470 280 523 phiae
309 483 360 511 ac
387 470 625 521 theologiae
655 472 836 522 operam
862 469 994 511 dedit.

163 526 333 577 Viginti
358 526 548 578 quinque
572 538 710 566 annos
734 530 880 573 natus,
906 538 993 566 ma-

164 585 300 632 gister
333 587 400 623 est
432 582 697 634 appellatus,
731 581 994 633 publiceque

164 638 458 690 philosophos
486 650 538 678 ac
564 637 798 687 theologos
826 650 994 677 summa

165 707 265 734 cum
283 693 413 734 laude
434 698 500 734 est
514 694 835 745 interpretatus.
860 692 994 733 Num—

167 762 298 801 quam
318 762 365 790 se
383 749 563 790 lectioni
583 754 658 790 aut
677 748 906 800 scripti6ni
923 748 993 789 de·

166 805 248 854 dit,
281 805 364 845 nisi
387 809 490 857 post
513 805 767 845 orationem.
808 805 859 844 In
885 804 994 845 diffi-

165 860 401 902 cultatibus
426 860 625 901 locorum
649 872 786 900 sacrae
805 860 994 911 Scriptu-

165 929 239 966 rae,
259 916 316 957 ad
335 916 578 957 orationem
597 915 801 966 jeji'lnium
820 914 995 956 adhibe-

164 972 252 1014 bat.
292 972 407 1021 Quin
436 971 566 1012 etiam
594 971 736 1012 sodali
764 983 844 1011 suo
872 971 996 1012 fratri

166 1027 413 1078 Reginaldo
450 1026 596 1068 dicere
635 1026 824 1076 solebat,
875 1026 995 1078 quid-

168 1083 274 1135 quid
299 1084 432 1124 sciret
453 1095 542 1123 non
565 1087 657 1123 tam
676 1082 824 1123 studio
844 1087 920 1122 aut
937 1082 995 1122 la-

165 1139 275 1180 bore
303 1151 382 1180 suo
408 1140 653 1191 peperisse,
688 1151 820 1189 quam
845 1137 995 1179 divini-

165 1199 237 1236 tus
273 1194 487 1236 traditum
523 1196 759 1246 accepisse.
809 1193 997 1245 Neapoli

159 1263 267 1292 cum
294 1250 350 1291 ad
375 1250 610 1300 imaginem
638 1249 843 1290 Crucifixi
868 1248 995 1290 vehe-

165 1307 354 1347 mentius
375 1308 539 1354 oraret,
566 1305 679 1346 hanc
698 1317 854 1346 vocem
877 1304 995 1345 audi-

166 1363 243 1403 vit:
266 1363 387 1403 Bene
412 1361 627 1413 scripsisti
646 1361 701 1402 de
720 1373 790 1401 me
810 1360 996 1401 Thoma:

168 1430 301 1469 quam
346 1429 450 1467 ergo
492 1416 742 1458 mercedem
782 1414 995 1468 accipies?

167 1473 248 1514 Cui
271 1473 358 1514 ille:
389 1473 493 1514 Non
521 1472 652 1513 aliam
676 1472 881 1521 D6mine,
912 1471 996 1512 nisi

166 1531 368 1582 teipsum.
403 1528 670 1570 Collatic'mes
688 1529 868 1569 Patrum
892 1530 996 1568 assi-

167 1584 254 1626 due
284 1584 611 1637 pervolutabat3
644 1589 687 1624 et
718 1583 884 1624 nullum
915 1583 996 1624 fuit

167 1641 433 1693 scriptorum
452 1653 589 1690 genus
607 1640 652 1680 in
672 1652 759 1691 quo
776 1652 865 1680 non
881 1644 996 1681 esset

167 1696 496 1747 diligentissime
550 1697 762 1737 versatus.
825 1695 996 1747 Scripta

168 1753 259 1804 eius
279 1758 323 1794 et
339 1751 630 1801 multitadine‚
649 1756 694 1793 et
711 1752 934 1800 varietate,
955 1756 998 1792 et

166 1808 376 1850 facilitate
412 1807 662 1860 explicandi
694 1820 764 1848 res
797 1807 997 1848 difficiles

168 1864 280 1906 adeo
300 1864 533 1914 excellunt,
558 1868 606 1904 ut
627 1863 846 1905 uberrima
865 1868 997 1914 atque

167 1921 422 1972 incorrupta
439 1919 554 1960 illius
575 1919 791 1967 doctrina,
817 1931 916 1959 cum
932 1931 995 1959 re-

168 1975 324 2018 velatis
352 1975 610 2017 veritatibus
637 1974 746 2015 mire
779 1974 996 2015 consenti-

170 2045 259 2081 ens,
281 2031 509 2084 aptissima
527 2030 584 2072 sit
603 2029 661 2071 ad
681 2031 874 2071 6mnium
891 2030 996 2070 tem-

167 2100 326 2140 porum
345 2089 516 2128 errares
535 2085 868 2139 pervincendos.

220 2159 270 2210 R·-
299 2160 477 2201 Amavit
496 2172 595 2201 eum
615 2159 846 2208 Dominus,
869 2162 913 2199 et
932 2170 997 2198 or-

168 2217 290 2258 navit
327 2229 440 2258 eum:
483 2215 643 2257 stolam
674 2215 826 2265 gloriae
858 2213 998 2254 induit

170 2285 280 2322 eum,
297 2271 319 2294 *
340 2272 398 2313 Et
417 2271 474 2313 ad
492 2276 645 2324 portas
664 2270 857 2323 paradisi
876 2282 997 2310 coro-

169 2328 291 2370 navit
319 2341 429 2370 eum.
467 2322 516 2374 Y'.
546 2327 694 2369 Induit
722 2339 822 2367 eum
849 2325 998 2366 Domi-

169 2397 252 2424 nus
269 2383 451 2425 loricam
475 2384 597 2434 fidei,
626 2388 669 2424 et
693 2382 865 2424 ornavit
888 2394 998 2422 eum.

170 2439 227 2480 Et
246 2439 303 2480 ad
320 2445 483 2492 portas.

472 2519 623 2559 Lectio
644 2519 695 2558 ri.

249 2590 428 2630 Summo
446 2590 659 2631 Pontifice
674 2589 853 2631 Urbano
875 2599 999 2638 quar-

274 2649 322 2686 to
343 2645 533 2686 Romam
551 2648 751 2693 vocatus,
772 2645 861 2695 ejus
882 2644 999 2694 jussu

173 2701 518 2742 ecclesiasticum
543 2701 789 2742 lucubravit
809 2699 999 2741 officium

1044 303 1089 343 in
1107 303 1316 354 Corporis
1332 302 1492 344 Christi
1513 303 1788 345 solemnitate
1808 317 1874 345 ce-

1045 358 1320 407 lebrandum3
1349 359 1524 400 oblatos
1550 371 1656 400 vero
1685 359 1874 401 honores

1047 419 1090 455 et
1133 414 1476 466 Neapolitanum
1528 415 1874 468 archiepiscopa-

1045 475 1154 520 tum,
1206 471 1338 511 etiam
1384 470 1606 512 deferente
1651 471 1875 513 Clemente

1048 531 1218 576 quarto,
1238 527 1466 567 recusavit.
1498 527 1539 566 A
1560 526 1875 578 praedicatiane

1049 581 1185 622 divini
1211 581 1334 623 verbi
1358 594 1446 622 non
1472 581 1727 631 desistebat,
1756 583 1876 634 quod

1049 650 1148 678 cum
1172 637 1337 678 faceret
1360 650 1440 689 per
1466 639 1668 678 octavam
1692 638 1875 679 Paschae

1046 692 1090 732 in
1114 692 1295 733 basilica
1320 692 1459 733 sancti
1477 693 1613 741 Petri,
1638 693 1875 743 mulierem,

1047 760 1146 799 quae
1167 749 1256 799 ejus
1276 747 1495 788 fimbriam
1513 750 1735 798 tetigerat,
1755 761 1780 788 a
1799 749 1875 789 flu-

1047 817 1105 843 xu
1142 804 1363 854 sanguinis
1400 803 1612 844 liberavit.
1656 803 1815 844 Missus
1852 818 1877 844 a

1047 858 1180 900 beato
1205 859 1422 909 Gregorio
1451 858 1622 899 de'cimo
1651 858 1707 899 ad
1736 862 1876 899 conci-

1048 914 1153 954 lium
1183 914 1492 963 Lugdunense,
1533 914 1576 953 in
1609 915 1875 955 monasterio

1048 970 1200 1010 Fossae
1231 970 1373 1010 Novae
1404 970 1449 1009 in
1480 969 1683 1010 morbum
1714 969 1876 1019 incidit,

1048 1024 1122 1066 ubi
1159 1027 1351 1075 aegr6tus
1388 1025 1569 1065 Cantica
1607 1025 1876 1065 canticorum

1048 1080 1311 1132 explanavit.
1348 1080 1520 1121 Ibidem
1540 1080 1647 1121 obiit
1669 1081 1876 1132 quinqua-

1047 1136 1267 1186 genarius,
1304 1149 1418 1176 anno
1457 1135 1609 1176 salutis
1645 1135 1875 1177 millesimo

1048 1191 1347 1232 ducentesimo
1363 1192 1690 1243 septuagesimo
1708 1196 1876 1243 quarto,

1046 1247 1186 1288 Nonis
1202 1248 1356 1288 Martii.
1384 1246 1606 1287 Miraculis
1626 1247 1757 1287 etiam
1771 1250 1877 1288 mor-

1046 1307 1146 1343 tuus
1166 1303 1334 1351 claruit3
1357 1302 1513 1354 quibus
1531 1302 1742 1354 probatis,
1762 1315 1788 1342 a
1806 1303 1829 1343 J
1833 1315 1875 1343 o-

1048 1360 1159 1399 anne
1178 1359 1390 1409 vigesimo
1416 1357 1611 1399 secundo
1635 1358 1678 1398 in
1697 1358 1875 1399 Sancto-

1046 1427 1143 1455 rum
1175 1418 1404 1455 numerum
1437 1414 1602 1454 relatus
1636 1418 1720 1463 est,
1761 1427 1875 1454 anno

1046 1470 1277 1511 millesimo
1318 1469 1626 1511 tercentesimo
1663 1470 1875 1520 vigesimo

1048 1527 1196 1575 tertio,
1227 1526 1438 1567 translato
1471 1527 1629 1577 postea
1661 1526 1751 1576 ejus
1784 1527 1875 1565 cdr-

1047 1594 1157 1634 pore
1184 1581 1411 1630 T016sam,
1441 1594 1495 1622 ex
1522 1580 1730 1621 mandato
1758 1580 1877 1622 beati

1047 1637 1215 1679 Urbani
1241 1637 1390 1688 quinti.
1428 1637 1537 1677 Cum
1563 1636 1724 1677 sanctis
1751 1638 1876 1687 ange-

1047 1693 1141 1734 licis
1162 1693 1386 1745 spiritibus
1406 1705 1494 1733 non
1513 1693 1654 1732 minus
1674 1692 1875 1732 innocen-

1048 1749 1109 1790 tia
1130 1762 1261 1801 quam
1279 1749 1452 1799 ingenio
1474 1750 1769 1799 comparatus,
1788 1748 1876 1788 Do-

1049 1806 1182 1846 ctoris
1201 1805 1401 1855 Angelici
1425 1816 1583 1844 nomen
1608 1804 1698 1854 jure
1718 1807 1784 1843 est
1803 1803 1875 1844 ad-

1050 1863 1191 1913 eptus,
1213 1860 1355 1901 eidem
1374 1859 1634 1900 auctoritate
1654 1858 1794 1899 sancti
1811 1859 1876 1899 Pii

1050 1916 1188 1968 quinti
1224 1915 1538 1956 confirmatum.
1599 1915 1692 1955 Leo
1729 1919 1876 1955 autem

1050 1972 1244 2013 decimus
1263 1971 1432 2019 tertius,
1458 1970 1744 2011 libentissime
1764 1972 1876 2011 exci-

1049 2028 1175 2080 piens
1199 2026 1519 2079 postulationes
1545 2031 1588 2067 et
1611 2030 1716 2067 vota
1741 2026 1875 2067 Omni-

1050 2097 1123 2124 um
1149 2096 1262 2135 pene
1291 2085 1516 2124 sacrorum
1541 2082 1783 2123 antistitum
1809 2095 1874 2122 or-

1048 2140 1117 2181 bis
1137 2139 1355 2188 catholici,
1381 2137 1438 2179 ad
1456 2143 1523 2179 tot
1540 2140 1764 2190 praecipue
1783 2137 1875 2190 phi-

1049 2195 1380 2247 losophicorum
1409 2196 1696 2246 systematum
1721 2207 1746 2235 a
1769 2194 1876 2235 veri-

1050 2254 1143 2293 tate
1161 2251 1457 2293 aberrantium
1480 2250 1597 2292 luem
1619 2250 1876 2302 propulsan-

1051 2307 1168 2357 dam,
1202 2306 1259 2348 ad
1289 2307 1557 2348 incrementa
1588 2306 1877 2354 scientiarum,

1051 2369 1095 2405 et
1114 2366 1392 2405 commanem
1410 2363 1589 2404 humani
1607 2362 1779 2412 generis
1798 2361 1877 2402 uti-

1050 2420 1228 2470 litatem,
1248 2432 1358 2469 eum,
1378 2432 1433 2461 ex
1451 2419 1684 2460 Sacr6rum
1698 2418 1879 2458 Rituum

1051 2476 1413 2527 Congregatic'mis
1431 2474 1646 2523 consulto,
1664 2486 1744 2525 per
1759 2473 1877 2525 Apo-

1052 2531 1230 2572 st61icas
1265 2531 1434 2572 litteras
1472 2529 1697 2571 coelestem
1732 2530 1877 2581 patro-

1052 2601 1156 2628 num
1191 2587 1441 2629 scholarum
1479 2586 1672 2626 omnium
1702 2583 1877 2625 catholi-

1053 2645 1202 2684 carum
1222 2642 1461 2684 declaravit
1480 2646 1524 2682 et
1542 2640 1738 2682 instituit.

1104 2699 1153 2750 Eg.
1182 2699 1272 2740 Iste
1290 2698 1435 2739 homo.
1452 2697 1533 2749 [72]
