2040 2990
555 223 654 256 Infra
680 222 973 256 Hebdornadum
999 223 1046 257 iv.
1072 227 1161 265 post
1187 224 1451 266 Epiphaniam.

155 322 268 363 enim
291 326 441 363 nostra
462 334 549 363 non
570 322 625 363 de
649 325 811 372 errore,
834 334 976 373 neque

154 378 210 420 de
227 378 515 429 immunditia,
535 375 676 430 neque
695 380 739 419 in
759 378 877 428 dolo,
898 378 976 420 sed

153 434 266 476 sicut
282 434 458 487 probati
478 448 626 476 sumus
646 448 670 476 a
689 436 802 485 Deo,
819 440 868 477 ut
887 447 974 476 cre-

154 490 329 532 deretur
352 490 479 532 nobis
503 491 803 542 Evangelium:
830 491 890 532 ita
915 491 975 532 lo-

153 547 340 598 quimur,
364 559 451 598 non
477 548 599 600 quasi
621 547 868 589 hominibus
886 547 974 600 pla-

153 605 316 653 centes,
341 603 419 646 sed
437 604 548 653 Deo,
569 605 642 656 qui
661 603 822 656 probat
840 604 975 645 corda

151 664 311 700 nostra.
338 660 494 712 Neque
514 661 627 701 enim
647 660 882 712 aliquando
897 661 973 701 fui-

150 729 247 756 mus
270 716 312 756 in
337 719 538 758 sermone
562 716 838 766 adulationis,
863 718 974 758 sicut

149 772 285 813 scitis:
303 785 445 824 neque
460 773 503 813 in
518 774 748 815 occasione
764 774 973 815 avaritiae:

147 829 268 869 Deus
292 829 416 870 testis
436 834 519 871 est:
547 842 627 871 nec
652 832 897 882 quaerentes
917 830 971 872 ab

148 884 396 926 hominibus
415 885 610 936 gloriam,
630 899 771 938 neque
790 899 813 927 a
833 886 972 937 vobis,

147 954 289 993 neque
309 941 364 982 ab
385 941 490 982 aliis.

202 997 253 1048 Rz.
278 997 554 1040 Gaudebunt.
580 999 667 1039 291.

349 1111 533 1147 Feria
574 1111 768 1149 Sexta.

149 1167 215 1209 De
234 1168 433 1221 Epistola
456 1169 596 1221 prima
621 1168 676 1210 ad
695 1168 970 1210 Thessaloni-

479 1227 640 1267 censes.

252 1277 402 1319 Lectio
423 1278 446 1318 i.
715 1280 815 1332 Cap.
831 1282 868 1320 4.

155 1338 747 1435 1*3)ἱξῗθέἒοῗέθῗτῗέἔῗ
766 1341 970 1436 rssiamuss

170 1409 222 1432 ιι,
339 1425 347 1443 ,
721 1409 764 1435 111
852 1409 939 1436 111111

146 1447 171 1488 J
173 1460 265 1499 esu,
284 1454 332 1490 ut
352 1450 720 1501 quemadmodum
739 1452 970 1504 accepistis

147 1516 173 1544 a
186 1504 324 1555 nobis,
338 1506 562 1558 quomodo
578 1509 783 1560 oporteat
796 1520 876 1549 vos
892 1521 971 1548 am-

145 1559 310 1611 bulare,
326 1568 370 1603 et
382 1562 557 1615 placere
568 1563 677 1613 Deo,
693 1564 756 1605 sic
772 1569 816 1605 et
830 1564 972 1605 ambu-

146 1616 263 1667 letis,
300 1625 348 1660 ut
381 1618 611 1662 abundetis
640 1621 789 1671 magis.
842 1621 970 1662 Scitis

146 1673 261 1715 enim
277 1688 375 1727 quae
393 1678 616 1729 praecepta
634 1675 829 1718 dederim
844 1677 970 1719 vobis

145 1742 225 1782 per
259 1731 495 1774 Dominum
532 1733 555 1773 J
559 1745 691 1774 esum.
752 1734 863 1775 Haec
905 1739 970 1776 est

146 1786 260 1828 enim
295 1787 499 1830 voluntas
534 1789 636 1838 Dei,
682 1790 968 1832 sanctificatio

145 1848 307 1885 vestra:
335 1848 383 1885 ut
408 1844 660 1887 abstineatis
686 1858 766 1887 vos
791 1859 816 1887 a
840 1846 968 1887 forni-

146 1899 336 1949 catione,
363 1905 412 1942 ut
439 1901 548 1942 sciat
574 1904 872 1954 unusquisque
900 1915 969 1944 ve-

145 1959 283 1997 strum
305 1969 383 1998 vas
407 1970 533 1998 suum
555 1956 784 2010 possidere
807 1958 851 1998 in
875 1971 968 1999 san-

147 2011 409 2054 ctificatione
429 2018 472 2054 et
495 2013 678 2055 honore:
704 2026 791 2055 non
809 2014 853 2054 in
871 2027 968 2067 pas—

147 2068 269 2110 sione
306 2068 531 2119 desiderii,
567 2070 680 2111 sicut
714 2075 758 2112 et
792 2070 968 2121 Gentes,

147 2136 246 2176 quae
265 2125 465 2175 ignorant
483 2126 636 2167 Deum.

197 2180 247 2231 Rz.
275 2181 529 2223 Confitebor
547 2182 638 2224 tibi.
665 2183 751 2223 291.

454 2238 603 2278 Lectio
624 2239 662 2278 ii.

144 2287 240 2392 Et
257 2306 312 2335 ne
327 2294 423 2346 quis
440 2295 808 2347 supergrediatur,
826 2309 967 2348 neque

234 2349 543 2392 circumveniat
552 2351 595 2392 in
605 2352 780 2402 negotio
791 2351 967 2393 fratrem

145 2418 286 2447 suum:
313 2407 520 2458 quoniam
544 2407 705 2449 vindex
731 2413 798 2449 est
820 2408 967 2449 Domi-

145 2473 226 2501 nus
245 2460 299 2503 de
318 2462 384 2503 his
405 2463 617 2513 omnibus,
636 2464 748 2505 sicut
766 2463 967 2516 praedixi-

145 2528 242 2557 mus
277 2517 422 2567 vobis,
463 2524 507 2560 et
546 2519 769 2561 testificati
808 2532 966 2561 sumus.

145 2571 245 2613 Non
265 2573 380 2614 enim
397 2575 573 2616 vocavit
592 2588 672 2617 nos
691 2576 811 2617 Deus
830 2576 873 2616 in
891 2576 965 2615 im-

145 2627 410 2674 munditiam,
425 2630 504 2673 sed
513 2631 556 2672 in
567 2632 965 2673 sanctificationem.

145 2684 301 2735 Itaque
321 2686 395 2736 qui
413 2685 515 2741 haee·
529 2688 705 2740 spernit,
727 2701 814 2729 non
833 2687 966 2728 homi-

144 2751 244 2781 nem
265 2742 446 2793 spernit,
464 2742 541 2786 sed
560 2744 717 2786 Deum:
742 2744 816 2797 qui
836 2743 966 2785 etiam

156 1347 158 1355 y
171 1343 191 1349 r-

1028 320 1150 362 dedit
1176 321 1385 374 Spiritum
1419 334 1543 363 suum
1577 326 1775 364 sanctum
1807 323 1851 363 in

1026 377 1164 419 nobis.
1248 415 1256 428 ,

1081 437 1130 488 R
1158 433 1458 476 Misericordia
1477 440 1562 476 tua.
1588 436 1680 476 292.

1332 494 1480 534 Lectio
1502 495 1555 534 iii.

1028 545 1138 651 De
1175 548 1354 589 caritate
1388 552 1534 588 autem
1567 547 1848 589 fraternitatis

1129 617 1217 646 non
1233 606 1412 645 necesse
1429 603 1638 645 habemus
1658 604 1848 646 scribere

1025 661 1167 702 vobis:
1194 661 1280 713 ipsi
1304 661 1418 702 enim
1437 673 1516 701 vos
1541 673 1565 700 a
1583 660 1680 702 Deo
1701 660 1847 702 didici-

1026 717 1121 766 stis,
1149 722 1197 758 ut
1224 717 1413 768 diligatis
1442 717 1637 758 invicem.
1676 717 1847 758 Etenim

1024 773 1132 815 illud
1145 773 1287 814 facitis
1303 774 1347 814 in
1364 786 1515 814 omnes
1531 773 1685 814 fratres
1700 773 1743 814 in
1758 774 1847 814 uni-

1024 832 1151 871 versa
1165 829 1434 871 Macedonia.
1462 830 1685 881 Rogamus
1703 835 1847 871 autem

1024 899 1103 927 vos
1128 887 1282 928 fratres
1302 891 1350 927 ut
1372 886 1602 928 abundetis
1626 886 1779 936 magis,
1805 892 1847 928 et

1024 945 1204 996 operam
1230 942 1341 984 detis
1366 948 1415 984 ut
1439 943 1572 995 quieti
1596 943 1707 991 sitis,
1736 947 1779 984 et
1799 949 1847 984 ut

1023 1005 1217 1040 vestrum
1244 1000 1466 1050 negotium
1491 999 1646 1050 agatis,
1675 1007 1718 1040 et
1745 1012 1845 1051 ope-

1023 1056 1175 1096 remini
1194 1055 1394 1097 manibus
1414 1056 1585 1105 vestris,
1609 1055 1721 1096 sicut
1738 1068 1845 1108 prae-

1024 1113 1218 1165 cepimus
1243 1112 1385 1154 vobis:
1414 1118 1457 1154 et
1482 1118 1530 1153 ut
1553 1112 1736 1153 honeste
1760 1125 1845 1152 am-

1022 1168 1181 1210 buletis
1213 1169 1269 1210 ad
1301 1182 1378 1210 eos
1409 1169 1482 1221 qui
1513 1169 1618 1210 foris
1651 1173 1769 1210 sunt:
1803 1174 1846 1210 et

1023 1225 1181 1266 nullius
1200 1225 1363 1278 aliquid
1383 1225 1651 1267 desideretis.

1082 1283 1129 1334 R.
1150 1282 1310 1323 Factus
1331 1287 1407 1323 est.
1434 1283 1527 1322 292.

1028 1451 1188 1504 Incipit
1205 1451 1405 1504 Epistola
1426 1451 1616 1492 secunda
1635 1450 1691 1492 ad
1711 1450 1844 1491 Thes-

1282 1507 1588 1548 salonicenses.

1128 1565 1280 1605 Lectio
1302 1566 1324 1605 i.
1600 1567 1699 1618 Cap.
1717 1568 1744 1606 1.

1027 1656 1030 1657 γ
1094 1620 1240 1669 aulus,
1252 1620 1510 1670 etSilvanus,
1523 1625 1565 1661 et
1572 1619 1844 1661 Timotheus:

1028 1678 1030 1680 ’
1064 1715 1099 1719 r
1118 1676 1326 1718 Ecclesiae
1336 1676 1790 1718 Thessalonicensium
1802 1676 1844 1716 in

1021 1734 1118 1775 Deo
1137 1733 1268 1774 Patre
1288 1735 1451 1782 nos'tro,
1472 1738 1515 1774 et
1533 1733 1722 1774 Domino
1741 1733 1765 1773 J
1768 1745 1844 1773 esu

1023 1790 1206 1831 Christo.
1231 1789 1383 1831 Gratia
1398 1788 1534 1837 vobis,
1550 1794 1594 1830 et
1607 1802 1693 1841 pax
1709 1802 1734 1829 a
1748 1789 1843 1829 Deo

1021 1846 1151 1887 Patre
1165 1851 1328 1895 nostro,
1345 1851 1389 1887 et
1401 1846 1591 1886 Domino
1605 1845 1630 1885 J
1632 1857 1708 1885 esu
1725 1844 1842 1885 Chri-

1021 1906 1102 1943 sto.
1140 1902 1314 1943 Gratias
1343 1903 1473 1952 agere
1501 1900 1710 1942 debemus
1734 1913 1842 1942 sem-

1020 1971 1100 2010 per
1117 1959 1214 1999 Deo
1238 1970 1319 2010 pro
1344 1957 1486 2007 vobis,
1514 1957 1685 2006 fratres,
1712 1957 1772 1998 ita
1796 1962 1844 1998 ut

1021 2014 1199 2065 dignum
1220 2019 1301 2063 est,
1326 2014 1531 2066 quoniam
1555 2013 1844 2066 supercrescit
1890 2034 1891 2038 =

1020 2070 1131 2111 fides
1167 2074 1332 2119 vestra,
1374 2075 1417 2111 et
1453 2069 1646 2111 abondat
1683 2070 1843 2111 caritas

1019 2127 1358 2178 uniuscujusque
1377 2131 1570 2168 vestrum
1586 2126 1629 2166 in
1644 2126 1843 2167 invicem:

1020 2182 1081 2223 ita
1094 2187 1142 2224 ut
1158 2187 1202 2224 et
1215 2195 1296 2224 nos
1311 2183 1396 2235 ipsi
1409 2183 1453 2223 in
1466 2182 1592 2224 vobis
1608 2182 1843 2234 gloriemur

1020 2239 1063 2279 in
1082 2238 1290 2280 Ecclesiis
1309 2239 1409 2289 Dei,
1433 2251 1514 2291 pro
1539 2239 1750 2292 patientia
1772 2251 1841 2280 ve-

1021 2300 1126 2343 stra,
1151 2300 1194 2336 et
1211 2294 1316 2344 fide,
1342 2299 1385 2336 et
1408 2295 1451 2336 in
1475 2295 1677 2336 omnibus
1697 2307 1842 2347 perse-

1021 2351 1267 2393 cutionibus
1290 2352 1464 2401 vestris,
1491 2357 1534 2393 et
1557 2351 1841 2392 tribulationi-

1019 2407 1118 2456 buS‚
1147 2420 1255 2459 quas
1280 2408 1503 2449 sustinetis
1526 2408 1571 2448 in
1595 2407 1842 2460 exemplum

1020 2463 1120 2514 justi
1134 2463 1280 2515 judicii
1292 2464 1387 2512 Dei,
1401 2469 1448 2505 ut
1463 2463 1581 2514 digni
1595 2463 1841 2504 habeamini

1019 2519 1063 2558 in
1083 2532 1218 2570 regno
1237 2520 1335 2569 Dei,
1360 2532 1440 2572 pro
1463 2532 1549 2571 quo
1572 2524 1615 2560 et
1635 2519 1841 2572 patimini.

1073 2576 1121 2627 R.
1145 2575 1213 2617 Ne
1233 2575 1489 2628 perdideris.
1516 2576 1615 2616 290.

1328 2634 1477 2675 Lectio
1497 2635 1535 2673 ii.

997 2706 1000 2711 ·
1090 2687 1104 2727 i
1126 2692 1272 2729 tamen
1295 2688 1453 2739 justum
1473 2692 1539 2729 est
1562 2688 1680 2740 apud
1697 2688 1839 2727 Deum

987 2705 993 2793 Ι
1020 2685 1084 2791 S
1097 2743 1338 2786 retribuere
1352 2743 1678 2786 tribulationem
1692 2743 1754 2793 iis,
1765 2742 1839 2795 qui
