2040 2990
755 191 959 225 Dominica
982 190 1027 224 Π.
1052 190 1266 224 Adventus.
1799 188 1862 223 143
1914 198 1915 227 ς

153 303 249 331 rum
276 294 320 331 et
346 288 433 330 mel
462 286 680 337 comedet,
708 292 756 328 ut
782 287 892 328 sciat
919 299 982 328 re-

154 345 344 399 probare
362 344 540 393 malum,
566 348 609 385 et
629 343 790 394 eligere
808 343 984 384 bonum.

209 403 260 454 R.
283 402 399 442 Ecce
419 399 523 441 dies.
544 399 629 440 136.

1378 290 1539 329 Oratio.

1123 346 1239 387 xcita
1257 346 1445 388 Domine
1473 347 1607 388 corda
1630 351 1782 389 nostra
1806 346 1863 388 ad

1130 402 1446 454 praeparandas
1456 403 1674 453 Unigeniti
1685 403 1747 444 tui
1756 403 1864 443 vias:

209 458 279 499 Ad
298 457 459 498 Bened.
489 458 587 496 Ant.
616 456 735 507 Sion,
757 455 847 496 noli
863 455 984 496 time-
1035 463 1083 500 ut
1119 471 1200 511 per
1235 459 1325 510 ejus
1357 458 1593 501 adventum
1622 459 1862 511 purificatis

155 526 212 563 re,
231 514 255 540 *
275 526 379 555 ecce
398 512 519 553 Deus
537 517 638 553 tuus
657 511 811 560 veniet,
831 510 942 552 allel.

388 582 468 624 Ad
487 582 752 633 vesperas.

261 640 522 692 Capitulum.

157 921 408 963 habeamus.

468 977 678 1027 Hymnus.

254 1035 402 1075 reator
422 1033 534 1074 alme
554 1032 758 1082 siderum,

274 1090 458 1130 AEterna
478 1089 553 1130 lux
571 1088 855 1138 credentium,

236 1146 261 1186 J
264 1158 342 1187 esu
360 1144 635 1197 Redemptor
655 1145 858 1194 omnium,

235 1200 420 1242 Intende
439 1201 556 1242 votis
575 1201 834 1253 supplicum.

183 1266 270 1316 Qui
288 1266 502 1308 daemonis
520 1279 575 1307 ne
595 1265 821 1307 fraudibus

237 1322 408 1364 Periret
428 1321 559 1371 orbis,
578 1324 747 1373 impetu

238 1378 416 1419 Amoris
436 1382 571 1426 actus,
590 1377 785 1428 languidi

237 1433 391 1475 Mundi
408 1432 581 1474 medela
600 1433 741 1474 factus
761 1446 819 1475 es.

187 1499 432 1540 Commune
453 1497 527 1550 qui
545 1497 696 1539 mundi
714 1498 836 1539 nefas

239 1554 299 1596 Ut
318 1554 535 1606 expiares3
553 1553 611 1595 ad
630 1566 805 1595 crucem

238 1610 277 1651 E
295 1609 489 1660 Virginis
509 1609 703 1651 sacrario

239 1667 411 1707 Intacta
429 1665 583 1718 prodis
602 1665 789 1707 victima.

188 1731 319 1782 Cujus
337 1732 536 1783 potestas
555 1729 720 1780 gloriae,

239 1786 502 1838 Nomenque
522 1798 621 1826 cum
643 1786 833 1838 primum
852 1790 993 1835 sonat;

241 1843 299 1884 Et
317 1842 487 1883 co'elites
508 1846 552 1883 et
569 1841 695 1882 inferi

240 1898 475 1940 Tremente
494 1899 729 1939 curvantur
748 1910 873 1948 genu.

189 1964 255 2006 Te
275 1963 564 2016 deprecamur
583 1962 748 2004 ultimae

243 2020 450 2070 Magnum
470 2018 557 2060 diei
574 2019 599 2059 J
601 2017 785 2068 udicem‚

242 2076 390 2116 Armis
409 2076 612 2127 supernae
633 2074 786 2124 gratiae

242 2131 441 2174 Defende
460 2143 542 2172 nos
562 2130 616 2172 ab
636 2130 847 2171 hostibus.

191 2195 355 2245 Virtus,
373 2195 527 2244 honor,
546 2194 653 2243 laus,
672 2194 813 2244 gloria

242 2251 340 2293 Deo
358 2251 478 2293 Patri
497 2263 596 2291 cum
614 2249 738 2299 Filio,

243 2307 404 2348 Sancto
423 2305 552 2347 simul
570 2305 801 2354 Paraclito,

243 2364 295 2404 In
314 2361 575 2403 saeculOrum
594 2360 766 2402 saecula.
792 2360 944 2401 Amen.

216 2417 266 2467 V.
296 2419 464 2459 Rorate
491 2416 592 2459 coeli
619 2416 824 2469 desuper,
854 2420 897 2456 et
919 2428 993 2455 nu-

167 2474 246 2516 bes
277 2474 431 2526 pluant
460 2474 631 2525 justum.
672 2475 723 2525 R.
758 2471 994 2523 Aperiatur

168 2534 295 2579 terra,
317 2534 360 2571 et
377 2529 591 2580 germinet
609 2527 891 2569 Salvatorem.

219 2585 291 2626 Ad
308 2586 481 2636 Magnis.
510 2587 609 2626 Ant.
644 2584 753 2625 Veni
771 2581 994 2623 Demine*
1056 2625 1062 2633 .
1123 2629 1131 2639 .

170 2640 347 2681 visitare
378 2653 460 2681 nos
491 2640 534 2680 in
561 2652 688 2692 pace,
719 2643 767 2680 ut
797 2638 995 2679 laetemur
1058 2659 1061 2660 ν
1088 2636 1128 2660 '³³²
1786 2683 1794 2690 -

1000 2708 1003 2711 ·
1046 2704 1127 2743 per
1152 2704 1251 2733 eum
1274 2690 1452 2743 spiritus
1475 2686 1666 2729 Demini:
1692 2685 1868 2735 spintus

171 2708 321 2737 coram
338 2700 384 2737 te
403 2695 538 2737 corde
555 2695 764 2748 perfecto.

681 639 806 679 Rom.
822 639 880 678 15.

155 695 422 801 Fratres:
476 698 776 748 Quaecumque
822 696 986 748 scripta

252 757 370 803 sunt,
414 753 471 794 ad
508 757 704 794 nostram
742 751 987 793 doctrinam

157 809 322 862 scripta
340 813 454 850 sunt:
481 814 529 850 ut
548 821 628 861 per
646 808 918 861 patientiam,
943 812 988 848 et

158 865 503 907 consolationem
520 865 844 917 Scripturarum
863 877 988 916 spem

1035 515 1114 557 tibi
1150 514 1368 556 mentibus
1404 517 1568 556 servire
1603 517 1864 556 mereamur:

1037 571 1122 622 Qui
1140 575 1286 612 tecum
1304 571 1412 612 vivit
1434 576 1477 613 et
1495 576 1658 621 regnat.

1244 651 1506 679 ——ffl
1520 664 1575 666 -7
1653 664 1659 665 ff

1107 725 1383 774 Dominica
1409 724 1474 774 ΙΙ.
1503 724 1793 773 Adventus.

1203 809 1292 850 Ad
1317 808 1704 849 Matutinum.

1093 871 1217 911 Invit.
1260 871 1425 920 Regem
1456 872 1688 910 venturum
1719 868 1866 909 Domi-

1040 940 1153 976 num,
1172 928 1194 950 *
1214 926 1374 967 Venite
1394 925 1638 966 adoremus.

1096 990 1164 1028 Ps.
1184 987 1352 1035 Venite,
1381 985 1657 1027 exsultemus.
1685 987 1721 1026 2.

1354 1056 1562 1106 Hymnus.

1185 1120 1338 1162 erbum
1357 1122 1592 1172 supernum
1611 1119 1818 1172 prudiens

1203 1177 1240 1217 E
1257 1177 1400 1217 Patris
1420 1177 1572 1217 aeterni
1592 1177 1698 1226 sinu,

1145 1234 1230 1284 Qui
1247 1238 1375 1274 natus
1395 1232 1491 1273 orbi
1510 1232 1727 1281 subvenis,

1145 1289 1343 1331 Labente
1363 1301 1492 1329 eursu
1510 1288 1736 1340 temporis:

1096 1354 1296 1395 Illumina
1314 1365 1429 1393 nunc
1448 1354 1640 1405 pectora,

1146 1410 1333 1461 Tuoque
1353 1410 1501 1449 amore
1521 1410 1761 1457 concrema,

1149 1466 1208 1507 Ut
1228 1477 1305 1506 cor
1324 1464 1490 1506 caduca
1510 1463 1717 1505 deserens

1149 1521 1260 1563 Coeli
1279 1520 1483 1572 voluptas
1502 1519 1691 1572 impleat.

1093 1587 1160 1636 Ut,
1181 1599 1281 1627 cum
1300 1584 1490 1626 tribunal
1509 1584 1533 1624 J
1534 1583 1674 1625 udicis

1147 1641 1384 1683 Damnabit
1402 1640 1491 1692 igni
1509 1640 1676 1690 noxios,

1148 1699 1205 1740 Et
1223 1710 1311 1739 vox
1330 1699 1469 1738 amica
1489 1695 1683 1738 debitum

1149 1753 1342 1796 Vocabit
1361 1752 1417 1794 ad
1437 1752 1597 1793 coelum
1615 1752 1724 1804 pios.

1096 1818 1197 1860 Non
1217 1829 1317 1859 esca
1335 1816 1609 1857 flammarum
1627 1815 1775 1865 nigros

1148 1873 1391 1915 Volvamur
1410 1872 1521 1912 inter
1539 1870 1745 1920 turbines,

1148 1928 1287 1970 Vultu
1303 1927 1388 1969 Dei
1407 1926 1486 1968 sed
1505 1928 1733 1978 cempotes

1150 1984 1260 2026 Coeli
1278 1984 1473 2025 fruamur
1492 1981 1673 2033 gaudiis.

1103 2049 1217 2091 Patri
1237 2047 1452 2100 simulque
1471 2046 1594 2096 Filio,

1150 2105 1340 2157 Tibique
1360 2107 1510 2144 sancte
1528 2101 1725 2155 Spiritus,

1149 2161 1269 2202 Sicut
1286 2160 1377 2209 fuit,
1397 2159 1452 2200 sit
1470 2158 1625 2210 jugiter

1149 2216 1336 2259 Saeclum
1354 2227 1434 2267 per
1454 2226 1581 2255 omne
1600 2212 1748 2263 gloria.

1355 2270 1508 2312 Amen.

1288 2343 1337 2380 In
1356 2343 1385 2380 Ι.
1404 2342 1625 2380 Nocturno.

1224 2403 1291 2442 De
1318 2400 1432 2440 Isaia
1458 2397 1691 2449 Propheta.

1147 2466 1299 2506 Lectio
1320 2466 1343 2505 i.
1591 2464 1692 2513 Cap.
1716 2465 1762 2502 ll.

1132 2530 1180 2566 „t
1213 2522 1461 2574 egredietur
1488 2521 1611 2571 virga
1642 2519 1697 2561 de
1724 2517 1868 2559 radice

1061 2598 1062 2605 ¹
1179 2581 1204 2621 J
1207 2592 1318 2628 esse,
1347 2582 1390 2619 et
1417 2577 1500 2618 flos
1529 2576 1583 2617 de
1607 2574 1754 2616 radice
1780 2573 1867 2623 ejus

1179 2634 1398 2676 ascendet.
1442 2633 1498 2673 Et
1526 2631 1769 2683 requiescet
1800 2640 1867 2667 su·
