2080 2990
560 239 734 272 ‹micium
762 239 935 272 votivum
962 240 1008 272 dc
1034 241 1069 271 S.
1094 238 1242 279 dost-ph
1268 238 1422 279 Sponso
1447 238 1487 271 B.
1514 238 1559 271 M.
1584 238 1625 271 V.

233 341 331 387 pter
355 333 612 384 dignitatem
636 333 805 375 virilem
829 332 883 374 ab
909 332 1062 374 6rdine

232 389 562 441 generatidnum
598 389 772 430 illarum
807 402 895 430 non
928 389 1062 430 fuisse

234 444 538 498 separandum,
555 457 610 486 ne
623 444 709 486 hoc
724 445 823 497 ipso
839 444 1062 486 videretur

233 501 287 542 ab
312 501 384 541 illa
409 501 568 541 femina
591 503 839 553 separatus,
868 501 937 542 cui
962 513 1061 542 eum

233 556 522 608 conjungebat
541 557 699 598 mentis
719 556 924 598 affectus?

289 620 349 658 'Fe
369 617 510 658 Deum
529 616 768 658 laudamus.
787 618 848 675 14ζ

497 701 576 742 Ad
602 702 799 742 Laudes

441 762 490 789 et
531 766 628 799 per
668 756 862 789 Horas.

291 817 384 856 Ant.
408 818 434 854 1.
459 813 594 855 Jacob
615 819 760 855 autem
779 815 803 839 *
822 812 972 864 genuit
990 812 1015 853 J
1018 825 1060 853 o—

233 870 342 922 seph
370 870 510 911 virum
538 870 706 919 Mariae,
735 869 790 910 de
819 881 905 920 qua
932 873 1062 909 natus

233 932 299 967 est
318 926 343 966 J
346 939 456 975 esus,
477 926 550 978 qui
571 928 754 967 vocatur
774 925 983 966 Christus.

292 989 355 1027 l’s.
386 986 597 1027 Dominus
618 986 826 1037 regnavit.
846 986 905 1026 15.

286 1050 319 1087 2.
351 1047 506 1087 Missus
530 1051 596 1088 est
619 1049 643 1073 *
664 1046 859 1097 Angelus
881 1045 1061 1087 Gabriel

232 1116 256 1144 a
284 1103 382 1145 Deo
415 1103 457 1143 in
490 1103 713 1144 civitatem
742 1102 956 1151 Galilaeae,
991 1102 1061 1143 cui

232 1172 390 1200 nomen
408 1159 641 1208 Nazareth,
664 1159 720 1201 ad
739 1159 967 1210 Virginem
989 1158 1060 1200 de-

232 1218 485 1267 sponsatam
517 1216 632 1263 viro,
670 1216 740 1257 eui
776 1228 934 1256 nomen
969 1219 1061 1256 erat

231 1272 253 1312 J
259 1271 408 1324 oseph.

284 1335 319 1371 3.
360 1331 571 1374 Ascendit
603 1337 749 1373 autem
780 1334 803 1358 *
836 1331 1004 1385 Joseph
1037 1345 1062 1373 a

232 1387 417 1428 Galilaea
449 1387 503 1429 de
537 1388 714 1430 civitate
741 1388 984 1438 Nazareth,
1018 1389 1062 1429 in

231 1443 441 1494 Juda‘eam,
466 1444 510 1484 in
535 1444 759 1486 civitatem
780 1443 937 1494 David,
963 1457 1062 1496 quae

232 1502 414 1541 vocatur
433 1500 702 1542 Bethlehem.

285 1564 319 1600 4..
352 1563 405 1602 Et
429 1562 643 1602 venerunt
668 1561 941 1611 festinantes,
969 1562 992 1587 *
1019 1567 1063 1603 et

233 1615 491 1658 invenerunt
519 1617 701 1657 Mariam
730 1623 773 1658 et
802 1617 988 1670 Joseph‚
1019 1624 1063 1659 et

233 1671 442 1713 infantem
460 1673 653 1725 pesitum
671 1673 714 1713 in
733 1674 965 1726 praesepio.

286 1735 322 1773 Γ).
355 1734 408 1774 Et
427 1733 522 1785 ipse
541 1734 566 1774 J
569 1746 669 1775 esus
692 1735 715 1760 *
737 1739 830 1775 erat
848 1733 1062 1787 incipiens

234 1788 357 1839 quasi
391 1791 602 1831 annerum
634 1790 832 1841 triginta,
864 1795 912 1831 ut
939 1796 1062 1843 puta-

233 1843 362 1885 batur
381 1845 495 1886 filius
514 1846 539 1886 J
540 1845 690 1898 oseph.

311 1927 568 1977 Capitulum.
729 1927 835 1966 Gen.
857 1928 923 1965 49.
945 1925 982 1965 d.

316 1987 612 2030 enedietic'mes
637 1989 775 2042 patris
802 1989 865 2030 tui
893 1990 1062 2031 eonfor-

335 2046 442 2085 tz'ltae
466 2051 565 2086 sunt
588 2045 968 2088 benedicti6nibus
989 2059 1062 2098 pa-

233 2105 347 2140 trum
380 2101 489 2151 ejus,
523 2100 665 2142 donec
696 2104 864 2143 veniret
893 2101 1063 2144 deside-

235 2155 345 2196 rium
373 2156 549 2197 edilium
577 2160 858 2199 aeterndrum:
887 2158 993 2199 fiant
1020 2159 1063 2198 in

236 2211 380 2263 eapite
398 2212 422 2252 J
426 2212 581 2265 oseph‚
607 2219 650 2255 et
674 2214 716 2254 in
742 2214 905 2256 vertice
924 2214 1062 2256 Naza-

235 2268 309 2307 re'ei
330 2268 442 2310 inter
460 2268 615 2310 fratres
634 2283 749 2311 suos.

546 2349 753 2398 Hymnus.

335 2405 504 2447 o'elitum
536 2406 703 2459 Joseph
741 2407 894 2459 decus,
931 2415 1063 2462 atque

544 2467 709 2504 nostrae

315 2515 444 2558 Certa
479 2531 582 2571 spes
617 2519 738 2569 vitae,
776 2520 1064 2574 columenque

545 2574 705 2625 mundi,

314 2630 432 2679 Quas
464 2629 544 2671 tibi
575 2631 665 2672 laeti
697 2632 911 2683 canimus,
947 2633 1064 2676 beni-

546 2699 656 2736 gnus

443 2742 626 2797 Suscipe
644 2743 808 2786 laudes.

1145 334 1205 373 'Fe
1225 331 1356 372 Sator
1375 343 1520 372 rerum
1539 331 1692 372 statuit
1709 330 1886 384 pudieae

1192 387 1385 437 Virginis
1425 399 1670 484 ῧροὲῗιιῐη,
1719 387 1946 438 voluitque

1192 500 1257 541 Te
1282 504 1455 552 patrem
1469 455 1581 549 {ll-ici,
1611 497 1733 540 dedit
1759 503 1803 540 et
1826 498 1946 539 mini-

1426 560 1565 596 strum

1321 612 1431 653 Esse
1452 611 1617 653 salutis.

1147 683 1206 721 Ἧι
1231 679 1580 733 Redemptdrem
1607 679 1782 722 stabulo
1809 680 1949 733 jacen-

1192 794 1332 843 Quem
1352 742 1693 861 ehdgss'Vatum
1713 792 1871 835 cecinit
1884 792 1947 834 fu-

1191 905 1367 958 Aspieis
1413 855 1633 956 ggddffiis,
1683 904 1947 956 humilisque

1426 968 1577 1004 natum

1321 1019 1494 1061 Numen
1514 1018 1685 1061 ad6ras.

1147 1092 1239 1130 Rex
1257 1089 1379 1130 Deus
1403 1101 1570 1152 regum,
1594 1087 1858 1129 Dominator
1881 1099 1948 1128 or-

1193 1202 1324 1254 Cujus
1353 1200 1410 1242 ad
1424 1144 1590 1242 linitum
1617 1199 1764 1242 tremit
1791 1199 1948 1240 infere-

1192 1313 1364 1363 Turba,
1404 1271 1677 1366 cffimpronus
1713 1311 1949 1354 famulatur
1972 1307 1974 1309 ’

1429 1369 1577 1419 aether,

1322 1427 1379 1468 Se
1397 1425 1478 1468 tibi
1497 1425 1656 1467 subdit.

1145 1499 1260 1537 Laus
1281 1496 1336 1537 sit
1357 1495 1545 1536 excelsae
1563 1493 1716 1535 Triadi
1733 1492 1950 1547 perennis,

1194 1554 1303 1603 Quae
1326 1551 1406 1593 tibi
1430 1551 1635 1604 praebens
1661 1553 1848 1603 superos
1872 1548 1949 1590 ho-

1425 1610 1567 1658 neres,

1194 1666 1282 1706 Det
1300 1664 1386 1706 tuis
1404 1664 1534 1706 nobis
1553 1664 1721 1706 meritis
1738 1662 1884 1705 beatae

1325 1720 1498 1763 Gaudia
1516 1721 1631 1762 vitae.
1658 1719 1813 1761 Amen.

1170 1773 1220 1823 V.
1235 1777 1410 1820 Dedisti
1425 1777 1531 1818 mihi
1546 1776 1870 1830 protectionem
1884 1787 1949 1816 sa-

1115 1834 1218 1876 lutis
1243 1840 1344 1876 tuae.
1383 1836 1433 1886 Rg.
1464 1834 1521 1875 Et
1548 1832 1733 1875 dextera
1756 1838 1833 1874 tua
1858 1844 1950 1873 sus-

1116 1891 1235 1944 cepit
1252 1903 1334 1932 me.
1954 1938 1959 1941 γ

1172 1947 1239 1986 Ad
1264 1946 1424 1987 Bened.
1447 1947 1546 1987 Ant.
1581 1944 1760 1997 Joseph,
1783 1943 1846 1986 fili
1864 1944 1950 1985 Da-

1116 2002 1201 2052 vid,
1221 2006 1245 2030 *
1264 2003 1355 2044 noli
1372 2003 1526 2044 timere
1546 2004 1748 2054 accipere
1766 2001 1950 2042 Mariam

1117 2061 1347 2112 conjugem
1373 2064 1511 2108 tuam3
1540 2057 1662 2110 quod
1687 2058 1803 2099 enim
1828 2057 1872 2097 in
1898 2068 1951 2098 ea

1117 2121 1267 2158 natum
1287 2121 1364 2165 est,
1386 2115 1441 2157 de
1459 2114 1626 2168 Spiritu
1645 2118 1799 2156 sancto
1819 2118 1898 2154 est.

1451 2177 1615 2217 Oratio.

1205 2244 1302 2280 eus,
1336 2231 1410 2283 qui
1436 2230 1646 2272 ineffAbili
1671 2229 1951 2283 providentia

1227 2287 1407 2329 beatum
1449 2287 1475 2327 J
1477 2286 1618 2339 oseph
1663 2287 1950 2328 sanctissimae

1117 2343 1354 2385 Genitricis
1383 2348 1484 2385 tuae
1530 2355 1743 2395 sponsum
1789 2343 1950 2394 eligere

1117 2399 1322 2451 dignatus
1341 2412 1403 2441 es:
1421 2404 1596 2452 praesta,
1617 2401 1884 2451 quaesumus3
1902 2404 1951 2441 ut

1118 2469 1249 2508 quem
1282 2457 1582 2508 protectdrem
1616 2458 1876 2498 veneramur
1906 2455 1951 2496 in

1116 2512 1264 2562 terris,
1298 2512 1636 2553 intercessdrem
1666 2511 1831 2554 habere
1863 2524 1950 2553 me-

1117 2570 1292 2610 rezimur
1311 2568 1355 2609 in
1374 2567 1513 2609 eoelis:
1542 2568 1625 2618 Qui
1643 2568 1766 2610 vivis.

1389 2633 1457 2668 Ad
1480 2632 1684 2670 Tertiam.

1167 2687 1267 2727 Ant.
1302 2685 1460 2726 Missus
1481 2690 1558 2726 est.

1167 2747 1303 2798 Capit.
1338 2744 1687 2788 Benedictidnes.
1705 2753 1749 2786 ut
1770 2759 1913 2797 supra.
