2080 2990
808 206 844 238 In
875 205 1123 239 medicatione
1150 204 1343 237 Eeclesice.

231 308 363 352 stras,
392 308 435 344 et
458 302 686 344 elevemini
709 307 851 355 portae
876 303 1055 343 aeterna-

231 359 309 400 les:
328 359 351 385 *
371 363 415 401 et
433 358 631 401 introibit
650 359 747 401 Rex
766 358 929 410 gloriae.

283 415 390 466 Quis
415 420 482 457 est
505 415 588 457 iste
612 415 710 457 Rex
730 413 904 467 gloriae?
924 415 948 441 *
967 415 1055 455 Do'-

230 472 371 513 minus
396 473 607 514 virtutum
632 472 726 525 ipse
752 477 819 514 est
841 472 939 514 Rex
965 471 1055 522 glo·

230 541 318 570 r1ae.

286 598 381 637 Ant.
435 598 593 640 Tollite
638 603 791 652 portas
835 597 1054 651 principes

231 659 414 705 vestras,
442 660 485 697 et
511 655 741 697 elevemini
765 659 907 708 portae
933 658 1055 695 aeter-

229 711 362 753 noles.

283 786 381 825 Ant.
423 787 519 827 Erit
556 786 662 826 mihi
698 787 721 811 *
758 785 973 827 Dominus
1012 784 1055 824 in

229 842 388 892 Deum,
417 847 461 884 et
485 843 596 895 lapis
620 842 702 884 iste
726 841 956 884 vocabitur
981 840 1054 882 do-

229 911 326 939 mus
345 898 439 940 Dei.

499 972 696 1013 Psalmus
717 974 782 1012 45.

228 1029 393 1134 Deus
413 1044 561 1080 noster
584 1038 815 1089 refugium,
842 1043 885 1080 et
903 1039 1054 1080 virtus:

334 1097 357 1121 *
394 1095 566 1148 adjutor
607 1095 650 1135 in
690 1095 1054 1145 tribulationibus,

229 1166 327 1205 quae
346 1153 604 1194 invenerunt
621 1164 703 1192 nos
722 1152 861 1193 nimis.

278 1210 519 1262 Propterea
551 1221 638 1250 non
670 1208 918 1250 timebimus
950 1208 1054 1250 dum

230 1266 474 1308 turbabitur
506 1271 637 1307 terra:
665 1266 689 1292 *
718 1269 761 1306 et
794 1265 1053 1306 transferen-

226 1328 296 1364 tur
315 1328 487 1365 montes
505 1323 547 1363 in
568 1335 644 1364 cor
663 1322 804 1363 maris.

278 1380 536 1429 Sonuerunt,
552 1384 595 1421 et
608 1378 796 1420 turbetae
813 1383 914 1420 sunt
927 1391 1053 1430 aquae

227 1439 394 1478 eorum:
422 1437 445 1462 *
474 1435 723 1477 conturbati
755 1439 855 1476 sunt
882 1439 1053 1477 montes

227 1493 270 1534 in
290 1493 545 1535 fortitudine
565 1492 666 1544 ejus.

277 1550 487 1591 Fluminis
515 1551 705 1601 impetus
732 1549 926 1590 laetificat
955 1549 1052 1590 civi-

226 1608 362 1648 teitem
381 1607 478 1648 Dei:
497 1607 521 1633 *
541 1605 829 1647 sanctificavit
854 1605 1052 1647 taberne—

227 1663 371 1704 culum
391 1676 517 1705 suum
535 1662 798 1704 Altissimus.

277 1720 399 1762 Deus
418 1720 462 1760 in
475 1718 622 1760 medio
639 1719 738 1770 ejus,
757 1732 845 1761 non
861 1731 1052 1760 commo-

227 1776 414 1818 vebitur:
429 1778 453 1804 *
468 1774 690 1828 adjuvabit
710 1789 805 1818 eam
824 1776 946 1817 Deus
964 1788 1051 1817 ma-

226 1846 280 1875 ne
300 1832 504 1875 diluculo.

278 1889 562 1932 Conturbetae
591 1894 692 1931 sunt
720 1889 896 1939 Gentes,
925 1892 969 1930 et
993 1888 1053 1928 in-

227 1946 386 1988 clinata
414 1951 513 1988 sunt
540 1959 688 1998 regna:
707 1947 731 1974 *
751 1945 873 1988 dedit
899 1957 1054 1986 vocem

227 2016 360 2052 suam,
379 2008 499 2045 mota
519 2008 586 2045 est
603 2008 730 2044 terra.

278 2060 492 2101 Dominus
520 2060 730 2102 virtutum
756 2058 1002 2100 nobiscum:
1030 2059 1053 2085 *

227 2118 458 2169 susceptor
481 2121 631 2158 noster
652 2116 773 2157 Deus
796 2114 945 2157 Jacob.

278 2173 452 2222 Venite,
481 2177 524 2214 et
547 2172 691 2214 videte
711 2175 849 2225 opera
866 2171 1054 2220 Domini,

227 2241 326 2281 quae
344 2229 493 2282 posuit
510 2228 711 2281 prodigia
730 2241 862 2282 super
877 2233 1053 2270 terram:

225 2286 249 2312 *
277 2285 477 2328 auferens
512 2285 627 2327 bella
660 2298 799 2337 usque
833 2284 889 2327 ad
922 2285 1053 2327 finem

225 2346 366 2383 terrae.

265 2399 441 2442 ,Arcum
477 2400 691 2448 conteret,
731 2404 774 2441 et
811 2399 1054 2451 confringet

225 2467 361 2497 arma:
379 2457 402 2483 *
423 2460 466 2497 et
485 2460 607 2497 scuta
627 2455 857 2497 comburet
875 2455 975 2507 igni.

277 2511 462 2561 Vaceste,
492 2516 535 2553 et
562 2511 707 2553 videte
738 2511 942 2564 quoniam
971 2525 1052 2563 ego

226 2582 322 2610 sum
336 2568 470 2610 Deus:
485 2570 508 2595 *
524 2568 751 2610 exaltabor
769 2568 813 2608 in
829 2568 1052 2617 Gentibus,

226 2631 270 2667 et
289 2624 518 2667 exaltabor
536 2625 580 2665 in
599 2630 726 2666 terra.

274 2682 488 2723 Dominus
517 2681 727 2723 virtutum
755 2681 1002 2722 nobiscum:
1029 2683 1052 2707 *

224 2740 454 2791 susceptor
474 2743 625 2780 noster
643 2738 764 2780 Deus
782 2737 931 2779 Jacob.

1162 304 1259 344 Ant.
1288 301 1385 342 Erit
1410 300 1517 342 mihi
1540 301 1756 343 Dominus
1782 302 1827 343 in
1851 302 1936 344 De-

1110 370 1198 407 um,
1223 362 1267 398 et
1289 357 1400 410 lapis
1423 358 1505 399 iste
1525 358 1754 400 vocabitur
1779 358 1935 400 domus

1110 414 1204 455 Dei.

1161 472 1260 512 Ant.
1288 471 1545 513 AEdifieavit
1563 471 1586 497 *
1603 471 1780 524 Moyses
1798 471 1936 513 altare

1110 527 1299 569 Domino
1319 529 1427 570 Deo.

1382 584 1580 624 Psalmus
1600 583 1664 624 47.

1109 634 1349 741 Magnus
1373 640 1605 691 Dominus,
1634 645 1677 682 et
1705 640 1936 683 laudAbffis

1230 697 1356 738 nimis
1377 697 1400 723 *
1420 697 1463 738 in
1483 697 1659 739 civitate
1677 697 1762 739 Dei
1784 697 1936 747 nostri,

1110 753 1153 794 in
1172 759 1320 795 monte
1340 758 1492 796 sancto
1513 754 1614 806 ejus.

1160 810 1387 852 Fundetur
1412 810 1702 852 exsultatione
1721 811 1935 852 universae

1108 871 1238 908 terrae
1264 879 1388 908 mons
1413 868 1532 917 Sion,
1551 868 1575 893 *
1594 867 1732 909 letera
1754 867 1935 920 Aquilo-

1108 923 1184 968 nis,
1203 923 1355 965 civitas
1374 923 1508 974 Regis
1526 924 1681 976 magni.

1159 980 1281 1021 Deus
1304 980 1347 1021 in
1368 980 1571 1022 domibus
1591 981 1680 1033 ejus
1701 981 1935 1032 cognosce-

1108 1040 1190 1086 tur,
1213 1037 1236 1062 *
1256 1049 1355 1078 cum
1375 1037 1583 1090 suscipiet
1603 1050 1710 1079 eam.

1162 1093 1378 1144 Quoniam
1402 1106 1505 1135 ecce
1529 1106 1655 1146 reges
1679 1099 1809 1136 terrae
1835 1106 1934 1136 con-

1107 1151 1274 1202 gregati
1320 1155 1436 1192 sunt:
1481 1150 1504 1176 *
1550 1153 1847 1198 convenerunt
1890 1150 1935 1191 in

1106 1220 1252 1248 unum.

1158 1264 1250 1316 Ipsi
1280 1263 1479 1306 videntes
1507 1264 1570 1305 sic
1597 1263 1800 1306 admirati
1823 1268 1934 1314 sunt,

1107 1320 1357 1362 conturbati
1385 1325 1502 1370 sunt,
1536 1320 1744 1362 commoti
1772 1325 1886 1362 sunt:
1910 1320 1934 1347 *

1107 1381 1271 1419 tremor
1290 1377 1581 1430 apprehendit
1601 1389 1689 1419 eos.

1158 1433 1226 1475 Ibi
1254 1433 1431 1475 dolores
1459 1438 1507 1475 ut
1532 1434 1830 1487 parturientis,
1849 1434 1872 1460 *
1890 1433 1934 1475 in

1107 1491 1261 1543 spiritu
1289 1490 1534 1532 vehementi
1567 1493 1771 1533 conteres
1800 1503 1934 1532 naves

1108 1546 1301 1589 Tharsis.

1157 1604 1279 1646 Sicut
1302 1605 1565 1655 audivimus,
1593 1605 1656 1646 sic
1679 1603 1867 1646 vidimus
1890 1602 1934 1644 in

1107 1660 1285 1703 civitate
1308 1662 1487 1703 Domini
1511 1661 1736 1711 virtutum,
1765 1660 1809 1701 in
1834 1659 1933 1702 civi-

1106 1719 1197 1759 tate
1228 1718 1313 1759 Dei
1344 1718 1497 1760 nostri:
1529 1718 1553 1743 *
1585 1718 1706 1759 Deus
1735 1715 1934 1758 fundavit

1107 1787 1204 1816 eam
1222 1774 1265 1815 in
1285 1776 1507 1816 aeternum.

1157 1831 1437 1884 Suscepimus
1451 1831 1573 1873 Deus
1589 1829 1935 1873 misericordiam

1106 1892 1237 1938 tuam,
1256 1888 1280 1914 *
1299 1888 1343 1929 in
1360 1887 1508 1930 medio
1527 1887 1680 1941 templi
1698 1887 1773 1929 tui.

1158 1944 1408 1987 Secundum
1444 1958 1603 1987 nomen
1639 1949 1762 1987 tuum
1796 1944 1933 1994 Deus,

1108 2002 1170 2044 sic
1194 2007 1238 2044 et
1264 2002 1359 2044 laus
1383 2007 1458 2044 tua
1476 2003 1521 2043 in
1543 2002 1652 2044 fines
1670 2007 1816 2044 terrae:
1831 2001 1857 2028 *
1874 2001 1933 2053 ju-

1107 2059 1225 2100 stitia
1243 2058 1373 2112 plena
1391 2063 1459 2101 est
1477 2058 1658 2101 dextera
1677 2062 1761 2100 tua.

1158 2115 1354 2157 Laetetur
1370 2128 1498 2158 mons
1516 2115 1630 2167 Sion,
1652 2119 1696 2156 et
1715 2113 1934 2156 exsultent

1106 2172 1208 2213 fssiae
1239 2171 1377 2222 Judae,
1404 2172 1428 2198 *
1454 2176 1637 2225 propter
1669 2170 1826 2222 judicia
1858 2175 1933 2212 tua

1106 2229 1304 2270 Domine.

1160 2283 1438 2326 Circumdate
1461 2284 1583 2333 Sion,
1612 2288 1656 2325 et
1682 2283 1932 2337 complecti·

1105 2341 1209 2408 mini
1246 2354 1357 2383 eam:
1388 2341 1412 2367 *
1449 2342 1622 2382 narrete
1659 2340 1702 2381 in
1739 2340 1932 2382 turribus

1106 2411 1312 2496 ejssbnite
1345 2453 1479 2496 corda
1512 2458 1658 2496 vestra
1695 2454 1738 2495 in
1771 2454 1931 2496 virttite

1107 2512 1212 2564 ejus:
1234 2511 1258 2536 *
1284 2516 1328 2553 et
1360 2510 1607 2553 distribuite
1641 2510 1798 2553 domos
1831 2511 1932 2562 ejus,

1105 2572 1153 2609 ut
1171 2567 1380 2609 enarretis
1399 2568 1442 2608 in
1460 2567 1671 2620 progenie
1690 2567 1838 2609 altera.

1158 2624 1371 2675 Quoniam
1389 2623 1461 2665 hic
1480 2628 1547 2666 est
1565 2624 1698 2674 Deus,
1717 2624 1838 2665 Deus
1857 2636 1931 2666 no-

1105 2686 1196 2723 ster
1227 2681 1271 2722 in
1302 2681 1533 2730 aeternum‚
1573 2686 1616 2723 et
1647 2681 1691 2721 in
1722 2680 1931 2722 saeculum

1106 2737 1271 2779 saeculi:
1289 2737 1313 2763 *
1331 2737 1426 2790 ipse
1449 2741 1572 2788 reget
1592 2749 1674 2779 nos
1697 2737 1740 2778 in
1758 2736 1932 2778 saecula.
