<?xml version="1.0" encoding="UTF-8"?>
<!DOCTYPE html PUBLIC "-//W3C//DTD XHTML 1.0 Transitional//EN"
    "http://www.w3.org/TR/xhtml1/DTD/xhtml1-transitional.dtd">
<html xmlns="http://www.w3.org/1999/xhtml" xml:lang="en" lang="en">
 <head>
  <title>
</title>
<meta http-equiv="Content-Type" content="text/html;charset=utf-8" />
  <meta name='ocr-system' content='tesseract 3.04.00' />
  <meta name='ocr-capabilities' content='ocr_page ocr_carea ocr_par ocr_line ocrx_word'/>
</head>
<body>
  <div class='ocr_page' id='page_1' title='image "./p1breviariumroma00cathuoft_0642.png"; bbox 0 0 2080 2990; ppageno 0'>
   <div class='ocr_carea' id='block_1_1' title="bbox 846 203 1055 233">
    <p class='ocr_par' dir='ltr' id='par_1_1' title="bbox 846 203 1055 233">
     <span class='ocr_line' id='line_1_1' title="bbox 846 203 1055 233; baseline 0.014 -3"><span class='ocrx_word' id='word_1_1' title='bbox 846 205 853 230; x_wconf 87' lang='lat'><strong>(</strong></span> <span class='ocrx_word' id='word_1_2' title='bbox 867 203 900 233; x_wconf 76' lang='lat' dir='ltr'>Io</span> <span class='ocrx_word' id='word_1_3' title='bbox 906 211 979 233; x_wconf 83' lang='lat' dir='ltr'>mm</span> <span class='ocrx_word' id='word_1_4' title='bbox 985 212 1004 233; x_wconf 85' lang='lat' dir='ltr'>u</span> <span class='ocrx_word' id='word_1_5' title='bbox 1012 211 1055 233; x_wconf 77' lang='lat' dir='ltr'>nc</span> 
     </span>
    </p>
   </div>
   <div class='ocr_carea' id='block_1_2' title="bbox 378 301 863 344">
    <p class='ocr_par' dir='ltr' id='par_1_2' title="bbox 378 301 863 344">
     <span class='ocr_line' id='line_1_2' title="bbox 378 301 863 344; baseline 0.004 -2"><span class='ocrx_word' id='word_1_6' title='bbox 378 302 487 343; x_wconf 89' lang='lat' dir='ltr'>Pro</span> <span class='ocrx_word' id='word_1_7' title='bbox 516 301 863 344; x_wconf 80' lang='lat' dir='ltr'>Abbatibus.</span> 
     </span>
    </p>
   </div>
   <div class='ocr_carea' id='block_1_3' title="bbox 205 378 1039 841">
    <p class='ocr_par' dir='ltr' id='par_1_3' title="bbox 211 378 1039 609">
     <span class='ocr_line' id='line_1_3' title="bbox 432 378 816 420; baseline 0.01 -4"><span class='ocrx_word' id='word_1_8' title='bbox 432 378 478 417; x_wconf 90' lang='lat' dir='ltr'>In</span> <span class='ocrx_word' id='word_1_9' title='bbox 500 379 570 417; x_wconf 93' lang='lat' dir='ltr'><strong>III.</strong></span> <span class='ocrx_word' id='word_1_10' title='bbox 591 379 816 420; x_wconf 83' lang='lat' dir='ltr'>Nocturno.</span> 
     </span>
     <span class='ocr_line' id='line_1_4' title="bbox 211 436 1039 488; baseline 0.001 -10"><span class='ocrx_word' id='word_1_11' title='bbox 211 437 361 478; x_wconf 78' lang='lat' dir='ltr'>Lectio</span> <span class='ocrx_word' id='word_1_12' title='bbox 386 436 526 478; x_wconf 88' lang='lat' dir='ltr'>sancti</span> <span class='ocrx_word' id='word_1_13' title='bbox 546 437 772 488; x_wconf 88' lang='lat' dir='ltr'>Evangelii</span> <span class='ocrx_word' id='word_1_14' title='bbox 797 437 1039 479; x_wconf 81' lang='lat' dir='ltr'>secundum</span> 
     </span>
     <span class='ocr_line' id='line_1_5' title="bbox 490 492 760 535; baseline 0 -1"><span class='ocrx_word' id='word_1_15' title='bbox 490 492 760 535; x_wconf 79' lang='lat' dir='ltr'>Mattha&#39;eum.</span> 
     </span>
     <span class='ocr_line' id='line_1_6' title="bbox 313 556 933 609; baseline 0.002 -15"><span class='ocrx_word' id='word_1_16' title='bbox 313 556 461 596; x_wconf 69' lang='lat' dir='ltr'>Lecti«)</span> <span class='ocrx_word' id='word_1_17' title='bbox 486 558 549 596; x_wconf 64' lang='lat' dir='ltr'>vii.</span> <span class='ocrx_word' id='word_1_18' title='bbox 694 560 795 609; x_wconf 71' lang='lat' dir='ltr'>(lap.</span> <span class='ocrx_word' id='word_1_19' title='bbox 822 560 874 597; x_wconf 67' lang='lat'>19.</span> <span class='ocrx_word' id='word_1_20' title='bbox 897 557 933 596; x_wconf 80' lang='lat' dir='ltr'>d.</span> 
     </span>
    </p>

    <p class='ocr_par' dir='ltr' id='par_1_4' title="bbox 205 618 1038 784">
     <span class='ocr_line' id='line_1_7' title="bbox 252 618 1038 672; baseline 0 -12"><span class='ocrx_word' id='word_1_21' title='bbox 252 633 280 660; x_wconf 91' lang='lat' dir='ltr'>n</span> <span class='ocrx_word' id='word_1_22' title='bbox 308 619 384 661; x_wconf 92' lang='lat' dir='ltr'>illo</span> <span class='ocrx_word' id='word_1_23' title='bbox 410 621 626 672; x_wconf 87' lang='lat' dir='ltr'>tem&#39;pore:</span> <span class='ocrx_word' id='word_1_24' title='bbox 654 620 776 661; x_wconf 82' lang='lat' dir='ltr'>Dixit</span> <span class='ocrx_word' id='word_1_25' title='bbox 798 621 956 661; x_wconf 91' lang='lat' dir='ltr'>Petrus</span> <span class='ocrx_word' id='word_1_26' title='bbox 981 618 1038 660; x_wconf 91' lang='lat' dir='ltr'>ad</span> 
     </span>
     <span class='ocr_line' id='line_1_8' title="bbox 285 676 1036 728; baseline -0.001 -11"><span class='ocrx_word' id='word_1_27' title='bbox 285 676 310 717; x_wconf 88' lang='lat' dir='ltr'><strong>J</strong></span> <span class='ocrx_word' id='word_1_28' title='bbox 313 689 453 718; x_wconf 91' lang='lat' dir='ltr'>esum:</span> <span class='ocrx_word' id='word_1_29' title='bbox 496 677 613 718; x_wconf 91' lang='lat' dir='ltr'>Ecce</span> <span class='ocrx_word' id='word_1_30' title='bbox 653 690 735 718; x_wconf 90' lang='lat' dir='ltr'>nos</span> <span class='ocrx_word' id='word_1_31' title='bbox 777 676 1036 728; x_wconf 74' lang='lat' dir='ltr'>reliquimus</span> 
     </span>
     <span class='ocr_line' id='line_1_9' title="bbox 205 731 1038 784; baseline -0.001 -10"><span class='ocrx_word' id='word_1_32' title='bbox 205 733 369 783; x_wconf 79' lang='lat' dir='ltr'>emnia,</span> <span class='ocrx_word' id='word_1_33' title='bbox 403 737 448 775; x_wconf 93' lang='lat' dir='ltr'>et</span> <span class='ocrx_word' id='word_1_34' title='bbox 480 733 619 774; x_wconf 74' lang='lat' dir='ltr'>secuti</span> <span class='ocrx_word' id='word_1_35' title='bbox 651 746 801 774; x_wconf 89' lang='lat' dir='ltr'>sumus</span> <span class='ocrx_word' id='word_1_36' title='bbox 834 737 899 774; x_wconf 91' lang='lat' dir='ltr'>te:</span> <span class='ocrx_word' id='word_1_37' title='bbox 931 731 1038 784; x_wconf 92' lang='lat' dir='ltr'>quid</span> 
     </span>
    </p>

    <p class='ocr_par' dir='ltr' id='par_1_5' title="bbox 206 788 880 841">
     <span class='ocr_line' id='line_1_10' title="bbox 206 788 880 841; baseline -0.003 -10"><span class='ocrx_word' id='word_1_38' title='bbox 206 802 312 841; x_wconf 88' lang='lat' dir='ltr'>ergo</span> <span class='ocrx_word' id='word_1_39' title='bbox 333 789 417 831; x_wconf 93' lang='lat' dir='ltr'>erit</span> <span class='ocrx_word' id='word_1_40' title='bbox 433 788 584 831; x_wconf 89' lang='lat' dir='ltr'>nobis?</span> <span class='ocrx_word' id='word_1_41' title='bbox 625 789 682 830; x_wconf 91' lang='lat' dir='ltr'>Et</span> <span class='ocrx_word' id='word_1_42' title='bbox 701 789 880 841; x_wconf 89' lang='lat' dir='ltr'>reliqua.</span> 
     </span>
    </p>
   </div>
   <div class='ocr_carea' id='block_1_4' title="bbox 208 862 1037 1113">
    <p class='ocr_par' dir='ltr' id='par_1_6' title="bbox 208 862 1037 968">
     <span class='ocr_line' id='line_1_11' title="bbox 208 862 1037 915; baseline 0 -11"><span class='ocrx_word' id='word_1_43' title='bbox 208 863 398 905; x_wconf 89' lang='lat' dir='ltr'>Homilia</span> <span class='ocrx_word' id='word_1_44' title='bbox 423 863 463 905; x_wconf 92' lang='lat' dir='ltr'>S.</span> <span class='ocrx_word' id='word_1_45' title='bbox 489 863 748 915; x_wconf 79' lang='lat' dir='ltr'>Hierenymi</span> <span class='ocrx_word' id='word_1_46' title='bbox 772 862 1037 915; x_wconf 73' lang='lat' dir='ltr'><strong>Presbyteri.</strong></span> 
     </span>
     <span class='ocr_line' id='line_1_12' title="bbox 350 925 893 968; baseline 0 -10"><span class='ocrx_word' id='word_1_47' title='bbox 350 925 484 959; x_wconf 35' lang='lat'>11⁷1».</span> <span class='ocrx_word' id='word_1_48' title='bbox 513 926 549 958; x_wconf 84' lang='lat' dir='ltr'>iu</span> <span class='ocrx_word' id='word_1_49' title='bbox 577 925 705 958; x_wconf 57' lang='lat' dir='ltr'>Mum.</span> <span class='ocrx_word' id='word_1_50' title='bbox 733 936 814 968; x_wconf 69' lang='lat' dir='ltr'>cip</span> <span class='ocrx_word' id='word_1_51' title='bbox 846 926 893 958; x_wconf 56' lang='lat' dir='ltr'>lst</span> 
     </span>
    </p>

    <p class='ocr_par' dir='ltr' id='par_1_7' title="bbox 209 975 1037 1036">
     <span class='ocr_line' id='line_1_13' title="bbox 209 975 1037 1028; baseline 0 -12"><span class='ocrx_word' id='word_1_52' title='bbox 209 983 218 1016; x_wconf 61' lang='lat' dir='ltr'>f.</span> <span class='ocrx_word' id='word_1_53' title='bbox 325 975 489 1018; x_wconf 91' lang='lat' dir='ltr'>randis</span> <span class='ocrx_word' id='word_1_54' title='bbox 513 975 690 1017; x_wconf 88' lang='lat' dir='ltr'>fiducia:</span> <span class='ocrx_word' id='word_1_55' title='bbox 714 975 873 1017; x_wconf 88' lang='lat' dir='ltr'>Petrus</span> <span class='ocrx_word' id='word_1_56' title='bbox 897 975 1037 1028; x_wconf 88' lang='lat' dir='ltr'>pisca-</span> 
     </span>
    </p>

    <p class='ocr_par' dir='ltr' id='par_1_8' title="bbox 210 1023 1037 1113">
     <span class='ocr_line' id='line_1_14' title="bbox 210 1023 1037 1113; baseline -0.002 -39"><span class='ocrx_word' id='word_1_57' title='bbox 210 1023 333 1113; x_wconf 29' lang='grc' dir='ltr'>ἐμ</span> <span class='ocrx_word' id='word_1_58' title='bbox 357 1037 429 1074; x_wconf 90' lang='lat' dir='ltr'>tor</span> <span class='ocrx_word' id='word_1_59' title='bbox 461 1038 572 1082; x_wconf 90' lang='lat' dir='ltr'>erat,</span> <span class='ocrx_word' id='word_1_60' title='bbox 606 1032 731 1074; x_wconf 87' lang='lat' dir='ltr'>dives</span> <span class='ocrx_word' id='word_1_61' title='bbox 763 1044 852 1073; x_wconf 91' lang='lat' dir='ltr'>non</span> <span class='ocrx_word' id='word_1_62' title='bbox 884 1032 1037 1081; x_wconf 82' lang='lat' dir='ltr'>fuerat,</span> 
     </span>
    </p>
   </div>
   <div class='ocr_carea' id='block_1_5' title="bbox 243 1067 1041 1140">
    <p class='ocr_par' dir='ltr' id='par_1_9' title="bbox 243 1067 1041 1140">
     <span class='ocr_line' id='line_1_15' title="bbox 243 1067 1041 1140; baseline -0.003 -9.946"><span class='ocrx_word' id='word_1_63' title='bbox 243 1067 333 1117; x_wconf 54' lang='grc' dir='ltr'>ῑΪἈ</span> <span class='ocrx_word' id='word_1_64' title='bbox 358 1089 484 1130; x_wconf 92' lang='lat' dir='ltr'>cibos</span> <span class='ocrx_word' id='word_1_65' title='bbox 511 1102 644 1130; x_wconf 90' lang='lat' dir='ltr'>manu</span> <span class='ocrx_word' id='word_1_66' title='bbox 675 1094 719 1130; x_wconf 90' lang='lat' dir='ltr'>et</span> <span class='ocrx_word' id='word_1_67' title='bbox 747 1094 841 1130; x_wconf 91' lang='lat' dir='ltr'>arte</span> <span class='ocrx_word' id='word_1_68' title='bbox 872 1090 1041 1140; x_wconf 89' lang='lat' dir='ltr'>quaere-·</span> 
     </span>
    </p>
   </div>
   <div class='ocr_carea' id='block_1_6' title="bbox 201 1145 1037 1703">
    <p class='ocr_par' dir='ltr' id='par_1_10' title="bbox 201 1145 1037 1703">
     <span class='ocr_line' id='line_1_16' title="bbox 202 1145 1037 1197; baseline -0.001 -11"><span class='ocrx_word' id='word_1_69' title='bbox 202 1145 293 1186; x_wconf 87' lang='lat' dir='ltr'>bat.</span> <span class='ocrx_word' id='word_1_70' title='bbox 312 1150 356 1187; x_wconf 92' lang='lat' dir='ltr'>et</span> <span class='ocrx_word' id='word_1_71' title='bbox 374 1150 522 1187; x_wconf 87' lang='lat' dir='ltr'>tamen</span> <span class='ocrx_word' id='word_1_72' title='bbox 539 1145 735 1197; x_wconf 79' lang='lat' dir='ltr'>loquitur</span> <span class='ocrx_word' id='word_1_73' title='bbox 751 1145 1037 1194; x_wconf 90' lang='lat' dir='ltr'>confidenter,</span> 
     </span>
     <span class='ocr_line' id='line_1_17' title="bbox 203 1201 1037 1254; baseline 0 -12"><span class='ocrx_word' id='word_1_74' title='bbox 203 1201 480 1254; x_wconf 89' lang='lat' dir='ltr'>Reliquimus</span> <span class='ocrx_word' id='word_1_75' title='bbox 517 1202 674 1243; x_wconf 81' lang='lat' dir='ltr'>emnia.</span> <span class='ocrx_word' id='word_1_76' title='bbox 719 1202 777 1243; x_wconf 91' lang='lat' dir='ltr'>Et</span> <span class='ocrx_word' id='word_1_77' title='bbox 813 1201 915 1254; x_wconf 82' lang='lat' dir='ltr'>quia</span> <span class='ocrx_word' id='word_1_78' title='bbox 948 1214 1037 1243; x_wconf 92' lang='lat' dir='ltr'>non</span> 
     </span>
     <span class='ocr_line' id='line_1_18' title="bbox 204 1258 1037 1310; baseline 0.001 -12"><span class='ocrx_word' id='word_1_79' title='bbox 204 1258 366 1299; x_wconf 82' lang='lat' dir='ltr'>sufficit</span> <span class='ocrx_word' id='word_1_80' title='bbox 398 1263 569 1299; x_wconf 93' lang='lat' dir='ltr'>tantum</span> <span class='ocrx_word' id='word_1_81' title='bbox 602 1258 870 1310; x_wconf 83' lang='lat' dir='ltr'>relinquere,</span> <span class='ocrx_word' id='word_1_82' title='bbox 900 1258 1037 1310; x_wconf 86' lang='lat' dir='ltr'>jungit</span> 
     </span>
     <span class='ocr_line' id='line_1_19' title="bbox 205 1314 1036 1367; baseline 0 -12"><span class='ocrx_word' id='word_1_83' title='bbox 205 1314 326 1366; x_wconf 91' lang='lat' dir='ltr'>quod</span> <span class='ocrx_word' id='word_1_84' title='bbox 343 1315 590 1367; x_wconf 86' lang='lat' dir='ltr'>perfectum</span> <span class='ocrx_word' id='word_1_85' title='bbox 609 1319 689 1356; x_wconf 90' lang='lat' dir='ltr'>est:</span> <span class='ocrx_word' id='word_1_86' title='bbox 721 1314 778 1355; x_wconf 88' lang='lat' dir='ltr'>Et</span> <span class='ocrx_word' id='word_1_87' title='bbox 803 1314 944 1355; x_wconf 79' lang='lat' dir='ltr'>secuti</span> <span class='ocrx_word' id='word_1_88' title='bbox 969 1327 1036 1355; x_wconf 94' lang='lat' dir='ltr'>su-</span> 
     </span>
     <span class='ocr_line' id='line_1_20' title="bbox 202 1370 1037 1423; baseline -0.001 -11"><span class='ocrx_word' id='word_1_89' title='bbox 202 1384 300 1412; x_wconf 90' lang='lat' dir='ltr'>mus</span> <span class='ocrx_word' id='word_1_90' title='bbox 341 1376 396 1412; x_wconf 89' lang='lat' dir='ltr'>te.</span> <span class='ocrx_word' id='word_1_91' title='bbox 449 1372 652 1413; x_wconf 79' lang='lat' dir='ltr'>Fecimus</span> <span class='ocrx_word' id='word_1_92' title='bbox 695 1370 816 1423; x_wconf 92' lang='lat' dir='ltr'>quod</span> <span class='ocrx_word' id='word_1_93' title='bbox 859 1371 1037 1423; x_wconf 88' lang='lat' dir='ltr'>jussisti:</span> 
     </span>
     <span class='ocr_line' id='line_1_21' title="bbox 204 1427 1036 1480; baseline -0.001 -12"><span class='ocrx_word' id='word_1_94' title='bbox 204 1427 310 1480; x_wconf 91' lang='lat' dir='ltr'>quid</span> <span class='ocrx_word' id='word_1_95' title='bbox 347 1428 480 1478; x_wconf 89' lang='lat' dir='ltr'>igitur</span> <span class='ocrx_word' id='word_1_96' title='bbox 518 1427 647 1469; x_wconf 91' lang='lat' dir='ltr'>nobis</span> <span class='ocrx_word' id='word_1_97' title='bbox 680 1427 807 1469; x_wconf 92' lang='lat' dir='ltr'>dabis</span> <span class='ocrx_word' id='word_1_98' title='bbox 842 1427 1036 1480; x_wconf 82' lang='lat' dir='ltr'>praemii?</span> 
     </span>
     <span class='ocr_line' id='line_1_22' title="bbox 201 1483 1036 1526; baseline 0 -1"><span class='ocrx_word' id='word_1_99' title='bbox 201 1484 226 1525; x_wconf 86' lang='lat' dir='ltr'>J</span> <span class='ocrx_word' id='word_1_100' title='bbox 232 1497 333 1526; x_wconf 89' lang='lat' dir='ltr'>esus</span> <span class='ocrx_word' id='word_1_101' title='bbox 353 1489 499 1526; x_wconf 89' lang='lat' dir='ltr'>autem</span> <span class='ocrx_word' id='word_1_102' title='bbox 518 1484 630 1526; x_wconf 82' lang='lat' dir='ltr'>dixit</span> <span class='ocrx_word' id='word_1_103' title='bbox 646 1483 749 1524; x_wconf 86' lang='lat' dir='ltr'>illis:</span> <span class='ocrx_word' id='word_1_104' title='bbox 772 1484 916 1525; x_wconf 92' lang='lat' dir='ltr'>Amen</span> <span class='ocrx_word' id='word_1_105' title='bbox 935 1483 1036 1525; x_wconf 90' lang='lat' dir='ltr'>dico</span> 
     </span>
     <span class='ocr_line' id='line_1_23' title="bbox 202 1540 1036 1593; baseline -0.001 -11"><span class='ocrx_word' id='word_1_106' title='bbox 202 1540 346 1582; x_wconf 86' lang='lat' dir='ltr'>vobis:</span> <span class='ocrx_word' id='word_1_107' title='bbox 385 1540 506 1593; x_wconf 93' lang='lat' dir='ltr'>quod</span> <span class='ocrx_word' id='word_1_108' title='bbox 537 1553 618 1582; x_wconf 86' lang='lat' dir='ltr'>vos</span> <span class='ocrx_word' id='word_1_109' title='bbox 650 1540 725 1593; x_wconf 91' lang='lat' dir='ltr'>qui</span> <span class='ocrx_word' id='word_1_110' title='bbox 757 1540 899 1582; x_wconf 70' lang='lat' dir='ltr'>secati</span> <span class='ocrx_word' id='word_1_111' title='bbox 931 1540 1036 1582; x_wconf 90' lang='lat' dir='ltr'>estis</span> 
     </span>
     <span class='ocr_line' id='line_1_24' title="bbox 202 1596 1037 1649; baseline 0.001 -12"><span class='ocrx_word' id='word_1_112' title='bbox 202 1610 289 1647; x_wconf 88' lang='lat' dir='ltr'>me,</span> <span class='ocrx_word' id='word_1_113' title='bbox 314 1597 358 1638; x_wconf 93' lang='lat' dir='ltr'>in</span> <span class='ocrx_word' id='word_1_114' title='bbox 377 1597 727 1649; x_wconf 79' lang='lat' dir='ltr'>regeneratiene‚</span> <span class='ocrx_word' id='word_1_115' title='bbox 752 1609 853 1638; x_wconf 89' lang='lat' dir='ltr'>cum</span> <span class='ocrx_word' id='word_1_116' title='bbox 872 1596 1037 1638; x_wconf 91' lang='lat' dir='ltr'>sederit</span> 
     </span>
     <span class='ocr_line' id='line_1_25' title="bbox 202 1652 1036 1703; baseline -0.001 -9"><span class='ocrx_word' id='word_1_117' title='bbox 202 1653 339 1694; x_wconf 89' lang='lat' dir='ltr'>Filius</span> <span class='ocrx_word' id='word_1_118' title='bbox 367 1653 558 1695; x_wconf 76' lang='lat' dir='ltr'>heminis</span> <span class='ocrx_word' id='word_1_119' title='bbox 587 1653 632 1694; x_wconf 92' lang='lat' dir='ltr'>in</span> <span class='ocrx_word' id='word_1_120' title='bbox 659 1652 766 1695; x_wconf 92' lang='lat' dir='ltr'>sede</span> <span class='ocrx_word' id='word_1_121' title='bbox 793 1653 1036 1703; x_wconf 88' lang='lat' dir='ltr'>majestatis</span> 
     </span>
    </p>
   </div>
   <div class='ocr_carea' id='block_1_7' title="bbox 119 1709 1035 1762">
    <p class='ocr_par' dir='ltr' id='par_1_11' title="bbox 119 1709 1035 1762">
     <span class='ocr_line' id='line_1_26' title="bbox 119 1709 1035 1762; baseline 0 -12"><span class='ocrx_word' id='word_1_122' title='bbox 119 1719 127 1727; x_wconf 84' lang='lat'>·</span> <span class='ocrx_word' id='word_1_123' title='bbox 202 1722 310 1759; x_wconf 87' lang='lat' dir='ltr'>suae,</span> <span class='ocrx_word' id='word_1_124' title='bbox 338 1709 548 1752; x_wconf 90' lang='lat' dir='ltr'>sedebitis</span> <span class='ocrx_word' id='word_1_125' title='bbox 574 1715 619 1751; x_wconf 91' lang='lat' dir='ltr'>et</span> <span class='ocrx_word' id='word_1_126' title='bbox 643 1722 723 1751; x_wconf 87' lang='lat' dir='ltr'>vos</span> <span class='ocrx_word' id='word_1_127' title='bbox 748 1722 881 1762; x_wconf 92' lang='lat' dir='ltr'>super</span> <span class='ocrx_word' id='word_1_128' title='bbox 906 1709 1035 1751; x_wconf 92' lang='lat' dir='ltr'>sedes</span> 
     </span>
    </p>
   </div>
   <div class='ocr_carea' id='block_1_8' title="bbox 199 1765 1036 2653">
    <p class='ocr_par' dir='ltr' id='par_1_12' title="bbox 201 1765 1036 2157">
     <span class='ocr_line' id='line_1_27' title="bbox 202 1765 1036 1818; baseline -0.002 -10"><span class='ocrx_word' id='word_1_129' title='bbox 202 1766 448 1816; x_wconf 80' lang='lat' dir='ltr'>duedecim,</span> <span class='ocrx_word' id='word_1_130' title='bbox 463 1765 710 1818; x_wconf 89' lang='lat' dir='ltr'>judicantes</span> <span class='ocrx_word' id='word_1_131' title='bbox 723 1765 959 1807; x_wconf 79' lang='lat' dir='ltr'>duedecim</span> <span class='ocrx_word' id='word_1_132' title='bbox 969 1765 1036 1807; x_wconf 90' lang='lat' dir='ltr'>tri-</span> 
     </span>
     <span class='ocr_line' id='line_1_28' title="bbox 201 1822 1035 1874; baseline -0.002 -9"><span class='ocrx_word' id='word_1_133' title='bbox 201 1822 283 1865; x_wconf 93' lang='lat' dir='ltr'>bus</span> <span class='ocrx_word' id='word_1_134' title='bbox 303 1823 451 1864; x_wconf 79' lang='lat' dir='ltr'>Israel.</span> <span class='ocrx_word' id='word_1_135' title='bbox 484 1823 587 1864; x_wconf 93' lang='lat' dir='ltr'>Non</span> <span class='ocrx_word' id='word_1_136' title='bbox 607 1822 732 1873; x_wconf 81' lang='lat' dir='ltr'>dixit,</span> <span class='ocrx_word' id='word_1_137' title='bbox 757 1823 841 1873; x_wconf 90' lang='lat' dir='ltr'>Qui</span> <span class='ocrx_word' id='word_1_138' title='bbox 861 1822 1035 1874; x_wconf 82' lang='lat' dir='ltr'>reliqui-</span> 
     </span>
     <span class='ocr_line' id='line_1_29' title="bbox 202 1878 1035 1921; baseline 0 -1"><span class='ocrx_word' id='word_1_139' title='bbox 202 1880 282 1921; x_wconf 84' lang='lat' dir='ltr'>stis</span> <span class='ocrx_word' id='word_1_140' title='bbox 303 1880 463 1920; x_wconf 83' lang='lat' dir='ltr'>omnia:</span> <span class='ocrx_word' id='word_1_141' title='bbox 487 1879 574 1921; x_wconf 92' lang='lat' dir='ltr'>hoc</span> <span class='ocrx_word' id='word_1_142' title='bbox 600 1879 715 1921; x_wconf 82' lang='lat' dir='ltr'>enim</span> <span class='ocrx_word' id='word_1_143' title='bbox 740 1883 783 1921; x_wconf 93' lang='lat' dir='ltr'>et</span> <span class='ocrx_word' id='word_1_144' title='bbox 804 1879 957 1921; x_wconf 91' lang='lat' dir='ltr'>Crates</span> <span class='ocrx_word' id='word_1_145' title='bbox 978 1878 1035 1920; x_wconf 88' lang='lat' dir='ltr'>fe-</span> 
     </span>
     <span class='ocr_line' id='line_1_30' title="bbox 202 1935 1035 1989; baseline -0.001 -12"><span class='ocrx_word' id='word_1_146' title='bbox 202 1936 261 1977; x_wconf 89' lang='lat' dir='ltr'>cit</span> <span class='ocrx_word' id='word_1_147' title='bbox 280 1935 590 1989; x_wconf 80' lang='lat' dir='ltr'>philesophus,</span> <span class='ocrx_word' id='word_1_148' title='bbox 617 1941 662 1978; x_wconf 87' lang='lat' dir='ltr'>et</span> <span class='ocrx_word' id='word_1_149' title='bbox 683 1935 809 1978; x_wconf 90' lang='lat' dir='ltr'>multi</span> <span class='ocrx_word' id='word_1_150' title='bbox 830 1935 906 1976; x_wconf 88' lang='lat' dir='ltr'>alii</span> <span class='ocrx_word' id='word_1_151' title='bbox 929 1935 1035 1978; x_wconf 90' lang='lat' dir='ltr'>divi-</span> 
     </span>
     <span class='ocr_line' id='line_1_31' title="bbox 201 1991 1034 2045; baseline 0.001 -13"><span class='ocrx_word' id='word_1_152' title='bbox 201 1992 283 2033; x_wconf 88' lang='lat' dir='ltr'>tias</span> <span class='ocrx_word' id='word_1_153' title='bbox 313 1994 693 2045; x_wconf 87' lang='lat' dir='ltr'>contempserunt:</span> <span class='ocrx_word' id='word_1_154' title='bbox 730 1991 827 2042; x_wconf 86' lang='lat' dir='ltr'>sed,</span> <span class='ocrx_word' id='word_1_155' title='bbox 857 1992 943 2042; x_wconf 87' lang='lat' dir='ltr'>Qui</span> <span class='ocrx_word' id='word_1_156' title='bbox 970 2004 1034 2033; x_wconf 88' lang='lat' dir='ltr'>se-</span> 
     </span>
     <span class='ocr_line' id='line_1_32' title="bbox 202 2048 1034 2101; baseline 0 -11"><span class='ocrx_word' id='word_1_157' title='bbox 202 2049 292 2090; x_wconf 79' lang='lat' dir='ltr'>cuti</span> <span class='ocrx_word' id='word_1_158' title='bbox 321 2049 426 2090; x_wconf 91' lang='lat' dir='ltr'>estis</span> <span class='ocrx_word' id='word_1_159' title='bbox 452 2062 537 2090; x_wconf 90' lang='lat' dir='ltr'>me:</span> <span class='ocrx_word' id='word_1_160' title='bbox 567 2048 687 2101; x_wconf 92' lang='lat' dir='ltr'>quod</span> <span class='ocrx_word' id='word_1_161' title='bbox 711 2049 892 2101; x_wconf 80' lang='lat' dir='ltr'>preprie</span> <span class='ocrx_word' id='word_1_162' title='bbox 915 2049 1034 2101; x_wconf 92' lang='lat' dir='ltr'>Apo-</span> 
     </span>
     <span class='ocr_line' id='line_1_33' title="bbox 202 2105 963 2157; baseline 0.001 -12"><span class='ocrx_word' id='word_1_163' title='bbox 202 2105 419 2146; x_wconf 81' lang='lat' dir='ltr'>stolerum</span> <span class='ocrx_word' id='word_1_164' title='bbox 439 2110 505 2147; x_wconf 89' lang='lat' dir='ltr'>est</span> <span class='ocrx_word' id='word_1_165' title='bbox 524 2110 659 2157; x_wconf 89' lang='lat' dir='ltr'>atque</span> <span class='ocrx_word' id='word_1_166' title='bbox 678 2105 963 2147; x_wconf 88' lang='lat' dir='ltr'>credentium.</span> 
     </span>
    </p>

    <p class='ocr_par' dir='ltr' id='par_1_13' title="bbox 199 2162 1035 2608">
     <span class='ocr_line' id='line_1_34' title="bbox 259 2162 1034 2215; baseline -0.001 -12"><span class='ocrx_word' id='word_1_167' title='bbox 259 2164 306 2215; x_wconf 64' lang='lat' dir='ltr'>R.</span> <span class='ocrx_word' id='word_1_168' title='bbox 337 2162 429 2203; x_wconf 91' lang='lat' dir='ltr'>Iste</span> <span class='ocrx_word' id='word_1_169' title='bbox 455 2167 524 2203; x_wconf 91' lang='lat' dir='ltr'>est</span> <span class='ocrx_word' id='word_1_170' title='bbox 551 2162 626 2214; x_wconf 91' lang='lat' dir='ltr'>qui</span> <span class='ocrx_word' id='word_1_171' title='bbox 652 2166 753 2203; x_wconf 90' lang='lat' dir='ltr'>ante</span> <span class='ocrx_word' id='word_1_172' title='bbox 776 2162 922 2203; x_wconf 89' lang='lat' dir='ltr'>Deum</span> <span class='ocrx_word' id='word_1_173' title='bbox 947 2174 1034 2202; x_wconf 88' lang='lat' dir='ltr'>ma-</span> 
     </span>
     <span class='ocr_line' id='line_1_35' title="bbox 199 2217 1035 2270; baseline 0.002 -12"><span class='ocrx_word' id='word_1_174' title='bbox 199 2230 309 2269; x_wconf 87' lang='lat' dir='ltr'>gnas</span> <span class='ocrx_word' id='word_1_175' title='bbox 336 2218 522 2260; x_wconf 78' lang='lat' dir='ltr'>virtutes</span> <span class='ocrx_word' id='word_1_176' title='bbox 551 2220 762 2270; x_wconf 91' lang='lat' dir='ltr'>operatus</span> <span class='ocrx_word' id='word_1_177' title='bbox 791 2223 874 2268; x_wconf 87' lang='lat' dir='ltr'>est,</span> <span class='ocrx_word' id='word_1_178' title='bbox 908 2223 952 2260; x_wconf 91' lang='lat' dir='ltr'>et</span> <span class='ocrx_word' id='word_1_179' title='bbox 979 2217 1035 2260; x_wconf 92' lang='lat' dir='ltr'>de</span> 
     </span>
     <span class='ocr_line' id='line_1_36' title="bbox 201 2273 1035 2324; baseline -0.001 -9"><span class='ocrx_word' id='word_1_180' title='bbox 201 2275 322 2316; x_wconf 82' lang='lat' dir='ltr'>omni</span> <span class='ocrx_word' id='word_1_181' title='bbox 333 2273 467 2324; x_wconf 80' lang='lat' dir='ltr'>corde</span> <span class='ocrx_word' id='word_1_182' title='bbox 481 2287 561 2315; x_wconf 93' lang='lat' dir='ltr'>suo</span> <span class='ocrx_word' id='word_1_183' title='bbox 575 2273 771 2315; x_wconf 89' lang='lat' dir='ltr'>laudavit</span> <span class='ocrx_word' id='word_1_184' title='bbox 781 2275 1035 2316; x_wconf 81' lang='lat' dir='ltr'>Dominum:</span> 
     </span>
     <span class='ocr_line' id='line_1_37' title="bbox 206 2329 1035 2383; baseline 0 -11"><span class='ocrx_word' id='word_1_185' title='bbox 206 2333 226 2355; x_wconf 88' lang='lat'>*</span> <span class='ocrx_word' id='word_1_186' title='bbox 254 2331 358 2383; x_wconf 89' lang='lat' dir='ltr'>Ipse</span> <span class='ocrx_word' id='word_1_187' title='bbox 386 2329 631 2372; x_wconf 83' lang='lat' dir='ltr'>intercedat</span> <span class='ocrx_word' id='word_1_188' title='bbox 656 2343 739 2382; x_wconf 91' lang='lat' dir='ltr'>pro</span> <span class='ocrx_word' id='word_1_189' title='bbox 765 2331 962 2383; x_wconf 89' lang='lat' dir='ltr'>peccatis</span> <span class='ocrx_word' id='word_1_190' title='bbox 991 2332 1035 2372; x_wconf 91' lang='grc' dir='ltr'>ό-</span> 
     </span>
     <span class='ocr_line' id='line_1_38' title="bbox 200 2383 1035 2440; baseline 0 -12"><span class='ocrx_word' id='word_1_191' title='bbox 200 2388 365 2428; x_wconf 93' lang='lat' dir='ltr'>mnium</span> <span class='ocrx_word' id='word_1_192' title='bbox 383 2386 662 2440; x_wconf 68' lang='lat' dir='ltr'>populorum.</span> <span class='ocrx_word' id='word_1_193' title='bbox 693 2383 741 2434; x_wconf 61' lang='lat' dir='ltr'>Y</span> <span class='ocrx_word' id='word_1_194' title='bbox 765 2387 882 2429; x_wconf 90' lang='lat' dir='ltr'>Ecce</span> <span class='ocrx_word' id='word_1_195' title='bbox 901 2387 1035 2429; x_wconf 92' lang='lat' dir='ltr'>homo</span> 
     </span>
     <span class='ocr_line' id='line_1_39' title="bbox 200 2442 1032 2496; baseline 0.001 -12"><span class='ocrx_word' id='word_1_196' title='bbox 200 2443 294 2485; x_wconf 90' lang='lat' dir='ltr'>sine</span> <span class='ocrx_word' id='word_1_197' title='bbox 315 2443 504 2496; x_wconf 91' lang='lat' dir='ltr'>querela.</span> <span class='ocrx_word' id='word_1_198' title='bbox 519 2455 648 2485; x_wconf 90' lang='lat' dir='ltr'>verus</span> <span class='ocrx_word' id='word_1_199' title='bbox 664 2442 748 2484; x_wconf 89' lang='lat' dir='ltr'>Dei</span> <span class='ocrx_word' id='word_1_200' title='bbox 766 2443 919 2494; x_wconf 89' lang='lat' dir='ltr'>cultor,</span> <span class='ocrx_word' id='word_1_201' title='bbox 936 2443 1032 2485; x_wconf 90' lang='lat' dir='ltr'>abs-</span> 
     </span>
     <span class='ocr_line' id='line_1_40' title="bbox 200 2475 1034 2551; baseline 0 -10"><span class='ocrx_word' id='word_1_202' title='bbox 200 2500 344 2542; x_wconf 90' lang='lat' dir='ltr'>tinens</span> <span class='ocrx_word' id='word_1_203' title='bbox 377 2512 425 2542; x_wconf 89' lang='lat' dir='ltr'>se</span> <span class='ocrx_word' id='word_1_204' title='bbox 457 2499 513 2541; x_wconf 90' lang='lat' dir='ltr'>ab</span> <span class='ocrx_word' id='word_1_205' title='bbox 541 2499 659 2541; x_wconf 92' lang='lat' dir='ltr'>omni</span> <span class='ocrx_word' id='word_1_206' title='bbox 681 2501 815 2551; x_wconf 82' lang='lat' dir='ltr'>opere</span> <span class='ocrx_word' id='word_1_207' title='bbox 835 2475 970 2548; x_wconf 73' lang='lat' dir='ltr'>malo,</span> <span class='ocrx_word' id='word_1_208' title='bbox 990 2505 1034 2541; x_wconf 90' lang='lat' dir='ltr'>et</span> 
     </span>
     <span class='ocr_line' id='line_1_41' title="bbox 201 2555 1034 2608; baseline 0 -10"><span class='ocrx_word' id='word_1_209' title='bbox 201 2556 492 2608; x_wconf 85' lang='lat' dir='ltr'>permanens</span> <span class='ocrx_word' id='word_1_210' title='bbox 480 2570 526 2597; x_wconf 90' lang='lat' dir='ltr'>m</span> <span class='ocrx_word' id='word_1_211' title='bbox 539 2555 791 2598; x_wconf 88' lang='lat' dir='ltr'>innocentia</span> <span class='ocrx_word' id='word_1_212' title='bbox 805 2568 896 2597; x_wconf 85' lang='lat' dir='ltr'>sua.</span> <span class='ocrx_word' id='word_1_213' title='bbox 919 2557 1034 2608; x_wconf 90' lang='lat' dir='ltr'>Ipse</span> 
     </span>
    </p>

    <p class='ocr_par' dir='ltr' id='par_1_14' title="bbox 491 2612 748 2653">
     <span class='ocr_line' id='line_1_42' title="bbox 491 2612 748 2653; baseline 0.004 -3"><span class='ocrx_word' id='word_1_214' title='bbox 491 2612 643 2653; x_wconf 78' lang='lat' dir='ltr'>Lectio</span> <span class='ocrx_word' id='word_1_215' title='bbox 666 2612 748 2652; x_wconf 82' lang='lat' dir='ltr'>viii.</span> 
     </span>
    </p>
   </div>
   <div class='ocr_carea' id='block_1_9' title="bbox 253 2671 1034 2781">
    <p class='ocr_par' dir='ltr' id='par_1_15' title="bbox 253 2671 1034 2781">
     <span class='ocr_line' id='line_1_43' title="bbox 253 2671 1033 2725; baseline -0.004 -10"><span class='ocrx_word' id='word_1_216' title='bbox 253 2687 280 2715; x_wconf 94' lang='lat' dir='ltr'>n</span> <span class='ocrx_word' id='word_1_217' title='bbox 301 2673 648 2725; x_wconf 77' lang='lat' dir='ltr'>regeneratione,</span> <span class='ocrx_word' id='word_1_218' title='bbox 669 2684 769 2713; x_wconf 93' lang='lat' dir='ltr'>cum</span> <span class='ocrx_word' id='word_1_219' title='bbox 786 2671 953 2713; x_wconf 90' lang='lat' dir='ltr'>sederit</span> <span class='ocrx_word' id='word_1_220' title='bbox 967 2672 1033 2712; x_wconf 88' lang='lat' dir='ltr'>Fi-</span> 
     </span>
     <span class='ocr_line' id='line_1_44' title="bbox 260 2727 1034 2781; baseline -0.004 -9"><span class='ocrx_word' id='word_1_221' title='bbox 260 2731 346 2772; x_wconf 92' lang='lat' dir='ltr'>lius</span> <span class='ocrx_word' id='word_1_222' title='bbox 373 2729 564 2772; x_wconf 80' lang='lat' dir='ltr'>heminis</span> <span class='ocrx_word' id='word_1_223' title='bbox 590 2729 635 2770; x_wconf 90' lang='lat' dir='ltr'>in</span> <span class='ocrx_word' id='word_1_224' title='bbox 660 2727 766 2770; x_wconf 91' lang='lat' dir='ltr'>sede</span> <span class='ocrx_word' id='word_1_225' title='bbox 790 2728 1034 2781; x_wconf 85' lang='lat' dir='ltr'>majestatis</span> 
     </span>
    </p>
   </div>
   <div class='ocr_carea' id='block_1_10' title="bbox 1084 199 1286 232">
    <p class='ocr_par' dir='ltr' id='par_1_16' title="bbox 1084 199 1286 232">
     <span class='ocr_line' id='line_1_45' title="bbox 1084 199 1286 232; baseline -0.005 0"><span class='ocrx_word' id='word_1_226' title='bbox 1084 199 1286 232; x_wconf 66' lang='lat' dir='ltr'>Abbatum.</span> 
     </span>
    </p>
   </div>
   <div class='ocr_carea' id='block_1_11' title="bbox 1086 298 1928 2778">
    <p class='ocr_par' dir='ltr' id='par_1_17' title="bbox 1088 298 1928 1640">
     <span class='ocr_line' id='line_1_46' title="bbox 1092 298 1926 350; baseline 0 -10"><span class='ocrx_word' id='word_1_227' title='bbox 1092 312 1184 340; x_wconf 87' lang='lat' dir='ltr'>suae</span> <span class='ocrx_word' id='word_1_228' title='bbox 1212 298 1405 350; x_wconf 89' lang='lat' dir='ltr'>(quando</span> <span class='ocrx_word' id='word_1_229' title='bbox 1435 304 1479 341; x_wconf 88' lang='lat' dir='ltr'>et</span> <span class='ocrx_word' id='word_1_230' title='bbox 1506 299 1669 340; x_wconf 80' lang='lat' dir='ltr'>mertui</span> <span class='ocrx_word' id='word_1_231' title='bbox 1695 299 1752 341; x_wconf 92' lang='lat' dir='ltr'>de</span> <span class='ocrx_word' id='word_1_232' title='bbox 1779 311 1926 341; x_wconf 90' lang='lat' dir='ltr'>corru-</span> 
     </span>
     <span class='ocr_line' id='line_1_47' title="bbox 1090 354 1925 409; baseline 0 -13"><span class='ocrx_word' id='word_1_233' title='bbox 1090 355 1244 408; x_wconf 84' lang='lat' dir='ltr'>pti6ne</span> <span class='ocrx_word' id='word_1_234' title='bbox 1263 358 1495 407; x_wconf 80' lang='lat' dir='ltr'>resurgent</span> <span class='ocrx_word' id='word_1_235' title='bbox 1509 355 1783 409; x_wconf 76' lang='lat' dir='ltr'>incorrupti),</span> <span class='ocrx_word' id='word_1_236' title='bbox 1803 354 1925 397; x_wconf 88' lang='lat' dir='ltr'>sede-</span> 
     </span>
     <span class='ocr_line' id='line_1_48' title="bbox 1090 411 1926 464; baseline -0.001 -11"><span class='ocrx_word' id='word_1_237' title='bbox 1090 411 1194 453; x_wconf 87' lang='lat' dir='ltr'>bitis</span> <span class='ocrx_word' id='word_1_238' title='bbox 1223 417 1267 454; x_wconf 91' lang='lat' dir='ltr'>et</span> <span class='ocrx_word' id='word_1_239' title='bbox 1294 424 1375 453; x_wconf 90' lang='lat' dir='ltr'>vos</span> <span class='ocrx_word' id='word_1_240' title='bbox 1407 412 1451 453; x_wconf 89' lang='lat' dir='ltr'>in</span> <span class='ocrx_word' id='word_1_241' title='bbox 1480 411 1602 454; x_wconf 83' lang='lat' dir='ltr'>seliis</span> <span class='ocrx_word' id='word_1_242' title='bbox 1631 411 1926 464; x_wconf 85' lang='lat' dir='ltr'>judicantium,</span> 
     </span>
     <span class='ocr_line' id='line_1_49' title="bbox 1092 467 1926 510; baseline 0 -1"><span class='ocrx_word' id='word_1_243' title='bbox 1092 467 1439 510; x_wconf 64' lang='lat' dir='ltr'>condemnantes</span> <span class='ocrx_word' id='word_1_244' title='bbox 1459 467 1695 510; x_wconf 79' lang='lat' dir='ltr'>duedecim</span> <span class='ocrx_word' id='word_1_245' title='bbox 1708 468 1851 510; x_wconf 88' lang='lat' dir='ltr'>tribus</span> <span class='ocrx_word' id='word_1_246' title='bbox 1865 469 1926 509; x_wconf 93' lang='lat' dir='ltr'>Is-</span> 
     </span>
     <span class='ocr_line' id='line_1_50' title="bbox 1091 524 1926 577; baseline 0 -12"><span class='ocrx_word' id='word_1_247' title='bbox 1091 525 1197 566; x_wconf 80' lang='lat' dir='ltr'>rael:</span> <span class='ocrx_word' id='word_1_248' title='bbox 1236 525 1338 577; x_wconf 89' lang='lat' dir='ltr'>quia</span> <span class='ocrx_word' id='word_1_249' title='bbox 1370 524 1497 566; x_wconf 89' lang='lat' dir='ltr'>vobis</span> <span class='ocrx_word' id='word_1_250' title='bbox 1532 524 1833 575; x_wconf 82' lang='lat' dir='ltr'>credentibus,</span> <span class='ocrx_word' id='word_1_251' title='bbox 1863 524 1926 565; x_wconf 91' lang='lat' dir='ltr'>illi</span> 
     </span>
     <span class='ocr_line' id='line_1_51' title="bbox 1091 581 1927 634; baseline 0.001 -13"><span class='ocrx_word' id='word_1_252' title='bbox 1091 581 1272 623; x_wconf 90' lang='lat' dir='ltr'>credere</span> <span class='ocrx_word' id='word_1_253' title='bbox 1300 581 1547 623; x_wconf 89' lang='lat' dir='ltr'>noluerunt.</span> <span class='ocrx_word' id='word_1_254' title='bbox 1591 581 1648 623; x_wconf 90' lang='lat' dir='ltr'>Et</span> <span class='ocrx_word' id='word_1_255' title='bbox 1677 581 1819 623; x_wconf 91' lang='lat' dir='ltr'>omnis</span> <span class='ocrx_word' id='word_1_256' title='bbox 1852 581 1927 634; x_wconf 91' lang='lat' dir='ltr'>qui</span> 
     </span>
     <span class='ocr_line' id='line_1_52' title="bbox 1091 636 1928 690; baseline -0.001 -11"><span class='ocrx_word' id='word_1_257' title='bbox 1091 637 1316 690; x_wconf 86' lang='lat' dir='ltr'>reliquerit</span> <span class='ocrx_word' id='word_1_258' title='bbox 1336 636 1532 687; x_wconf 88' lang='lat' dir='ltr'>domum,</span> <span class='ocrx_word' id='word_1_259' title='bbox 1561 637 1631 679; x_wconf 89' lang='lat' dir='ltr'>vel</span> <span class='ocrx_word' id='word_1_260' title='bbox 1649 637 1824 688; x_wconf 89' lang='lat' dir='ltr'>fratres,</span> <span class='ocrx_word' id='word_1_261' title='bbox 1852 642 1928 678; x_wconf 88' lang='lat' dir='ltr'>aut</span> 
     </span>
     <span class='ocr_line' id='line_1_53' title="bbox 1091 697 1926 748; baseline -0.001 -13"><span class='ocrx_word' id='word_1_262' title='bbox 1091 697 1284 744; x_wconf 77' lang='lat' dir='ltr'>sorores,</span> <span class='ocrx_word' id='word_1_263' title='bbox 1314 700 1390 736; x_wconf 83' lang='lat' dir='ltr'>aut</span> <span class='ocrx_word' id='word_1_264' title='bbox 1415 699 1603 748; x_wconf 91' lang='lat' dir='ltr'>patrem,</span> <span class='ocrx_word' id='word_1_265' title='bbox 1631 699 1708 736; x_wconf 84' lang='lat' dir='ltr'>aut</span> <span class='ocrx_word' id='word_1_266' title='bbox 1730 698 1926 744; x_wconf 89' lang='lat' dir='ltr'>matrem,</span> 
     </span>
     <span class='ocr_line' id='line_1_54' title="bbox 1091 750 1927 802; baseline -0.001 -10"><span class='ocrx_word' id='word_1_267' title='bbox 1091 755 1166 792; x_wconf 85' lang='lat' dir='ltr'>aut</span> <span class='ocrx_word' id='word_1_268' title='bbox 1193 753 1392 801; x_wconf 79' lang='lat' dir='ltr'>uxerem,</span> <span class='ocrx_word' id='word_1_269' title='bbox 1420 755 1495 792; x_wconf 88' lang='lat' dir='ltr'>aut</span> <span class='ocrx_word' id='word_1_270' title='bbox 1521 750 1653 802; x_wconf 84' lang='lat' dir='ltr'>filios,</span> <span class='ocrx_word' id='word_1_271' title='bbox 1690 755 1766 792; x_wconf 91' lang='lat' dir='ltr'>aut</span> <span class='ocrx_word' id='word_1_272' title='bbox 1795 763 1927 802; x_wconf 87' lang='lat' dir='ltr'>agros</span> 
     </span>
     <span class='ocr_line' id='line_1_55' title="bbox 1091 806 1926 860; baseline -0.001 -12"><span class='ocrx_word' id='word_1_273' title='bbox 1091 812 1275 860; x_wconf 89' lang='lat' dir='ltr'>propter</span> <span class='ocrx_word' id='word_1_274' title='bbox 1298 820 1459 849; x_wconf 93' lang='lat' dir='ltr'>nomen</span> <span class='ocrx_word' id='word_1_275' title='bbox 1481 820 1643 858; x_wconf 89' lang='lat' dir='ltr'>meum;</span> <span class='ocrx_word' id='word_1_276' title='bbox 1671 806 1926 860; x_wconf 88' lang='lat' dir='ltr'>centuplum</span> 
     </span>
     <span class='ocr_line' id='line_1_56' title="bbox 1090 863 1925 917; baseline 0 -13"><span class='ocrx_word' id='word_1_277' title='bbox 1090 864 1294 917; x_wconf 83' lang='lat' dir='ltr'>accipiet,</span> <span class='ocrx_word' id='word_1_278' title='bbox 1322 869 1367 906; x_wconf 90' lang='lat' dir='ltr'>et</span> <span class='ocrx_word' id='word_1_279' title='bbox 1390 864 1525 906; x_wconf 90' lang='lat' dir='ltr'>vitam</span> <span class='ocrx_word' id='word_1_280' title='bbox 1551 866 1763 905; x_wconf 82' lang='lat' dir='ltr'>aeternam</span> <span class='ocrx_word' id='word_1_281' title='bbox 1785 863 1925 916; x_wconf 90' lang='lat' dir='ltr'>possi-</span> 
     </span>
     <span class='ocr_line' id='line_1_57' title="bbox 1090 919 1925 962; baseline -0.002 0"><span class='ocrx_word' id='word_1_282' title='bbox 1090 919 1221 962; x_wconf 86' lang='lat' dir='ltr'>debit.</span> <span class='ocrx_word' id='word_1_283' title='bbox 1255 920 1403 962; x_wconf 89' lang='lat' dir='ltr'>Locus</span> <span class='ocrx_word' id='word_1_284' title='bbox 1426 921 1508 962; x_wconf 91' lang='lat' dir='ltr'>iste</span> <span class='ocrx_word' id='word_1_285' title='bbox 1534 933 1634 962; x_wconf 91' lang='lat' dir='ltr'>cum</span> <span class='ocrx_word' id='word_1_286' title='bbox 1656 919 1731 961; x_wconf 89' lang='lat' dir='ltr'>illa</span> <span class='ocrx_word' id='word_1_287' title='bbox 1755 921 1925 962; x_wconf 92' lang='lat' dir='ltr'>senten-</span> 
     </span>
     <span class='ocr_line' id='line_1_58' title="bbox 1089 975 1924 1029; baseline -0.001 -11"><span class='ocrx_word' id='word_1_288' title='bbox 1089 977 1150 1018; x_wconf 92' lang='lat' dir='ltr'>tia</span> <span class='ocrx_word' id='word_1_289' title='bbox 1170 978 1382 1028; x_wconf 65' lang='lat' dir='ltr'>congruit,</span> <span class='ocrx_word' id='word_1_290' title='bbox 1400 977 1445 1018; x_wconf 90' lang='lat' dir='ltr'>in</span> <span class='ocrx_word' id='word_1_291' title='bbox 1465 989 1551 1029; x_wconf 86' lang='lat' dir='ltr'>qua</span> <span class='ocrx_word' id='word_1_292' title='bbox 1565 976 1768 1018; x_wconf 88' lang='lat' dir='ltr'>Salvator</span> <span class='ocrx_word' id='word_1_293' title='bbox 1786 975 1924 1028; x_wconf 83' lang='lat' dir='ltr'>loqui-</span> 
     </span>
     <span class='ocr_line' id='line_1_59' title="bbox 1089 1031 1925 1087; baseline 0 -13"><span class='ocrx_word' id='word_1_294' title='bbox 1089 1037 1175 1074; x_wconf 87' lang='lat' dir='ltr'>tur:</span> <span class='ocrx_word' id='word_1_295' title='bbox 1202 1033 1305 1075; x_wconf 91' lang='lat' dir='ltr'>Non</span> <span class='ocrx_word' id='word_1_296' title='bbox 1331 1034 1431 1075; x_wconf 88' lang='lat' dir='ltr'>veni</span> <span class='ocrx_word' id='word_1_297' title='bbox 1451 1046 1608 1087; x_wconf 84' lang='lat' dir='ltr'>pacem</span> <span class='ocrx_word' id='word_1_298' title='bbox 1626 1034 1816 1083; x_wconf 89' lang='lat' dir='ltr'>mittere,</span> <span class='ocrx_word' id='word_1_299' title='bbox 1845 1031 1925 1074; x_wconf 92' lang='lat' dir='ltr'>sed</span> 
     </span>
     <span class='ocr_line' id='line_1_60' title="bbox 1090 1088 1924 1142; baseline 0 -12"><span class='ocrx_word' id='word_1_300' title='bbox 1090 1089 1295 1141; x_wconf 80' lang='lat' dir='ltr'>gladium.</span> <span class='ocrx_word' id='word_1_301' title='bbox 1332 1090 1447 1132; x_wconf 91' lang='lat' dir='ltr'>Veni</span> <span class='ocrx_word' id='word_1_302' title='bbox 1471 1090 1586 1131; x_wconf 83' lang='lat' dir='ltr'>enim</span> <span class='ocrx_word' id='word_1_303' title='bbox 1614 1091 1823 1142; x_wconf 87' lang='lat' dir='ltr'>separare</span> <span class='ocrx_word' id='word_1_304' title='bbox 1847 1088 1924 1130; x_wconf 76' lang='lat' dir='ltr'>he-</span> 
     </span>
     <span class='ocr_line' id='line_1_61' title="bbox 1089 1147 1925 1199; baseline -0.002 -11"><span class='ocrx_word' id='word_1_305' title='bbox 1089 1147 1251 1188; x_wconf 91' lang='lat' dir='ltr'>minem</span> <span class='ocrx_word' id='word_1_306' title='bbox 1279 1159 1305 1188; x_wconf 87' lang='lat' dir='ltr'>a</span> <span class='ocrx_word' id='word_1_307' title='bbox 1333 1151 1460 1199; x_wconf 90' lang='lat' dir='ltr'>patre</span> <span class='ocrx_word' id='word_1_308' title='bbox 1488 1159 1586 1197; x_wconf 89' lang='lat' dir='ltr'>suo,</span> <span class='ocrx_word' id='word_1_309' title='bbox 1616 1150 1661 1188; x_wconf 91' lang='lat' dir='ltr'>et</span> <span class='ocrx_word' id='word_1_310' title='bbox 1687 1150 1874 1187; x_wconf 90' lang='lat' dir='ltr'>matrem</span> <span class='ocrx_word' id='word_1_311' title='bbox 1899 1157 1925 1186; x_wconf 89' lang='lat' dir='ltr'>a</span> 
     </span>
     <span class='ocr_line' id='line_1_62' title="bbox 1089 1201 1926 1253; baseline 0 -10"><span class='ocrx_word' id='word_1_312' title='bbox 1089 1203 1196 1253; x_wconf 87' lang='lat' dir='ltr'>filia,</span> <span class='ocrx_word' id='word_1_313' title='bbox 1225 1208 1268 1245; x_wconf 89' lang='lat' dir='ltr'>et</span> <span class='ocrx_word' id='word_1_314' title='bbox 1292 1216 1449 1244; x_wconf 91' lang='lat' dir='ltr'>nurum</span> <span class='ocrx_word' id='word_1_315' title='bbox 1474 1215 1500 1244; x_wconf 87' lang='lat' dir='ltr'>a</span> <span class='ocrx_word' id='word_1_316' title='bbox 1523 1215 1671 1244; x_wconf 89' lang='lat' dir='ltr'>socru:</span> <span class='ocrx_word' id='word_1_317' title='bbox 1696 1206 1740 1244; x_wconf 91' lang='lat' dir='ltr'>et</span> <span class='ocrx_word' id='word_1_318' title='bbox 1762 1201 1926 1243; x_wconf 86' lang='lat' dir='ltr'>inimici</span> 
     </span>
     <span class='ocr_line' id='line_1_63' title="bbox 1090 1258 1924 1312; baseline 0 -13"><span class='ocrx_word' id='word_1_319' title='bbox 1090 1258 1278 1300; x_wconf 77' lang='lat' dir='ltr'>heminis</span> <span class='ocrx_word' id='word_1_320' title='bbox 1308 1259 1542 1301; x_wconf 88' lang='lat' dir='ltr'>domestici</span> <span class='ocrx_word' id='word_1_321' title='bbox 1569 1259 1672 1312; x_wconf 88' lang='lat' dir='ltr'>ejus.</span> <span class='ocrx_word' id='word_1_322' title='bbox 1709 1258 1794 1309; x_wconf 91' lang='lat' dir='ltr'>Qui</span> <span class='ocrx_word' id='word_1_323' title='bbox 1818 1270 1924 1309; x_wconf 90' lang='lat' dir='ltr'>ergo</span> 
     </span>
     <span class='ocr_line' id='line_1_64' title="bbox 1089 1314 1924 1369; baseline 0 -13"><span class='ocrx_word' id='word_1_324' title='bbox 1089 1321 1273 1369; x_wconf 92' lang='lat' dir='ltr'>propter</span> <span class='ocrx_word' id='word_1_325' title='bbox 1291 1315 1426 1358; x_wconf 91' lang='lat' dir='ltr'>fidem</span> <span class='ocrx_word' id='word_1_326' title='bbox 1448 1315 1624 1366; x_wconf 88' lang='lat' dir='ltr'>Christi,</span> <span class='ocrx_word' id='word_1_327' title='bbox 1650 1319 1693 1357; x_wconf 90' lang='lat' dir='ltr'>et</span> <span class='ocrx_word' id='word_1_328' title='bbox 1711 1314 1924 1368; x_wconf 84' lang='lat' dir='ltr'>praedica-</span> 
     </span>
     <span class='ocr_line' id='line_1_65' title="bbox 1089 1370 1925 1424; baseline -0.001 -11"><span class='ocrx_word' id='word_1_329' title='bbox 1089 1372 1255 1414; x_wconf 80' lang='lat' dir='ltr'>tienem</span> <span class='ocrx_word' id='word_1_330' title='bbox 1281 1372 1524 1424; x_wconf 86' lang='lat' dir='ltr'>Evangelii,</span> <span class='ocrx_word' id='word_1_331' title='bbox 1558 1384 1712 1414; x_wconf 89' lang='lat' dir='ltr'>omnes</span> <span class='ocrx_word' id='word_1_332' title='bbox 1741 1370 1925 1412; x_wconf 87' lang='lat' dir='ltr'>affectus</span> 
     </span>
     <span class='ocr_line' id='line_1_66' title="bbox 1090 1427 1925 1482; baseline -0.001 -12"><span class='ocrx_word' id='word_1_333' title='bbox 1090 1429 1455 1482; x_wconf 89' lang='lat' dir='ltr'>contempserint,</span> <span class='ocrx_word' id='word_1_334' title='bbox 1496 1433 1629 1482; x_wconf 91' lang='lat' dir='ltr'>atque</span> <span class='ocrx_word' id='word_1_335' title='bbox 1667 1427 1842 1469; x_wconf 85' lang='lat' dir='ltr'>divitias</span> <span class='ocrx_word' id='word_1_336' title='bbox 1881 1431 1925 1469; x_wconf 88' lang='lat' dir='ltr'>et</span> 
     </span>
     <span class='ocr_line' id='line_1_67' title="bbox 1089 1483 1925 1538; baseline -0.001 -12"><span class='ocrx_word' id='word_1_337' title='bbox 1089 1486 1240 1527; x_wconf 81' lang='lat' dir='ltr'>saeculi</span> <span class='ocrx_word' id='word_1_338' title='bbox 1267 1485 1533 1538; x_wconf 90' lang='lat' dir='ltr'>voluptates:</span> <span class='ocrx_word' id='word_1_339' title='bbox 1565 1484 1638 1526; x_wconf 88' lang='lat' dir='ltr'>isti</span> <span class='ocrx_word' id='word_1_340' title='bbox 1670 1483 1925 1537; x_wconf 89' lang='lat' dir='ltr'>centuplum</span> 
     </span>
     <span class='ocr_line' id='line_1_68' title="bbox 1088 1539 1923 1640; baseline -0.001 -57"><span class='ocrx_word' id='word_1_341' title='bbox 1088 1542 1314 1640; x_wconf 50' lang='lat' dir='ltr'>gecgpient,</span> <span class='ocrx_word' id='word_1_342' title='bbox 1338 1547 1382 1584; x_wconf 90' lang='lat' dir='ltr'>et</span> <span class='ocrx_word' id='word_1_343' title='bbox 1397 1542 1534 1584; x_wconf 84' lang='lat' dir='ltr'>vitam</span> <span class='ocrx_word' id='word_1_344' title='bbox 1558 1542 1770 1583; x_wconf 86' lang='lat' dir='ltr'>aeternam</span> <span class='ocrx_word' id='word_1_345' title='bbox 1783 1539 1923 1594; x_wconf 92' lang='lat' dir='ltr'>possi-</span> 
     </span>
     <span class='ocr_line' id='line_1_69' title="bbox 1122 1600 1266 1640; baseline 0 -1"><span class='ocrx_word' id='word_1_346' title='bbox 1122 1600 1145 1639; x_wconf 89' lang='lat' dir='ltr'>e</span> <span class='ocrx_word' id='word_1_347' title='bbox 1178 1603 1266 1640; x_wconf 93' lang='lat' dir='ltr'>unt.</span> 
     </span>
    </p>

    <p class='ocr_par' dir='ltr' id='par_1_18' title="bbox 1088 1653 1924 2092">
     <span class='ocr_line' id='line_1_70' title="bbox 1147 1653 1922 1707; baseline 0 -13"><span class='ocrx_word' id='word_1_348' title='bbox 1147 1656 1195 1706; x_wconf 61' lang='lat' dir='ltr'>Rg.</span> <span class='ocrx_word' id='word_1_349' title='bbox 1223 1655 1318 1696; x_wconf 90' lang='lat' dir='ltr'>Sint</span> <span class='ocrx_word' id='word_1_350' title='bbox 1350 1654 1487 1696; x_wconf 91' lang='lat' dir='ltr'>lumbi</span> <span class='ocrx_word' id='word_1_351' title='bbox 1515 1653 1653 1696; x_wconf 86' lang='lat' dir='ltr'>vestri</span> <span class='ocrx_word' id='word_1_352' title='bbox 1683 1653 1922 1707; x_wconf 88' lang='lat' dir='ltr'>praecincti,</span> 
     </span>
     <span class='ocr_line' id='line_1_71' title="bbox 1091 1709 1924 1752; baseline -0.002 0"><span class='ocrx_word' id='word_1_353' title='bbox 1091 1715 1134 1752; x_wconf 90' lang='lat' dir='ltr'>et</span> <span class='ocrx_word' id='word_1_354' title='bbox 1170 1711 1362 1752; x_wconf 80' lang='lat' dir='ltr'>lucernae</span> <span class='ocrx_word' id='word_1_355' title='bbox 1400 1710 1606 1752; x_wconf 90' lang='lat' dir='ltr'>ardentes</span> <span class='ocrx_word' id='word_1_356' title='bbox 1643 1710 1687 1750; x_wconf 91' lang='lat' dir='ltr'>in</span> <span class='ocrx_word' id='word_1_357' title='bbox 1720 1709 1924 1751; x_wconf 87' lang='lat' dir='ltr'>manibus</span> 
     </span>
     <span class='ocr_line' id='line_1_72' title="bbox 1089 1765 1923 1809; baseline -0.002 0"><span class='ocrx_word' id='word_1_358' title='bbox 1089 1768 1263 1809; x_wconf 89' lang='lat' dir='ltr'>vestris:</span> <span class='ocrx_word' id='word_1_359' title='bbox 1294 1770 1315 1792; x_wconf 85' lang='lat'>*</span> <span class='ocrx_word' id='word_1_360' title='bbox 1342 1768 1399 1809; x_wconf 84' lang='lat' dir='ltr'>Et</span> <span class='ocrx_word' id='word_1_361' title='bbox 1426 1779 1508 1809; x_wconf 92' lang='lat' dir='ltr'>vos</span> <span class='ocrx_word' id='word_1_362' title='bbox 1542 1766 1707 1808; x_wconf 86' lang='lat' dir='ltr'>similes</span> <span class='ocrx_word' id='word_1_363' title='bbox 1738 1765 1923 1808; x_wconf 85' lang='lat' dir='ltr'>homini-</span> 
     </span>
     <span class='ocr_line' id='line_1_73' title="bbox 1088 1821 1924 1877; baseline -0.002 -12"><span class='ocrx_word' id='word_1_364' title='bbox 1088 1823 1171 1865; x_wconf 92' lang='lat' dir='ltr'>bus</span> <span class='ocrx_word' id='word_1_365' title='bbox 1204 1823 1565 1877; x_wconf 79' lang='lat' dir='ltr'>exspectantibus</span> <span class='ocrx_word' id='word_1_366' title='bbox 1597 1821 1823 1864; x_wconf 80' lang='lat' dir='ltr'>deminum</span> <span class='ocrx_word' id='word_1_367' title='bbox 1855 1835 1924 1864; x_wconf 91' lang='lat' dir='ltr'>su-</span> 
     </span>
     <span class='ocr_line' id='line_1_74' title="bbox 1089 1879 1924 1934; baseline -0.002 -12"><span class='ocrx_word' id='word_1_368' title='bbox 1089 1893 1178 1930; x_wconf 92' lang='lat' dir='ltr'>um,</span> <span class='ocrx_word' id='word_1_369' title='bbox 1213 1880 1390 1934; x_wconf 88' lang='lat' dir='ltr'>quando</span> <span class='ocrx_word' id='word_1_370' title='bbox 1420 1882 1668 1922; x_wconf 84' lang='lat' dir='ltr'>revertatur</span> <span class='ocrx_word' id='word_1_371' title='bbox 1695 1892 1721 1920; x_wconf 91' lang='lat' dir='ltr'>a</span> <span class='ocrx_word' id='word_1_372' title='bbox 1747 1879 1924 1932; x_wconf 79' lang='lat' dir='ltr'>nuptiis.</span> 
     </span>
     <span class='ocr_line' id='line_1_75' title="bbox 1093 1934 1923 1989; baseline -0.002 -11"><span class='ocrx_word' id='word_1_373' title='bbox 1093 1934 1141 1985; x_wconf 63' lang='lat' dir='ltr'>V.</span> <span class='ocrx_word' id='word_1_374' title='bbox 1163 1936 1356 1988; x_wconf 85' lang='lat' dir='ltr'>Vigilate</span> <span class='ocrx_word' id='word_1_375' title='bbox 1377 1949 1494 1988; x_wconf 85' lang='lat' dir='ltr'>ergo,</span> <span class='ocrx_word' id='word_1_376' title='bbox 1519 1935 1620 1989; x_wconf 91' lang='lat' dir='ltr'>quia</span> <span class='ocrx_word' id='word_1_377' title='bbox 1638 1935 1818 1977; x_wconf 87' lang='lat' dir='ltr'>nescitis</span> <span class='ocrx_word' id='word_1_378' title='bbox 1836 1947 1923 1987; x_wconf 90' lang='lat' dir='ltr'>qua</span> 
     </span>
     <span class='ocr_line' id='line_1_76' title="bbox 1088 1991 1924 2035; baseline 0 0"><span class='ocrx_word' id='word_1_379' title='bbox 1088 1993 1199 2035; x_wconf 88' lang='lat' dir='ltr'>hora</span> <span class='ocrx_word' id='word_1_380' title='bbox 1216 1994 1434 2035; x_wconf 80' lang='lat' dir='ltr'>Deminus</span> <span class='ocrx_word' id='word_1_381' title='bbox 1454 1997 1602 2035; x_wconf 90' lang='lat' dir='ltr'>vester</span> <span class='ocrx_word' id='word_1_382' title='bbox 1621 1995 1833 2034; x_wconf 75' lang='lat' dir='ltr'>venturus</span> <span class='ocrx_word' id='word_1_383' title='bbox 1853 1991 1924 2035; x_wconf 84' lang='lat' dir='ltr'>sit.</span> 
     </span>
     <span class='ocr_line' id='line_1_77' title="bbox 1088 2049 1780 2092; baseline -0.004 0"><span class='ocrx_word' id='word_1_384' title='bbox 1088 2051 1146 2092; x_wconf 89' lang='lat' dir='ltr'>Et</span> <span class='ocrx_word' id='word_1_385' title='bbox 1166 2063 1257 2092; x_wconf 87' lang='lat' dir='ltr'>vos.</span> <span class='ocrx_word' id='word_1_386' title='bbox 1286 2050 1438 2091; x_wconf 81' lang='lat' dir='ltr'>Gleria</span> <span class='ocrx_word' id='word_1_387' title='bbox 1455 2049 1587 2091; x_wconf 88' lang='lat' dir='ltr'>Patri.</span> <span class='ocrx_word' id='word_1_388' title='bbox 1614 2049 1672 2090; x_wconf 88' lang='lat' dir='ltr'>Et</span> <span class='ocrx_word' id='word_1_389' title='bbox 1689 2060 1780 2090; x_wconf 86' lang='lat' dir='ltr'>vos.</span> 
     </span>
    </p>

    <p class='ocr_par' dir='ltr' id='par_1_19' title="bbox 1398 2106 1620 2146">
     <span class='ocr_line' id='line_1_78' title="bbox 1398 2106 1620 2146; baseline -0.009 0"><span class='ocrx_word' id='word_1_390' title='bbox 1398 2106 1546 2146; x_wconf 85' lang='lat' dir='ltr'>Lectio</span> <span class='ocrx_word' id='word_1_391' title='bbox 1568 2106 1620 2145; x_wconf 81' lang='lat' dir='ltr'>ix.</span> 
     </span>
    </p>

    <p class='ocr_par' dir='ltr' id='par_1_20' title="bbox 1172 2159 1922 2214">
     <span class='ocr_line' id='line_1_79' title="bbox 1172 2159 1922 2214; baseline -0.004 -11"><span class='ocrx_word' id='word_1_392' title='bbox 1172 2177 1202 2203; x_wconf 87' lang='lat' dir='ltr'><strong>x</strong></span> <span class='ocrx_word' id='word_1_393' title='bbox 1213 2163 1446 2205; x_wconf 77' lang='lat' dir='ltr'>occasiene</span> <span class='ocrx_word' id='word_1_394' title='bbox 1456 2162 1583 2214; x_wconf 89' lang='lat' dir='ltr'>hujus</span> <span class='ocrx_word' id='word_1_395' title='bbox 1591 2160 1819 2203; x_wconf 87' lang='lat' dir='ltr'>sententiae</span> <span class='ocrx_word' id='word_1_396' title='bbox 1832 2159 1922 2213; x_wconf 82' lang='lat' dir='ltr'>qui-</span> 
     </span>
    </p>

    <p class='ocr_par' dir='ltr' id='par_1_21' title="bbox 1086 2216 1923 2778">
     <span class='ocr_line' id='line_1_80' title="bbox 1180 2216 1922 2262; baseline -0.004 -1"><span class='ocrx_word' id='word_1_397' title='bbox 1180 2219 1282 2262; x_wconf 91' lang='lat' dir='ltr'>dam</span> <span class='ocrx_word' id='word_1_398' title='bbox 1313 2217 1600 2260; x_wconf 77' lang='lat' dir='ltr'>introducunt</span> <span class='ocrx_word' id='word_1_399' title='bbox 1633 2216 1752 2258; x_wconf 90' lang='lat' dir='ltr'>mille</span> <span class='ocrx_word' id='word_1_400' title='bbox 1783 2229 1922 2258; x_wconf 86' lang='lat' dir='ltr'>annos</span> 
     </span>
     <span class='ocr_line' id='line_1_81' title="bbox 1087 2273 1923 2329; baseline -0.005 -11"><span class='ocrx_word' id='word_1_401' title='bbox 1087 2280 1191 2329; x_wconf 92' lang='lat' dir='ltr'>post</span> <span class='ocrx_word' id='word_1_402' title='bbox 1201 2274 1580 2323; x_wconf 69' lang='lat' dir='ltr'>resurrectionem,</span> <span class='ocrx_word' id='word_1_403' title='bbox 1596 2273 1804 2323; x_wconf 88' lang='lat' dir='ltr'>dicentes,</span> <span class='ocrx_word' id='word_1_404' title='bbox 1817 2277 1923 2314; x_wconf 92' lang='lat' dir='ltr'>tunc</span> 
     </span>
     <span class='ocr_line' id='line_1_82' title="bbox 1087 2330 1922 2384; baseline -0.005 -10"><span class='ocrx_word' id='word_1_405' title='bbox 1087 2333 1215 2375; x_wconf 90' lang='lat' dir='ltr'>nobis</span> <span class='ocrx_word' id='word_1_406' title='bbox 1252 2330 1505 2384; x_wconf 90' lang='lat' dir='ltr'>centuplum</span> <span class='ocrx_word' id='word_1_407' title='bbox 1547 2330 1741 2371; x_wconf 79' lang='lat' dir='ltr'>emnium</span> <span class='ocrx_word' id='word_1_408' title='bbox 1775 2342 1922 2371; x_wconf 91' lang='lat' dir='ltr'>rerum</span> 
     </span>
     <span class='ocr_line' id='line_1_83' title="bbox 1089 2387 1923 2442; baseline -0.006 -11"><span class='ocrx_word' id='word_1_409' title='bbox 1089 2402 1198 2442; x_wconf 89' lang='lat' dir='ltr'>quas</span> <span class='ocrx_word' id='word_1_410' title='bbox 1218 2388 1473 2434; x_wconf 88' lang='lat' dir='ltr'>dimisimus,</span> <span class='ocrx_word' id='word_1_411' title='bbox 1494 2391 1537 2428; x_wconf 90' lang='lat' dir='ltr'>et</span> <span class='ocrx_word' id='word_1_412' title='bbox 1553 2387 1690 2428; x_wconf 88' lang='lat' dir='ltr'>vitam</span> <span class='ocrx_word' id='word_1_413' title='bbox 1712 2387 1923 2427; x_wconf 85' lang='lat' dir='ltr'>aeternam</span> 
     </span>
     <span class='ocr_line' id='line_1_84' title="bbox 1088 2442 1921 2494; baseline -0.005 -7"><span class='ocrx_word' id='word_1_414' title='bbox 1088 2459 1186 2487; x_wconf 89' lang='lat' dir='ltr'>esse</span> <span class='ocrx_word' id='word_1_415' title='bbox 1203 2443 1491 2487; x_wconf 89' lang='lat' dir='ltr'>reddendam:</span> <span class='ocrx_word' id='word_1_416' title='bbox 1511 2456 1599 2484; x_wconf 92' lang='lat' dir='ltr'>non</span> <span class='ocrx_word' id='word_1_417' title='bbox 1616 2442 1921 2494; x_wconf 87' lang='lat' dir='ltr'>intelligentes,</span> 
     </span>
     <span class='ocr_line' id='line_1_85' title="bbox 1089 2499 1921 2555; baseline -0.005 -12"><span class='ocrx_word' id='word_1_418' title='bbox 1089 2501 1220 2555; x_wconf 93' lang='lat' dir='ltr'>quod,</span> <span class='ocrx_word' id='word_1_419' title='bbox 1243 2501 1280 2542; x_wconf 92' lang='lat' dir='ltr'>si</span> <span class='ocrx_word' id='word_1_420' title='bbox 1299 2501 1342 2542; x_wconf 91' lang='lat' dir='ltr'>in</span> <span class='ocrx_word' id='word_1_421' title='bbox 1363 2500 1522 2541; x_wconf 90' lang='lat' dir='ltr'>ceteris</span> <span class='ocrx_word' id='word_1_422' title='bbox 1542 2499 1675 2550; x_wconf 87' lang='lat' dir='ltr'>digna</span> <span class='ocrx_word' id='word_1_423' title='bbox 1695 2499 1751 2540; x_wconf 86' lang='lat' dir='ltr'>sit</span> <span class='ocrx_word' id='word_1_424' title='bbox 1770 2510 1921 2551; x_wconf 90' lang='lat' dir='ltr'>repro-</span> 
     </span>
     <span class='ocr_line' id='line_1_86' title="bbox 1087 2554 1920 2609; baseline -0.005 -10"><span class='ocrx_word' id='word_1_425' title='bbox 1087 2558 1250 2607; x_wconf 89' lang='lat' dir='ltr'>missio,</span> <span class='ocrx_word' id='word_1_426' title='bbox 1269 2557 1314 2598; x_wconf 92' lang='lat' dir='ltr'>in</span> <span class='ocrx_word' id='word_1_427' title='bbox 1328 2556 1541 2598; x_wconf 77' lang='lat' dir='ltr'>uxeribus</span> <span class='ocrx_word' id='word_1_428' title='bbox 1555 2558 1771 2609; x_wconf 86' lang='lat' dir='ltr'>appareat</span> <span class='ocrx_word' id='word_1_429' title='bbox 1785 2554 1920 2607; x_wconf 92' lang='lat' dir='ltr'>turpi-</span> 
     </span>
     <span class='ocr_line' id='line_1_87' title="bbox 1087 2610 1920 2677; baseline -0.006 -20"><span class='ocrx_word' id='word_1_430' title='bbox 1087 2614 1212 2657; x_wconf 82' lang='lat' dir='ltr'>tudo&#39;:</span> <span class='ocrx_word' id='word_1_431' title='bbox 1229 2618 1277 2655; x_wconf 91' lang='lat' dir='ltr'>ut</span> <span class='ocrx_word' id='word_1_432' title='bbox 1298 2613 1372 2666; x_wconf 91' lang='lat' dir='ltr'>qui</span> <span class='ocrx_word' id='word_1_433' title='bbox 1391 2625 1523 2654; x_wconf 91' lang='lat' dir='ltr'>unam</span> <span class='ocrx_word' id='word_1_434' title='bbox 1542 2625 1629 2677; x_wconf 81' lang='lat' dir='ltr'>pro</span> <span class='ocrx_word' id='word_1_435' title='bbox 1645 2611 1838 2653; x_wconf 77' lang='lat' dir='ltr'>Domino</span> <span class='ocrx_word' id='word_1_436' title='bbox 1859 2610 1920 2652; x_wconf 91' lang='lat' dir='ltr'>di-</span> 
     </span>
     <span class='ocr_line' id='line_1_88' title="bbox 1086 2667 1920 2721; baseline -0.005 -9"><span class='ocrx_word' id='word_1_437' title='bbox 1086 2670 1269 2720; x_wconf 89' lang='lat' dir='ltr'>miserit,</span> <span class='ocrx_word' id='word_1_438' title='bbox 1293 2674 1470 2711; x_wconf 91' lang='lat' dir='ltr'>centum</span> <span class='ocrx_word' id='word_1_439' title='bbox 1493 2668 1679 2721; x_wconf 88' lang='lat' dir='ltr'>recipiat</span> <span class='ocrx_word' id='word_1_440' title='bbox 1697 2668 1741 2709; x_wconf 92' lang='lat' dir='ltr'>in</span> <span class='ocrx_word' id='word_1_441' title='bbox 1761 2667 1920 2709; x_wconf 79' lang='lat' dir='ltr'>futuro.</span> 
     </span>
     <span class='ocr_line' id='line_1_89' title="bbox 1086 2723 1921 2778; baseline -0.006 -9"><span class='ocrx_word' id='word_1_442' title='bbox 1086 2728 1249 2770; x_wconf 90' lang='lat' dir='ltr'>Sensus</span> <span class='ocrx_word' id='word_1_443' title='bbox 1275 2738 1381 2778; x_wconf 85' lang='lat' dir='ltr'>ergo</span> <span class='ocrx_word' id='word_1_444' title='bbox 1408 2725 1492 2768; x_wconf 91' lang='lat' dir='ltr'>iste</span> <span class='ocrx_word' id='word_1_445' title='bbox 1516 2730 1599 2767; x_wconf 89' lang='lat' dir='ltr'>est:</span> <span class='ocrx_word' id='word_1_446' title='bbox 1625 2725 1710 2776; x_wconf 91' lang='lat' dir='ltr'>Qui</span> <span class='ocrx_word' id='word_1_447' title='bbox 1729 2723 1921 2766; x_wconf 88' lang='lat' dir='ltr'>carnalia</span> 
     </span>
    </p>
   </div>
   <div class='ocr_carea' id='block_1_12' title="bbox 147 138 1983 2830">
    <p class='ocr_par' dir='ltr' id='par_1_22' title="bbox 147 138 1983 2830">
     <span class='ocr_line' id='line_1_90' title="bbox 147 138 1983 2830; baseline 0 0"><span class='ocrx_word' id='word_1_448' title='bbox 147 138 1983 2830; x_wconf 95' lang='lat' dir='ltr'> </span> 
     </span>
    </p>
   </div>
  </div>
 </body>
</html>
