2080 2990
848 192 1080 235 I'roepuratio

254 296 291 327 et
312 293 517 328 Dominum
541 291 833 334 dominantium,
859 296 965 327 tanta
990 302 1071 327 sus-

253 342 392 386 cipiam
415 341 628 377 reverentia
653 344 690 376 et
714 341 941 385 humilitate,
966 345 1071 376 tanta

254 392 480 427 contritione
510 395 547 427 et
576 391 801 435 devotione,
833 395 939 427 tanta
970 392 1071 436 puri-

253 444 328 477 tate
361 445 398 476 et
427 441 517 484 fide,
548 441 615 477 tali
649 441 852 486 proposito
885 446 921 477 et
952 442 1071 476 inten-

252 491 370 534 tione,
391 491 490 526 sicut
510 491 666 536 expedit
682 491 796 526 saluti
814 491 950 526 animae
965 502 1071 526 meae.

252 541 311 576 Da
326 541 435 585 mihi,
460 551 608 586 quaeso,
630 541 822 577 Dominici
843 543 1016 586 corporis
1036 546 1072 577 et

255 591 453 635 sanguinis
478 602 555 627 non
579 592 704 627 solum
729 592 922 636 suscipere
946 602 1071 627 sacra-

252 642 432 685 mentum,
472 642 541 677 sed
575 642 689 677 etiam
718 652 798 676 rem
828 646 864 677 et
892 642 1071 677 virtutem

254 691 490 726 sacramenti.
523 691 554 726 O
577 691 776 726 mitissime
792 691 907 735 Deus,
932 691 981 727 da
1003 692 1070 726 mi-

252 741 293 775 hi
325 751 466 785 corpus
498 741 686 785 unigeniti
714 740 802 775 Filii
833 741 889 776 tui
916 740 1071 776 Domini

251 791 374 826 nostri
405 791 500 827 Jesu
533 791 693 834 Christi,
732 791 836 835 quod
872 791 989 827 traxit
1023 792 1070 828 de

251 840 410 884 Virgine
433 841 568 884 Maria,
603 840 659 875 sic
686 841 895 884 suscipere,
927 844 969 876 ut
992 843 1071 876 cer-

252 890 339 934 pori
363 901 434 926 suo
457 892 622 936 mYstico
651 892 797 925 merear
821 890 1070 935 incorporari,

253 945 290 975 et
327 941 425 975 inter
464 941 546 983 ejus
588 940 757 975 membra
796 942 1070 977 connumerari.

252 989 284 1025 O
319 990 577 1025 amantissime
606 989 737 1034 Pater,
776 991 942 1026 concede
976 992 1071 1026 mihi

252 1039 431 1074 dilectum
447 1039 585 1074 Fssium
606 1044 726 1082 tuum,
751 1050 864 1084 quem
887 1051 988 1076 nunc
1008 1052 1071 1077 ve-

252 1090 369 1124 latum
393 1090 432 1123 in
455 1089 519 1124 via
545 1091 739 1134 suscipere
755 1092 942 1135 prop6no,
965 1102 1071 1127 reve-

250 1139 328 1174 lata
363 1139 517 1174 tandem
555 1139 652 1174 facie
683 1142 870 1184 perpetuo
906 1146 1070 1177 contem-

250 1189 359 1233 plari.
404 1189 478 1230 Qui
506 1193 631 1224 tecum
654 1190 767 1234 vivit,
800 1194 837 1225 et
866 1195 999 1235 regnat
1030 1192 1069 1226 in

250 1239 394 1274 unitate
418 1238 583 1283 Spiritus
607 1239 738 1301 sancti
753 1239 869 1284 Deus,
893 1245 961 1276 etc.

286 1330 428 1371 Oratio
454 1331 505 1372 ad
526 1332 572 1371 B.
596 1331 646 1371 Μ.
665 1331 712 1372 V.
737 1332 836 1372 ante
858 1332 1037 1373 Missam.

509 1398 535 1421 ιιι
540 1398 568 1422 ιι
570 1397 611 1424 ιι
636 1399 669 1421 ιιι
701 1398 743 1422 ιι

422 1440 548 1465 lli-01¹1&
573 1440 647 1466 XIII.
671 1442 706 1466 Π.
730 1441 806 1466 I‘cbr.
833 1443 901 1467 Issa.

252 1488 298 1563 O
318 1477 440 1513 Mater
455 1478 610 1522 pietatis
628 1482 665 1514 et
680 1479 966 1524 misericordiae,
981 1481 1070 1516 bea-

344 1528 492 1563 tissima
510 1528 631 1573 Virgo
648 1529 782 1573 Maria,
805 1540 877 1573 ego
898 1530 1014 1566 miser
1035 1536 1071 1566 et

250 1577 429 1622 indignus
450 1580 631 1622 peccator
651 1579 702 1614 ad
721 1583 758 1614 te
781 1580 963 1624 confugio
988 1584 1070 1616 toto

250 1627 366 1663 corde
397 1632 434 1663 et
465 1628 615 1672 affectu,
655 1633 692 1664 et
722 1639 860 1673 precor
889 1630 1071 1674 pietatem

248 1682 367 1714 tuam:
390 1682 432 1713 ut
455 1679 554 1714 sicut
578 1678 800 1715 dulcissimo
817 1680 915 1716 Filio
939 1684 1005 1716 tuo
1032 1681 1071 1716 in

250 1738 360 1763 cruce
391 1728 575 1773 pendenti
608 1729 779 1773 astitisti,
822 1730 876 1765 ita
908 1734 946 1766 et
975 1731 1071 1766 mihi

248 1780 388 1814 misero
404 1779 608 1823 peccatori,
625 1783 662 1814 et
674 1780 940 1816 sacerdotibus
953 1782 1071 1817 omni-

247 1830 321 1865 bus
345 1829 409 1864 hic
432 1833 469 1864 et
491 1829 531 1863 in
554 1833 635 1865 tota
659 1834 792 1866 sancta
810 1831 983 1867 Ecclesia
1004 1832 1070 1867 ho-

250 1879 312 1914 die
348 1879 610 1923 offerentibus,
653 1880 858 1916 clementer
890 1882 1070 1917 assistere

250 1929 429 1973 digneris,
451 1933 493 1964 ut
516 1933 582 1964 tua
605 1929 729 1974 gratia
754 1930 889 1974 adjuti,
914 1931 1070 1976 dignam

250 1984 287 2014 et
310 1979 584 2024 acceptabilem
606 1979 775 2015 hostiam
799 1979 839 2014 in
863 1982 1070 2026 conspectu

251 2039 408 2063 summae
431 2033 468 2064 et
488 2029 700 2064 individuae
715 2029 916 2066 Trinitatis
936 2031 1069 2067 offerre

250 2078 457 2113 valeamus.
494 2079 628 2114 Amen.

386 2169 529 2211 Oratio
556 2171 608 2211 ad
634 2171 676 2211 S.
677 2171 942 2257 Josephum.

510 2232 536 2256 ιι
541 2232 610 2261 ιιιιιιι.
636 2234 669 2256 ιιι

531 2275 608 2299 ιΧ
636 2276 651 2300 ι
677 2277 707 2300 ι
705 2277 744 2300 ιι
748 2298 750 2300 ,
777 2278 837 2302 1³--

254 2323 366 2398 Oe
330 2317 366 2352 fe
368 2275 518 2353 licem!¹¹
502 2318 627 2353 virum
650 2319 803 2354 beatum
826 2320 986 2364 Joseph‚
1009 2321 1071 2356 cui

353 2368 483 2403 datum
507 2372 575 2412 est,
593 2368 726 2413 Deum,
750 2380 863 2414 quem
885 2371 994 2406 multi
1014 2382 1071 2407 re—

252 2427 320 2461 ges
338 2419 543 2454 voluerunt
558 2419 700 2463 videre,
724 2423 760 2455 et
783 2430 861 2455 non
882 2421 1070 2465 viderunt,

252 2467 401 2512 audire,
433 2472 470 2503 et
495 2479 573 2504 non
595 2468 814 2513 audierunt,
845 2480 923 2505 non
946 2471 1071 2506 solum

251 2517 383 2553 videre
407 2522 444 2553 et
467 2519 608 2563 audire,
631 2518 701 2553 sed
723 2521 888 2563 portare,
913 2520 1071 2556 deoscu-

251 2567 332 2610 lari,
355 2568 496 2603 vestire
520 2572 557 2603 et
580 2568 782 2604 custodire.

304 2610 347 2654 V.
391 2617 467 2652 Ora
503 2628 574 2662 pro
611 2619 725 2654 nobis
764 2619 875 2654 beate
912 2619 1070 2664 Joseph.

255 2664 294 2707 Ικῖι.
335 2665 386 2701 Ut
423 2666 531 2710 digni
566 2668 776 2704 efficiamur
808 2670 1071 2713 promissi6ni-

252 2715 326 2750 bus
349 2715 504 2752 Christi.

1107 194 1154 226 ad
1179 193 1343 227 Missam.

1449 291 1619 327 Oremus.
1632 294 1638 299 '

1125 356 1262 430 Deus,
1286 345 1353 390 qui
1376 345 1517 382 dedisti
1540 347 1655 383 nobis
1674 349 1802 393 regale
1818 359 1942 384 sacer-

1205 395 1361 439 d6tium,
1377 401 1520 440 praesta
1537 398 1768 443 quaesumus,
1785 403 1828 435 ut
1843 400 1943 435 sicut

1121 447 1257 482 beatus
1269 446 1292 480 J
1296 446 1419 490 oseph
1434 446 1673 490 unigenitum
1682 448 1821 484 Filium
1835 453 1942 484 tuum

1122 501 1252 532 natum
1273 507 1320 531 ex
1336 496 1456 531 Maria
1473 496 1644 541 Virgine,
1668 498 1750 533 suis
1766 499 1942 535 manibus

1122 547 1340 582 reverenter
1367 548 1529 582 tractare
1555 548 1692 583 meruit
1717 552 1755 583 et
1778 551 1942 593 portare,

1124 597 1176 632 ita
1197 607 1270 632 nos
1297 596 1417 632 facias
1440 607 1526 632 cum
1549 597 1678 633 cordis
1699 598 1885 634 munditia
1907 604 1944 634 et

1124 647 1252 691 Operis
1268 646 1487 682 innocentia
1506 648 1582 683 tuis
1597 648 1741 684 sanctis
1758 649 1943 684 altaribus

1124 697 1328 740 deservire,
1340 701 1382 732 ut
1393 699 1679 733 sacrosanctum
1688 697 1777 733 Filii
1786 698 1843 733 tui
1852 698 1943 734 Cor·

1121 758 1195 792 pus
1222 752 1259 783 et
1284 747 1517 791 Sanguinem
1541 748 1658 783 hodie
1683 748 1798 792 digne
1820 751 1944 784 suma-

1122 809 1223 842 mus,
1245 802 1282 833 et
1302 798 1342 832 in
1357 797 1485 833 futuro
1502 798 1645 833 saeculo
1661 799 1863 843 praemium
1878 799 1944 834 ha-

1122 849 1211 883 bere
1245 849 1458 882 mereamur
1489 849 1681 883 aeternum.
1730 848 1804 884 Per
1835 849 1944 884 Chri-

1124 902 1224 934 stum
1239 898 1445 933 Dominum
1462 902 1645 933 nostrum.
1680 898 1813 933 Amen.

1197 1011 1341 1052 Oratio
1368 1011 1419 1051 ad
1446 1024 1589 1052 omnes
1616 1011 1800 1062 Angelos
1828 1012 1871 1053 et.

1438 1068 1630 1109 Sanctus.

1382 1137 1484 1170 Indulg.
1508 1138 1554 1162 100
1573 1137 1688 1163 dierum.

1301 1181 1355 1206 Leo
1376 1181 1429 1206 PP.
1451 1181 1527 1207 1⁸:111,
1547 1182 1586 1206 ἓν).
1610 1182 1672 1207 Dee.
1694 1183 1765 1208 15⁵4.

1124 1228 1287 1311 Angeli,
1308 1228 1557 1273 Archangeli,
1578 1228 1741 1272 Throni,
1761 1228 1943 1263 Domina-

1195 1280 1330 1323 tiones,
1345 1279 1599 1324 Principatus,
1615 1279 1842 1323 Potestates,
1857 1279 1942 1314 Vir-

1120 1332 1220 1365 tutes
1243 1330 1438 1373 coe16rum,
1459 1329 1676 1373 Cherubim,
1701 1333 1815 1373 atque
1835 1328 1943 1365 sera-

1120 1380 1243 1424 phim,
1277 1390 1410 1415 omnes
1433 1379 1579 1423 Sancti,
1614 1383 1651 1414 et
1681 1378 1833 1415 Sanctae
1859 1379 1943 1423 Dei,

1120 1430 1336 1475 praesertim
1371 1430 1529 1477 Patroni
1565 1430 1660 1474 mei,
1708 1430 1942 1466 intercedere

1122 1481 1332 1525 dignemini
1355 1491 1427 1525 pro
1449 1491 1520 1525 me,
1541 1485 1584 1516 ut
1604 1481 1680 1516 hoc
1703 1480 1943 1516 Sacrificium

1120 1531 1204 1566 Deo
1227 1530 1480 1574 omnipotenti
1504 1530 1618 1575 digne
1639 1530 1791 1566 valeam
1807 1530 1941 1566 offerre

1121 1581 1172 1615 ad
1192 1580 1346 1615 laudem
1370 1584 1407 1615 et
1429 1580 1592 1624 glotiam
1613 1580 1780 1615 nominis
1801 1580 1876 1625 sui,
1905 1585 1943 1616 et

1122 1630 1171 1665 ad
1194 1630 1397 1665 utilitatem
1423 1640 1564 1674 meam,
1596 1630 1791 1675 totiusque
1813 1630 1942 1666 Eccle-

1122 1680 1191 1714 siae
1215 1690 1296 1714 suae
1321 1685 1474 1716 sanetae.
1507 1681 1641 1716 Amen.

1395 1794 1667 1835 Oratio

1125 1864 1387 1899 tantummodo
1424 1864 1586 1898 dicenda
1623 1865 1778 1908 quando
1814 1866 1942 1900 Sacer-

1168 1915 1239 1949 dos
1265 1915 1301 1948 in
1327 1915 1509 1948 honorem
1535 1914 1680 1953 Sancti,
1706 1916 1766 1949 vel
1791 1915 1899 1951 Beati

1359 1965 1515 1998 Missam
1540 1965 1716 2000 celebrat.

1384 2023 1487 2056 Indulg.
1510 2024 1558 2049 100
1575 2023 1691 2050 dierum.

1302 2073 1358 2099 Leo
1379 2073 1433 2099 PP.
1452 2074 1529 2100 xm.
1550 2074 1590 2100 20.
1612 2074 1675 2100 Dec.
1701 2075 1770 2101 1⁸⁸2.

1127 2128 1174 2204 O
1191 2125 1321 2156 sancte
1340 2122 1399 2165 N„
1423 2132 1511 2157 ecce
1533 2131 1605 2166 ego
1621 2121 1738 2157 miser
1752 2123 1942 2165 peccator,

1206 2171 1253 2206 de
1266 2171 1342 2206 tuis
1356 2172 1501 2207 meritis
1517 2171 1698 2215 confisus,
1711 2171 1829 2207 offero
1842 2182 1943 2207 nunc

1123 2223 1424 2258 sacratissimum
1448 2222 1734 2258 Sacramentum
1758 2222 1943 2267 Corporis

1124 2276 1161 2308 et
1176 2272 1382 2316 Sanguinis
1398 2272 1553 2307 Demini
1574 2272 1698 2307 nostri
1719 2272 1814 2308 Jesu
1835 2272 1943 2308 Chri-

1124 2323 1173 2358 sti
1188 2333 1260 2366 pro
1276 2326 1343 2358 tuo
1359 2323 1505 2358 honore
1527 2326 1564 2358 et
1579 2323 1712 2366 gleria.
1742 2322 1885 2358 Precor
1906 2326 1943 2357 te

1122 2373 1315 2408 humiliter
1331 2377 1368 2408 et
1384 2373 1536 2416 devote,
1558 2377 1600 2408 ut
1619 2383 1690 2417 pro
1710 2383 1771 2409 me
1787 2373 1943 2408 interce-

1123 2424 1213 2459 dere
1241 2423 1428 2467 digneris,
1456 2427 1498 2458 ut
1529 2426 1677 2458 tantum
1705 2423 1943 2459 Sacrificium

1124 2474 1239 2518 digne
1262 2478 1299 2509 et
1319 2473 1604 2518 acceptabiliter
1625 2473 1760 2508 offerre
1782 2473 1943 2519 valeam,

1122 2527 1163 2558 ut
1179 2534 1266 2558 eum
1280 2527 1422 2566 tecum,
1450 2527 1487 2558 et
1507 2533 1593 2558 cum
1613 2523 1791 2558 omnibus
1813 2523 1943 2558 electis

1124 2574 1205 2617 ejus
1222 2573 1452 2608 aeternaliter
1466 2573 1639 2617 laudare,
1663 2577 1778 2618 atque
1795 2583 1880 2608 cum
1897 2583 1943 2608 eo

1123 2625 1281 2667 regnare
1298 2623 1457 2658 valeam.
1491 2623 1563 2664 Qui
1579 2623 1678 2659 vivit
1698 2627 1734 2659 et
1754 2627 1888 2668 regnat
1904 2624 1943 2658 in

1125 2673 1267 2708 saecula
1283 2673 1520 2708 saeeumrum.
1554 2673 1688 2708 Amen.
