2080 2990
901 225 1015 259 chta
1041 224 1177 258 Martii.
1204 223 1259 263 (5.)

229 321 372 363 lorum
395 322 573 374 primus.
604 319 845 373 Seraphico
870 320 1056 361 Patriar-

231 378 327 427 cha,
351 377 653 428 fidissimoque
673 377 763 428 ejus
783 376 959 418 alumno
979 377 1055 418 Pe-

230 440 299 476 tro
318 434 372 476 de
393 434 629 476 Alcantara
651 433 695 474 in
719 433 817 486 ipso
842 433 1056 485 tyrocinio

231 491 313 533 sibi
337 490 394 532 ad
417 489 677 533 imitandum
696 489 955 543 propesitis,
981 489 1056 530 mi-

230 561 326 588 rum
358 560 490 600 quam
525 546 721 599 perfecte
752 546 1058 599 poenitentiam

230 604 356 655 hujus
376 609 419 646 et
439 602 867 656 contemplatiOnem,
890 601 1057 643 humili-

229 663 365 702 tatem
392 660 506 702 illius
538 672 590 701 ac
618 662 941 712 paupertatem,
973 659 1058 710 iam

229 723 322 759 tum
341 717 471 759 fuerit
490 720 730 759 assecutus.

284 791 333 842 R.
359 787 606 828 Honestum
624 786 738 828 fecit.

535 877 685 917 Lectio
706 890 741 915 v.

231 943 420 1049 Tertio
462 943 534 984 vix
576 942 764 984 decurso
807 955 832 983 a
874 942 1059 984 solemni

322 1000 596 1053 professione
635 1013 712 1041 sua
750 1013 880 1049 anno,
922 998 1058 1041 Pede-

230 1056 425 1098 montani
461 1056 636 1109 Aliphae
678 1056 868 1098 coenobii
909 1055 1058 1097 funda-

230 1113 339 1154 tioni
366 1112 623 1155 destinatur:
657 1113 777 1166 quod
806 1114 897 1165 ejus
923 1115 1059 1165 opera

232 1172 436 1220 exiguum
464 1169 576 1211 adeo
606 1170 762 1219 evasit,
794 1175 842 1211 ut
869 1169 1058 1219 alterius,

233 1226 351 1278 quod
389 1226 493 1267 olim
526 1226 569 1267 in
601 1226 800 1268 Pedroso
834 1227 1058 1268 Extrema-

231 1283 353 1324 durae
374 1288 550 1325 sanctus
565 1283 721 1325 Petrus
738 1282 794 1325 de
810 1284 1059 1335 Alcantara,

232 1340 415 1382 clericus
439 1340 535 1393 ipse
559 1353 752 1393 quoque,
779 1341 1059 1391 excitaverat,

230 1397 462 1447 imaginem
482 1397 745 1439 simillimam
767 1398 959 1440 referret.
987 1399 1059 1440 Sa·

231 1453 431 1495 cerd6tio
467 1466 521 1495 ex
550 1454 802 1497 obedientia
831 1455 1057 1506 inaugura-

231 1516 316 1560 tus,
363 1510 603 1564 disciplinis
648 1511 903 1562 moralibus,
951 1525 1059 1564 quas

231 1580 469 1619 numquam
493 1568 791 1620 perdidicerat
816 1570 1058 1621 improviso

235 1623 434 1665 excultus
478 1625 596 1665 visus
644 1631 720 1667 est.
775 1626 1059 1677 Superiorum

233 1680 358 1721 venia
390 1693 477 1722 non
510 1681 640 1732 longe
678 1681 732 1723 ab
767 1694 820 1723 eo
854 1682 1057 1724 coenobio

232 1749 401 1779 sacram
427 1739 621 1779 eremum
640 1742 866 1780 exstruere
886 1742 1058 1790 aggres-

233 1806 321 1842 suS,
342 1794 492 1836 subter
512 1794 674 1836 excelsi
694 1795 857 1837 montis
876 1795 1058 1848 dejectu,

233 1855 280 1891 ut
314 1850 619 1893 absolveretur
660 1865 790 1905 quam
832 1852 1059 1902 citissime,

231 1906 362 1958 ligna,
408 1908 595 1961 lapides,
640 1908 820 1959 calcem,
867 1909 1059 1952 humeris

232 1964 321 2005 suis
347 1964 544 2007 mordaci
571 1966 708 2007 lorica
733 1967 962 2017 contectis,
988 1980 1058 2009 ex·

232 2021 452 2073 portabat;
471 2022 531 2064 ita
550 2028 598 2064 ut
612 2035 692 2076 per
708 2023 914 2066 calcanea
930 2037 1060 2066 cruor

232 2078 419 2120 ubertim
442 2079 485 2119 in
510 2083 672 2121 terram
696 2080 920 2123 deflueret.
956 2081 1059 2123 Fra-

232 2139 347 2175 trum
380 2138 537 2186 rogatu
570 2136 690 2187 leges
729 2136 943 2190 quasdam
975 2151 1058 2191 pro

234 2205 360 2234 sacro
384 2192 458 2234 illo
485 2195 660 2235 recessu
685 2195 931 2247 peculiares
958 2198 1058 2237 con-

233 2248 358 2299 didit,
383 2249 554 2301 dignas,
584 2264 681 2302 quae
706 2264 730 2292 a
749 2252 862 2293 Sede
882 2254 1058 2305 aposte-

232 2306 315 2347 lica
353 2306 725 2348 confirmarentur.
778 2309 1059 2351 Novitiorum

233 2363 429 2413 regimini
448 2364 731 2416 praeposituS,
752 2367 902 2406 eurum
923 2365 980 2408 ad
999 2367 1058 2407 vi-

233 2424 321 2460 tam
351 2420 596 2470 regularem
621 2423 887 2475 componere
913 2435 1058 2476 mores

233 2488 286 2516 eo
306 2477 507 2528 profectu
532 2480 684 2519 enixus
708 2484 790 2527 est,
819 2484 866 2521 ut
884 2479 1058 2521 illorum

233 2532 366 2585 aliqui
401 2534 645 2576 sanctitatis
678 2541 721 2577 et
749 2535 1059 2577 miraculorum

234 2588 347 2630 fama
362 2589 652 2633 inclaruerint.
671 2591 838 2634 Verum
854 2604 953 2633 cum
965 2593 1058 2635 Cle-

234 2659 355 2687 mens
374 2647 494 2700 Papa
519 2648 789 2699 undecimus,
813 2648 962 2690 saeculi
988 2649 1058 2691 de-

234 2703 333 2743 cimi
365 2705 509 2746 octavi
542 2705 680 2754 initio,
712 2706 890 2748 Fratres
922 2706 1058 2748 Italos

233 2759 522 2803 Excalceatos
545 2761 600 2803 ab
620 2762 830 2815 Hispanis
853 2763 896 2804 in
921 2775 1057 2814 regno

1109 318 1322 370 Neapolis
1342 319 1620 369 seiunxisset,
1646 317 1797 370 illique
1819 317 1939 358 nulla

1110 374 1332 425 regiminis
1352 374 1493 415 forma
1510 373 1768 427 potirentur,
1794 373 1847 416 ab
1868 376 1938 415 eo-

1110 430 1211 472 dem
1231 430 1459 480 Pontifice,
1481 430 1723 472 obsistente
1740 429 1845 472 licet
1862 430 1937 472 hu-

1110 488 1228 529 mani
1242 487 1413 538 generis
1423 486 1563 536 hoste,
1576 487 1818 540 provinciae
1826 486 1938 528 Nea—

1110 544 1333 597 politanae,
1352 544 1493 586 sancti
1501 543 1622 585 Petri
1637 542 1692 585 de
1703 543 1939 585 Alcantara

1110 603 1385 654 nuncupatae,
1405 601 1671 643 erectionem
1689 599 1887 642 obtinuit.

1164 675 1214 725 Rz.
1242 670 1421 713 Amavit
1441 683 1552 712 eum.

1414 760 1567 801 Lectio
1589 760 1642 800 vi.

1113 825 1331 931 Primus
1350 840 1480 869 novae
1498 826 1748 870 istiusmodi
1765 829 1940 880 provin·

1205 884 1284 926 ciae
1304 884 1503 926 Minister
1522 884 1812 933 renuntiatus,
1831 884 1940 935 regi-

1110 954 1222 990 men,
1237 941 1359 993 quod
1369 941 1664 991 abdicaverat,
1680 953 1818 983 sacrae
1830 940 1940 982 Con—

1111 997 1377 1048 gregationis
1395 998 1720 1051 Episcoporum
1739 1002 1783 1039 et
1797 998 1940 1049 Regu—

1111 1054 1269 1096 larium
1313 1055 1434 1107 jussu
1478 1057 1701 1096 assumere
1747 1056 1941 1104 coactus,

1112 1110 1288 1153 difficile
1308 1111 1450 1153 relatu
1467 1116 1550 1162 est,
1573 1116 1681 1164 quot
1700 1111 1941 1163 qualesque

1114 1168 1353 1209 calumnias
1390 1168 1475 1210 Dei
1517 1167 1682 1210 famulo
1726 1167 1940 1210 devorare

1113 1238 1226 1277 opus
1246 1225 1393 1276 fuerit,
1418 1230 1467 1267 ut
1484 1224 1686 1267 Italicam
1704 1225 1939 1267 Excalcea-

1112 1283 1258 1323 torum
1276 1283 1480 1325 Fratrum
1498 1281 1706 1324 familiam
1725 1281 1941 1324 constabi-

1112 1339 1221 1381 liret.
1264 1339 1415 1382 Rebus
1448 1339 1724 1392 compositis,
1757 1351 1810 1380 eo
1843 1351 1941 1380 sese

1112 1400 1255 1438 totum
1276 1396 1502 1447 convertit,
1522 1401 1571 1438 ut
1590 1395 1754 1449 duplex
1771 1395 1844 1437 illc
1863 1395 1941 1437 Pe-

1112 1453 1167 1494 tri
1202 1452 1258 1495 de
1286 1453 1526 1495 Alcantara
1557 1452 1940 1506 contemplationis

1113 1515 1157 1552 et
1183 1510 1455 1563 poenitentiae
1484 1510 1665 1564 spiritus
1691 1509 1803 1551 altas
1827 1509 1941 1551 i1rter

1113 1580 1218 1608 suos
1236 1567 1408 1609 radices
1429 1569 1595 1618 ageret,
1624 1579 1736 1619 quos
1759 1565 1940 1619 praecla-

1112 1625 1296 1666 rissimis
1327 1625 1538 1666 virtutum
1576 1623 1790 1676 exemplis
1823 1628 1940 1666 ante-

1111 1681 1218 1723 ibat:
1250 1681 1493 1723 humilitate
1526 1682 1570 1722 in
1601 1681 1754 1733 primis
1781 1679 1940 1731 rigida-

1113 1751 1198 1790 que
1213 1737 1460 1780 claustralis
1472 1736 1715 1790 disciplinae
1729 1735 1941 1778 custodia.

1111 1795 1378 1848 Paupertate
1411 1800 1455 1836 et
1490 1793 1754 1836 abstinentia
1786 1793 1941 1836 enituit

1112 1851 1369 1894 admirabili.
1395 1851 1583 1893 Unicum
1602 1851 1659 1893 ad
1672 1849 1836 1893 nudam
1850 1862 1940 1892 car-

1111 1922 1212 1951 nem
1240 1912 1468 1960 sexaginta
1497 1911 1687 1961 quatuor
1715 1907 1840 1950 annis
1867 1907 1940 1949 ha-

1111 1965 1251 2008 bitum
1266 1966 1480 2017 adhibuit;
1495 1978 1664 2019 perque
1678 1965 1831 2016 viginti
1847 1966 1943 2017 qua·

1113 2028 1213 2065 tuor
1232 2036 1385 2073 annos,
1411 2023 1658 2076 priscorum
1676 2021 1940 2064 Eremicola—

1111 2093 1207 2122 rum
1228 2081 1325 2130 ritu,
1343 2093 1457 2134 pane
1476 2084 1647 2122 tantum
1661 2091 1713 2120 ac
1727 2077 1941 2121 fructibus

1111 2137 1341 2187 victitavit,
1384 2136 1505 2189 quod
1544 2135 1679 2178 edulii
1715 2147 1853 2186 genus
1886 2146 1941 2176 ex

1112 2194 1363 2236 obedientia
1391 2195 1435 2234 in
1459 2194 1724 2235 nauseosum
1748 2203 1938 2232 commu-

1110 2251 1221 2293 tavit
1254 2251 1476 2293 ferculum.
1517 2249 1723 2300 Flagellis
1755 2247 1939 2301 asperri-

1111 2309 1210 2358 mis,
1234 2307 1386 2350 ciliciis
1406 2312 1451 2349 et
1469 2320 1599 2349 cruce
1618 2307 1774 2356 ferrea,
1799 2305 1939 2348 acutis

1111 2365 1323 2407 instructa
1351 2363 1590 2413 claviculis,
1624 2375 1785 2415 corpus
1813 2374 1939 2403 suum

1111 2422 1348 2464 dilaniavit.
1388 2419 1505 2463 Illud
1534 2420 1664 2462 etiam
1692 2419 1747 2462 de
1776 2431 1829 2460 eo
1858 2417 1939 2460 fer-

1110 2484 1197 2529 tur,
1224 2477 1345 2531 quod
1371 2477 1659 2520 creberrimas
1683 2477 1797 2518 inter
1815 2476 1939 2516 oran-

1112 2536 1216 2577 dum
1241 2537 1416 2577 extases
1435 2547 1593 2587 passus
1619 2538 1703 2583 est,
1730 2531 1939 2584 quodque

1112 2592 1322 2645 raptibus,
1333 2589 1579 2644 prophetia,
1590 2588 1822 2638 miracuIiS,
1835 2587 1941 2629 aliis-

1112 2663 1198 2702 que
1243 2648 1492 2701 hujusmodi
1533 2644 1940 2700 supernaturalibus

1113 2707 1242 2748 donis
1279 2706 1430 2747 vivens
1467 2705 1684 2747 claruerit.
1736 2702 1939 2754 Denique

1111 2764 1207 2805 zelo
1237 2762 1479 2804 animarum
1507 2761 1789 2813 absumptus,
1820 2763 1939 2800 octo-
