2040 2990
784 195 828 228 In
852 194 1064 229 Nativitate
1089 195 1255 229 Domini.

215 288 267 340 Rz.
293 287 441 329 Hodie
459 288 588 330 nobis
608 288 664 330 de
683 288 798 330 coelo
818 300 906 340 pax
924 299 996 328 ve-

165 355 214 383 ra
244 342 486 385 descendit:
510 348 533 372 *
563 344 710 386 Hodie
739 357 820 396 per
853 348 996 385 totum
1055 370 1074 399 ἑ,
1100 357 1165 399 ists,

164 398 375 442 mundum
402 400 598 441 melliflui
626 401 729 442 facti
758 404 859 441 sunt
882 399 994 440 coeli.
1051 398 1084 439 ³3³»
1111 392 1140 407 fl*

163 450 214 503 V.
238 454 385 497 Hodie
404 455 546 498 fflaxit
563 456 692 498 nobis
712 456 808 498 dies
826 455 993 496 redem-
1056 454 1154 487 ³
1194 454 1197 474 ²

163 510 328 562 ptionis
339 524 479 561 novae,
490 512 780 564 reparationis
792 513 994 564 antiquae,

164 566 385 608 felicitatis
404 570 592 609 aeternae.
619 567 777 609 Hodie.

216 632 379 674 Bened.
407 632 593 684 Spiritus
613 632 754 673 sancti
771 631 922 682 gratia.

265 718 417 759 Lectio
437 718 491 758 iii.
699 720 803 772 Cap.
822 722 887 762 52.

238 783 442 832 onsurge,
462 786 694 833 consarge,
711 782 894 823 indaere
910 782 993 823 for-

248 837 438 880 titudine
464 843 540 880 tua
562 839 684 888 Sion,
712 839 895 880 induere
922 851 992 880 ve-

163 893 378 936 stimentis
397 894 549 945 gloriae
568 899 656 936 tuae
672 894 917 936 Jerusalem
937 897 992 935 ci-

161 949 274 991 vitas
301 950 457 991 sancti:
486 951 587 1003 quia
614 964 703 993 non
731 951 905 1002 adjiciet
931 951 991 991 ul-

161 1009 231 1047 tra
248 1010 297 1047 ut
315 1009 592 1058 pertranseat
610 1020 690 1060 per
705 1012 750 1049 te
764 1007 991 1048 incircum-

161 1064 276 1103 cisus
310 1066 354 1103 et
379 1062 640 1105 immundus.
683 1064 904 1104 Excutere
937 1063 991 1104 de

159 1117 352 1170 pulvere,
370 1121 596 1170 consurge,
614 1118 720 1160 sede
735 1118 991 1160 Jerusalem:

160 1173 284 1215 solve
303 1174 476 1215 vincula
495 1175 598 1216 colli
616 1175 689 1224 tui,
710 1177 884 1227 captiva
903 1174 991 1215 filia

159 1229 275 1270 Sion.
329 1230 441 1279 Quia
482 1230 580 1272 haec
617 1231 723 1272 dicit
757 1231 991 1271 Dominus:

161 1284 309 1325 Gratis
328 1285 583 1327 venumdati
602 1287 723 1336 estis,
749 1291 792 1327 et
815 1286 907 1327 sine
927 1299 990 1326 ar-

158 1342 292 1391 gento
310 1340 595 1383 redimemini.
629 1343 741 1392 Quia
763 1342 860 1383 haec
884 1341 992 1383 dicit

158 1396 376 1437 Dominus
402 1397 541 1438 Deus:
572 1398 624 1438 In
647 1398 891 1449 AEgyptum
919 1397 990 1438 de—

159 1451 330 1493 scendit
347 1452 539 1504 populus
557 1465 682 1494 meus
700 1453 744 1494 in
762 1453 990 1505 principio,

159 1512 207 1548 ut
226 1507 410 1549 colonus
432 1512 548 1550 esset
567 1508 643 1550 ibi:
667 1513 711 1550 et
730 1510 870 1550 Assur
894 1508 989 1550 abs-

160 1576 245 1616 que
285 1563 375 1604 ulla
416 1576 549 1605 causa
594 1564 882 1605 calumniatus
923 1569 990 1605 est

159 1631 268 1661 eum.
307 1620 364 1660 Et
395 1632 511 1660 nunc
542 1619 649 1671 quid
680 1620 787 1660 mihi
813 1624 881 1661 est
908 1620 989 1670 hic,

159 1674 265 1717 dicit
300 1675 534 1725 Dominus,
573 1676 780 1727 quoniam
818 1675 989 1717 ablatus

159 1735 227 1772 est
243 1731 436 1783 populus
455 1743 580 1772 meus
598 1732 756 1781 gratis?
780 1732 989 1772 Domina-

157 1788 278 1828 tores
304 1787 394 1838 ejus
418 1786 566 1838 inique
592 1792 743 1837 agunt,
773 1787 878 1829 dicit
900 1788 988 1828 Do-

157 1842 316 1884 minus:
349 1847 394 1884 et
422 1842 579 1894 jugiter
607 1847 703 1883 tota
731 1842 801 1884 die
829 1855 989 1884 nomen

156 1911 303 1939 meum
321 1898 662 1950 blasphematur.
694 1898 885 1951 Propter
903 1898 989 1939 hoc

158 1955 268 1996 sciet
290 1955 484 2007 populus
508 1968 633 1997 meus
651 1967 812 1996 nomen
830 1967 987 2004 meum,

156 2010 201 2050 in
220 2009 291 2052 die
309 2010 398 2051 ina:
418 2011 519 2062 quia
539 2024 622 2062 ego
639 2010 735 2062 ipse
752 2011 825 2062 qui
839 2010 988 2061 loque-

156 2065 247 2116 bar,
269 2079 373 2108 ecce
394 2066 561 2108 adsum.

210 2136 260 2188 R.
287 2135 428 2184 Quem
452 2134 643 2185 vidistis,
670 2132 896 2188 pastores?
927 2133 987 2174 di-

157 2191 259 2240 cite,
301 2191 555 2232 annuntiate
590 2191 736 2240 nobis,
777 2191 821 2230 in
857 2189 987 2230 terris

158 2246 255 2298 quis
286 2246 514 2298 apparuit?
543 2251 565 2274 *
595 2247 759 2288 Natum
786 2245 986 2294 vidimus,

156 2307 201 2343 et
219 2301 380 2343 choros
395 2302 668 2353 Angelorum
684 2301 986 2344 coHaudantes

155 2358 403 2399 Dominum.
441 2357 489 2406 V.
508 2358 668 2408 Dicite,
696 2358 903 2410 quidnam
926 2356 985 2396 vi-

156 2412 305 2454 distis?
339 2418 383 2455 et
409 2415 662 2455 annuntiate
689 2413 853 2455 Christi
878 2411 985 2452 nati-

155 2468 348 2509 vitatem.
374 2470 550 2511 Natum.
578 2470 739 2510 Gloria.
766 2469 941 2510 Natum.

390 2558 439 2598 In
457 2560 508 2599 H.
527 2561 562 2600 N
565 2562 751 2601 octurno.

209 2624 310 2666 Ant.
337 2626 618 2678 Suscepimus
637 2628 661 2653 *
679 2628 801 2668 Deus
820 2625 982 2667 miseri—

155 2681 352 2723 cordiam
370 2686 490 2723 tuam
508 2683 552 2723 in
570 2683 718 2724 medio
736 2682 891 2734 templi
909 2681 989 2722 tui.-

1811 190 1877 225 181

1314 291 1513 332 Psalmus
1540 292 1606 332 47.

1194 363 1344 401 agnus
1364 351 1593 401 Dominus,
1622 356 1666 392 et
1683 351 1876 393 laudabi-

1118 400 1166 450 ’Ψ
1223 407 1277 447 lis
1308 407 1436 450 nimis
1463 407 1487 432 *
1514 407 1557 447 in
1590 407 1765 448 civitate
1792 408 1876 449 Dei

1222 463 1372 512 nostri,
1386 463 1431 503 in
1444 467 1594 504 monte
1609 467 1760 504 sancto
1774 463 1875 514 ejus.

1098 522 1326 564 Fundatur
1348 523 1638 564 exsultatione
1661 523 1875 564 universae

1046 584 1178 621 terrae
1210 591 1337 620 mons
1371 579 1490 628 Sion,
1518 579 1541 604 *
1575 578 1715 620 latera
1741 579 1874 631 Aqui-

1047 635 1175 685 lonis,
1202 635 1355 676 civitas
1382 635 1497 685 regis
1524 635 1680 685 magni.

1098 695 1220 736 Deus
1243 695 1287 735 in
1307 694 1511 736 domibus
1532 695 1622 746 ejus
1642 697 1873 745 cognosce-

1045 756 1126 800 tur,
1154 751 1177 777 *
1206 763 1306 792 cum
1334 751 1543 803 suscipiet
1571 763 1678 791 eam.

1098 811 1313 861 Quoniam
1341 823 1444 852 ecce
1472 823 1599 861 reges
1621 815 1751 852 terrae
1775 823 1874 852 con-

1045 867 1215 918 gregati
1261 871 1375 908 sunt:
1419 867 1443 892 *
1489 868 1787 908 convenerunt
1831 867 1873 906 in

1045 936 1188 964 unum.

1096 983 1189 1035 Ipsi
1215 982 1415 1023 videntes
1444 982 1506 1022 sic
1534 981 1736 1023 admirati
1764 988 1873 1031 sunt,

1045 1039 1294 1090 conturbati
1322 1043 1437 1088 sunt,
1470 1038 1679 1078 commoti
1707 1043 1822 1079 sunt:
1850 1038 1873 1063 *

1042 1100 1208 1136 tremor
1236 1093 1527 1146 apprehendit
1554 1105 1642 1134 eos.

1096 1155 1164 1196 Ibi
1191 1155 1370 1196 dolores
1398 1159 1445 1195 ut
1472 1153 1768 1205 parturientis:
1786 1154 1810 1179 *
1829 1153 1872 1193 in

1044 1211 1201 1263 spiritu
1227 1210 1475 1252 vehementi
1508 1211 1709 1250 conteres
1738 1222 1872 1250 naves

1043 1267 1235 1307 Tharsis.

1095 1327 1215 1368 Sicut
1242 1326 1497 1374 audivimus,
1526 1324 1588 1365 sic
1615 1324 1801 1365 vidimus
1828 1325 1872 1365 in

1043 1383 1220 1424 civitate
1242 1382 1420 1423 Domini
1447 1381 1672 1428 virtutum,
1699 1380 1742 1420 in
1771 1381 1871 1421 civi-

1042 1440 1133 1479 tate
1165 1438 1251 1479 Dei
1276 1438 1429 1478 nostri:
1462 1436 1486 1462 *
1518 1436 1639 1476 Deus
1674 1435 1872 1477 fundavit

1043 1506 1140 1535 eam
1166 1494 1211 1534 in
1239 1495 1462 1534 aeternum.

1093 1554 1373 1606 Suscepimus
1387 1554 1508 1596 Deus
1526 1553 1871 1596 misericordiam

1041 1614 1172 1659 tuam,
1200 1610 1223 1635 *
1250 1610 1294 1650 in
1319 1609 1465 1652 medio
1493 1610 1646 1663 templi
1673 1610 1746 1651 tui.

1093 1664 1343 1706 Secundum
1383 1678 1544 1707 nomen
1580 1671 1704 1707 tuum
1738 1665 1870 1712 Deus

1042 1720 1105 1761 sic
1142 1726 1186 1762 et
1218 1721 1313 1762 laus
1348 1726 1424 1763 tua
1457 1722 1501 1762 in
1532 1722 1642 1762 fines
1674 1726 1819 1762 terrae:
1847 1721 1870 1746 *

1040 1777 1202 1827 justitia
1228 1776 1360 1828 plena
1389 1782 1456 1818 est
1483 1777 1663 1818 dextera
1690 1781 1775 1817 tua.

1092 1832 1287 1873 Laetetur
1326 1845 1454 1873 mons
1489 1833 1613 1881 Sion,
1657 1836 1701 1873 et
1729 1831 1868 1873 exsul-

1040 1892 1134 1929 tent
1160 1887 1263 1927 filiae
1286 1888 1311 1927 J
1314 1888 1424 1938 udae,
1452 1890 1476 1916 *
1503 1892 1687 1940 propter
1713 1886 1869 1938 judicia

1040 1947 1116 1984 tua
1141 1943 1340 1984 Domine.

1094 1998 1371 2040 Circumdate
1397 1999 1519 2049 Sion,
1549 2004 1592 2041 et
1619 1998 1868 2050 complecti-

1038 2054 1144 2094 mini
1180 2067 1291 2095 eam:
1327 2055 1350 2080 *
1386 2057 1559 2097 narrate
1595 2056 1639 2096 in
1675 2053 1868 2096 turribus

1040 2110 1141 2160 ejus.

1090 2166 1246 2207 Ponite
1281 2165 1417 2207 corda
1449 2170 1596 2207 vestra
1630 2165 1674 2206 in
1706 2165 1866 2207 virtute

1040 2222 1144 2273 ejus:
1171 2220 1195 2247 *
1223 2226 1267 2262 et
1302 2220 1548 2263 distribuite
1581 2221 1737 2262 domos
1765 2221 1866 2270 ejus,

1038 2281 1086 2318 ut
1114 2277 1324 2318 enarretis
1349 2276 1393 2317 in
1421 2277 1630 2329 progenie
1659 2276 1805 2318 altera.

1090 2332 1306 2382 Quoniam
1346 2332 1416 2373 hic
1458 2337 1525 2374 est
1559 2332 1700 2381 Deus,
1745 2331 1865 2372 Deus

1036 2392 1189 2428 noster
1214 2388 1259 2428 in
1278 2389 1504 2437 aeternum,
1533 2393 1577 2429 et
1595 2388 1639 2428 in
1658 2386 1865 2428 saeculum

1037 2443 1200 2484 saeculi:
1219 2444 1243 2470 *
1261 2443 1356 2495 ipse
1383 2447 1506 2493 reget
1532 2455 1613 2484 nos
1633 2443 1677 2483 in
1695 2441 1864 2483 saecula.

1089 2506 1188 2546 Ant.
1231 2507 1510 2559 Suscepimus
1545 2506 1666 2547 Deus
1702 2505 1863 2546 miseri-

1037 2562 1233 2604 cordiam
1251 2567 1372 2604 tuam
1391 2563 1435 2602 in
1455 2561 1602 2602 medio
1621 2561 1773 2612 templi
1790 2559 1863 2601 tui.

1088 2624 1188 2665 Ant.
1213 2626 1390 2667 Orie'tur
1408 2626 1432 2651 *
1450 2626 1494 2665 in
1514 2625 1667 2667 diebus
1686 2623 1860 2664 Domini

1034 2680 1303 2723 abundantia
1326 2681 1464 2732 pacis,
1491 2685 1534 2722 et
1557 2678 1861 2721 dominabitur.
