2040 2990
671 202 725 231 28.
752 198 983 231 Decembris
1031 199 1086 230 ὃς.

180 300 446 351 dignitatem,
470 311 600 350 quam
618 299 796 338 usuram
814 296 1002 348 praesen-

177 357 232 398 tis
252 355 514 408 acceperint

228 419 277 458 R-
297 416 376 457 Isti
393 420 494 457 sunt
513 415 662 465 sancti,
682 414 755 467 qui
768 413 888 467 passi
903 415 1004 453 sunt

176 478 360 526 propter
378 477 422 514 te
441 472 644 513 Demine:
670 470 846 512 vindica
866 481 956 518 eOS,

178 530 289 580 Quia
300 530 489 570 clamant
500 528 557 570 ad
567 533 611 570 te
621 527 827 581 quotidie.
842 520 890 571 Υ.
900 526 1003 567 Vin-

177 586 275 628 dica
286 586 474 627 Demine
486 585 741 636 sanguinem
751 584 1003 624 sanctorum

175 645 362 692 tuorum,
384 642 457 694 qui
477 641 640 683 effusus
660 645 736 682 est.
765 640 886 690 Quia.

476 699 626 739 Lectio
649 699 698 738 vi.

253 759 413 800 liorum
447 758 623 811 quidem
658 757 853 811 pretiosa
884 768 1003 796 mors

288 816 532 867 Martyrum
563 814 738 856 laudem
765 814 809 854 in
836 812 1002 854 confes—

176 873 299 914 siene
314 872 566 925 promeruit,
582 872 739 913 horum
753 870 797 911 in
813 882 1004 911 consum-

174 930 366 971 matione
394 928 671 981 complacuit.
717 927 828 977 Quia
854 926 1002 978 incipi-

176 986 290 1027 entis
314 986 416 1027 vitae
441 984 708 1038 primordiis,
733 985 827 1036 ipse
850 983 913 1024 eis
933 995 1002 1024 oc-

175 1044 303 1084 casus
317 1042 486 1084 initium
500 1041 653 1093 gleriae
665 1040 797 1090 dedit,
814 1039 888 1092 qui
900 1051 1004 1092 prae-

175 1099 310 1140 sentis
342 1099 577 1140 terminum
609 1097 829 1150 impesuit.
881 1096 1003 1146 Quos

174 1155 367 1197 Heredis
378 1156 580 1208 impietas
590 1154 806 1195 lactantes
815 1158 1004 1194 matrum

173 1211 382 1253 uberibus
402 1211 625 1261 abstraxit,
651 1211 725 1263 qui
744 1211 835 1262 jure
855 1209 1002 1251 dicun-

173 1273 245 1309 tur
255 1268 498 1320 Martyrum
513 1268 656 1317 flores,
673 1280 783 1320 quos
797 1267 841 1307 in
855 1266 1002 1308 medio

175 1325 334 1376 frigore
366 1324 636 1366 infidelitatis
670 1325 850 1365 exortos
883 1323 1003 1364 velut

174 1382 337 1434 primas
358 1383 637 1434 erumpentes
656 1379 867 1421 Ecclesiae
887 1392 1002 1430 gem-

173 1451 278 1489 mas,
295 1438 498 1491 quaedam
512 1436 832 1491 persecutiOnis
846 1438 1003 1489 pruina

174 1494 361 1537 de06xit.

226 1558 276 1609 R.
304 1556 383 1598 Isti
407 1560 518 1605 sunt,
545 1555 619 1607 qui
642 1568 731 1596 non
753 1554 1003 1606 inquinave—

175 1617 276 1654 runt
289 1612 550 1654 vestimenta
563 1624 655 1652 sua:
675 1610 1003 1652 *Ambulabunt

174 1681 346 1710 mecum
378 1669 422 1709 in
455 1667 582 1717 albis,
616 1668 717 1720 quia
744 1666 863 1718 digni
894 1671 1003 1708 sunt.

174 1721 224 1771 V.
239 1726 298 1766 Hi
314 1730 425 1774 sunt,
441 1725 515 1776 qui
531 1737 631 1765 cum
645 1723 899 1765 mulieribus
915 1736 1003 1765 non

175 1786 275 1823 sunt
321 1781 609 1834 coinquinati:
654 1780 844 1832 virgines
889 1780 1003 1821 enim

174 1843 285 1879 sunt.
332 1837 643 1879 Ambulebunt.
692 1836 846 1878 Gloria
871 1836 1003 1877 Patri.

174 1894 487 1936 Ambulabunt.

396 1972 444 2010 In
463 1972 533 2011 III.
553 1972 775 2011 Nocturno.

230 2039 327 2079 Ant.
355 2039 378 2078 J
382 2037 468 2078 usti
496 2042 643 2079 autem
670 2037 714 2077 in
740 2038 1004 2090 perpetuum

175 2094 334 2143 vivent,
353 2098 397 2135 et
416 2093 535 2146 apud
551 2093 788 2135 Dominum
808 2099 875 2136 est
893 2106 1003 2136 mer-

176 2163 250 2192 ces
269 2151 433 2192 eorum.

228 2207 294 2246 Ps.
314 2208 376 2247 32.
409 2206 638 2248 ΕΧειιΙῒεὶῒθ
656 2207 766 2259 justi.
793 2207 869 2260 [41]

230 2269 328 2308 Ant.
359 2267 438 2309 Isti
464 2272 581 2316 sunt,
610 2268 686 2319 qui
711 2270 923 2311 venerunt
949 2282 1003 2311 ex

176 2337 332 2376 magna
343 2323 636 2373 tribulatione,
651 2328 694 2364 et
707 2323 906 2366 laverunt
918 2331 1003 2367 sto·

176 2380 241 2422 las
261 2393 361 2422 suas
380 2380 425 2420 in
445 2380 656 2431 sanguine
674 2380 801 2431 Agni.

231 2437 369 2476 123333.
384 2435 649 2477 Benedicam
659 2436 907 2478 Deminum.
921 2437 1003 2490 [42]

229 2498 326 2537 Ant.
351 2498 462 2538 Ecce
479 2509 647 2539 merces
667 2500 918 2539 sanct6rum
933 2511 1002 2540 co-

176 2554 302 2606 piosa
337 2558 403 2595 est
440 2552 558 2605 apud
588 2554 748 2594 Deum:
783 2554 866 2606 ipsi
897 2567 1002 2596 vero

176 2610 337 2651 mertui
356 2614 457 2650 sunt
476 2621 557 2661 pro
577 2609 767 2659 Christo,
795 2616 838 2652 et
859 2610 1003 2652 vivent

175 2667 220 2707 in
239 2668 462 2708 aeternum.

229 2724 294 2763 l's.
307 2725 371 2763 45.
393 2725 511 2763 Deus
522 2728 673 2764 noster
683 2723 907 2775 refugium.
921 2724 1003 2776 [42]

1113 197 1386 230 Innocentium.

1107 288 1156 340 Υ.
1183 292 1208 332 J
1210 292 1295 333 usti
1315 296 1460 333 autem
1479 291 1523 332 in
1543 293 1805 345 perpetuum
1823 291 1882 332 vi-

1055 354 1168 390 vent.
1221 352 1270 403 R.
1304 348 1361 390 Et
1397 347 1516 401 apud
1544 348 1782 390 Deminum
1816 352 1883 390 est

1055 418 1223 447 merces
1248 406 1412 446 eorum.

1055 474 1209 517 Lectio
1235 475 1373 516 sancti
1396 475 1621 526 Evangelii
1644 473 1884 517 secundum

1336 531 1604 574 Matthaeum.

1156 598 1309 639 Lectio
1332 598 1398 636 vii.
1574 596 1675 648 Cap.
1690 596 1727 635 2.
1742 608 1776 636 c.

1054 654 1131 761 In
1149 658 1226 700 illo
1246 659 1462 711 tempore:
1490 657 1687 709 Angelus
1705 658 1885 699 Demini

1125 715 1331 768 apparuit
1354 714 1398 755 in
1424 715 1588 756 somnis
1612 714 1794 768 Joseph,
1823 713 1884 756 di·

1055 784 1173 813 cens:
1201 771 1355 823 Surge,
1381 775 1426 812 et
1445 771 1596 824 accipe
1614 773 1815 824 puerum,
1841 775 1885 813 et

1054 833 1240 870 matrem
1261 829 1362 880 ejuS‚
1385 832 1428 869 et
1446 828 1548 879 fuge
1566 828 1610 869 in
1630 828 1884 881 AEgyptum,

1055 890 1099 927 et
1125 890 1220 927 esto
1246 884 1307 927 ibi
1332 897 1473 936 usque
1498 884 1602 926 dum
1626 884 1769 927 dicam
1792 884 1884 926 tibi.

1054 941 1111 983 Et
1129 941 1307 994 reliqua.

1056 1012 1248 1054 Homilia
1273 1012 1312 1054 S.
1337 1011 1597 1064 Hierenyrni
1620 1009 1883 1063 Presbyteri.

1083 1079 1163 1113 Lib.
1185 1079 1211 1113 1
1231 1078 1374 1113 Comm.
1394 1077 1431 1111 in
1450 1087 1479 1111 c.
1495 1077 1525 1111 2.
1545 1075 1676 1110 Matth.
1694 1079 1731 1110 et
1748 1073 1853 1118 apud

1353 1126 1480 1160 Gloss
1507 1124 1586 1158 ord.
1888 1123 1891 1126 ⁴

1059 1177 1324 1276 'J'J
1339 1177 1457 1286 513ssst
1485 1181 1884 1288 fiss‘ffigsspffiz

1062 1291 1133 1311 *-
1151 1279 1175 1314 A<
1196 1292 1401 1342 transeat,
1422 1295 1552 1332 nocte
1570 1291 1681 1342 tulit,
1701 1296 1745 1334 et
1762 1291 1807 1332 in
1824 1293 1884 1334 te-

1054 1347 1217 1390 nebris.
1233 1347 1335 1400 quia
1347 1352 1524 1389 noctem
1536 1348 1793 1399 ignorantiae
1806 1347 1884 1399 his,

1055 1417 1080 1446 a
1106 1403 1299 1457 quibus'
1288 1417 1384 1457 lpse
1407 1404 1601 1455 recessit,
1626 1405 1836 1458 reliquit‘
1825 1419 1884 1446 m-

1055 1461 1256 1502 credulis.
1303 1461 1489 1512 Quando
1518 1475 1624 1504 vero
1653 1462 1886 1504 revertitur

1054 1517 1099 1558 in
1116 1518 1141 1558 J
1143 1517 1332 1567 udaeam,
1356 1531 1438 1560 nec
1459 1531 1564 1569 nox,
1587 1531 1670 1560 nee
1688 1517 1884 1561 tenebrae

1054 1577 1278 1627 ponuntur
1293 1574 1337 1615 in
1349 1575 1605 1627 Evangelio:
1626 1575 1728 1628 quia
1741 1575 1786 1616 in
1798 1575 1885 1618 fine

1054 1629 1207 1672 mundi
1218 1630 1243 1671 J
1244 1629 1362 1672 udaei
1372 1631 1517 1682 fidem,
1531 1636 1756 1685 tamquam
1767 1631 1885 1673 Chri-

1056 1691 1173 1728 stum
1192 1686 1247 1728 ab
1264 1687 1461 1741 AEgypto
1480 1690 1776 1730 revertentem
1794 1701 1885 1730 sus-

1055 1743 1278 1796 cipientes»,
1297 1743 1667 1787 illuminabuntur.

1105 1806 1157 1857 R.
1202 1804 1448 1847 Cantabant
1488 1807 1629 1848 sancti
1668 1805 1887 1848 canticum

1055 1873 1219 1903 novum
1244 1866 1345 1904 ante
1369 1862 1521 1905 sedem
1536 1863 1622 1905 Dei
1645 1868 1690 1905 et
1707 1862 1838 1915 Agni:
1856 1857 1880 1882 *

1055 1917 1112 1958 Et
1128 1917 1366 1961 resonabat
1379 1924 1498 1961 terra
1512 1920 1557 1961 in
1570 1932 1704 1962 voces
1722 1921 1885 1962 eerum.

1055 1970 1107 2022 Y.
1124 1974 1184 2015 Hi
1200 1975 1336 2028 empti
1353 1981 1454 2018 sunt
1469 1990 1523 2018 ex
1537 1976 1787 2019 hominibus
1801 1975 1885 2030 pri-

1055 2031 1189 2072 mitiae
1208 2031 1306 2073 Deo
1327 2037 1371 2074 et
1387 2032 1528 2085 Agno,
1548 2038 1592 2075 et
1609 2033 1653 2074 in
1673 2046 1749 2076 ore
1768 2033 1885 2086 ipso-

1055 2099 1153 2128 rum
1171 2099 1259 2128 non
1275 2093 1343 2130 est
1359 2089 1585 2131 inventum
1598 2089 1886 2132 mendacium.

1055 2143 1112 2185 Et
1130 2145 1377 2188 resonabat.

1344 2209 1495 2250 Lectio
1517 2209 1599 2249 viii.

1141 2278 1159 2315 t
1173 2273 1487 2327 adimpleretur
1503 2273 1623 2327 quod
1638 2273 1803 2316 dictum
1817 2278 1885 2316 est

1159 2343 1184 2372 a
1208 2331 1401 2371 Demino
1426 2343 1506 2383 per
1530 2330 1797 2383 Prophetam
1823 2330 1884 2372 di-

1056 2389 1241 2429 centem:
1261 2387 1327 2428 Ex
1343 2387 1539 2440 AEgypto
1555 2387 1712 2429 vocavi
1726 2387 1885 2428 Ffflum

1054 2456 1211 2485 meum.
1240 2443 1568 2496 Respendeant,
1585 2443 1659 2496 qui
1673 2442 1884 2485 Hebraeo—

1055 2513 1152 2541 rum
1183 2499 1452 2541 voluminum
1482 2499 1699 2551 denegant
1728 2500 1883 2541 verita-

1055 2562 1155 2606 tem,
1170 2556 1245 2598 ubi
1258 2555 1344 2597 hoc
1358 2556 1402 2596 in
1412 2555 1699 2608 Septuaginta
1713 2556 1885 2607 legetur

1056 2611 1379 2665 interpretibus.
1425 2611 1555 2662 Quod
1582 2625 1682 2653 cum
1709 2625 1798 2654 non
1824 2612 1884 2652 in-

1056 2669 1264 2718 venerint,
1287 2680 1369 2709 nos
1390 2668 1452 2709 eis
1474 2667 1681 2718 dicemus,
1704 2669 1748 2710 in
1769 2667 1883 2710 Osee

1055 2724 1278 2777 Propheta
1299 2724 1521 2776 scriptum,
1546 2725 1659 2766 sicut
1679 2729 1723 2766 et
1742 2736 1883 2766 exem-
