2080 2990
609 197 678 230 Die
703 198 754 229 213,
779 196 862 229 Jun.
910 198 944 229 S.
971 195 1176 238 l'olycurpi
1205 194 1330 237 Episc.
1357 200 1391 228 ct
1419 195 1523 228 Mart.

266 294 313 344 Y.
355 294 735 336 Annuntiaverunt
772 297 909 347 opera
946 295 1041 336 Dei.

213 357 261 406 lx‘g.
284 353 341 394 Et
372 352 487 393 facta
515 351 605 402 ejus
632 350 949 393 intellexerunt.

413 433 474 473 In
500 432 562 472 11.
582 432 835 481 vesperis.

265 501 350 533 Ant.
375 506 409 532 ct
436 499 559 541 Capit.
582 499 628 532 dc
652 499 770 532 Laud.
792 497 868 532 452.
899 497 1043 531 Psalmi

213 555 250 581 ut
283 548 317 580 in
347 548 387 580 II.
417 547 530 589 vesp.
562 548 607 581 (lc
634 547 778 580 Comm.
807 547 942 588 Apost.
973 545 1042 588 [13]

265 596 442 638 Hymnus
470 600 506 629 ct
531 590 574 635 ᾗ
601 601 640 629 ut
667 595 702 628 in
730 594 754 627 l.
781 594 896 636 chp.
915 593 992 627 448.

266 651 335 691 Ad
366 651 537 700 Magnis.
584 652 681 691 Ant.
724 651 881 691 Sancte
909 650 1044 692 Paule

212 706 446 760 Apostole,
471 706 739 759 praedicator
757 706 972 757 veritatis,
1002 712 1045 748 et

211 764 383 805 Doctor
399 763 616 811 Gentium,
635 761 858 804 intercede
872 776 954 815 pro
970 776 1045 804 no-

212 820 280 861 bis
300 819 357 861 ad
375 820 531 869 Deum,
553 819 627 870 qui
645 824 689 860 te
709 818 850 869 elegit.

269 881 416 914 Deinde
450 881 489 913 fit
521 889 717 912 commem.
750 878 784 911 S.
810 878 913 911 Petri
944 882 983 911 ut
1009 877 1046 910 in

215 929 333 963 Laud.
353 929 427 963 453.
457 933 492 961 ct
518 927 551 961 5,
578 926 786 969 Pon-carpi
812 932 851 959 ut
876 924 985 958 infru.

435 1014 518 1055 Die
537 1015 603 1059 26.
622 1015 647 1055 J
650 1015 825 1056 anuarii.

268 1083 311 1124 S.
335 1082 604 1133 Polycarpi
633 1082 774 1133 Episc.
800 1086 842 1121 ct
867 1081 989 1121 Mart.

550 1148 712 1189 Duplex.

270 1206 404 1240 Omnia
426 1205 471 1237 (lc
491 1204 695 1238 Communi
718 1203 830 1236 unius
848 1201 955 1235 Mart.
979 1199 1048 1242 [21]

217 1262 357 1297 PI‘LL'H3F
379 1263 484 1294 chu.

269 1307 367 1344 Ant.
405 1303 491 1343 Iste
522 1307 699 1343 sanctus
728 1315 810 1354 pro
839 1301 936 1353 lege
965 1303 1050 1343 Dei

217 1359 284 1399 sui
304 1359 488 1400 certavit
506 1371 646 1410 usque
667 1357 724 1399 ad
742 1363 940 1408 mortem,
962 1364 1006 1400 et
1025 1372 1050 1399 a

218 1414 364 1456 verbis
391 1415 627 1467 impiorum
654 1427 742 1455 non
767 1414 924 1456 timuit:
958 1414 1049 1455 fun-

219 1470 347 1512 datus
374 1470 489 1511 enim
515 1476 607 1511 erat
631 1483 765 1523 supra
787 1470 958 1511 firmam
976 1483 1049 1523 pe-

217 1531 341 1568 tram.

274 1581 321 1631 Y'.
360 1582 513 1623 Gloria
550 1587 593 1623 et
627 1581 796 1623 honore
830 1583 1052 1623 coronasti

221 1651 320 1679 eum
353 1638 551 1679 Domine.
608 1639 658 1690 R.
692 1638 749 1679 Et
786 1638 1052 1679 constituisti

220 1706 320 1735 eum
340 1706 473 1746 super
494 1696 631 1746 opera
646 1696 853 1735 manuum
868 1696 1053 1735 tuarum.

560 1760 723 1800 Oratio.

309 1831 404 1868 eus,
442 1818 517 1870 qui
550 1831 632 1860 nos
666 1818 786 1860 beati
817 1818 1054 1872 Polycarpi

324 1874 529 1926 Martyris
560 1875 624 1916 tui
662 1880 794 1926 atque
827 1875 1054 1916 Pontificis

221 1932 364 1971 annua
396 1930 672 1972 solemnitate
700 1930 918 1972 laetificas:
953 1944 1053 1972 con-

223 1985 331 2027 ce'de
359 1987 593 2039 propitius3
626 1992 674 2028 ut
707 1988 828 2039 cujus
859 1987 1055 2028 natalitia

223 2041 421 2091 colimus,
454 2042 508 2083 de
533 2041 730 2094 ejusdem
754 2043 885 2084 etiam
908 2048 1054 2095 prote-

223 2098 368 2139 ctione
391 2097 672 2148 gaudeamus.
703 2099 788 2140 Per
806 2099 1054 2139 Dominum.

279 2169 319 2201 In
351 2168 376 2201 Ι.
406 2167 605 2200 Nocturno
640 2166 844 2199 Lectiones
880 2165 926 2198 dc
957 2163 1054 2198 Scri-

227 2222 336 2259 ptura
362 2219 594 2248 occurrente

456 2284 503 2321 In
530 2283 579 2320 ΙΙ.
606 2283 829 2320 Nocturno.

226 2351 292 2390 Ex
310 2348 424 2390 libro
445 2348 583 2389 sancti
600 2348 857 2401 Hieronymi
871 2350 1054 2403 Presby-

224 2405 306 2446 teri
333 2404 388 2446 de
411 2404 708 2456 Scriptoribus
734 2405 1056 2448 ecclesiasticis.

531 2470 681 2510 Lectio
702 2469 753 2509 iv.

232 2561 235 2593 3
322 2538 592 2597 olycaerS,
632 2538 812 2579 Joannis
849 2538 1057 2591 Apostoli

261 2593 286 2651 je
356 2594 612 2647 discipulus,
641 2599 684 2635 et
710 2594 765 2635 ab
787 2606 840 2635 eo
860 2595 1056 2646 Smyrnae

232 2650 235 2653 “
261 2643 333 2674 ‘'³2322
358 2653 595 2703 episcopus
632 2650 877 2700 ordinatus,
921 2653 1058 2692 totius

227 2707 347 2750 Asiae
363 2706 568 2762 princeps
583 2706 674 2757 fuit,
692 2706 856 2760 quippe
873 2707 947 2759 qui
962 2719 1059 2748 non·

1092 294 1237 335 nullos
1256 293 1586 347 Apostolorum,
1606 299 1650 335 et
1668 297 1831 344 eorum,
1853 294 1927 346 qui

1043 370 1047 375 ·
1093 348 1295 391 viderant
1312 350 1567 399 Dominum,
1594 352 1829 401 magistros
1853 349 1926 391 ha-

1093 406 1254 454 buerit,
1301 410 1344 447 et
1389 404 1558 447 viderit.
1613 406 1698 447 Hic
1742 411 1927 459 propter
2002 408 2009 416 ”

1096 460 1310 513 quasdam
1338 473 1470 514 super
1499 460 1570 502 die
1596 461 1780 503 Paschae
1810 475 1925 513 quae-

1096 518 1276 567 stiones,
1303 516 1384 559 sub
1410 517 1676 569 imperatore
1702 517 1926 559 Antonino

1094 574 1193 623 Pio,
1231 572 1476 615 Ecclesiam
1513 573 1558 614 in
1591 573 1712 615 Urbe
1748 575 1926 625 regente

1096 630 1301 679 Aniceto,
1330 630 1519 670 Romam
1542 629 1675 671 venit:
1699 629 1775 671 ubi
1794 629 1926 682 pluri-

1095 699 1192 727 mos
1213 684 1498 733 credentium,
1525 685 1760 727 Marcionis
1778 690 1822 727 et
1839 685 1926 726 Va-

1096 742 1248 783 lentini
1280 741 1567 793 persuasione
1601 739 1832 793 deceptos,
1864 753 1928 782 re-

1098 797 1222 839 duxit
1255 796 1312 838 ad
1343 796 1488 838 fidem.
1543 796 1740 848 Cumque
1773 797 1813 838 ei
1845 797 1928 838 for-

1097 854 1209 895 tuito
1243 853 1420 895 obviam
1451 853 1605 894 fuisset
1634 853 1846 902 Marcion,
1887 857 1931 894 et

1099 909 1280 951 diceret:
1303 909 1546 960 Cognoscis
1565 906 1670 950 nos?
1688 907 1931 961 respondit:

1100 967 1333 1016 Cognosco
1360 964 1710 1018 ‚primogenitum
1755 964 1932 1006 diaboli.

1098 1023 1262 1063 Postea
1287 1034 1412 1071 vero,
1435 1023 1644 1071 regnante
1669 1021 1820 1063 Marco
1845 1021 1931 1061 An·
1967 1059 1969 1064 .

1099 1081 1252 1120 tonino
1279 1083 1323 1119 et
1347 1078 1486 1119 Lucio
1510 1077 1691 1119 Aurelio
1718 1076 1932 1127 Comodo,

1102 1140 1258 1186 quarta
1285 1139 1388 1186 post
1414 1134 1639 1175 Neronem
1665 1134 1932 1186 persecutio-

1100 1204 1172 1240 ne,
1209 1191 1406 1242 Smyrnae
1444 1189 1625 1231 sedente
1656 1189 1933 1243 proconsule,

1103 1253 1146 1289 et
1170 1247 1374 1288 universo
1398 1246 1566 1299 populo
1592 1246 1636 1286 in
1665 1245 1934 1299 amphithea-

1101 1309 1171 1345 tro
1191 1302 1403 1344 adversus
1422 1315 1522 1343 eum
1541 1304 1822 1355 personante,
1846 1301 1935 1353 igni

1102 1358 1290 1401 traditus
1311 1364 1387 1400 est.
1415 1358 1600 1411 Scripsit
1615 1357 1672 1400 ad
1685 1357 1934 1411 Philippen-

1104 1429 1174 1457 ses
1209 1414 1338 1457 valde
1371 1415 1523 1456 atilem
1550 1414 1800 1467 epistolam,
1835 1426 1935 1466 quae

1102 1485 1243 1524 usque
1270 1470 1402 1513 hodie
1426 1471 1470 1511 in
1489 1471 1610 1512 Asiae
1637 1472 1855 1512 conventu
1878 1470 1936 1511 le-

1103 1529 1229 1580 gitur.

1164 1602 1212 1641 R.
1241 1598 1490 1638 Honestum
1513 1595 1616 1637 fecit
1639 1595 1762 1636 illum
1787 1595 1936 1637 Domi-

1104 1667 1201 1703 nus,
1227 1659 1270 1695 et
1289 1651 1529 1694 custodivit
1548 1664 1648 1692 eum
1667 1650 1722 1693 ab
1742 1651 1937 1702 inimicis,

1106 1715 1149 1751 et
1177 1723 1203 1750 a
1232 1708 1540 1750 seductoribus
1566 1708 1724 1749 tutavit
1749 1707 1886 1748 illum:
1915 1711 1939 1735 *

1105 1766 1162 1807 Et
1195 1764 1317 1807 dedit
1350 1764 1411 1805 illi
1442 1764 1686 1805 claritatem
1719 1766 1939 1805 aeternam.

1109 1820 1159 1871 Ys'.
1197 1819 1527 1871 Descenditque
1560 1833 1660 1861 cum
1694 1819 1768 1861 illo
1800 1820 1844 1860 in
1876 1820 1938 1862 fo-

1106 1876 1247 1927 veam,
1275 1882 1319 1919 et
1337 1877 1381 1917 in
1397 1875 1581 1918 vinculis
1598 1888 1687 1917 non
1707 1875 1940 1928 dereliquit

1107 1949 1217 1977 eum.
1245 1934 1302 1976 Et
1321 1931 1454 1975 dedit.

1110 2020 1176 2059 De
1212 2015 1503 2068 Expositione
1542 2014 1682 2055 sancti
1716 2013 1940 2055 Ambrosii

1107 2072 1320 2126 Episcopi
1346 2071 1390 2111 in
1408 2070 1631 2111 Psalmum
1655 2070 1940 2111 centesimum

1299 2126 1518 2169 decimum
1536 2128 1752 2167 octavum.

1216 2198 1367 2238 Lectio
1389 2211 1425 2237 v.
1627 2197 1760 2237 Serm.
1780 2197 1837 2236 21.

1112 2253 1384 2357 Principes
1403 2255 1624 2309 persecuti
1643 2260 1744 2296 sunt
1758 2267 1828 2296 me
1845 2267 1942 2306 grae

1207 2314 1278 2355 tis:
1307 2318 1350 2354 et
1374 2325 1399 2353 a
1422 2311 1569 2352 verbis
1592 2311 1679 2353 tuis
1702 2309 1941 2363 trepidavit

1110 2383 1186 2413 cor
1204 2381 1361 2410 meum.
1393 2368 1514 2408 Bene
1533 2366 1619 2408 hoc
1639 2366 1805 2418 Martyr
1825 2365 1941 2416 dicit,

1110 2424 1231 2478 quod
1267 2425 1423 2476 injuste
1461 2422 1818 2475 persecutionum
1854 2427 1941 2463 tor-

1109 2484 1256 2523 menta
1271 2482 1498 2521 sustineat:
1519 2478 1593 2530 qui
1610 2478 1715 2519 nihil
1735 2478 1941 2531 rapuerit,

1110 2537 1275 2578 nullum
1294 2535 1511 2577 violentus
1538 2534 1826 2586 oppresserit,
1850 2533 1940 2574 nul-

1110 2594 1193 2634 lius
1211 2591 1467 2642 sanguinem
1486 2589 1665 2637 fuderit,
1692 2589 1852 2630 nullius
1875 2594 1940 2630 to-

1111 2662 1207 2690 rum
1225 2646 1446 2700 putaverit
1466 2658 1563 2687 esse
1580 2644 1848 2687 violandum:
1868 2644 1942 2696 qui

1110 2704 1216 2747 nihil
1247 2702 1418 2755 legibus
1452 2701 1631 2752 debeat,
1664 2707 1708 2743 et
1739 2700 1942 2752 graviora
