2080 2990
598 221 712 255 Festa
738 222 939 256 Februarii
962 223 1004 260 (5.
1031 223 1093 263 13.)
1118 229 1153 258 et
1178 224 1313 259 Martii.
1339 227 1392 264 (5.)

147 319 274 362 Illam
293 318 393 363 dico
412 319 776 372 pretiosissimam
789 319 973 371 glebam,

150 389 248 429 quae
268 375 495 418 clavorum
514 380 581 418 est
595 375 729 417 infixa
743 375 974 418 radicibus.

200 436 248 488 R.
277 432 362 474 Hic
380 436 448 474 est
468 444 581 474 vere.

448 492 598 533 Lectio
620 492 673 531 ix.

243 559 294 588 os
314 559 414 588 cum
425 545 558 587 beato
573 543 779 597 Philippo
794 546 974 587 necesse

258 602 472 644 habemus
503 601 660 644 tollere
693 613 868 643 crucem
898 614 972 642 no-

149 664 300 710 stram,
323 659 412 701 imo
432 671 531 701 cum
551 670 622 707 eo,
649 670 778 710 quem
797 658 892 710 ipse
911 670 974 699 se-

149 719 276 758 cutus
301 720 384 765 est,
410 714 602 756 Domino
627 714 866 755 Salvatore.
907 714 974 754 In-

123 822 129 825 ,
149 771 205 814 de
224 772 339 814 enim
358 772 422 814 sic
438 770 688 820 laetabatur,
714 770 815 812 inde
835 770 974 812 exsul-

148 828 282 877 tabat,
302 828 424 881 quod
442 840 530 869 non
548 827 691 869 solum
709 839 790 880 pro
810 839 875 878 eo,
896 826 975 869 sed

149 885 281 931 etiam
310 898 409 926 cum
437 897 491 926 eo
523 884 636 926 mori
661 883 899 934 videretur,
932 889 976 926 et

150 941 442 994 complantari
496 939 767 982 similitudini
821 941 974 982 mortis

150 998 257 1049 ejus,
288 1003 336 1040 ut
364 998 638 1051 compatiens
667 997 798 1039 etiam
826 1009 972 1039 conre-

148 1056 311 1105 gnaret.
347 1055 456 1096 Cum
481 1067 568 1107 quo
589 1059 638 1096 ut
661 1054 789 1095 simul
809 1054 973 1095 crucifi-

148 1113 303 1162 gamur
341 1116 385 1152 et
414 1124 513 1161 nos,
556 1111 766 1153 attentius
797 1111 974 1153 alitibus

149 1167 295 1209 cordis
327 1167 557 1210 audiamus
588 1180 744 1210 vocem
777 1167 974 1210 dicentis:

149 1224 234 1274 Qui
255 1224 350 1266 vult
367 1227 516 1267 venire
540 1230 644 1278 post
666 1238 758 1275 me,
787 1225 975 1276 abneget
1031 1231 1074 1282 {fg}

148 1283 444 1334 semetipsum,
458 1286 503 1323 et
516 1281 644 1324 tollat
656 1294 830 1324 crucem
841 1295 974 1332 suam,
1031 1286 1033 1318 ὲ
1048 1320 1078 1341 ,l

149 1341 192 1378 et
214 1340 424 1390 sequatur
449 1351 530 1380 me.
572 1339 639 1380 Ac
663 1339 701 1379 si
726 1338 858 1380 dicat:
891 1315 974 1389 Qui'

146 1406 217 1435 me
249 1393 489 1444 desiderat,
531 1408 578 1437 se
618 1395 849 1448 despiciat:
892 1396 975 1445 Qui

146 1450 240 1492 vult
262 1450 408 1493 facere
431 1451 704 1494 voluntatem
727 1465 885 1502 meam,
914 1452 973 1494 di-

148 1512 242 1548 scat
261 1507 462 1558 frangere
484 1521 620 1550 suam.

203 1564 264 1604 Te
282 1563 425 1606 Deum
442 1563 681 1606 laudamus.

427 1647 595 1691 Eadem
615 1647 696 1691 die.

357 1702 478 1743 (Alibi
495 1702 557 1736 die
576 1702 626 1737 15.
644 1702 768 1743 Febr.)

246 1755 314 1796 Ss.
340 1756 507 1798 XXVI
530 1755 677 1798 Mart.
702 1757 733 1798 J
735 1766 878 1808 apon.

478 1809 641 1853 Duplex.

200 1861 378 1896 Officium
413 1867 453 1896 ut
487 1862 587 1896 inter
626 1862 723 1897 festa
753 1872 824 1905 pro
857 1863 971 1906 aliqu.

146 1909 245 1944 locis
277 1909 339 1944 die
368 1910 399 1944 5.
424 1909 533 1944 Febr.
580 1910 657 1945 Ubi
688 1911 866 1944 celebrat.
898 1911 973 1945 hoc

146 1956 230 1991 fest.
253 1957 315 1992 die
333 1957 382 1992 15.
400 1957 510 1993 Febr.
530 1958 571 1992 fit
588 1968 783 1992 commem.
801 1958 858 1993 Ss.
876 1958 972 1992 Fau-

147 2004 237 2040 stini
268 2009 305 2041 et
334 2005 479 2041 Jovitae
508 2006 615 2040 Mart.
646 2010 682 2040 et
706 2006 793 2041 Ant.
822 2017 866 2040 ac
887 2001 971 2047 YV.

146 2052 186 2086 in
202 2052 228 2087 I.
239 2052 356 2097 Vesp.
372 2059 573 2088 sumuntur
590 2064 638 2089 ex
648 2054 782 2095 Laud.;
799 2054 838 2088 in
852 2054 970 2088 Laud.

146 2110 239 2135 vero
259 2111 306 2135 ex
322 2101 349 2136 1.
366 2101 484 2145 Vesp.

353 2182 436 2224 Die
455 2183 512 2224 13.
532 2181 769 2224 Februarii.

180 2244 222 2285 S.
242 2245 530 2288 catharinae
548 2246 609 2286 de
628 2246 809 2288 Ricciis
827 2248 945 2297 Virg.

479 2308 643 2351 Duplex.

200 2358 376 2394 Officium
416 2366 456 2394 ut
491 2359 589 2394 inter
622 2359 718 2393 festa
751 2368 821 2401 pro
856 2359 970 2402 aliqu.

147 2407 244 2441 locis
270 2408 403 2443 eadem
428 2408 501 2442 die.

405 2480 489 2521 Die
507 2481 545 2521 5.
564 2480 718 2522 Martii.

197 2543 240 2584 S
259 2544 289 2585 J
291 2545 470 2586 oanms
489 2545 520 2586 J
521 2544 696 2595 osephu
716 2554 746 2584 a
765 2544 919 2585 Gruce

419 2595 703 2636 Confessoris.

477 2648 640 2691 Duplex.

199 2696 336 2732 Omnia
355 2697 401 2731 de
419 2696 622 2732 Communi
641 2696 748 2731 Conf.
767 2707 843 2731 non
861 2697 969 2732 Pont.

147 2750 286 2787 praeter
303 2746 514 2788 sequentia.

1355 320 1519 361 Oratio.

1028 381 1210 487 DeUS,
1239 386 1312 438 qui
1338 385 1514 427 beatum
1538 386 1563 426 J
1565 387 1751 427 oannem
1775 385 1800 426 J
1803 398 1845 426 o-

1119 441 1303 494 sephum
1314 441 1619 483 Confessorem
1633 446 1755 483 tuum
1768 454 1847 494 per

1025 497 1185 539 arduas
1208 498 1495 550 paupertatis,
1523 497 1778 539 humilitatis
1803 503 1846 539 et

1024 554 1248 607 patientiae
1271 554 1363 595 vias
1389 554 1558 595 coelesti
1585 554 1722 605 gloria
1748 554 1845 595 sub-

1025 610 1200 652 limasti:
1238 609 1295 651 da
1325 610 1467 660 nobis,
1501 612 1763 662 quaesumus3
1799 616 1846 653 ut

1026 679 1154 709 carne
1191 666 1460 717 mortificati,
1503 668 1594 718 ejus
1629 666 1846 708 imitemur

1027 723 1244 775 exempla,
1290 728 1333 764 et
1368 722 1537 773 gaudiis
1573 723 1846 775 perfruamur

1027 780 1212 821 aeternis.
1239 780 1323 821 Per
1341 779 1587 820 Dominum.

1080 855 1121 888 In
1151 855 1176 888 Ι.
1208 854 1405 888 Nocturno
1442 855 1642 890 Lectiones
1674 857 1719 891 de
1750 858 1846 892 Scri-

1028 908 1139 945 ptura
1164 907 1393 937 occurrente.

1081 960 1157 994 Sed
1202 961 1241 994 in
1286 960 1588 1001 Quadragesima
1627 961 1845 996 Lectiones:

1027 1008 1168 1041 Beatus
1192 1006 1261 1041 vir.
1285 1008 1331 1042 de
1358 1008 1559 1043 Communi
1582 1009 1612 1043 2.
1637 1010 1733 1043 loeo.

1258 1086 1307 1125 In
1326 1086 1375 1125 H.
1395 1087 1615 1125 Nocturno.

1318 1155 1469 1196 Lectio
1489 1156 1541 1195 iv.

1061 1280 1067 1291 .
1102 1220 1845 1332 ³5⁴{flssdfiiffaffaesspssffssissffnusse

1099 1310 1117 1323 ¹>
1120 1313 1141 1345 qv

1067 1339 1070 1342 “
1098 1318 1141 1360 ’Ἠ
1164 1335 1359 1377 rentibus
1378 1334 1606 1376 nobilitate
1627 1333 1846 1384 sanguinis

1026 1396 1285 1444 morumque
1335 1390 1554 1444 probitate
1604 1390 1845 1443 praestanti—

1026 1449 1123 1496 bus,
1148 1454 1271 1490 ortus
1291 1453 1357 1490 est
1375 1448 1398 1488 .Ῐ
1402 1459 1565 1489 oannes
1585 1447 1608 1488 J
1612 1446 1802 1498 osephus
1822 1459 1846 1487 a

1028 1506 1177 1547 Cruce.
1204 1504 1459 1546 Christianae
1479 1503 1654 1555 pietatis
1672 1503 1846 1551 semina,

1027 1575 1127 1614 quae
1145 1562 1189 1603 in
1214 1562 1303 1613 ejus
1324 1560 1529 1609 animam,
1557 1559 1755 1611 supernis
1775 1558 1845 1600 be·

1026 1618 1347 1661 nedicti6nibus
1366 1618 1649 1669 praeventam,
1673 1628 1772 1656 cum
1789 1615 1846 1656 la-

1027 1681 1095 1718 cte
1106 1675 1429 1724 instillaverant,
1443 1673 1607 1714 fruetus
1619 1684 1721 1712 mox
1731 1670 1847 1712 uber-

1026 1733 1159 1774 rimos
1191 1731 1439 1774 attulerunt.
1492 1728 1743 1770 Tenerrima
1774 1727 1845 1769 ad-

1026 1789 1112 1830 huc
1131 1791 1275 1835 aetate,
1299 1786 1459 1828 nedum
1483 1799 1507 1827 a
1530 1785 1655 1835 nugis
1674 1783 1844 1836 puerili-

1025 1845 1107 1887 bus
1134 1844 1374 1893 abh6rruit,
1403 1842 1481 1884 sed
1508 1842 1693 1884 virtutes
1720 1842 1843 1882 exco-

1024 1902 1114 1943 lere
1133 1901 1270 1953 coepit
1288 1899 1564 1947 illustriores,
1593 1897 1749 1939 silentii
1767 1909 1843 1948 po-

1025 1958 1255 2007 tissimum,
1294 1954 1659 2002 mortificationis,
1695 1951 1845 1994 mundi

1026 2017 1180 2066 suique
1211 2014 1349 2066 ipsius
1382 2010 1696 2062 abnegationis,
1738 2022 1845 2060 quas

1025 2070 1202 2112 assiduo
1231 2069 1439 2111 orationis
1467 2066 1612 2109 studio
1644 2066 1844 2107 confove-

1024 2126 1110 2169 bat.
1168 2126 1373 2178 Deiparae
1409 2123 1587 2173 cultum,
1624 2134 1753 2174 quem
1789 2120 1845 2162 ad

1026 2183 1194 2226 obitum
1215 2193 1355 2234 usque
1378 2181 1422 2222 in
1445 2180 1538 2222 dies
1558 2179 1691 2227 auxit,
1717 2179 1843 2219 inter-

1025 2253 1076 2281 ea
1110 2239 1321 2292 temporis
1354 2237 1550 2290 arripuit,
1587 2235 1844 2277 Dominicae-

1025 2309 1109 2348 que
1132 2295 1353 2338 Passienis
1377 2299 1420 2336 et
1445 2291 1730 2335 Eucharistiae
1754 2304 1842 2343 my-

1026 2353 1158 2394 steria
1189 2351 1347 2393 affectu
1374 2349 1582 2403 peculiari
1608 2359 1843 2400 proseque-

1025 2409 1165 2451 batur
1209 2408 1356 2450 Sancti
1384 2406 1500 2448 Petri
1528 2405 1583 2446 de
1610 2403 1843 2445 Aleantara

1023 2465 1284 2514 institutum,
1315 2463 1434 2516 quod
1458 2462 1481 2503 J
1485 2463 1646 2503 oannes
1672 2459 1726 2501 de
1751 2471 1842 2499 san-

1026 2526 1096 2563 cto
1122 2520 1349 2563 Bernardo
1381 2532 1434 2562 ex
1459 2516 1669 2569 Hispanis
1692 2514 1842 2556 Excal-

1025 2578 1170 2627 ceatis‚
1190 2577 1410 2622 Clemente
1428 2587 1545 2616 nono
1560 2571 1842 2624 approbante,

1023 2634 1281 2686 nuperrime
1311 2633 1355 2673 in
1390 2631 1561 2673 Italiam
1604 2630 1842 2676 invexerat,

1024 2690 1172 2732 divino
1192 2690 1368 2731 afflante
1385 2687 1588 2736 Numine,
1610 2697 1722 2727 anno
1741 2684 1842 2725 vitae

1023 2760 1114 2789 suae
1130 2745 1428 2788 sextodecimo
1444 2743 1667 2797 amplexus
1685 2745 1752 2784 est
1766 2740 1843 2783 Ita-
