2080 2990
651 201 860 233 Commune
888 200 1051 233 Consus>

229 297 309 338 llic
327 308 439 338 vana
455 300 586 336 terrae
605 294 776 346 gandia,

272 353 329 394 Et
348 351 569 392 luculenta
587 350 768 403 praedia,

272 408 447 449 Polluta
467 406 600 448 sorde
621 406 848 459 deputans,

273 465 422 506 Ovans
442 468 564 505 tenet
584 462 793 504 coelestia.

226 540 287 580 Te
306 537 480 578 Christe
501 537 599 579 Rex
617 535 824 588 piissime,

272 594 358 635 Hic
377 591 631 635 confitendo
651 591 819 643 jugiter,

272 649 469 691 Calcavit
488 653 606 690 artes
624 647 886 695 daemonum,

274 707 537 757 Saevumque
556 704 706 745 averni
724 703 980 756 principem.

230 780 403 820 Virtute
421 778 576 826 clarus,
596 782 640 818 et
659 776 759 825 fide,

273 835 562 877 Confessione
581 832 772 881 sedulus,

273 892 298 933 J
302 892 427 943 ejana
445 889 641 931 membra
662 888 874 935 deferens,

272 949 423 999 Dapes
444 947 658 998 supernas
677 944 857 986 obtinet.

228 1019 416 1062 Proinde
435 1024 480 1060 te
499 1017 697 1071 piissime

272 1077 511 1117 Precamur
530 1086 683 1115 omnes
702 1072 942 1125 supplices:

273 1131 415 1174 Nobis
434 1135 484 1172 ut
502 1130 629 1182 hujus
649 1129 791 1180 gratia

273 1190 433 1230 Poenas
454 1190 653 1228 remittas
675 1185 859 1227 debitas.

231 1262 344 1304 l'atri
362 1260 568 1314 perennis
587 1259 739 1312 gloria,

271 1318 480 1369 Natoque
498 1316 643 1358 Patris
663 1315 806 1365 unico,

271 1375 524 1425 Sancteque
545 1373 601 1414 sit
624 1371 859 1420 Paraclito,

272 1432 357 1472 Per
377 1443 507 1471 omne
527 1442 701 1481 semper
722 1427 942 1469 saeculum.

509 1486 664 1526 Amen.

256 1547 302 1598 ,ΥΠ
318 1552 342 1592 J
344 1556 492 1592 ustum
512 1549 696 1591 dednxit
712 1548 929 1589 Dominus
948 1560 1028 1600 per

196 1609 290 1649 vias
310 1612 466 1649 rectas.
504 1611 554 1660 Rg.
578 1606 635 1646 Et
660 1603 854 1646 ostendit
881 1604 945 1645 illi
964 1617 1027 1645 re-

196 1678 330 1718 gnum
348 1663 444 1705 Dei.

252 1725 323 1766 Ad
343 1725 504 1766 Bencd.
535 1726 634 1766 Ant.
663 1725 785 1774 Euge
809 1735 936 1763 serve
954 1721 1029 1763 bo-

196 1794 251 1823 ne
271 1782 294 1806 *
315 1785 359 1822 et
378 1779 538 1828 fidelis,
568 1779 670 1831 quia
690 1779 734 1819 in
750 1791 894 1831 pauca
909 1777 1030 1819 fuisti

198 1837 357 1886 fidelis,
380 1848 514 1888 supra
530 1834 669 1876 multa
687 1840 732 1876 te
752 1836 1030 1883 constituam,

198 1895 312 1935 intra
332 1893 376 1933 in
395 1891 603 1943 gandium
620 1891 801 1932 Domini
820 1891 896 1932 tui.
969 1928 972 1931 .

534 1962 699 2003 Oratio.

200 2017 377 2121 Deus,
398 2019 472 2071 qui
491 2031 571 2060 nos
590 2018 710 2060 beati
732 2019 782 2058 N.
801 2016 1032 2058 Confesso-

306 2076 367 2116 ris
392 2075 457 2116 tui
483 2077 627 2116 annua
653 2074 933 2115 solemnitate
960 2072 1032 2113 lae-

202 2132 359 2174 tificas:
380 2130 576 2172 concede
594 2130 829 2183 propitius3
847 2134 896 2171 ut
912 2129 1033 2180 cujus

202 2187 400 2230 natalitia
432 2186 637 2236 colimus,
672 2186 804 2228 etiam
835 2185 1033 2227 actiones

203 2244 433 2285 imitemur.
474 2243 561 2284 Per
584 2243 834 2284 Dominum.

475 2306 572 2345 Alia
595 2306 760 2346 Oratio.

280 2368 406 2410 desto
455 2366 646 2408 Domine
705 2366 1034 2419 supplicationi-

322 2424 404 2465 bus
425 2423 599 2472 nostris,
628 2435 738 2474 quas
766 2424 810 2463 in
838 2423 959 2464 beati
978 2424 1030 2464 N.

205 2479 484 2521 Confessoris
504 2479 568 2520 tui
586 2479 864 2521 solemnitate
881 2479 1034 2521 deferi-

203 2548 317 2577 mus:
352 2540 402 2576 ut
427 2535 503 2587 qui
532 2539 697 2576 nostrae
724 2535 900 2586 justitiae
926 2535 1035 2578 fidn-

205 2592 318 2633 ciam
344 2604 432 2633 non
454 2591 683 2641 habemus,
714 2592 824 2643 ejus,
854 2592 929 2643 qui
954 2591 1036 2633 tibi

203 2648 387 2700 placuit,
414 2647 621 2700 precibus
646 2646 911 2698 adjuvemur.
951 2647 1036 2689 Per

204 2704 445 2745 Dominum
465 2708 677 2744 nostrum.

1047 200 1134 232 oris
1160 209 1235 232 non
1261 199 1469 233 I’ontiticis.

1175 292 1217 330 Si
1242 292 1369 332 fuerit
1390 292 1553 332 Abbas.
1662 294 1826 333 Oratio.

1130 351 1372 392 ntercessio
1403 365 1503 402 nos,
1538 354 1790 404 quaesumus
1821 353 1909 393 Do-

1147 407 1281 456 mine,
1324 407 1445 449 beati
1488 408 1540 447 N.
1566 407 1755 450 Abbatis
1792 421 1909 450 com·

1078 462 1273 504 mendet:
1308 468 1356 504 ut
1391 464 1514 515 quod
1547 464 1708 506 nostris
1741 465 1910 506 meritis

1078 532 1167 560 non
1187 519 1396 570 valemus,
1419 520 1509 571 ejus
1528 521 1776 573 patrocinio
1796 533 1910 562 asse-

1080 577 1276 626 quamur.
1312 576 1397 617 Per
1418 576 1669 617 Dominum.

1354 648 1421 684 Ad
1441 648 1643 686 Tertiam.

1139 707 1239 746 Ant.
1260 705 1381 756 Euge
1402 718 1528 747 serve
1547 705 1675 748 bone.

1140 766 1278 817 Capit.
1301 767 1463 807 Beatus
1486 766 1564 807 vir.
1594 773 1639 807 ut
1666 779 1808 818 supra.
1828 765 1910 818 [75]

1139 827 1188 867 R.
1214 827 1275 867 br.
1296 827 1476 868 Amavit
1504 839 1603 868 eum
1627 825 1861 874 Dominus,
1897 828 1918 850 *

1080 880 1136 922 Et
1161 882 1336 923 ornavit
1362 895 1471 923 eum.
1509 882 1698 923 Amavit.
1744 881 1792 932 ,Υ
1816 882 1912 923 Sto-

1080 936 1168 978 lam
1187 937 1340 988 gloriae
1359 938 1501 980 induit
1522 951 1632 980 eum.
1660 939 1727 980 Et.
1763 937 1913 979 Gloria

1080 993 1211 1053 Patri.
1248 994 1439 1035 Amavit.

1142 1048 1190 1094 l'-
1210 1050 1272 1091 Os
1301 1051 1403 1102 justi
1428 1050 1716 1092 meditabitur
1744 1050 1913 1102 sapien·

1080 1106 1198 1147 tiam.
1254 1105 1302 1156 Ra
1325 1107 1383 1148 Et
1410 1106 1558 1158 lingua
1586 1107 1678 1158 ejus
1705 1106 1914 1158 loquetur

1080 1161 1299 1212 judicium.

1359 1231 1427 1268 Ad
1451 1230 1639 1268 Sextam.

1142 1294 1176 1332 Α
1184 1299 1239 1333 nt.
1262 1292 1425 1334 Fidelis
1443 1305 1606 1333 servus.

1193 1358 1454 1409 Capitulum.
1600 1360 1730 1401 Eccli.
1752 1361 1817 1400 39.

1153 1422 1277 1459 ustus
1298 1431 1375 1459 cor
1387 1430 1514 1459 suum
1533 1416 1719 1459 tradidit
1735 1417 1792 1459 ad
1808 1417 1912 1470 vigi-

1175 1474 1357 1516 landum
1377 1473 1571 1516 diluculo
1592 1472 1650 1515 acl
1663 1474 1913 1524 Dominum,

1082 1531 1158 1583 qui
1176 1531 1281 1572 fecit
1300 1531 1434 1579 illum,
1454 1535 1498 1572 et
1517 1530 1562 1571 in
1579 1531 1822 1583 conspectu
1838 1529 1912 1571 Al-

1081 1588 1240 1628 tissimi
1260 1586 1583 1640 deprecabitur.

1141 1654 1190 1693 R.
1214 1652 1275 1693 br.
1295 1652 1356 1694 Os
1376 1653 1478 1703 justi
1505 1651 1827 1694 *Meditabitur
1848 1662 1913 1692 sa-

1082 1708 1304 1761 pientiam.
1353 1708 1424 1750 Os.
1478 1704 1529 1756 Y.
1552 1708 1610 1750 Et
1641 1707 1790 1759 lingua
1823 1707 1914 1758 ejus

1083 1765 1289 1816 loquetur
1333 1764 1553 1817 judicium.
1614 1762 1914 1805 Meditabitur.

1089 1821 1239 1862 Gloria
1257 1821 1389 1862 Patri.
1430 1821 1505 1862 Os.

1141 1871 1190 1922 Υ
1213 1877 1307 1918 Lex
1324 1877 1409 1918 Dei
1433 1877 1524 1928 ejus
1544 1877 1588 1917 in
1608 1875 1744 1918 corde
1765 1875 1917 1928 ipsius.

1088 1934 1138 1985 R.
1165 1934 1223 1975 Et
1253 1945 1342 1975 non
1370 1932 1773 1986 supplantabuntur
1799 1943 1917 1982 gres-

1086 2002 1161 2031 sus
1183 2002 1285 2041 ejus.

1367 2054 1435 2090 Ad
1455 2054 1639 2090 Nonam.

1140 2114 1239 2155 Ant.
1269 2115 1403 2156 Serve
1422 2114 1550 2156 bone.

1192 2182 1452 2235 Capitulum.
1580 2180 1678 2232 Sap.
1695 2181 1757 2219 10.
1775 2178 1813 2218 b.

1088 2237 1310 2344 Justum
1355 2243 1539 2286 deduxit
1575 2244 1792 2286 Dominus
1838 2256 1919 2296 per

1179 2300 1272 2342 vias
1292 2305 1453 2350 rectas,
1478 2305 1522 2342 et
1549 2299 1744 2342 ostendit
1767 2299 1829 2340 illi
1854 2312 1919 2341 re-

1088 2370 1222 2408 gnum
1247 2356 1351 2406 Dei,
1380 2361 1425 2398 et
1451 2355 1575 2398 dedit
1601 2355 1663 2397 illi
1690 2355 1919 2397 scientiam

1089 2414 1356 2455 sanctorum:
1379 2412 1631 2454 honestavit
1656 2412 1779 2453 illum
1798 2412 1842 2452 in
1860 2411 1919 2453 la-

1089 2468 1284 2518 boribus,
1302 2474 1346 2510 et
1356 2468 1596 2521 complevit
1605 2467 1782 2510 labores
1793 2468 1920 2509 illius.

1139 2534 1189 2584 R.
1214 2531 1277 2572 br.
1307 2534 1401 2575 Lex
1425 2533 1510 2575 Dei
1537 2534 1629 2585 ejus
1653 2534 1675 2556 *
1705 2533 1757 2573 In
1785 2531 1920 2574 corde

1090 2592 1240 2644 ipsius.
1281 2590 1384 2631 Lex.
1427 2583 1476 2634 N'-
1514 2589 1572 2630 Et
1599 2601 1686 2629 non
1715 2588 1920 2642 supplan-

1089 2647 1299 2689 tabuntur
1321 2659 1499 2697 gressus
1524 2645 1627 2696 ejus.
1663 2645 1726 2685 In.
1765 2644 1918 2685 Gloria

1089 2703 1221 2744 Patri.
1258 2702 1362 2743 Lex.
