2080 2990
541 206 708 248 Septima
737 206 797 239 die
826 206 919 238 iufra
947 208 1024 238 Uet.
1055 205 1201 238 Immac.
1229 207 1342 237 (lonc.
1372 205 1406 238 13.
1434 205 1475 237 M.
1505 205 1542 237 Υ.

1794 237 1801 239 i
1817 204 1892 240 403

243 305 296 367 Ιζι.ι
310 302 431 344 Nihil
458 303 730 354 inquinatum
757 303 802 342 in
831 300 927 343 eam
949 302 1009 342 in-

184 359 332 401 currit:
368 362 388 383 *
408 358 583 401 Candor
609 363 676 400 est
698 358 808 400 lucis
833 360 1009 400 aeternae

183 420 226 457 et
253 415 480 468 speculum
509 416 601 458 sine
628 415 809 457 macula.
856 410 904 461 Y.
930 415 1010 456 Est

184 471 298 513 enim
321 471 418 513 haec
445 472 687 525 speciesior
715 471 824 521 sole,
853 475 897 512 et
923 470 1010 512 luci

183 531 438 581 comparata
461 529 678 570 invenitur
701 528 864 581 purior.
903 527 1010 569 Can-

183 582 264 626 dor
282 589 359 626 est.
602 622 609 629 .
692 622 700 629 .

493 622 640 662 Lectlo
663 636 713 661 vl.

193 655 508 779 Quapropter
558 677 810 717 enarrantes
859 674 1010 726 verba,

287 732 445 785 quibus
468 733 589 774 Deus
612 733 863 784 praeparata
887 743 1010 772 reno-

182 787 338 830 vandis
359 788 618 830 mortessibus
639 800 730 829 suae
750 787 927 840 pietatis
947 800 1010 828 re-

1062 306 1151 343 tem
1167 300 1374 350 Galilaeae,
1394 301 1463 341 cui
1482 313 1640 342 nomen
1657 299 1891 349 Nazareth,

1063 357 1120 399 ad
1131 357 1357 408 Virginem
1373 356 1686 409 desponsatam
1700 357 1805 407 viro,
1822 356 1891 398 cui

1062 427 1222 456 nomen
1247 418 1341 455 erat
1361 414 1384 454 J
1388 413 1543 466 oseph,
1570 413 1625 455 de
1652 412 1784 455 domo
1804 413 1889 454 Da-

1063 471 1153 522 vid,
1180 475 1223 512 et
1247 482 1407 511 nomen
1430 470 1623 521 Virginis
1647 470 1796 511 Maria.
1834 470 1891 511 Et

1063 527 1243 580 reliqua.

1074 592 1258 634 Homilia
1273 592 1411 633 sancti
1422 591 1657 644 Sophronii
1667 591 1890 644 Episcopi.

1169 652 1333 686 llomilia
1362 652 1397 684 in
1427 650 1604 692 Deipara-
1631 651 1794 683 Annunt.

1075 703 1089 737 ’ἴ
1113 704 1292 752 {figam
1316 695 1549 738 benedicta
1571 700 1619 737 tu
1642 696 1686 736 in
1706 695 1891 736 mulieri-

1177 748 1208 804 g‘}
1236 753 1335 803 bus,
1365 753 1570 805 quoniam
1596 752 1735 793 Hevae
1761 751 1890 793 male-

1076 802 1089 823 *
1107 805 1133 830 ⁵·
1166 803 1205 823 ’Ὗ
1238 810 1475 851 dictic‘mem
1486 809 1529 849 in
1541 807 1892 850 benedictionem

182 844 327 886 media
349 845 462 887 inter
484 845 581 897 ipsa
599 843 749 886 mundi
771 842 1012 896 primerdia
1120 835 1156 837 a

183 901 498 954 praenuntians;
514 906 558 942 et
571 900 821 953 deceptoris
836 902 1010 953 serpen-

182 957 238 999 tis
263 958 429 999 retudit
454 957 684 999 audaciam
710 962 753 998 et
776 956 916 998 nostri
941 958 1010 1007 ge-

182 1014 298 1055 neris
312 1027 438 1067 spem
448 1013 630 1055 mirifice
644 1013 783 1055 erexit
796 1013 1011 1066 inquiens:

183 1070 436 1112 Inimicitias
461 1083 625 1123 ponam
648 1070 760 1111 inter
785 1074 829 1111 te
855 1074 898 1111 et
921 1082 1010 1109 mu-

182 1126 343 1176 lierem,
363 1131 407 1168 et
427 1140 575 1169 semen
593 1131 717 1168 tuum
735 1131 780 1167 et
799 1138 948 1167 semen
965 1125 1011 1166 il-

183 1182 282 1234 lius,
310 1182 518 1225 docuere:
547 1182 695 1224 divino
721 1182 806 1224 hoc
832 1181 1010 1223 oraculo

185 1238 300 1281 clare
323 1241 562 1292 aperteque
586 1239 933 1280 demonstratum
951 1238 1011 1279 fu-

183 1298 270 1337 isse
293 1295 622 1337 misericordem
640 1295 818 1336 humani
841 1295 1011 1346 generis

184 1350 540 1405 Redempterem,
561 1352 727 1393 scilicet
745 1351 1013 1402 unigenitum

184 1408 268 1450 Dei
282 1408 440 1450 Filium
456 1408 677 1450 Christum
690 1408 714 1449 J
717 1421 850 1458 esum,
870 1420 921 1448 ac
941 1406 1011 1449 de-

185 1465 401 1516 signatam
414 1465 712 1507 beatissimam
726 1466 817 1517 ejus
828 1464 1014 1505 Matrem

185 1521 411 1572 Virginem
433 1521 632 1572 Mariam,
661 1534 713 1562 ac
738 1520 865 1562 simul
889 1521 1012 1572 ipsis-

185 1577 316 1619 simas
345 1577 573 1630 utriusque
608 1582 761 1619 contra
789 1576 1014 1618 diabolum

184 1634 431 1675 inimicitias
490 1634 715 1685 insigniter
770 1635 1013 1686 expressas.

186 1691 403 1740 Quocirca
425 1690 536 1732 sicut
556 1689 755 1732 Christus
773 1689 857 1730 Dei
875 1689 1012 1730 homi-

185 1749 378 1799 numque
395 1746 626 1797 mediator,
645 1746 835 1787 humana
850 1749 1013 1786 assam-

185 1806 262 1855 pta
285 1805 456 1853 natura,
484 1802 634 1844 delens
660 1801 781 1855 quod
804 1800 1013 1843 adversus

185 1871 267 1901 nos
286 1863 379 1900 erat
403 1858 741 1911 chir6graphum
760 1858 942 1908 decreti,
967 1858 1012 1898 il-

186 1915 263 1958 lud
292 1916 411 1958 cruci
441 1915 733 1969 triumphator
761 1914 917 1964 affixit,
952 1915 1015 1955 sic

187 1972 461 2014 sanctissima
493 1972 652 2023 Virgo,
689 1971 932 2013 arctissimo
970 1975 1014 2012 et

187 2028 478 2071 indissolubili
503 2028 678 2070 vinculo
708 2041 808 2069 cum
836 2040 888 2068 eo
914 2039 1014 2068 con-

187 2086 347 2137 juncta,
374 2092 461 2127 una
486 2098 586 2127 cum
610 2084 685 2126 fflo
712 2089 756 2125 et
779 2096 859 2136 per
884 2083 1015 2132 illum⁷

189 2142 474 2195 sempiternas
487 2146 640 2183 contra
650 2142 918 2182 venenosum
929 2152 1015 2181 ser-

188 2199 365 2251 pentem
386 2197 633 2240 inimicitias
658 2199 866 2239 exercens
890 2208 941 2237 ac
961 2195 1015 2237 de

188 2254 287 2307 ipso
310 2255 563 2308 plenissime
586 2253 876 2306 trifimphans‚
900 2252 1015 2293 illius

190 2316 322 2363 caput
341 2310 621 2352 immaculato
640 2309 754 2363 pede
775 2309 990 2351 contrivit.

247 2372 296 2424 R.
318 2371 497 2424 Signum
514 2384 729 2423 magnum.
756 2372 850 2412 382.

412 2442 460 2481 111
484 2442 554 2481 111.
576 2442 797 2482 Nocturno.

196 2502 346 2544 Lectio
373 2504 511 2545 sancti
530 2503 756 2555 Evangelii
778 2500 1018 2543 secundum

516 2559 693 2601 Lucam.

299 2616 448 2656 Lectio
470 2617 536 2656 vii.
717 2620 819 2669 Cap.
836 2619 864 2656 1.
880 2630 913 2657 c.

192 2671 269 2778 In
295 2675 371 2716 illo
399 2677 615 2728 tempore:
646 2677 807 2717 Missus
836 2680 902 2716 est
931 2674 1016 2714 An-

264 2731 387 2783 gelus
416 2731 596 2774 Gabriel
623 2746 649 2774 a
675 2733 772 2774 Deo
800 2731 844 2772 in
872 2731 1017 2772 civita-

1065 866 1360 916 commutasti3
1395 865 1602 918 quoniam
1628 864 1789 914 Adam,
1820 865 1893 916 qui

1063 922 1184 974 prius
1205 922 1374 974 jacebat
1398 921 1700 963 exsecratione
1723 920 1892 973 percul-

1064 991 1149 1028 suS,
1172 984 1220 1019 ut
1238 991 1318 1031 per
1337 983 1380 1020 te
1399 977 1732 1020 benediceretur
1753 977 1892 1019 effeci-

1064 1035 1130 1075 sti.
1165 1035 1283 1077 Vere
1306 1033 1540 1076 benedicta
1564 1039 1613 1075 tu
1638 1034 1681 1074 in
1705 1033 1892 1074 mulieri-

1064 1090 1157 1140 bus,
1174 1091 1380 1142 queniam
1394 1089 1644 1132 benedictio
1656 1090 1798 1131 Patris
1813 1103 1893 1142 per

1064 1152 1109 1189 te
1129 1147 1291 1189 affulsit
1308 1146 1569 1196 hominibus,
1595 1148 1760 1198 eesque
1780 1160 1805 1187 a
1823 1148 1892 1187 ve-

1065 1204 1147 1245 teri
1170 1203 1405 1245 maledicto
1430 1203 1641 1245 liberavit.
1677 1203 1796 1244 Vere
1819 1202 1892 1244 be-

1064 1259 1239 1303 nedicta
1262 1265 1310 1301 tu
1334 1261 1377 1301 in
1400 1259 1669 1308 mulieribus,
1694 1260 1794 1311 quia
1813 1272 1893 1312 per

1064 1321 1108 1358 te
1135 1317 1439 1369 progenitores
1467 1317 1531 1358 tui
1563 1316 1750 1357 salutem
1777 1316 1891 1356 inve-

1065 1373 1203 1423 niunt;
1221 1379 1269 1415 tu
1289 1372 1506 1425 siquidem
1522 1372 1719 1423 genitura
1737 1385 1782 1413 es
1797 1372 1891 1413 Ser-

1066 1432 1273 1479 vat6rem,
1289 1430 1363 1482 qui
1378 1429 1569 1471 divinam
1582 1429 1690 1481 ipsis
1706 1428 1894 1469 salutem

1066 1486 1351 1539 comparabit.
1387 1486 1506 1527 Vere
1529 1484 1762 1527 benedicta
1782 1490 1831 1526 tu
1850 1484 1894 1525 in

1065 1542 1338 1592 mulieribus,
1373 1542 1580 1594 quoniam
1608 1541 1699 1583 sine
1730 1541 1893 1582 semine

1067 1612 1166 1640 eum
1189 1599 1411 1651 protulisti
1434 1598 1637 1648 fructum,
1667 1598 1742 1650 qui
1764 1597 1892 1639 bene-

1067 1655 1304 1697 dictienem
1323 1657 1540 1697 terrarum
1559 1654 1656 1696 orbi
1675 1654 1893 1705 elargitur,

1065 1712 1297 1764 ipsumque
1339 1725 1365 1752 a
1400 1709 1707 1752 maledictione
1744 1711 1892 1763 spinas

1065 1768 1335 1819 germinante
1358 1767 1543 1809 redimit.
1576 1767 1693 1808 Vere
1720 1765 1892 1808 benedi-

1067 1830 1137 1866 cta
1163 1830 1211 1866 tu
1239 1825 1283 1865 in
1310 1824 1581 1873 mulieribus,
1611 1824 1713 1874 quia
1737 1822 1893 1864 mulier

1067 1881 1253 1922 naturali
1286 1879 1537 1922 conditione
1570 1893 1670 1921 cum
1699 1879 1777 1929 sis,
1811 1879 1894 1920 Dei

1067 1943 1210 1979 tamen
1229 1937 1428 1978 Genitrix
1444 1939 1591 1989 reipsa
1605 1936 1695 1977 fies.
1722 1936 1894 1978 Etenim

1068 1995 1118 2044 si,
1145 1994 1218 2046 qui
1237 2007 1292 2035 ex
1309 1999 1353 2035 te
1372 1994 1618 2035 nasciturus
1638 1998 1720 2042 est,
1745 1996 1894 2034 secun-

1069 2051 1172 2092 dum
1201 2051 1432 2092 veritatem
1458 2051 1579 2092 Deus
1607 2054 1673 2091 est
1701 2050 1894 2091 incarne-

1068 2112 1156 2157 tus,
1195 2106 1292 2159 ipsa
1327 2108 1418 2159 jure
1453 2107 1701 2157 meritoque
1738 2105 1895 2147 diceris

1068 2164 1275 2216 Deipara‚
1301 2163 1465 2216 quippe
1485 2175 1583 2215 quae
1602 2163 1746 2204 Deum
1764 2164 1895 2203 veris-

1069 2220 1176 2261 sime
1198 2219 1328 2272 paris

1123 2276 1173 2327 R.
1197 2276 1366 2318 Hortus
1391 2275 1624 2317 conclusus
1649 2287 1777 2316 soror
1799 2286 1896 2315 mea

1069 2346 1248 2386 sponsa,
1272 2333 1427 2374 hortus
1451 2332 1699 2382 conclusus,
1723 2331 1821 2371 fons
1842 2330 1895 2371 si-

1068 2392 1242 2442 gnatus:
1273 2390 1294 2412 ¹*
1319 2390 1587 2430 Emissiones
1612 2393 1700 2430 tuae
1725 2385 1894 2440 paradi-

1069 2460 1155 2496 sus,
1178 2459 1204 2488 ο
1224 2446 1372 2487 Maria.
1405 2438 1453 2489 V.
1478 2445 1615 2498 Aperi
1632 2444 1748 2494 mihi,
1769 2455 1896 2484 soror

1068 2516 1176 2553 mea,
1196 2505 1336 2544 amica
1347 2515 1456 2551 mea,
1476 2500 1680 2543 columba
1694 2512 1802 2549 mea,
1820 2499 1894 2539 im-

1068 2559 1286 2601 maculata
1304 2571 1412 2600 mea.
1439 2557 1710 2598 EmissiOnes
1729 2561 1828 2597 tuae.

1355 2611 1505 2651 Lectio
1529 2610 1611 2649 viii.

1071 2662 1188 2768 Ne
1211 2676 1365 2715 timeas
1384 2672 1535 2720 Maria,
1558 2667 1759 2710 invenisti
1782 2665 1895 2707 enim

1184 2729 1303 2783 apud
1338 2729 1481 2770 Deum
1524 2725 1709 2777 gratiam
1751 2724 1894 2774 perire
