2040 2990
173 200 240 236 262

601 206 776 239 set-unda
802 206 863 239 (lie
889 205 987 238 infra
1012 207 1197 238 Octavam
1222 202 1462 246 Epiphaniae.

174 297 250 347 gis,
271 308 374 338 ecce
387 295 506 347 Magi
524 294 579 337 ab
596 295 774 336 Oriente
790 296 1004 337 venerunt
1056 294 1189 336 fuisse
1216 294 1352 335 fatum
1381 293 1596 343 eamdem,
1626 307 1724 347 quae
1752 296 1884 347 appa-

173 353 198 394 J
200 352 502 405 erosolymam,
518 351 729 394 dicentes:
747 351 832 393 Ubi
847 356 914 393 est
930 351 1004 404 qui
1057 351 1157 401 ruit,
1182 350 1354 392 stellam
1377 355 1545 403 putant.
1580 350 1667 392 Sed
1690 351 1726 392 si
1745 351 1885 392 Evan-

173 414 300 506 {iatus
329 413 396 451 est
422 409 519 451 Rex
544 406 821 450 Judaeorum?
856 409 913 450 Et
940 410 1003 449 re-

189 479 302 518 lqua.

177 543 241 583 De
260 538 455 580 Homih'a
474 539 614 580 sancti
635 538 839 590 Gregorii
858 538 1003 591 Papae.

308 612 478 646 IIomilia
506 612 561 646 lo.
587 612 624 645 in
652 611 871 654 Evangelia.

179 670 184 712 ς
210 713 212 717 Ι
224 670 227 671 ’
241 681 275 716 an,
286 662 508 707 ativitate
519 661 654 712 Regis
665 660 804 702 nostri
818 661 1004 712 cognita,

207 761 240 778 =.
259 716 275 770 ’ἓξ
328 718 531 761 Herodes
544 718 600 760 ad
614 717 772 759 callida
786 719 1006 768 argumen-

215 773 257 801 *2
295 779 302 799 ³
326 780 372 816 ta
392 775 674 817 convertitur:
695 779 739 815 et
752 787 807 815 ne
826 775 1004 815 terreno

174 843 309 882 regno
320 832 577 884 privaretur,
588 830 827 873 renuntiari
838 830 921 871 sibi
931 830 1005 872 ubi

174 900 283 939 puer
298 888 552 938 inveniatur,
569 887 775 941 postulat.
804 886 1005 928 Adorare

175 955 275 985 eum
294 944 407 986 velle
423 958 470 986 se
486 944 670 994 simulat,
689 949 737 985 ut
750 943 876 994 hunc,
895 943 932 984 si
946 944 1004 984 in-

175 1001 312 1042 veniri
326 1001 477 1053 possit,
494 1003 752 1052 exstinguat.
772 999 858 1041 Sed
874 1013 1005 1052 quan-

174 1062 219 1099 ta
240 1062 307 1098 est
329 1058 519 1099 humana
538 1057 703 1098 malitia
727 1062 882 1098 contra
906 1070 1005 1098 con-

174 1113 317 1156 silium
329 1113 591 1157 divinitatis?
611 1114 831 1166 Scriptum
844 1114 1005 1167 quippe

175 1176 257 1212 est:
275 1171 377 1212 Non
392 1176 459 1213 est
479 1170 702 1224 sapientia,
722 1183 809 1211 non
825 1175 892 1212 est
906 1183 1006 1223 pru-

176 1227 343 1278 dentia,
377 1240 463 1269 non
496 1233 563 1270 est
595 1227 825 1269 consilium
853 1232 1007 1268 contra

174 1284 422 1326 Dominum.
458 1284 573 1326 Nam
593 1297 658 1334 ea,
682 1297 780 1336 quae
802 1283 1007 1336 apparuit

176 1341 316 1391 stella,
338 1342 492 1393 Magos
512 1340 728 1394 perducit:
754 1345 904 1381 natum
923 1341 1006 1382 Re-

174 1410 275 1448 gem
306 1399 547 1451 reperiunt,
580 1401 762 1439 munera
790 1396 1007 1438 deferunt:

176 1459 220 1496 et
243 1467 298 1496 ne
322 1454 466 1497 redire
485 1455 543 1496 ad
561 1453 787 1496 Herodem
807 1453 1007 1503 debeant,

175 1511 219 1551 in
243 1512 408 1553 somnis
429 1511 731 1553 admonentur.
769 1510 928 1562 Sicque
947 1510 1007 1560 fit,

177 1573 224 1609 ut
251 1568 276 1608 J
279 1580 418 1618 esum,
449 1581 579 1620 quem
608 1567 765 1620 quaerit
792 1566 1008 1617 Herodes,

176 1625 371 1666 invenire
388 1637 476 1666 non
490 1625 642 1677 possit.
671 1624 802 1675 Cujus
817 1625 1008 1676 persona

178 1681 251 1733 qui
271 1681 354 1731 alii,
376 1694 507 1733 quam
520 1680 764 1734 hypocritae
781 1679 1007 1730 designan-

176 1743 257 1787 tur,
278 1738 352 1790 qui
371 1737 475 1779 dum
492 1737 594 1779 ficte
615 1741 828 1790 quaerunt,
846 1736 1007 1778 inveni-

178 1807 224 1836 re
244 1794 481 1836 Dominum
503 1806 741 1846 numquam
762 1791 1007 1835 merentur?

232 1863 281 1913 Ra
298 1859 442 1910 Stella,
463 1873 594 1912 quam
613 1858 815 1901 viderant
828 1858 946 1909 Magi
964 1858 1007 1899 in

179 1916 378 1966 Oriente,
412 1915 702 1958 antecedebat
735 1927 830 1965 eos,
866 1915 1008 1957 donec

178 1975 377 2015 venirent
401 1973 458 2015 ad
480 1973 642 2022 locum,
667 1972 743 2014 ubi
766 1984 876 2025 puer
900 1976 1008 2013 erat:

180 2035 202 2058 *
222 2029 435 2071 Videntes
455 2035 601 2072 autem
621 2042 729 2079 eam,
750 2028 889 2080 gavisi
908 2033 1009 2070 sunt

179 2085 340 2135 gaudio
359 2099 529 2137 magno.
561 2084 607 2135 δ”.
623 2087 680 2127 Et
699 2086 912 2127 intrantes
933 2084 1008 2127 do-

179 2155 308 2191 mum,
327 2142 585 2184 invenerunt
602 2145 787 2195 puerum
807 2155 905 2183 cum
920 2141 1008 2183 Ma·

180 2201 243 2240 ria
266 2203 405 2240 matre
430 2200 536 2250 ejus,
564 2204 607 2240 et
630 2198 912 2251 procidentes
936 2198 1008 2239 ad-

181 2257 416 2297 oraverunt
436 2268 546 2297 eum.
578 2254 802 2297 Videntes.

467 2326 619 2367 Lectio
643 2326 724 2366 viii.

250 2389 306 2431 ed
337 2390 448 2432 inter
481 2389 578 2431 haec
610 2389 855 2440 sciendum,
890 2391 1010 2443 quod

269 2446 610 2488 Priscilliam'stae
653 2445 848 2488 haeretici
890 2448 1009 2489 nasci

180 2505 534 2555 unumquemque
559 2502 779 2544 hominem
803 2503 884 2544 sub
910 2517 1008 2546 con-

182 2559 479 2602 stitutionibus
507 2559 732 2601 stellarum
760 2565 932 2612 putant:
967 2566 1010 2602 et

181 2617 266 2658 hoc
294 2616 337 2657 in
370 2616 632 2668 adjutorium
662 2616 727 2657 sui
757 2617 917 2658 erroris
945 2630 1009 2658 as-

182 2677 368 2722 sumunt,
387 2672 506 2725 quod
521 2685 635 2714 nova
651 2672 776 2714 stella
793 2673 897 2714 exiit
912 2686 1010 2714 cum

182 2731 396 2773 Dominus
419 2730 462 2771 in
489 2742 618 2771 carne
644 2730 864 2782 apparuit:
891 2731 1011 2781 cujus

1055 407 1156 458 gelii
1186 407 1323 449 verba
1354 409 1611 460 pensamus,
1644 406 1801 460 quibus
1830 406 1886 449 de

1057 463 1212 506 eadem
1240 463 1366 506 stella
1393 463 1570 505 dicitur:
1602 463 1754 516 Usque
1782 463 1886 506 dum

1056 521 1235 562 veniens
1251 525 1388 562 staret
1403 533 1547 573 supra,
1562 519 1637 562 ubi
1653 525 1747 562 erat
1761 533 1886 573 puer:

1057 577 1161 619 dum
1176 590 1264 618 non
1276 590 1387 630 puer
1401 576 1458 618 ad
1471 576 1653 628 stellam,
1667 576 1747 618 sed
1761 576 1886 619 stella

1056 633 1113 676 ad
1136 637 1322 687 puerum
1346 626 1553 683 cucurrit,
1578 633 1614 674 si
1638 632 1724 675 dici
1746 633 1886 683 liceat,

1057 703 1144 732 non
1169 691 1295 733 stella
1319 690 1455 732 fatum
1479 690 1622 743 pueri,
1649 689 1728 731 sed
1750 689 1887 731 fatum

1057 747 1196 789 stellae
1215 748 1263 797 is,
1285 747 1358 799 qui
1377 747 1592 800 apparuit,
1611 759 1722 799 puer
1742 746 1831 788 fuit.

1112 818 1163 870 R.
1178 812 1393 854 Videntes
1412 811 1583 854 stellam
1602 810 1730 862 Magi,
1749 811 1887 862 gavisi

1058 874 1159 911 sunt
1180 869 1340 920 gaudio
1359 880 1536 919 magno:
1561 874 1585 898 *
1600 868 1657 909 Et
1674 868 1887 910 intrantes

1058 925 1238 968 domum
1273 926 1531 967 invenerunt
1566 927 1752 978 puerum
1788 937 1887 966 cum

1058 983 1196 1024 Maria
1222 988 1363 1025 matre
1392 983 1503 1035 ejuS,
1537 986 1581 1023 et
1606 981 1887 1035 procidentes

1059 1039 1353 1081 adoraverunt
1372 1051 1488 1080 eum:
1507 1038 1599 1080 *Et
1618 1037 1782 1091 apertis
1795 1037 1887 1080 the—

1059 1097 1198 1138 sauris
1223 1096 1329 1146 suis,
1356 1095 1610 1137 obtulerunt
1634 1095 1674 1136 ei
1696 1097 1888 1144 munera,

1059 1166 1223 1203 aurum,
1237 1152 1350 1203 thus,
1366 1157 1410 1194 et
1423 1151 1656 1205 myrrham.
1679 1148 1731 1201 V.
1743 1150 1888 1201 Stella,

1061 1223 1191 1262 quam
1205 1209 1407 1251 viderant
1419 1209 1538 1260 Magi
1550 1208 1595 1249 in
1611 1207 1801 1257 Oriente,
1818 1220 1888 1248 an-

1059 1266 1291 1308 tecedebat
1311 1279 1403 1315 eos,
1427 1278 1567 1318 usque
1587 1264 1692 1307 dum
1710 1264 1889 1306 veniens

1060 1328 1197 1365 staret
1221 1335 1355 1375 supra
1378 1322 1453 1364 ubi
1477 1326 1572 1363 erat
1594 1333 1716 1374 puer.
1748 1321 1806 1362 Et
1827 1321 1888 1362 in·

1059 1381 1236 1422 trantes.
1268 1379 1418 1422 Gloria
1435 1378 1568 1420 Patri.
1594 1378 1652 1420 Et
1670 1377 1846 1430 apertis.

1364 1458 1518 1501 Lectio
1538 1458 1592 1499 ix,

1064 1522 1186 1630 Sed
1206 1539 1231 1568 a
1249 1525 1445 1568 fidelium
1464 1523 1672 1567 cordibus
1692 1523 1820 1575 absit,
1842 1529 1891 1567 ut

1148 1582 1313 1636 aliquid
1338 1595 1436 1624 esse
1460 1581 1598 1623 fatum
1622 1580 1780 1623 dicant.
1816 1581 1890 1623 Vi-

1060 1646 1151 1683 tam
1192 1640 1355 1692 quippe
1394 1637 1620 1679 hominum
1660 1637 1781 1679 solus
1819 1637 1891 1680 hic

1062 1696 1286 1747 Conditor,
1307 1695 1381 1748 qui
1404 1694 1580 1744 creavit,
1605 1693 1891 1736 administrat.

1059 1753 1217 1806 Neque
1237 1752 1351 1794 enim
1369 1755 1554 1805 propter
1577 1750 1727 1792 stellas
1745 1749 1891 1801 homo,

1062 1810 1142 1852 sed
1160 1809 1299 1852 stellae
1319 1813 1503 1862 propter
1521 1807 1743 1849 hominem
1762 1807 1890 1849 factae

1062 1872 1177 1908 sunt:
1203 1871 1245 1908 et
1265 1867 1301 1907 si
1320 1865 1447 1907 stella
1466 1864 1603 1906 fatum
1620 1863 1810 1905 hominis
1830 1863 1891 1906 di-

1061 1924 1185 1974 citur,
1205 1923 1313 1976 ipsis
1332 1922 1421 1964 suis
1439 1920 1690 1963 ministeriis
1709 1919 1891 1963 subesse

1060 1980 1195 2022 homo
1223 1979 1489 2034 perhibetur.
1541 1977 1670 2019 Certe
1697 1989 1797 2019 cum
1823 1977 1890 2019 Ja-

1063 2037 1146 2079 cob
1184 2036 1240 2079 de
1275 2038 1403 2078 utero
1443 2033 1692 2086 egrediens,
1732 2033 1891 2086 prioris

1062 2093 1207 2135 fratris
1221 2092 1417 2146 plantam
1430 2092 1602 2133 teneret
1615 2103 1758 2140 manu,
1771 2090 1892 2143 prior

1062 2150 1256 2204 perfecte
1275 2150 1554 2201 nequaquam
1574 2146 1724 2198 egredi
1737 2147 1891 2200 potuit,

1062 2206 1144 2248 nisi
1169 2205 1442 2258 subsequens
1467 2203 1735 2245 inchoasset:
1762 2207 1807 2245 et
1830 2207 1891 2245 ta-

1061 2275 1162 2304 men
1181 2275 1280 2304 cum
1299 2274 1386 2303 uno
1406 2262 1622 2313 tempore,
1647 2258 1892 2311 eodemque

1062 2321 1285 2362 momento
1307 2321 1543 2368 utrumque
1560 2320 1700 2357 mater
1719 2314 1892 2365 fuderit,

1063 2389 1150 2418 non
1184 2388 1270 2417 una
1303 2374 1532 2425 utriusque
1566 2372 1669 2414 vitae
1704 2372 1891 2424 qualitas

1064 2433 1153 2475 fuit.
1208 2432 1273 2473 Te
1291 2431 1436 2473 Deum
1453 2428 1694 2471 laudamus.
1714 2429 1772 2468 14.

1115 2501 1187 2543 Ad
1220 2501 1382 2542 Bened.
1416 2502 1515 2541 Ant.
1553 2497 1622 2540 Ab
1657 2497 1836 2539 Oriente
1867 2498 1891 2523 *

1064 2560 1276 2601 venerunt
1307 2555 1426 2606 Magi
1458 2555 1501 2596 in
1527 2554 1788 2597 Bethlehem
1819 2553 1892 2595 ad-

1064 2618 1191 2657 orare
1204 2614 1455 2656 Dominum:
1475 2616 1518 2654 et
1538 2611 1701 2664 apertis
1719 2610 1891 2653 thesau-

1064 2673 1123 2714 ris
1153 2671 1262 2720 suis,
1294 2669 1489 2723 pretiosa
1515 2672 1698 2710 munera
1726 2666 1891 2709 obtule-

1065 2734 1183 2771 runt:
1220 2740 1392 2777 aurum,
1429 2726 1542 2767 sieut
1571 2725 1682 2775 Regi
1713 2735 1892 2774 magno;
