2040 2990
604 204 808 239 Dominica
834 205 932 239 infra
958 204 1143 239 Octavam
1166 205 1403 239 Nativitatis.

1794 210 1860 246 215

146 300 359 343 mundum
382 301 581 343 melliflui
607 301 712 342 facti
737 307 838 343 sunt
864 302 975 344 coeli.

147 351 199 405 V.
215 356 363 399 Hodie
382 357 524 399 illuxit
542 356 671 399 nobis
692 357 787 400 dies
806 358 974 400 redem-

146 414 309 466 ptionis
318 427 458 464 novae,
471 414 760 467 reparationis
771 417 974 467 antiquae‚

146 470 368 512 felicitatis
387 473 575 513 aetemae.
602 470 760 513 Hodie.

450 528 602 570 Lectio
622 528 661 568 ii.

226 584 382 626 rimum
408 585 585 637 quidem
601 585 763 637 gratias
779 598 862 636 ago
877 586 974 627 Deo

241 654 340 683 meo
366 654 446 695 per
470 641 620 683 Jesum
646 641 867 683 Christum
891 655 973 695 pro

147 697 351 740 omnibus
382 697 525 740 vobis:
559 698 660 750 quia
688 697 799 740 fides
827 704 974 740 vestra

146 755 430 796 annuntiatur
469 755 514 795 in
555 755 760 797 universo
797 755 974 797 mundo.

145 811 294 853 Testis
331 812 445 853 enim
480 811 587 852 mihi
623 817 690 853 est
726 812 866 862 Deus,
905 813 974 853 cui

146 868 291 910 servio
310 868 355 909 in
374 868 531 921 spiritu
549 881 649 910 meo
673 869 716 909 in
734 869 973 920 Evangelio

144 923 243 965 Filii
261 925 367 977 ejus,
394 924 514 977 quod
538 925 631 966 sine
651 925 974 967 intermissione

145 981 403 1022 memoriam
427 982 563 1023 vestri
587 981 700 1023 facio
729 995 902 1035 semper
930 983 974 1023 in

146 1036 418 1080 oratienibus
462 1038 586 1080 meis:
639 1038 892 1089 obsecrans,
937 1039 975 1080 si

146 1094 371 1147 quemodo
400 1094 579 1136 tandem
607 1095 845 1148 aliquando
874 1098 973 1149 pro-

145 1163 322 1204 sperum
349 1152 432 1193 iter
459 1151 647 1194 habeam
675 1153 718 1193 in
747 1153 973 1195 voluntate

142 1208 227 1250 Dei
266 1208 470 1250 veniendi
513 1208 570 1250 ad
609 1222 701 1251 vos.
754 1209 972 1251 Desidero

143 1265 259 1306 enim
278 1265 428 1307 videre
448 1278 542 1307 vos:
565 1270 614 1307 ut
633 1266 799 1319 aliquid
818 1266 973 1319 imper-

142 1321 225 1362 tiar
239 1321 367 1363 vobis
381 1323 536 1373 gratiae
549 1322 789 1375 spiritualis
801 1322 857 1364 ad
872 1336 972 1364 con-

142 1377 384 1420 firmandos
398 1391 494 1420 vos:
512 1378 558 1420 id
577 1384 654 1430 est,
675 1379 803 1420 simul
819 1392 972 1421 conso-

141 1434 223 1475 lari
241 1435 285 1475 in
303 1435 430 1477 vobis
445 1448 525 1489 per
540 1448 647 1486 eam,
668 1449 767 1488 quae
783 1437 972 1478 invicem

143 1495 222 1542 est,
240 1491 375 1534 fidem
393 1497 585 1534 vestram
603 1497 736 1545 atque
754 1506 908 1534 meam.

196 1549 247 1601 Rz.
283 1549 424 1599 Quem
451 1548 622 1590 vidistis
650 1549 878 1602 pastores?
911 1549 972 1591 di-

144 1605 246 1655 cite,
286 1605 542 1647 annuntiate
579 1605 725 1656 nobis,
762 1607 805 1647 in
842 1607 972 1648 terris

143 1661 240 1714 quis
272 1660 500 1715 apparuit?
529 1662 553 1686 *
579 1662 746 1704 Natum
773 1662 971 1714 vidimus,

143 1722 187 1760 et
205 1717 365 1760 choros
379 1718 652 1770 Angelorum
671 1719 972 1761 collaudantes

141 1774 392 1816 Dominum.
423 1769 474 1822 V.
497 1775 659 1826 Dicite,
686 1775 893 1829 quidnam
912 1777 971 1818 vi-

143 1830 290 1873 distis?
321 1836 366 1874 et
394 1833 648 1874 annuntiate
677 1832 838 1874 Christi
865 1833 970 1874 nati-

142 1888 334 1930 vitatem.
377 1888 551 1931 Natum.

442 1945 596 1987 Lectio
614 1946 669 1986 iii.

143 1994 306 2102 Nolo
326 2005 472 2044 autem
486 2014 566 2043 vos
581 2002 785 2053 ignorare
800 2000 971 2042 fratres:

247 2059 349 2111 quia
373 2071 493 2112 saepe
515 2058 728 2111 proposui
747 2058 896 2099 venire
914 2055 972 2098 ad

142 2126 239 2164 vos,
264 2115 324 2166 (et
347 2114 593 2168 prohibitus
620 2127 716 2155 sum
738 2126 878 2166 usque
898 2112 970 2155 ad-

141 2169 242 2222 huc)
275 2175 323 2212 ut
350 2171 541 2224 aliquem
569 2171 757 2212 fructum
784 2169 972 2211 habeam

143 2231 188 2268 et
206 2227 250 2268 in
269 2227 411 2278 vobis,
438 2227 550 2269 sicut
569 2232 613 2269 et
630 2227 675 2268 in
695 2226 852 2268 ceteris
870 2228 970 2277 gen-

142 2283 274 2325 tibus:
294 2285 474 2335 Graecis,
495 2297 546 2326 ac
563 2283 783 2333 Barbaris,
804 2283 971 2335 sapien-

142 2339 270 2391 tibus,
290 2345 333 2382 et
348 2340 656 2394 insipientibus
672 2339 845 2382 debitor
861 2352 971 2380 sum:

141 2396 204 2437 ita
231 2397 367 2450 (quod
384 2398 429 2438 in
447 2399 532 2448 me)
556 2401 812 2450 promptum
837 2400 903 2437 est
929 2400 972 2436 et

143 2452 283 2503 vobis,
313 2454 387 2506 qui
414 2454 571 2495 Romae
601 2453 723 2503 estis,
757 2451 971 2502 evangeli—

143 2510 256 2550 zare.
287 2509 389 2551 Non
409 2510 524 2552 enim
544 2509 756 2551 erubesco
775 2508 970 2558 Evange-

142 2564 258 2606 lium.
290 2565 444 2608 Virtus
468 2566 583 2608 enim
603 2566 686 2607 Dei
710 2569 777 2606 est
795 2565 840 2605 in
860 2563 970 2605 salu-

143 2625 233 2662 tem
247 2622 365 2662 omni
379 2622 585 2672 credenti,
603 2623 629 2663 J
631 2621 760 2664 udaeo
771 2621 970 2673 primum,

144 2682 188 2718 et
208 2677 380 2719 Graeco.
412 2679 437 2719 J
439 2680 587 2721 ustitia
611 2679 727 2720 enim
745 2677 830 2719 Dei
853 2677 897 2717 in
917 2689 969 2717 eo

142 2733 362 2776 revelatur
395 2747 449 2776 ex
481 2735 569 2777 fide
601 2735 646 2775 in
678 2733 827 2775 fidem:
857 2733 971 2774 sicut

1028 302 1243 355 scriptum
1260 308 1339 345 est:
1358 305 1383 345 J
1385 309 1509 346 ustus
1529 310 1675 348 autem
1695 320 1749 348 ex
1768 307 1856 348 fide

1027 359 1145 400 vivit.
1184 360 1424 402 Revelatur
1455 358 1569 403 en'im
1603 363 1668 404 ira
1692 362 1777 405 Dei
1802 363 1856 405 de

1028 415 1143 457 eoelo
1167 429 1300 470 super
1324 430 1500 459 omnem
1523 419 1794 472 impietatem
1814 425 1857 462 et

1027 472 1279 524 injustitiam
1315 473 1542 516 heminum
1578 477 1745 527 eorum,
1783 477 1857 531 qui

1027 529 1259 571 veritatem
1269 531 1353 572 Dei
1365 531 1410 571 in
1424 531 1630 583 injustitia
1645 532 1857 575 detinent:

1029 586 1131 638 quia
1151 587 1272 638 quod
1290 592 1442 629 notum
1469 593 1535 630 est
1553 589 1652 638 Dei,
1680 590 1855 631 manife-

1028 647 1144 694 stum
1173 648 1240 685 est
1267 644 1311 685 in
1339 644 1435 685 illis.
1475 645 1596 687 Deus
1630 646 1744 687 enim
1771 646 1856 688 illis

1027 700 1332 742 manifestavit.

1079 758 1131 810 R.
1154 760 1192 802 O
1212 774 1418 812 magnum
1436 762 1701 814 mysterium,
1721 768 1765 805 et
1784 763 1855 805 ad-

1028 817 1225 859 mirabile
1241 820 1573 869 sacramentum,
1594 824 1641 860 ut
1656 820 1857 861 animalia

1027 873 1228 917 viderent
1255 875 1494 916 Dominum
1522 880 1690 926 natum,
1717 877 1855 928 jacen-

1027 934 1117 972 tem
1148 931 1192 972 in
1223 932 1460 985 praesepio:
1488 932 1511 956 *
1540 932 1678 974 Beata
1707 934 1855 985 Virgo,

1028 988 1148 1039 cujus
1186 990 1355 1030 viscera
1391 990 1644 1031 meruerunt
1676 993 1855 1042 portare

1026 1044 1266 1087 Deminum
1293 1045 1522 1086 Christum.
1565 1042 1614 1091 Y.
1640 1046 1737 1088 Ave
1767 1047 1855 1088 Ma-

1027 1102 1107 1151 ria,
1133 1102 1274 1153 gratia
1293 1102 1438 1155 plena:
1463 1102 1679 1144 Deminus
1700 1108 1855 1145 tecum.

1026 1157 1175 1199 Beata.
1206 1158 1358 1200 Gloria
1373 1158 1504 1200 Patri.
1532 1159 1680 1201 Beata.

1249 1238 1299 1276 In
1326 1236 1376 1275 ΙΙ.
1405 1235 1628 1275 Nocturno.

1105 1306 1257 1348 Sermo
1284 1307 1425 1348 sancti
1451 1307 1613 1349 Leonis
1638 1308 1783 1360 Papae.

1175 1373 1292 1408 Serm.
1317 1375 1347 1409 9.
1374 1374 1420 1408 de
1444 1374 1572 1407 Nativ.
1597 1372 1706 1406 Dom.

1327 1431 1478 1472 Lectio
1498 1431 1549 1470 iv.

1032 1488 1290 1530 wfxcedit
1331 1488 1525 1540 quidem,
1571 1489 1853 1540 dilectissimi,

1036 1558 1038 1595 ἶ
1071 1565 1138 1601 η,
1159 1545 1432 1598 multumque
1458 1547 1753 1599 supereminet
1778 1546 1852 1588 hu-

1040 1609 1044 1619 ·
1131 1605 1138 1629 ³
1158 1602 1276 1643 mani
1306 1602 1468 1655 eloquii
1505 1603 1758 1645 facultatem
1792 1604 1852 1645 di-

1025 1659 1114 1700 vini
1133 1659 1281 1711 operis
1300 1659 1572 1710 magnitudo:
1592 1664 1635 1701 et
1653 1659 1755 1702 inde
1771 1660 1851 1701 ‹Sri-

1024 1720 1094 1757 tur
1129 1715 1364 1757 difficultas
1400 1715 1538 1766 fandi,
1574 1716 1689 1758 unde
1726 1716 1852 1758 adest

1024 1772 1136 1813 ratio
1158 1784 1246 1813 non
1264 1771 1448 1813 tacendi.
1481 1772 1591 1822 Quia
1610 1773 1655 1813 in
1675 1772 1849 1814 Christo

1023 1829 1048 1870 J
1050 1842 1128 1870 esu
1146 1828 1258 1870 Filio
1277 1828 1362 1869 Dei
1386 1840 1473 1869 non
1499 1828 1641 1870 solum
1667 1829 1724 1870 ad
1746 1829 1850 1870 divi-

1024 1899 1125 1926 nam
1150 1885 1400 1934 essentiam,
1429 1884 1509 1926 sed
1538 1885 1668 1926 etiam
1696 1885 1754 1927 ad
1777 1885 1852 1927 hu-

1023 1944 1200 1983 manam
1223 1945 1396 1994 spectat
1421 1944 1622 1982 naturam
1646 1941 1768 1994 quod
1793 1941 1852 1983 di-

1025 2003 1144 2040 ctum
1170 2002 1236 2039 est
1254 2010 1334 2050 per
1355 1997 1634 2050 prophetam:
1663 1998 1853 2040 Genera-

1023 2056 1190 2096 tionem
1205 2055 1295 2106 ejus
1315 2054 1411 2106 quis
1427 2054 1669 2096 enarrabit?
1690 2055 1853 2097 Utram-

1025 2124 1110 2164 que
1153 2111 1267 2152 enim
1308 2110 1599 2153 substantiam
1638 2111 1683 2152 in
1720 2124 1851 2153 unam

1025 2170 1282 2210 convenisse
1324 2169 1575 2220 personam,
1620 2168 1704 2209 nisi
1741 2167 1850 2210 fides

1025 2223 1187 2274 credat,
1207 2236 1352 2265 sermo
1371 2230 1462 2265 non
1481 2224 1682 2277 explicat.
1716 2225 1772 2266 Et
1789 2223 1850 2266 id-

1026 2294 1078 2323 eo
1110 2293 1349 2333 numquam
1378 2281 1560 2322 materia
1588 2280 1736 2322 deficit
1763 2280 1850 2321 lau-

1025 2337 1110 2387 dis,
1139 2337 1241 2389 quia
1270 2349 1508 2388 numquam
1536 2336 1699 2378 sufficit
1723 2337 1851 2389 copia

1023 2393 1275 2435 laudatoris.

1077 2447 1128 2499 R·-
1171 2451 1310 2492 Beata
1345 2450 1429 2492 Dei
1466 2450 1666 2492 Genitrix
1702 2449 1849 2499 Maria,

1024 2507 1144 2559 cujus
1163 2509 1334 2549 viscera
1352 2508 1517 2548 intacta
1535 2507 1808 2559 permanent:
1826 2501 1847 2524 *

1022 2562 1170 2604 Hodie
1201 2564 1351 2615 genuit
1381 2563 1654 2604 Salvatorem
1690 2560 1847 2603 saeculi.

1024 2610 1074 2661 V·
1099 2619 1241 2661 Beata
1274 2632 1372 2671 quae
1403 2618 1606 2661 credidit:
1643 2618 1845 2670 quoniam

1022 2676 1219 2729 perfecta
1252 2680 1353 2717 sunt
1388 2675 1549 2721 emnia,
1593 2687 1691 2726 quae
1730 2672 1846 2713 dicta

1022 2737 1125 2773 sunt
1144 2732 1185 2773 ei
1204 2745 1229 2773 a
1247 2732 1452 2773 Domino.
1489 2731 1645 2772 Hodie.
