2080 2990
593 208 662 241 Die
686 208 737 240 21.
763 207 846 240 Jam.
894 207 928 240 S
953 207 1115 247 Agnetis
1145 207 1244 248 virg.
1272 214 1306 241 ct
1332 208 1435 241 Mart.

163 305 271 356 ejuS,
303 303 328 329 *
360 315 465 344 oves
499 307 542 344 et
575 301 712 343 boves
746 301 986 350 universas,

162 362 338 412 insuper
358 363 401 400 et
418 361 581 411 pecora
601 358 754 410 campi.

213 415 428 457 Volucres
457 415 572 464 coeli‚
605 419 647 456 et
674 415 818 467 pisces
844 413 986 463 maris,

162 472 187 498 *
215 472 288 524 qui
314 471 619 524 perambulant
647 471 822 512 semitas
845 471 987 511 maris.

213 527 401 569 Demine
419 527 634 569 Deminus
652 527 846 576 noster,*
859 539 988 578 quam

163 584 418 626 admirabile
438 589 504 626 est
521 596 681 625 nomen
697 588 820 625 tuum
838 583 881 623 in
898 583 987 624 uni-

162 642 290 682 versa
307 640 442 682 terra!

218 707 315 747 Ant.
346 705 435 757 Ipsi
463 704 545 746 soli
572 716 700 746 servo
728 703 877 753 fidem,
904 703 988 756 ipsi

163 773 233 803 me
250 766 347 803 tota
366 760 600 803 devotis'me
620 762 858 802 committo.

218 824 268 872 V.
304 826 542 879 Adiuvabit
579 838 675 867 eam
710 826 831 867 Deus
866 825 989 866 vultu

163 896 254 924 suo.
294 883 343 923 R.
369 883 492 924 Deus
519 882 562 923 in
589 880 734 923 medio
764 882 873 934 ejus,
901 894 989 923 non

163 939 519 981 commovebitur.

165 1019 232 1058 Ex
254 1016 367 1059 libro
390 1017 430 1058 S.
453 1016 677 1058 Ambrusii
698 1016 908 1069 Episcopi
934 1015 988 1057 de

446 1072 711 1124 Virginibus.

244 1143 395 1185 Lectio
417 1144 469 1183 iv.
575 1147 655 1181 Lib.
679 1148 704 1181 1.
724 1152 811 1189 post
831 1147 909 1179 init.

174 1211 249 1262 ⁷75³?
280 1207 395 1249 odie
419 1207 575 1249 natalis
602 1212 669 1248 est
692 1207 902 1258 Virginis,
929 1207 988 1248 in-

176 1276 177 1291 *
204 1265 217 1294 ἓ
240 1264 252 1313 ξ
281 1265 283 1314 ζ
312 1264 563 1315 tegritatem
581 1266 826 1316 sequamur.
857 1264 989 1305 Nata-

213 1315 221 1323 *
244 1318 246 1321 ’
281 1315 284 1329 ⁸
312 1319 365 1361 lis
391 1326 457 1362 est
478 1320 699 1372 Martyris,
726 1320 892 1361 hestias
915 1321 989 1362 im-

163 1375 388 1417 molemus.
406 1376 576 1417 Natalis
593 1381 658 1418 est
674 1381 837 1418 sanctae
849 1379 989 1427 Agne-

164 1432 236 1480 tis,
266 1433 476 1473 mirentur
507 1432 604 1481 viri,
636 1445 724 1474 non
756 1432 990 1485 desperent

163 1488 346 1541 parvuli,
366 1492 569 1541 stupeant
588 1494 747 1541 nuptae,
772 1488 990 1531 imitentur

164 1545 369 1597 innuptae.
406 1543 493 1586 Sed
518 1543 622 1597 quid
649 1545 827 1595 dignum
853 1557 903 1586 ea
928 1545 989 1587 lo-

167 1601 241 1652 qui
254 1603 500 1654 pussumus,
520 1602 640 1653 cujus
654 1614 709 1642 ne
725 1614 882 1643 nomen
900 1603 989 1654 qui-

166 1655 267 1698 dem
293 1659 479 1698 vacuum
505 1657 647 1699 laudis
676 1656 763 1699 est?
801 1658 989 1700 Devotio

166 1726 298 1766 supra
325 1715 518 1763 aetatem,
545 1714 682 1755 virtus
712 1727 844 1766 supra
868 1718 989 1756 natu-

165 1782 271 1810 ram:
290 1774 338 1811 ut
356 1769 462 1810 mihi
479 1769 680 1811 videatur
698 1782 787 1811 non
802 1769 990 1812 hominis

164 1824 370 1868 habuisse
413 1839 588 1875 nomen,
642 1825 721 1867 sed
766 1827 990 1868 oraculum

165 1881 386 1934 Martyris,
416 1881 535 1934 quod
558 1881 766 1923 indicavit
794 1882 898 1934 quid
927 1895 989 1924 es-

165 1943 232 1980 set
245 1938 400 1980 futura.
427 1938 601 1980 Nomen
615 1938 819 1989 Virginis,
837 1939 989 1980 titulus

166 1999 233 2036 est
250 1994 443 2047 pudoris.
470 1994 720 2047 Appellabo
738 1994 990 2046 Martyrem:

165 2051 403 2104 praedicavi
431 2051 547 2093 satis.
590 2050 767 2092 Prolixa
794 2050 989 2093 laudatio

166 2112 247 2158 est,
276 2120 375 2160 quae
402 2120 491 2149 non
519 2107 740 2160 quaeritur,
769 2106 847 2148 sed
872 2109 989 2149 tene-

164 2168 246 2205 tur.
291 2164 433 2206 Nemo
462 2169 528 2205 est
554 2163 830 2214 laudabilior,
859 2177 990 2216 quam

167 2220 241 2273 qui
282 2219 337 2262 ab
380 2220 582 2262 Omnibus
624 2218 793 2261 laudari
831 2225 989 2273 potest.

167 2276 284 2326 Quot
306 2276 522 2327 hemines,
548 2281 616 2318 tot
639 2278 887 2329 praecones,
917 2276 990 2328 qui

166 2331 403 2384 Martyrem
447 2332 706 2386 praedicant,
772 2331 876 2374 dum
928 2332 988 2374 lo-

167 2391 367 2439 quuntur.

226 2446 275 2498 R.
285 2444 433 2486 Induit
447 2458 517 2487 me
531 2445 745 2487 Dominus
760 2445 988 2487 vestimen-

167 2504 214 2542 to
247 2500 414 2551 salutis,
457 2506 500 2543 et
537 2500 792 2543 indumento
824 2501 989 2542 laetitiae

168 2555 455 2598 circumdedit
490 2570 574 2599 me:
614 2562 635 2585 *
669 2558 726 2599 Et
766 2563 988 2609 tamquam

168 2625 188 2653 s
223 2624 375 2653 onsam
423 2612 647 2655 decoravit
696 2627 766 2655 me
815 2615 988 2655 coruna.

217 2701 224 2709 .
248 2667 450 2710 Tradidit
481 2670 656 2711 auribus
687 2671 796 2711 meis
830 2669 988 2710 inaesti-

166 2724 349 2767 mabiles
384 2728 659 2777 margaritas,
704 2724 989 2767 circumdedit

1037 313 1107 341 me
1131 301 1412 343 vernantibus
1439 307 1570 354 atque
1597 305 1861 346 coruscanti-

1036 356 1119 398 bus
1138 358 1331 408 gemmis.
1359 358 1415 399 Et
1435 363 1667 412 tamquam.

1351 422 1500 462 Lectio
1523 436 1557 461 v.

1136 483 1202 512 aec
1228 470 1440 512 tredecim
1468 474 1679 513 annorum
1704 475 1862 526 marty-

1142 527 1254 568 rium
1272 527 1428 569 fecisse
1447 527 1645 570 traditur.
1675 530 1771 580 Quo
1792 529 1862 571 de-

1038 583 1282 626 testabilior
1303 583 1551 634 crudelitas,
1574 597 1672 636 quae
1690 599 1770 627 nec
1788 586 1862 627 mi-

1039 639 1234 681 nusculae
1249 641 1449 693 pepercit
1464 641 1596 682 aetati:
1610 642 1697 683 imo
1709 655 1864 694 magna

1039 697 1106 738 vis
1133 695 1253 746 fidei,
1287 709 1385 748 quae
1412 697 1543 738 etiam
1569 697 1623 739 ab
1649 698 1722 739 illa
1745 699 1864 740 testi-

1039 753 1232 794 menium
1259 753 1423 794 invenit
1451 756 1591 795 aetate.
1635 755 1790 796 Fuitne
1821 755 1865 795 in

1039 809 1115 850 illo
1139 809 1402 861 corpusculo
1428 809 1597 851 vulneri
1624 809 1771 852 locus?
1809 812 1866 853 Et

1042 878 1140 917 quae
1165 878 1253 906 non
1277 865 1430 907 habuit
1457 879 1543 918 quo
1571 867 1733 908 ferrum
1761 870 1865 909 reci-

1040 926 1182 974 peret,
1204 922 1356 964 habuit
1375 935 1462 974 quo
1482 923 1643 964 ferrum
1661 926 1866 965 vinceret.

1041 979 1150 1019 Haec
1169 979 1282 1020 inter
1301 981 1502 1020 cruentas
1522 980 1774 1021 carnificum
1792 981 1865 1021 im-

1040 1035 1202 1087 pavida
1241 1048 1411 1084 manus,
1453 1035 1549 1077 haec
1591 1036 1866 1078 stridentium

1040 1091 1246 1142 gravibus
1267 1091 1500 1133 immobilis
1522 1093 1733 1134 tractibus
1754 1099 1866 1134 cate-

1041 1150 1210 1196 narum,
1236 1161 1350 1189 nunc
1373 1148 1554 1190 furentis
1577 1150 1774 1191 mucro'ni
1792 1152 1866 1190 mi-

1041 1204 1128 1245 litis
1163 1210 1306 1246 totum
1343 1205 1500 1246 offerre
1538 1218 1715 1258 corpus,
1756 1207 1868 1248 mori

1043 1260 1186 1302 adhuc
1206 1262 1361 1310 nescia,
1382 1261 1460 1303 sed
1480 1263 1647 1314 parata,
1667 1263 1736 1303 vel
1756 1263 1791 1303 si
1811 1262 1868 1305 ad

1042 1330 1140 1358 aras
1157 1318 1289 1359 invita
1305 1320 1541 1370 raperetur,
1556 1318 1736 1360 tendere
1750 1319 1867 1360 Chri-

1043 1379 1112 1415 sto
1132 1374 1244 1415 inter
1264 1374 1386 1425 ignes
1405 1387 1574 1424 manus,
1594 1380 1726 1427 atque
1744 1376 1787 1416 in
1806 1376 1867 1428 ip-

1044 1430 1103 1470 sis
1128 1430 1350 1481 sacrilegis
1374 1430 1483 1471 focis
1506 1431 1755 1483 trophaeum
1780 1432 1867 1473 Do-

1042 1486 1146 1526 mini
1166 1487 1337 1537 signare
1356 1487 1550 1528 victoris:
1568 1501 1682 1529 nunc
1697 1488 1868 1529 ferratis

1044 1542 1155 1583 colla
1199 1546 1442 1594 manusque
1489 1543 1640 1585 ambas
1677 1545 1868 1586 inserere

1044 1598 1237 1640 nexibus.
1296 1599 1383 1641 Sed
1418 1599 1561 1641 nullus
1598 1605 1687 1641 tam
1722 1601 1869 1642 tenuia

1043 1655 1239 1696 membra
1266 1658 1442 1708 poterat
1469 1669 1607 1697 nexus
1635 1656 1868 1698 includere.

1042 1711 1219 1753 Novum
1245 1712 1442 1764 mart5⁷rii
1469 1725 1616 1763 genus.
1661 1712 1868 1754 Nondum

1042 1767 1201 1809 idenea
1232 1781 1394 1820 poenae,
1428 1773 1471 1810 et
1497 1770 1582 1820 jam
1609 1772 1781 1809 matura
1810 1770 1867 1810 vi-

1044 1825 1211 1866 ctoriae:
1230 1826 1399 1865 certare
1419 1824 1620 1874 difficilis,
1639 1825 1776 1866 facilis
1797 1838 1866 1867 co-

1042 1881 1202 1922 ronari:
1221 1881 1516 1931 magisterium
1530 1881 1702 1922 virtutis
1717 1882 1866 1934 imple-

1042 1938 1119 1987 vit,
1150 1950 1248 1988 quae
1273 1936 1572 1989 praejudicium
1597 1937 1785 1979 vehebat
1812 1951 1866 1979 ae-

1042 1994 1156 2035 tatis.

1099 2050 1149 2101 R.
1171 2049 1259 2091 Mel
1284 2054 1327 2091 et
1348 2049 1417 2090 lac
1441 2062 1495 2091 ex
1516 2049 1605 2101 ejus
1626 2061 1703 2091 ore
1722 2051 1865 2092 susce-

1041 2106 1098 2158 pi,
1126 2108 1147 2130 *
1160 2106 1216 2147 Et
1236 2106 1412 2157 sanguis
1432 2106 1523 2158 ejus
1543 2106 1715 2147 ornavit
1732 2119 1866 2158 genas

1042 2175 1172 2204 meas.
1209 2156 1259 2207 ,V-
1281 2160 1485 2204 Ostendit
1507 2161 1615 2202 mihi
1634 2161 1866 2204 thesauros

1042 2218 1425 2271 incomparabiles,
1455 2231 1565 2271 quos
1592 2218 1697 2260 mihi
1721 2232 1768 2260 se
1795 2219 1865 2261 da-

1042 2277 1189 2316 turum
1207 2275 1468 2328 repromisit.
1495 2275 1563 2316 Et.

1348 2329 1499 2370 Lectio
1520 2328 1573 2367 vi.

1048 2380 1195 2485 Non
1213 2387 1276 2428 sic
1290 2386 1348 2429 ad
1362 2387 1602 2429 thalamum
1618 2391 1754 2439 nupta
1766 2398 1864 2439 pro-

1145 2445 1331 2496 peraret,
1350 2448 1398 2485 ut
1418 2442 1474 2485 ad
1493 2442 1695 2496 supplicii
1709 2442 1865 2489 locum,

1042 2499 1143 2541 laeta
1161 2501 1382 2549 successu,
1406 2499 1546 2550 gradu
1567 2499 1724 2540 festina
1739 2499 1862 2550 virgo

1042 2557 1269 2608 processit.
1304 2556 1430 2597 Flere
1456 2567 1622 2604 omnes,
1650 2555 1747 2608 ipsa
1772 2554 1863 2595 sine

1042 2612 1158 2654 fletu.
1199 2612 1348 2654 Mirari
1375 2612 1590 2665 plerique,
1624 2609 1743 2663 quod
1774 2616 1863 2651 tam

1042 2668 1168 2710 facile
1182 2669 1286 2723 vitae
1302 2681 1393 2709 suae
1407 2667 1602 2720 prodiga,
1618 2679 1748 2720 quam
1761 2677 1862 2706 non-

1042 2723 1147 2766 dum
1160 2724 1374 2774 hauserat,
1392 2725 1477 2776 jam
1496 2723 1619 2775 quasi
1636 2722 1864 2775 perfuncta
