2040 2990
542 202 594 236 26.
619 202 854 250 Decembris.
903 201 938 236 S.
964 202 1150 245 Stephani
1176 203 1486 247 Protomartyris,

163 299 379 340 taverunt:
402 298 536 339 hedie
555 297 825 350 Stephanum
844 297 993 337 laetan-

163 361 232 398 tes
275 355 321 396 in
367 367 494 395 suum
535 353 807 395 consortium
847 365 992 394 susce—

163 414 333 465 perunt.
386 411 495 452 Heri
523 410 738 451 Deminus
772 409 907 450 exivit
937 408 992 450 de

163 471 289 510 utero
308 467 520 518 Virginis:
544 465 677 508 hodie
700 465 826 507 miles
851 467 993 515 egres-

163 537 238 565 sus
264 528 332 565 est
357 523 413 565 de
438 522 661 575 ergastulo
687 521 842 563 carnis.
884 522 994 563 Heri

164 580 363 621 Christus
390 592 473 632 pro
500 579 628 620 nobis
659 577 815 630 pannis
842 582 909 618 est
933 578 993 618 in-

162 636 355 677 volutus:
383 635 515 677 hodie
531 633 779 687 Stephanus
795 633 911 674 stola
926 638 994 675 est

163 692 218 733 ab
248 705 301 733 eo
329 691 625 733 imortalitatis
652 689 843 731 indutus.
885 690 994 731 Heri

161 748 376 801 praesepis
395 747 597 798 angustia
612 746 833 788 Christum
847 747 994 798 porta-

162 804 225 845 vit
268 804 500 845 infantem:
543 802 677 844 hedie
722 802 993 843 immensitas

163 860 264 901 coeli
303 860 498 912 suscepit
534 859 805 911 Stephanum
846 859 993 899 trium-

160 916 382 968 phantem.
419 915 548 957 Solus
572 915 789 956 Dominus
816 914 993 955 descen-

162 971 242 1022 dit,
263 976 313 1013 ut
331 971 494 1013 multos
513 971 724 1013 elevaret:
746 970 994 1012 humiliavit

161 1041 208 1069 se
227 1029 326 1069 Rex
343 1033 513 1078 noster,
539 1032 589 1069 ut
613 1040 718 1069 suos
741 1026 903 1068 milites
923 1039 993 1068 ex-

161 1084 329 1126 altaret.

209 1154 261 1206 R.
278 1153 500 1205 Impetum
518 1153 716 1195 fecerunt
733 1153 993 1195 unanimiter

159 1208 203 1249 in
224 1221 338 1260 eum,
363 1214 407 1251 et
431 1210 652 1261 ejecerunt
676 1223 776 1252 eum
795 1215 920 1252 extra
937 1210 991 1251 ci-

160 1265 358 1315 vitatem,
384 1265 663 1307 invocantem
690 1271 734 1307 et
758 1266 992 1307 dicentem:

156 1321 180 1346 *
215 1321 407 1363 Demine
444 1322 563 1372 Jesu,
601 1323 752 1375 accipe
789 1322 992 1374 spiritum

158 1390 315 1418 meum.
359 1375 408 1425 V.
441 1378 499 1419 Et
525 1383 662 1420 testes
692 1378 993 1430 deposuerunt

159 1434 421 1475 vestimenta
455 1446 534 1474 sua
567 1446 695 1475 secus
723 1433 861 1486 pedes
887 1433 990 1475 ado-

159 1488 377 1539 lescentis,
398 1490 472 1541 qui
491 1489 733 1531 vocabatur
751 1490 923 1531 Saulus:
947 1495 992 1531 et

158 1544 416 1598 lapidabant
427 1546 697 1598 Stephanum
711 1547 990 1588 invocantem

160 1605 204 1642 et
222 1600 450 1643 dicentem.
480 1602 680 1643 Domine.

457 1688 611 1729 Lectio
633 1689 686 1729 vi.

255 1757 522 1798 ecessarium
562 1761 709 1799 tamen
748 1757 877 1798 nobis
912 1762 990 1807 est,

264 1813 437 1864 fratres,
465 1815 721 1864 agnescere,
749 1813 907 1865 quibus
927 1826 990 1854 ar-

159 1869 242 1910 mis
276 1871 542 1922 praeeinctus
579 1869 828 1921 Stephanus
867 1872 990 1910 saevi-

159 1925 266 1966 tiam
294 1924 550 1967 Judaeorum
586 1925 732 1977 petuit
769 1927 990 1977 superare,

159 1985 207 2027 ut
249 1981 310 2022 ita
349 1983 583 2022 meruisset
620 1981 805 2022 feliciter
840 1981 989 2021 trium-

158 2036 306 2089 phare.
334 2037 581 2090 Stephanus
602 2050 718 2088 ergo,
737 2041 787 2077 ut
802 2037 989 2078 nominis

159 2093 226 2134 sui
263 2095 472 2134 coronam
508 2095 740 2135 meruisset
777 2095 989 2145 accipere,

160 2149 388 2190 caritatem
419 2162 502 2201 pro
536 2149 667 2190 armis
699 2148 908 2198 habebat,
946 2153 990 2190 et

159 2218 239 2257 per
273 2205 415 2258 ipsam
447 2205 610 2257 ubique
643 2205 855 2246 vincebat.
905 2205 990 2245 Per

160 2261 388 2302 caritatem
408 2261 502 2310 Dei,
523 2261 805 2302 saevientibus
824 2259 989 2301 Judaeis

159 2329 247 2357 non
271 2317 418 2358 cessit:
442 2330 522 2370 per
547 2317 777 2358 caritatem
800 2316 989 2369 proximi

159 2385 242 2424 pro
270 2372 571 2425 lapidantibus
603 2373 860 2414 intercessit.
904 2372 990 2412 Per

160 2429 387 2470 caritatem
433 2428 645 2480 arguebat
681 2430 894 2476 errantes,
940 2432 989 2467 ut

161 2484 494 2535 corrigerentur:
531 2498 611 2537 per
642 2485 870 2526 caritatem
906 2495 987 2535 pro

160 2538 459 2591 lapidantibus
491 2540 663 2590 orabat,
697 2553 752 2581 ne
788 2539 988 2592 puniren-

161 2599 242 2635 tur.
275 2594 478 2637 Caritatis
500 2597 659 2638 virtute
679 2596 905 2643 subnixus,
928 2596 988 2634 vi-

162 2650 220 2690 cit
247 2650 425 2691 Saulum
451 2651 687 2693 crudeliter
719 2652 988 2692 saevientem.

162 2711 205 2746 et
226 2718 357 2757 quem
375 2706 527 2748 habuit
545 2708 589 2748 in
603 2713 721 2749 terra
735 2707 1002 2759 persecute-

1046 308 1157 393 rgirn,
1184 296 1228 336 in
1258 297 1373 338 coelo
1399 299 1558 340 meruit
1585 299 1748 342 habere
1776 314 1876 343 con-

1046 364 1067 391 s
1141 365 1221 393 em.

1096 420 1148 471 R.
1177 418 1307 470 Impii
1330 431 1463 470 super
1487 419 1646 470 justum
1665 422 1876 472 jacturam

1045 474 1257 524 fecerunt,
1283 479 1331 515 ut
1357 487 1458 516 eum
1482 477 1613 517 morti
1636 477 1876 519 traderent:

1044 531 1067 555 *
1090 530 1151 571 At
1170 530 1244 571 ille
1262 530 1459 582 gaudens
1481 533 1673 585 suscepit
1692 533 1875 586 lapides,

1047 591 1095 627 ut
1139 588 1381 628 mereretur
1426 590 1626 640 accipere
1667 591 1876 630 coronam

1046 643 1211 693 gloriae.
1243 639 1291 690 V.
1320 643 1637 686 Continuerunt
1657 657 1784 686 aures
1808 659 1874 686 su-

1047 711 1105 750 as,
1123 703 1166 740 et
1179 701 1393 751 nnpetum
1405 700 1603 741 fecerunt
1617 702 1875 743 unanimiter

1046 755 1089 796 in
1109 767 1219 796 eum.
1247 755 1318 796 At.
1351 756 1502 797 Gldria
1520 757 1650 798 Patri.
1678 758 1749 798 At.

1255 844 1305 883 In
1332 844 1402 883 III.
1431 843 1654 882 Nocturno.

1049 911 1203 952 Lectio
1230 912 1370 952 sancti
1389 911 1616 963 Evangelii
1635 912 1875 953 secundum

1326 967 1595 1010 Matthaeum.

1146 1033 1299 1074 Lectio
1320 1034 1388 1073 vii.
1531 1033 1634 1086 Cap.
1649 1035 1713 1073 23.
1730 1033 1768 1073 d.

1044 1088 1122 1194 In
1158 1093 1234 1134 illo
1272 1096 1487 1146 tempore:
1524 1094 1712 1136 Dicebat
1748 1090 1874 1134 Jesus

1113 1149 1268 1191 scribis
1297 1155 1341 1191 et
1367 1149 1611 1202 pharisaeis:
1645 1151 1761 1192 Ecce
1792 1161 1874 1200 ego

1045 1205 1172 1246 mitto
1192 1205 1249 1247 ad
1269 1219 1348 1247 vos
1368 1207 1621 1259 prophetas,
1642 1211 1685 1248 et
1705 1206 1874 1259 sapien-

1044 1266 1124 1310 tes,
1145 1266 1188 1302 et
1205 1262 1387 1304 scribas:
1410 1268 1453 1305 et
1473 1276 1526 1304 ex
1546 1263 1632 1303 illis
1653 1262 1875 1310 occidetis,

1046 1321 1090 1358 et
1109 1318 1384 1369 crucifigetis.
1415 1320 1471 1361 Et
1490 1319 1668 1370 reliqua.

1136 1397 1328 1438 Homilia
1359 1397 1498 1438 sancti
1525 1396 1782 1447 Hieronymi

1330 1452 1592 1504 Presbyteri.

1043 1519 1124 1553 Lib.
1148 1520 1178 1552 4.
1204 1518 1414 1553 Comment.
1443 1519 1481 1553 in
1507 1529 1588 1562 cip
1612 1518 1664 1551 2Ἃῖ
1690 1518 1871 1551 Mattha.i

1055 1594 1140 1619 s
1160 1591 1232 1630 gioc
1278 1578 1398 1630 quod
1442 1581 1571 1619 antea
1611 1577 1875 1619 dixeramus:

1048 1646 1062 1672 ι·
1078 1653 1135 1671 »ι
1160 1631 1171 1665 ³*
1195 1634 1381 1687 Implete
1417 1637 1666 1676 mensuram
1699 1639 1874 1686 patrum

1057 1692 1059 1699 '
1159 1711 1170 1713 ⁴
1195 1692 1457 1740 vestr6rum;
1477 1690 1534 1731 ad
1548 1692 1782 1743 personam
1794 1690 1875 1730 Do-

1043 1748 1149 1788 mini
1173 1747 1410 1800 pertinere‚
1446 1759 1499 1787 eo
1528 1745 1648 1798 quod
1674 1745 1872 1787 occiden-

1045 1803 1126 1845 dus
1146 1808 1264 1845 esset
1287 1802 1341 1843 ab
1362 1802 1435 1851 eis,
1454 1806 1602 1853 potest
1619 1806 1662 1842 et
1677 1801 1733 1842 ad
1749 1800 1872 1842 disci-

1045 1859 1176 1912 pulos
1197 1860 1286 1910 ejus
1305 1858 1472 1906 referri,
1498 1856 1553 1898 de
1578 1856 1735 1908 quibus
1758 1870 1872 1897 nunc

1044 1915 1165 1957 dicit:
1188 1915 1304 1955 Ecce
1330 1925 1412 1964 ego
1437 1913 1564 1954 mitto
1589 1912 1646 1953 ad
1669 1925 1747 1953 vos
1772 1925 1870 1964 pro-

1043 1971 1216 2023 phetas,
1257 1975 1300 2011 et
1332 1969 1570 2022 sapientes,
1611 1972 1655 2009 et
1694 1968 1871 2009 scribas.

1043 2027 1269 2079 Simalque
1299 2025 1502 2074 observa,
1531 2025 1650 2076 juxta
1677 2023 1870 2076 Aposto-

1042 2083 1131 2123 lum
1152 2081 1416 2124 scribentem
1435 2080 1492 2122 ad
1512 2079 1781 2129 Corinthios,
1799 2081 1870 2120 va-

1042 2139 1107 2179 ria
1134 2151 1231 2180 esse
1259 2137 1375 2179 dona
1407 2136 1723 2189 discipulorum
1752 2135 1869 2176 Chri-

1043 2194 1113 2235 sti:
1148 2194 1258 2235 alios
1290 2192 1548 2246 prophetas,
1585 2192 1659 2243 qui
1687 2194 1870 2232 ventura

1041 2250 1299 2302 praedicent:
1319 2249 1428 2290 alios
1449 2248 1683 2301 sapienteS,
1704 2247 1777 2299 qui
1795 2259 1869 2286 no-

1042 2308 1199 2347 verunt
1234 2305 1410 2357 quando
1449 2304 1637 2346 debeant
1672 2302 1870 2355 proferre

1042 2363 1303 2403 sermonem:
1341 2360 1451 2401 alios
1488 2359 1656 2400 scribas
1692 2359 1736 2398 in
1772 2358 1868 2408 lege

1043 2417 1340 2466 doctissimos,
1375 2430 1429 2457 ex
1463 2415 1621 2468 quibus
1648 2413 1868 2466 lapidatus

1043 2478 1110 2515 est
1124 2473 1382 2526 Stephanus,
1397 2471 1559 2512 Paulus
1575 2472 1757 2518 occisus,
1777 2482 1867 2510 cru-

1042 2530 1198 2570 cifixus
1211 2530 1378 2577 Petrus,
1398 2526 1634 2578 flagellati
1623 2539 1668 2565 m
1682 2501 1866 2566 Ae'tibus

1041 2585 1359 2638 Apostolorum
1379 2582 1593 2635 discipuli.

1095 2647 1146 2698 R:
1169 2648 1417 2700 Stephanus
1442 2658 1593 2687 servus
1612 2644 1709 2692 Dei,
1737 2654 1866 2693 quem

1041 2704 1297 2756 lapidabant
1306 2703 1331 2744 J
1332 2702 1458 2751 udael
1469 2701 1577 2742 vidit
1592 2699 1728 2740 coelos
1742 2698 1864 2749 aper-
