2040 2990
735 406 889 455 PIUS
921 407 1285 457 EPISCOPUS

531 500 837 547 SERVUS
877 501 1318 549 SERVORUM
1361 503 1497 548 DEI

699 576 749 601 AD
776 577 1006 602 PERPETl‘AM
1033 577 1092 603 [ti-:1
1119 578 1328 603 ,ΧΗΓᾼΙΗΙΗΜΙ4

317 734 337 748 21
351 721 408 748 uod
440 729 455 748 a
481 721 568 749 Nobis
594 722 716 756 postulat
742 722 813 749 ratio
840 723 987 757 pastoralis

235 788 245 796 ,
293 778 298 788 -.
325 782 327 786 .
363 759 464 793 officii,
490 760 518 786 in
542 768 603 787 eam
627 768 721 788 curam
748 762 933 788 incumbimus
956 766 987 789 ut

184 798 186 807 ’
212 779 292 833 Vq,
331 803 334 823 1
362 806 466 832 omnes,
485 803 619 833 quantum
639 800 700 827 Deo
718 801 843 834 adjutore
862 801 921 827 fieri
940 809 987 835 po-

264 857 270 867 ,
311 860 313 862 .
332 848 334 871 1
364 837 440 871 terit,
465 838 536 865 sacri
559 838 715 866 Tridentini
739 840 854 866 Concilii
877 841 988 867 decreta

303 887 306 890 ·
331 880 334 883 ’
363 881 562 910 exsequantur3
581 884 613 903 ae
631 878 718 905 multo
737 878 766 905 id
783 878 865 905 etiam
885 879 988 913 impen-

168 912 227 939 sius
246 913 403 941 faciendum
419 915 608 950 intelligimus,
631 924 694 943 cum
717 924 749 943 ea
767 925 831 951 quae
850 918 879 944 in
897 926 988 945 mores

169 951 324 979 inducenda
346 957 423 987 sunt,
446 955 566 981 maxime
584 954 637 982 Dei
659 956 787 990 gloriam,
810 965 842 983 ac
863 957 987 984 debitum

169 990 423 1020 Ecclesiasticarum
432 1001 615 1029 personarum
628 995 750 1022 officium
760 996 988 1030 complectuntur.

168 1029 231 1062 Quo
253 1030 281 1056 in
303 1038 402 1065 genere
420 1033 610 1060 existimamus
632 1034 660 1060 in
682 1035 780 1068 primis
801 1035 988 1062 numerandas

168 1076 229 1095 esse
250 1077 344 1096 sacras
366 1078 475 1105 preces,
497 1073 605 1106 laudes,
627 1077 655 1100 et
676 1074 779 1107 gratias
802 1074 862 1101 Deo
885 1074 988 1108 persol-

168 1108 285 1141 vendas,
308 1117 371 1143 quae
390 1110 518 1138 Romano
538 1112 681 1139 Breviario
700 1113 882 1140 continentur.
918 1113 987 1146 Quae

168 1146 255 1173 divini
269 1147 360 1175 Officii
374 1149 494 1176 formula
506 1151 551 1184 pie
564 1151 629 1178 olim
643 1159 674 1178 ac
689 1152 828 1186 sapienter
840 1160 856 1179 a
866 1151 988 1179 Summis

165 1185 355 1221 Pontificibus,
378 1189 534 1222 praesertim
554 1189 666 1218 Gelasio
685 1199 717 1217 ac
737 1191 870 1224 Gregorio
890 1191 987 1225 primis

165 1225 323 1259 constituta,
337 1226 498 1261 aGregorio
512 1232 604 1255 autem
619 1230 737 1264 septimo
750 1230 910 1262 reformata,
923 1237 986 1256 cum

166 1263 348 1291 diuturnitate
362 1266 495 1300 temporis
508 1268 544 1294 ab
558 1269 671 1302 antiqua
681 1269 854 1295 institutione
863 1269 987 1295 deflexis-

165 1305 219 1337 set3
237 1304 392 1331 necessaria
406 1305 466 1331 visa
480 1313 525 1332 res
538 1310 588 1340 est,
601 1315 664 1341 quae
679 1308 715 1334 ad
728 1308 874 1342 pristinam
888 1308 987 1334 orandi

165 1342 287 1375 regulam
305 1343 478 1371 conformata
492 1349 677 1373 revocaretur.
709 1346 766 1374 Alii
783 1347 856 1373 enim
875 1347 987 1381 praecla-

165 1387 224 1407 ram
249 1382 351 1408 veteris
375 1382 511 1410 Breviarii
535 1385 773 1419 constitutionem,
803 1386 896 1412 multis
920 1385 987 1412 loeis

166 1419 328 1454 mutilatam,
347 1420 392 1447 alii
406 1421 518 1448 incertis
533 1425 560 1449 et
573 1423 669 1449 alienis
683 1424 851 1458 quibusdam
865 1431 986 1451 commu-

165 1461 264 1492 tatam,
287 1459 492 1487 deformarunt:
513 1461 625 1495 plurimi
647 1463 738 1496 specie
757 1463 849 1490 Officii
867 1471 986 1491 commo-

166 1496 252 1524 dioris
270 1498 367 1531 allecti,
386 1499 422 1525 ad
440 1499 603 1531 brevitatem
622 1502 687 1528 novi
705 1502 849 1535 Breviarii,
867 1511 883 1529 a
901 1503 985 1529 Fran·

166 1535 239 1562 eisco
257 1536 412 1571 Quignonio
434 1537 506 1564 tituli
529 1538 637 1566 Sanctae
660 1540 757 1567 Crucis
779 1541 808 1567 in
829 1541 985 1569 Jerusalem

165 1574 334 1610 Presbytero
352 1576 500 1604 Cardinale
517 1579 671 1612 compositi,
690 1579 879 1613 confugerunt.
912 1581 985 1614 Quin

164 1613 247 1640 etiam
269 1614 298 1640 in
319 1615 477 1649 provincias
499 1617 631 1651 paulatim
657 1618 806 1652 irrepserat
827 1627 915 1654 prava
938 1620 985 1647 illa

164 1654 347 1687 consuetudo,
370 1658 401 1680 ut
418 1655 549 1690 Episcopi
570 1656 600 1683 in
618 1657 747 1684 Ecclesiis
765 1666 828 1692 quae
852 1659 888 1685 ab
906 1659 984 1686 initio

164 1692 347 1719 communiter
365 1700 428 1719 cum
446 1695 544 1721 ceteris
557 1696 645 1722 veteri
659 1696 786 1724 Romano
800 1705 878 1724 more
891 1698 984 1724 Horas

163 1730 309 1757 canonicas
323 1731 414 1758 dicere
432 1740 465 1759 ac
477 1733 595 1768 psallere
609 1736 824 1770 consuevissent,
842 1737 982 1771 privatum

163 1769 217 1796 sibi
235 1770 354 1804 quisque
372 1771 546 1799 Breviarium
564 1773 743 1808 conficerent,
765 1778 792 1802 et
815 1776 889 1802 illam
912 1783 983 1803 com-

164 1808 323 1835 munionem
340 1810 388 1836 uni
407 1810 480 1844 Deo,
501 1819 557 1839 una
579 1815 607 1839 et
627 1813 723 1840 eadem
746 1814 866 1841 formula
886 1822 983 1849 preces

164 1850 192 1875 et
208 1847 305 1874 laudes
322 1849 484 1883 adhibendi,
508 1851 691 1879 dissimillimo
710 1853 782 1879 inter
799 1861 841 1887 se,
863 1861 895 1880 ae
912 1862 983 1888 pene

163 1886 297 1921 cujusque
320 1888 495 1922 episcopatus
521 1890 636 1925 proprio
660 1891 760 1918 Officio
786 1892 982 1927 discerperent.

163 1925 236 1952 Hine
259 1926 305 1952 illa
327 1930 384 1953 tam
407 1928 501 1955 multis
522 1929 551 1955 in
573 1929 641 1956 loeis
659 1930 746 1957 divini
768 1931 858 1958 cultus
875 1936 982 1966 pertur-

163 1964 250 1992 batio:
268 1965 333 1992 hinc
345 1974 453 1993 summa
467 1967 496 1993 in
509 1967 590 1995 Clero
604 1968 739 2002 ignoratio
754 1971 981 1998 caeremoniarum

163 2010 195 2030 ac
211 2003 315 2031 rituum
334 2005 597 2041 Ecclesiasticorum,
616 2012 646 2034 ut
664 2009 877 2036 innumerabiles
891 2010 981 2036 Eccle-

163 2042 267 2069 siarum
285 2043 416 2078 ministri,
438 2045 467 2071 in
485 2054 536 2073 suo
554 2054 669 2074 munere
686 2047 827 2081 indecore,
849 2055 904 2075 non
922 2049 982 2076 sine

163 2088 261 2115 magna
278 2082 389 2116 piorum
408 2084 567 2119 offensione,
586 2090 771 2114 versarentur.
806 2088 886 2114 Hanc
903 2088 981 2115 nimi-

162 2126 225 2146 rum
252 2121 350 2147 orandi
378 2122 540 2150 varietatem
566 2125 728 2158 gravissime
756 2126 862 2160 ferens,
895 2126 981 2154 felicis

163 2160 303 2186 memoriae
321 2161 426 2188 Paulus
440 2162 517 2197 Papa
535 2167 652 2197 quartus
669 2165 817 2191 emendare
834 2165 981 2192 constitue-

162 2201 213 2224 rat.
245 2198 343 2232 Itaque
356 2201 515 2234 provisione
529 2202 660 2236 adhibita,
679 2211 714 2230 ne
727 2203 783 2230 ulla
795 2204 824 2230 in
838 2207 980 2238 posterum

162 2237 227 2264 novi
240 2237 376 2265 Breviarii
390 2239 498 2267 licentia
513 2242 726 2276 permitteretur,
744 2246 830 2269 totam
845 2243 980 2270 rationem

163 2275 272 2302 dicendi
290 2284 322 2303 ac
339 2277 474 2311 psallendi
491 2280 583 2307 Horas
601 2281 754 2308 Canonicas
779 2282 814 2308 ad
831 2282 980 2316 pristinum

163 2321 268 2341 morem
291 2319 319 2342 et
336 2315 491 2344 institutum
510 2319 688 2352 redigendam
707 2321 834 2355 suscepit.
870 2320 924 2347 Sed
947 2329 980 2348 eo

162 2357 270 2387 postea,
293 2355 417 2382 nondum
439 2356 473 2383 iis
490 2365 554 2391 quae
571 2359 678 2392 egregie
695 2360 873 2386 inchoaverat
890 2359 979 2394 perfe-

162 2392 225 2425 ctis,
248 2393 283 2419 de
305 2394 362 2420 vita
384 2394 545 2429 decedente,
569 2405 630 2423 cum
654 2406 670 2424 a
693 2398 747 2432 piae
769 2398 910 2425 memoriae
927 2398 980 2426 Pio

162 2430 239 2465 Papa
263 2436 362 2466 quarto
386 2433 580 2462 Tridentinum
604 2436 769 2470 Concilium,
798 2441 878 2464 antea
902 2437 979 2464 varie

162 2469 357 2505 intermissum,
375 2476 534 2500 revocatum
549 2478 629 2508 esset,
648 2475 746 2502 Patres
762 2476 789 2502 in
805 2475 850 2502 illa
864 2476 979 2502 salutari

161 2507 358 2537 reformatione
375 2512 409 2537 ab
428 2512 525 2539 eodem
544 2513 666 2540 Concilio
683 2514 844 2548 constituta,
867 2514 978 2541 Brevia-

161 2547 232 2574 rium
255 2555 288 2574 ex
307 2549 394 2583 ipsius
412 2551 491 2577 Pauli
510 2552 594 2586 Papae
616 2553 723 2580 ratione
741 2554 886 2580 restituere
907 2554 977 2587 cogi-

161 2588 262 2613 tarunt.
297 2587 395 2622 Itaque
409 2590 546 2624 quidquid
567 2591 603 2617 ab
625 2599 657 2618 eo
681 2591 710 2618 in
728 2600 806 2619 sacro
825 2599 908 2626 opere
925 2592 978 2619 col-

160 2623 268 2658 lectum,
286 2626 513 2662 elaboratumque
526 2629 625 2662 fuerat,
643 2630 757 2658 Concilii
772 2631 903 2658 Patribus
917 2631 978 2657 Tri-

161 2663 274 2691 dentum
292 2673 308 2691 a
322 2666 456 2699 praedicto
469 2667 521 2694 Pio
535 2668 612 2702 Papa
630 2669 745 2695 missum
763 2673 812 2696 est.
845 2670 899 2697 Ubi
914 2677 978 2696 cnm

161 2702 248 2729 doctis
262 2704 426 2737 quibusdam
443 2709 470 2732 et
482 2706 535 2740 piis
548 2707 616 2733 viris
630 2715 646 2734 a
659 2708 781 2735 Concilio
795 2708 890 2734 datum
905 2706 977 2735 esset

160 2742 313 2776 negotium,
339 2747 370 2771 ut
393 2744 429 2771 ad
452 2745 587 2779 reliquam
611 2746 817 2780 cogitationem,
840 2746 975 2774 Breviarii

990 2852 1012 2880 5

1038 730 1150 756 quoque
1164 730 1260 750 curam
1275 723 1462 758 adjungerent,
1480 724 1600 750 instante
1619 724 1672 756 iam
1687 724 1860 751 conclusione

1039 761 1167 795 Concilii,
1191 765 1250 789 tota
1273 771 1317 789 res
1337 764 1371 790 ad
1390 764 1582 790 auctoritatem
1602 763 1786 797 judiciumque
1806 764 1860 790 Ro—

1039 801 1114 827 mani
1137 801 1280 828 Pontificis
1302 810 1336 828 ex
1358 803 1469 829 decreto
1492 802 1613 836 ejusdem
1637 802 1751 828 Concilii
1775 802 1860 828 relata

1039 843 1093 867 est:
1116 840 1164 874 qui
1188 839 1241 866 illis
1265 841 1333 875 ipsis
1351 841 1483 868 Patribus
1507 841 1542 867 ad
1565 841 1593 867 id
1616 849 1717 867 munus
1740 841 1860 874 delectis,

1040 879 1159 906 Romam
1178 880 1295 913 vocatis,
1313 880 1507 914 nonnullisque
1525 880 1553 906 in
1572 881 1649 907 Urbe
1668 880 1774 906 idoneis
1793 879 1860 905 viris

1039 918 1075 944 ad
1093 926 1156 945 eum
1174 927 1319 946 numerum
1339 919 1482 953 adjunctis,
1500 927 1558 945 rem
1572 918 1768 953 perficiendam
1783 926 1859 944 cura—

1039 957 1087 984 vit.
1118 958 1222 985 Verum
1241 966 1274 985 eo
1288 958 1371 985 etiam
1385 958 1459 984 viam
1473 958 1610 984 universae
1624 957 1714 984 carnis
1728 957 1858 990 ingresso,

1039 997 1105 1030 Nos,
1123 997 1161 1023 ita
1180 997 1274 1023 divina
1291 997 1455 1031 disponente
1473 997 1625 1030 clementia,
1640 997 1706 1022 -licet
1720 996 1858 1022 immerito

1040 1036 1074 1062 ad
1089 1035 1270 1069 Apostolatus
1288 1036 1394 1070 apicem
1412 1036 1555 1070 assumpti,
1574 1044 1636 1062 cum
1652 1042 1761 1061 sacrum
1780 1043 1858 1068 opus,

1039 1075 1170 1101 adhibitis
1188 1075 1270 1101 etiam
1290 1075 1326 1102 ad
1344 1075 1373 1101 id
1391 1075 1452 1101 aliis
1470 1075 1566 1109 peritis
1582 1075 1657 1107 viris,
1677 1074 1795 1100 maxime
1814 1081 1857 1099 ur-

1038 1121 1177 1147 geremuS,
1201 1122 1298 1147 magna
1326 1115 1354 1140 in
1378 1122 1428 1140 nos
1451 1114 1504 1140 Dei
1525 1114 1692 1147 benignitate
1718 1113 1768 1145 (sic
1784 1113 1857 1138 enim

1039 1153 1198 1186 accipimus)
1215 1153 1371 1179 Romanum
1386 1153 1438 1179 hoc
1452 1153 1625 1179 Breviarium
1640 1152 1760 1177 vidimus
1779 1152 1856 1177 abso-

1038 1192 1134 1218 lutum.
1166 1191 1250 1225 Cujus
1264 1192 1371 1218 ratione
1385 1191 1581 1226 dispositionis,
1599 1192 1635 1217 ab
1649 1190 1701 1217 illis
1715 1190 1790 1224 ipsis,
1809 1190 1857 1223 qui

1038 1230 1147 1264 negotio
1165 1231 1307 1264 praepositi
1326 1231 1448 1264 fuerant,
1470 1238 1527 1257 non
1549 1230 1632 1256 semel
1651 1229 1771 1262 cognita,
1793 1236 1855 1254 cum

1038 1269 1250 1303 intelligeremus
1263 1277 1311 1296 eos
1325 1270 1353 1295 in
1367 1269 1407 1296 rei
1420 1269 1591 1296 confectione
1606 1269 1641 1294 ab
1656 1268 1776 1301 antiquis
1791 1268 1855 1294 Bre—

1038 1308 1133 1334 viariis
1151 1308 1285 1335 nobilium
1300 1308 1385 1336 Urbis
1403 1309 1596 1341 Ecclesiamm,
1614 1315 1646 1334 ae
1659 1308 1768 1335 Nostrae
1780 1306 1855 1333 Vati-

1038 1355 1114 1374 canae
1137 1347 1322 1381 bibliothecae,
1345 1356 1401 1374 non
1418 1348 1588 1380 discessisse,
1612 1353 1763 1380 gravesque
1786 1352 1854 1379 prae-

1038 1390 1113 1413 terea
1136 1387 1241 1420 aliquot
1263 1394 1296 1413 eo
1318 1387 1346 1412 in
1369 1394 1467 1421 genere
1489 1386 1637 1420 scriptores
1660 1388 1768 1411 secutos
1786 1392 1854 1416 esse,

1038 1433 1070 1451 ac
1088 1425 1187 1452 deinde
1205 1426 1319 1452 remotis
1341 1426 1375 1452 iis
1396 1433 1459 1459 quae
1477 1425 1565 1451 aliena
1588 1428 1615 1450 et
1633 1425 1737 1450 incerta
1755 1426 1854 1455 essent,

1038 1465 1071 1491 de
1085 1464 1197 1498 propria
1207 1472 1315 1491 summa
1324 1465 1426 1491 veteris
1435 1464 1521 1491 divini
1532 1463 1623 1490 Officii
1636 1463 1703 1489 nihil
1717 1462 1854 1489 omisisse:

1037 1511 1107 1538 opus
1125 1503 1313 1537 probavimus,
1331 1507 1359 1530 et
1372 1503 1470 1530 Romae
1487 1502 1616 1537 imprimi,
1634 1502 1854 1535 impressumque

1037 1542 1173 1576 divulgari
1195 1542 1331 1576 jussimus.
1373 1543 1470 1576 Itaque
1495 1545 1526 1568 ut
1549 1541 1635 1567 divini
1659 1541 1740 1574 hujus
1763 1539 1854 1573 operis

1036 1581 1150 1608 effectus
1168 1589 1198 1607 re
1212 1582 1273 1616 ipsa
1286 1585 1479 1616 consequatur,
1497 1581 1660 1608 auctoritate
1675 1578 1853 1613 praesentium

1036 1620 1157 1646 tollimus
1178 1620 1207 1646 in
1224 1620 1321 1654 primis
1344 1624 1371 1646 et
1394 1620 1535 1646 abolemus
1555 1619 1728 1646 Breviarium
1750 1625 1853 1644 novum

1036 1667 1052 1686 a
1070 1659 1217 1686 Francisco
1234 1659 1381 1686 Cardinale
1398 1659 1532 1693 praedicto
1551 1658 1668 1691 editum,
1690 1661 1717 1683 et
1741 1656 1769 1682 in
1787 1663 1853 1700 qua-

1035 1706 1154 1732 cumque
1167 1698 1297 1731 Ecclesia,
1315 1698 1491 1731 Monasterio,
1509 1698 1662 1730 Conventu,
1680 1696 1791 1727 Ordine,
1805 1695 1852 1720 M1-

1034 1737 1105 1770 litia,
1128 1740 1155 1764 et
1173 1737 1233 1764 loco
1251 1737 1375 1764 virorum
1393 1740 1421 1763 et
1438 1737 1596 1769 mulierum,
1614 1736 1697 1763 etiam
1715 1737 1851 1768 exempto,

1035 1779 1092 1803 tam
1111 1784 1127 1802 a
1140 1776 1274 1811 primaeva
1288 1776 1460 1803 institutione
1474 1783 1558 1810 quam
1572 1775 1652 1802 aliter
1669 1775 1704 1800 ab
1722 1774 1774 1800 hac
1788 1773 1853 1799 sede

1034 1815 1213 1850 permissum=
1242 1815 1284 1842 Ac
1313 1815 1395 1842 etiam
1424 1815 1566 1842 abolemus
1589 1820 1771 1848 quaecumque
1799 1811 1852 1839 alia

1034 1854 1185 1886 Breviaria,
1204 1854 1248 1881 vel
1266 1854 1436 1888 antiquiora,
1454 1854 1498 1880 vel
1516 1853 1615 1888 quovis
1633 1852 1776 1887 privilegio
1795 1859 1853 1878 mu-

1034 1894 1100 1927 nita,
1118 1894 1161 1919 vel
1175 1894 1211 1920 ab
1224 1894 1368 1928 Episcopis
1382 1893 1411 1919 in
1424 1893 1482 1920 suis
1496 1892 1670 1919 Dioecesibus
1683 1891 1852 1926 pervulgata,

1034 1940 1200 1966 omnemque
1221 1932 1331 1959 illorum
1354 1940 1435 1959 usum
1459 1932 1494 1958 de
1515 1931 1644 1959 omnibus
1668 1930 1744 1956 orbis
1762 1929 1851 1956 Eccle-

1033 1972 1090 2005 siis,
1108 1971 1291 2005 Monasteriis,
1309 1971 1507 2004 Conventibus,
1521 1969 1634 2003 Militiis,
1648 1969 1806 2001 Ordinibus,
1825 1971 1852 1994 et

1032 2011 1100 2038 locis
1109 2011 1233 2037 virorum
1248 2014 1274 2037 et
1288 2010 1442 2044 mulierum,
1456 2010 1539 2036 etiam
1553 2008 1695 2042 exemptis,
1708 2008 1737 2033 in
1750 2007 1852 2040 quibus

1033 2050 1101 2077 alias
1120 2049 1249 2076 officium
1269 2049 1392 2076 divinum
1411 2049 1546 2076 Romanae
1568 2047 1698 2074 Ecclesiae
1719 2046 1775 2073 ritu
1797 2046 1851 2073 dici

1033 2089 1188 2122 consuevit,
1210 2092 1258 2115 aut
1276 2089 1371 2115 debet:
1394 2088 1448 2115 illis
1466 2091 1557 2114 tamen
1575 2085 1708 2120 exceptis,
1730 2093 1793 2118 quae
1815 2085 1851 2111 ab

1033 2128 1092 2162 ipsa
1106 2127 1196 2162 prima
1209 2127 1388 2161 institutione,
1402 2135 1418 2154 a
1432 2126 1503 2154 Sede
1515 2125 1676 2160 Apostolica
1689 2125 1850 2158 approbata,

1032 2167 1077 2193 vel
1095 2166 1300 2199 consuetudine,
1319 2174 1390 2200 quae,
1408 2165 1451 2192 vel
1470 2165 1530 2199 ipsa
1547 2164 1698 2197 institutio,
1717 2163 1850 2189 ducentos

1033 2213 1120 2233 annos
1144 2205 1301 2239 antecedat,
1324 2205 1385 2232 aliis
1408 2204 1490 2231 certis
1515 2202 1666 2230 Brevian'is
1690 2210 1740 2229 usa
1764 2201 1850 2228 fuisse

1032 2244 1198 2271 constiterit:
1221 2245 1322 2278 quibus
1339 2247 1371 2270 ut
1388 2244 1571 2284 ini-eratum
1595 2242 1663 2269 illud
1680 2242 1723 2275 jus
1741 2240 1849 2285 dicendi

1032 2287 1059 2311 et
1076 2283 1211 2317 psallendi
1229 2291 1310 2310 suum
1328 2282 1458 2310 Officium
1480 2290 1537 2309 non
1555 2281 1714 2315 adimimus,
1737 2281 1777 2307 sic
1798 2287 1848 2306 eis-

1032 2322 1104 2355 dem,
1122 2322 1145 2348 si
1160 2322 1232 2348 forte
1244 2322 1296 2349 hoc
1309 2322 1450 2354 Nostrum,
1469 2321 1545 2355 quod
1559 2320 1643 2347 modo
1656 2319 1848 2354 pervulgatum

1031 2365 1084 2394 est,
1103 2360 1190 2394 magis
1207 2361 1326 2395 placeat,
1350 2360 1501 2387 dummodo
1520 2359 1674 2394 Eplsoopus
1695 2362 1722 2385 et
1739 2357 1848 2384 univer-

1031 2408 1093 2426 sum
1111 2399 1269 2434 Capitulum
1291 2399 1319 2425 in
1342 2407 1374 2426 eo
1397 2399 1582 2431 consentiant,
1605 2401 1637 2424 ut
1658 2397 1687 2424 id
1709 2397 1737 2423 in
1755 2396 1848 2423 Choro

1031 2439 1122 2465 dicere
1135 2442 1162 2465 et
1175 2438 1291 2472 psallere
1303 2438 1418 2473 possint,
1435 2437 1628 2475 permittimus.
1656 2436 1758 2463 Omnes
1771 2442 1847 2468 vero,

1031 2481 1058 2505 et
1074 2485 1263 2511 quascumque
1280 2477 1455 2511 Apostolicas
1473 2480 1500 2503 et
1517 2476 1585 2502 alias
1603 2474 1797 2509 permissiones
1815 2480 1847 2500 ac

1030 2516 1256 2549 consuetudines,
1281 2519 1308 2542 et
1331 2519 1433 2542 statuta
1458 2515 1540 2541 etiam
1563 2515 1726 2549 juramento,
1749 2511 1845 2539 confir-

1030 2555 1150 2582 matione
1168 2554 1336 2588 Apostolica,
1349 2554 1393 2581 vel
1406 2554 1459 2580 alia
1473 2553 1602 2580 firmitate
1613 2552 1726 2585 munita,
1739 2557 1845 2594 necnon

1029 2593 1180 2628 privilegia,
1198 2593 1321 2620 licentias
1338 2597 1366 2620 et
1383 2593 1490 2619 indulta
1508 2592 1639 2626 precandi
1658 2594 1685 2618 et
1702 2588 1844 2624 psallendi,

1030 2636 1087 2659 tam
1104 2633 1132 2658 in
1151 2632 1244 2659 Choro
1261 2639 1345 2666 quam
1363 2636 1441 2658 extra
1459 2631 1549 2664 illum,
1567 2638 1644 2657 more
1662 2634 1689 2656 et
1707 2630 1760 2656 ritu
1779 2628 1844 2654 Bre-

1030 2671 1179 2698 viariorum
1195 2671 1234 2697 sic
1245 2678 1466 2704 suppressorum,
1483 2669 1623 2704 praedictis
1638 2667 1774 2700 Ecclesiis,
1787 2666 1843 2711 Mo-

1029 2710 1170 2743 nasteriis,
1195 2709 1395 2742 Conventibus,
1413 2709 1530 2741 Militiis,
1553 2707 1702 2734 Ordinibus
1723 2709 1752 2732 et
1768 2705 1844 2739 locis,

1029 2755 1135 2776 necnon
1148 2747 1175 2776 S.
1190 2748 1224 2775 R.
1238 2748 1270 2775 Ε.
1288 2747 1490 2780 Cardinalibus,
1507 2746 1683 2779 Patriarehis,
1700 2744 1843 2779 Archiepi-
