2080 2990
670 200 845 235 Officium
872 210 1033 243 parvum
1059 200 1098 233 B.
1124 200 1256 234 Mariae
1281 202 1385 245 Yirg.

475 303 624 344 Lectio
646 304 683 343 ii.

248 359 268 397 t
289 355 353 396 sic
375 356 420 396 in
439 356 544 397 Sion
562 355 735 396 firmata
757 367 863 404 sum,
886 359 931 396 et
952 354 996 395 in

271 412 446 453 civitate
487 411 760 452 sanctificata
800 411 997 451 similiter

169 468 374 520 requievi,
401 473 444 509 et
468 468 512 508 in
531 467 773 508 Jerusalem
796 468 996 519 potestas

168 536 276 564 mea.
317 524 374 564 Et
397 523 591 564 radicavi
614 523 657 563 in
676 523 843 575 populo
862 522 996 563 hono-

168 579 350 625 rificato,
374 584 418 620 et
438 580 482 619 in
506 584 631 631 parte
650 579 734 620 Dei
756 578 842 619 mei
860 578 995 618 haere-

169 634 283 675 ditas
309 635 439 684 illius,
468 640 512 676 et
536 635 580 675 in
605 632 876 687 plenitudine
902 647 994 674 san-

169 693 340 731 ctorum
359 690 554 732 detentio
573 703 681 731 mea.
715 689 778 730 Tu
797 695 953 731 autem.

219 750 269 801 Rz.
302 751 441 792 B'eata
468 763 515 791 es
542 751 681 800 Virgo
709 750 863 798 Maria,
896 762 994 801 quae

168 806 405 847 Dominum
463 807 678 858 portasti,
742 806 995 847 Creatorem

167 861 337 903 mundi:
379 863 401 887 *
445 863 646 904 Genuisti
683 862 757 914 qui
795 866 839 902 te
878 861 994 910 fecit,

128 914 144 919 โต
169 922 212 958 et
249 918 293 958 in
332 921 542 960 aetemum
579 920 811 970 permanes
845 917 995 968 Virgo.

165 971 215 1023 V.
241 974 338 1015 Ave
358 975 505 1023 Maria,
524 974 666 1025 gratia
684 973 825 1026 plena,
845 973 994 1013 Domi-

166 1042 248 1070 nus
266 1034 422 1071 tecum.
451 1030 661 1071 Genuisti.

216 1086 267 1138 V.
296 1090 321 1131 J
323 1090 407 1132 ube
428 1089 588 1132 domne
607 1090 879 1132 benedicere.

216 1152 378 1193 Bened.
432 1152 510 1192 Per
545 1151 772 1201 Virginem
809 1151 995 1192 Matrem

168 1206 382 1249 concedat
412 1207 539 1248 nobis
566 1207 780 1248 Dominus
808 1207 991 1249 salutem

168 1267 211 1304 et
228 1275 394 1315 pacem.
435 1267 486 1317 R.
525 1263 678 1304 Amen.

467 1338 616 1378 Lectio
638 1338 692 1377 iii.

249 1398 345 1438 uasi
364 1398 520 1439 cedrus
540 1397 731 1439 exaltata
750 1410 845 1438 sum
864 1398 907 1438 in
926 1398 993 1438 Li-

268 1453 403 1503 bano,
441 1459 485 1496 et
521 1454 646 1506 quasi
682 1455 915 1506 cypressus
949 1454 992 1494 in

165 1514 315 1551 monte
337 1510 457 1551 Sion:
486 1510 611 1562 quasi
633 1509 778 1562 palma
803 1509 994 1550 exaltata

166 1578 263 1606 sum
290 1565 334 1606 in
362 1565 522 1615 Cades,
553 1571 596 1607 et
625 1565 749 1617 quasi
777 1564 992 1617 plantatio

165 1634 281 1662 rosae
304 1622 349 1662 in
372 1622 396 1663 J
399 1621 559 1663 ericho.
600 1621 734 1672 Quasi
759 1621 874 1662 oliva
898 1633 992 1673 spe-

166 1677 286 1718 ciosa
310 1678 355 1718 in
378 1678 556 1730 campis
582 1682 626 1719 et
646 1677 770 1729 quasi
787 1676 992 1729 platanus

166 1734 358 1776 exaltata
383 1747 480 1775 sum
504 1735 623 1786 juxta
651 1746 809 1785 aquam
835 1733 879 1773 in
903 1732 992 1785 pla-

165 1790 260 1830 teis.
298 1790 419 1831 Sicut
438 1790 775 1838 cinnamomum,ยน
791 1793 834 1829 et
851 1787 991 1830 balsa-

164 1859 285 1886 mum
321 1847 612 1887 aromatizans
654 1844 838 1886 odorem
874 1843 992 1885 dedi:

166 1902 291 1954 quasi
312 1901 489 1954 myrrha
508 1901 656 1950 electa,
682 1899 784 1942 dedi
808 1900 992 1941 suavita-

164 1962 254 1999 tem
274 1957 435 1999 odoris.
467 1958 530 1999 Tu
549 1962 694 1998 autem
713 1957 913 1998 Domine.

218 2021 269 2072 R.
284 2018 408 2059 Felix
426 2030 615 2069 namque
634 2030 692 2066 es,
713 2029 838 2058 sacra
851 2017 991 2068 Virgo

163 2073 312 2124 Maria,
332 2079 377 2116 et
395 2074 513 2115 omni
530 2073 660 2115 laude
680 2072 948 2123 dignissima:
970 2075 991 2097 *

166 2130 278 2179 Quia
306 2143 360 2171 ex
386 2135 431 2171 te
464 2134 587 2171 ortus
616 2133 683 2170 est
711 2129 779 2170 sol
805 2130 992 2180 juststiae,

168 2189 191 2213 *
219 2185 418 2227 Christus
445 2186 566 2227 Deus
602 2190 764 2226 noster.
813 2179 862 2231 V.
904 2185 992 2226 Ora

165 2254 247 2294 pro
279 2242 467 2294 populo,
503 2242 716 2283 interveni
748 2254 830 2294 pro
864 2241 991 2291 clero,

165 2298 388 2339 intercede
398 2311 480 2350 pro
495 2298 657 2340 devoto
670 2298 857 2339 femineo
871 2310 992 2338 sexu:

166 2355 354 2396 sentiant
369 2367 521 2395 omnes
535 2360 659 2396 tuum
673 2354 883 2405 juvamen,
902 2353 991 2405 qui-

167 2414 354 2462 cumque
388 2410 611 2452 celebrant
644 2415 764 2451 tuam
798 2414 992 2450 sanctam

168 2466 639 2507 commemorationem.
680 2466 802 2516 Quia.
845 2465 992 2506 Gloria

166 2521 295 2563 Patri.
331 2521 539 2563 Christus.

432 2598 510 2638 Ad
530 2598 727 2639 Laudes

377 2661 396 2685 e
413 2656 428 2685 t
465 2662 490 2695 p
507 2662 526 2686 e
545 2663 563 2686 r
597 2652 632 2686 H
650 2662 672 2686 o
690 2663 708 2686 r
724 2663 745 2686 a
764 2663 791 2686 s.

223 2697 273 2748 V.
294 2700 416 2743 Deus
433 2702 478 2743 in
496 2702 767 2754 adjutorium.

1104 295 1201 334 Ant.
1228 296 1255 334 1.
1284 296 1521 348 Assumpta
1546 301 1612 337 est
1634 298 1657 324 *
1676 296 1814 337 Maria
1831 297 1875 337 in

1049 350 1223 391 coelum:
1246 350 1437 401 gaudent
1457 352 1623 402 Angeli,
1644 352 1874 394 laudantes

1048 405 1313 447 benedicunt
1330 406 1577 448 Dominum.

1101 463 1168 503 Ps.
1197 462 1410 503 Dominus
1429 464 1636 514 regnavit.
1654 466 1713 505 15.

1101 520 1136 558 2.
1169 519 1307 559 Maria
1334 519 1471 570 Virgo
1503 522 1526 547 *
1554 524 1781 573 assumpta
1809 525 1876 562 est

1049 574 1105 615 ad
1140 574 1379 616 aethereum
1414 575 1672 626 thalamum,
1707 577 1750 617 in
1787 589 1874 628 quo

1050 630 1148 671 Rex
1166 642 1316 681 regum
1335 631 1510 672 stellato
1531 631 1655 673 sedet
1673 632 1796 673 solio.

1060 711 1065 714 ,
1102 686 1138 726 3.
1187 688 1235 726 111
1272 686 1455 727 odorem
1495 689 1519 714 *
1555 691 1875 738 unguentorum

1047 743 1222 782 tuorum
1262 743 1495 783 currimus:
1537 743 1874 784 adolescentulae

1049 797 1294 839 dilexerunt
1312 803 1356 839 te
1375 799 1512 839 nimis.

1102 856 1138 894 4.
1158 853 1398 895 Benedicta
1417 854 1505 895 filia
1524 856 1548 881 *
1562 859 1610 895 tu
1630 867 1652 895 a
1669 855 1875 896 Domino:

1048 910 1151 960 quia
1166 922 1246 962 per
1259 915 1303 951 te
1317 910 1505 951 fructum
1520 911 1622 952 vitae
1640 911 1874 952 communi-

1048 966 1252 1006 cavimus.

1099 1023 1137 1061 5.
1166 1021 1353 1062 Pulchra
1377 1035 1439 1071 eS,
1467 1023 1490 1049 *
1515 1027 1558 1064 et
1581 1022 1758 1072 decora,
1785 1022 1875 1064 filia

1047 1078 1303 1120 Jerusalem:
1330 1078 1536 1120 terribilis
1560 1085 1607 1120 ut
1630 1081 1874 1119 castrorum

1047 1134 1162 1175 acies
1182 1134 1394 1176 ordinata.

1128 1199 1385 1251 Capitulum.
1568 1202 1687 1241 Cant.
1709 1203 1743 1240 6.
1765 1214 1798 1241 c.

1046 1253 1312 1359 Viderunt
1335 1272 1431 1301 eam
1452 1259 1555 1300 filiae
1574 1259 1689 1308 Sion,
1713 1264 1756 1300 et
1774 1259 1873 1300 bea-

1163 1316 1376 1356 tissimam
1417 1316 1786 1368 praedicaverunt,
1830 1321 1873 1356 et

1047 1372 1208 1420 reginae
1227 1370 1514 1413 laudaverunt
1533 1384 1639 1412 eam.

1100 1428 1151 1478 R.
1174 1426 1271 1467 Deo
1291 1428 1463 1477 gratias.

1360 1492 1568 1542 Hymnus.

1201 1552 1393 1603 gloriosa
1411 1553 1636 1604 virginum,

1218 1609 1422 1650 Sublimis
1442 1609 1555 1650 inter
1574 1609 1728 1658 sidera,

1150 1666 1234 1715 Qui
1253 1670 1297 1706 te
1318 1667 1491 1714 creavit,
1510 1665 1742 1717 parvulum

1149 1721 1358 1762 Lactente
1377 1721 1516 1762 nutris
1536 1721 1682 1762 ubere.

1101 1784 1230 1833 Quod
1248 1786 1376 1825 Heva
1395 1785 1531 1826 tristis
1552 1785 1743 1832 abstulit,

1149 1841 1219 1881 Tu
1237 1840 1386 1881 reddis
1407 1840 1522 1881 almo
1541 1841 1748 1890 germine:

1148 1897 1317 1937 Intrent
1335 1901 1383 1937 ut
1402 1901 1520 1936 astra
1540 1895 1719 1946 flebiles,

1151 1952 1261 1993 Coeli
1281 1951 1472 1993 recludis
1492 1951 1704 1993 cardines.

1099 2017 1167 2057 Tu
1184 2017 1299 2067 regis
1319 2016 1395 2058 alti
1413 2017 1550 2068 janua,

1148 2073 1206 2113 Et
1225 2072 1322 2113 aula
1340 2072 1449 2113 lucis
1468 2071 1647 2122 fulgida:

1147 2129 1298 2169 Vitam
1317 2127 1464 2169 datam
1482 2141 1562 2180 per
1580 2128 1806 2179 Virginem

1150 2184 1315 2226 Gentes
1332 2183 1575 2236 redemptae
1594 2183 1801 2236 plaudite.

1100 2250 1212 2298 Jesu,
1231 2248 1312 2290 tibi
1331 2248 1387 2289 sit
1405 2248 1556 2298 gloria,

1148 2306 1234 2356 Qui
1251 2309 1380 2346 natus
1401 2317 1447 2345 es
1467 2304 1522 2345 de
1540 2303 1732 2353 Virgine,

1149 2363 1259 2403 Cum
1276 2361 1419 2410 Patre,
1440 2365 1483 2401 et
1502 2360 1618 2400 almo
1638 2359 1800 2410 Spiritu

1147 2419 1198 2459 In
1217 2417 1485 2469 sempiterna
1503 2414 1674 2456 saecula.

1355 2472 1507 2513 Amen.

1102 2525 1152 2577 V.
1179 2528 1420 2570 Benedicta
1451 2533 1500 2568 tu
1530 2527 1574 2567 in
1605 2525 1868 2567 mulieribus.

1051 2586 1166 2638 R-Et
1175 2584 1433 2627 benedictus
1444 2583 1610 2624 fructus
1621 2580 1784 2623 ventris
1795 2580 1868 2620 tui.

1102 2644 1173 2686 Ad
1189 2643 1350 2686 Bened.
1367 2644 1464 2683 Ant.
1481 2642 1621 2684 Beata
1638 2641 1722 2682 Dei
1741 2639 1867 2680 Geni-

1043 2702 1130 2745 trix
1146 2701 1294 2751 Maria,
1316 2701 1340 2726 *
1358 2700 1496 2751 Virgo
1514 2699 1739 2753 perpetua,
1760 2700 1866 2739 tem-
