2040 2990
186 202 208 236 ss
763 194 958 226 llominica
984 193 1029 226 ud
1055 194 1286 226 Matutinuin.

187 406 391 459 reliquisti
414 406 656 458 quaerentes
675 410 717 445 te
737 403 932 443 Domine.

236 462 409 503 Psallite
434 461 636 507 Domino,
665 460 735 511 qui
764 458 929 499 habitat
953 458 994 498 in

185 519 299 560 Sion:
314 520 336 543 *
353 518 600 559 annuntiate
616 517 725 557 inter
737 516 898 556 Gentes
910 516 994 555 stu-

186 574 256 615 dia
275 575 379 624 ejus:

236 631 448 680 Quoniam
486 631 707 680 requirens
743 627 993 676 sanguinem

185 688 334 728 eorum
366 685 619 727 recordatus
647 690 725 725 est:
756 685 778 707 *
812 695 895 723 non
929 688 994 723 est

184 742 343 783 oblitus
363 742 594 783 clamorem
614 743 862 792 pauperum.

235 798 438 839 Miserere
452 797 533 838 mei
550 796 748 837 Domine:
764 796 786 820 *
807 794 904 836 vide
920 794 992 835 hu-

184 854 406 895 militatem
427 866 565 894 meam
587 852 640 893 de
660 852 840 893 inimicis
859 852 975 892 meis.

235 911 316 959 Qui
336 910 500 951 exaltas
518 922 587 950 me
607 908 661 950 de
680 909 815 961 portis
830 908 992 955 mortis,

184 967 205 990 *
226 972 271 1007 ut
290 966 537 1007 annuntiem
559 978 707 1006 omnes
723 964 991 1006 laudationes

184 1027 279 1063 tuas
299 1023 339 1062 in
360 1023 496 1075 portis
516 1021 614 1062 filiae
633 1021 745 1062 Sion.

235 1078 471 1119 Exsultabo
500 1078 540 1118 in
570 1077 745 1118 salutari
766 1083 854 1118 tuo:
882 1078 904 1101 *
934 1076 990 1116 in-

183 1134 279 1174 fixae
299 1140 397 1175 sunt
416 1135 579 1176 Gentes
597 1134 638 1173 in
659 1133 842 1181 interitu,
864 1146 989 1184 quem

183 1190 383 1231 fecerunt.

230 1246 278 1286 In
301 1246 455 1298 laqueo
475 1247 573 1293 isto,
602 1258 729 1298 quern
754 1244 990 1286 absconde-

180 1307 293 1349 runt,
321 1303 342 1326 *¹
371 1302 707 1354 comprehensus
731 1307 797 1342 est
820 1314 897 1353 pes
921 1302 989 1342 eo-

182 1370 285 1398 rum.

230 1413 525 1464 Cognoscetur
536 1414 747 1455 Dominus
763 1413 916 1465 judicia
932 1414 988 1454 fa-

181 1469 311 1510 ciens:
334 1471 355 1495 *
380 1471 420 1510 in
442 1470 644 1522 operibus
667 1472 870 1510 manuum
896 1472 989 1511 sua-

179 1538 273 1565 rum
292 1526 628 1578 comprehensus
647 1531 712 1567 est
731 1527 947 1578 peccator.

230 1581 544 1623 Convertantur
576 1584 830 1634 peccatores
860 1582 902 1622 in
930 1582 989 1622 in—

180 1637 355 1685 fernum,
375 1638 397 1662 *
417 1651 566 1678 omnes
586 1639 748 1679 Gentes
770 1651 866 1690 quae
886 1638 989 1679 obli-

180 1693 400 1734 viscuntur
419 1694 570 1735 Deum.

231 1749 443 1798 Quoniam
476 1763 560 1791 non
593 1750 634 1790 in
668 1751 795 1792 finem
829 1751 989 1793 oblivio

182 1805 260 1845 erit
292 1806 512 1858 pauperis:
543 1808 566 1831 *
598 1808 804 1859 patientia
831 1811 989 1860 paupe—

184 1873 275 1900 rum
296 1873 379 1902 non
400 1862 556 1913 peribit
576 1863 616 1903 in
637 1863 777 1905 finem.

233 1916 425 1965 Exsurge
445 1918 644 1966 Domine,
672 1933 756 1961 non
778 1921 990 1962 conforte-

182 1976 249 2012 tur
277 1971 421 2013 hom0:
444 1974 465 1998 *
490 1974 728 2023 iudicentur
756 1977 920 2018 Gentes
946 1978 988 2018 in

183 2029 418 2080 conspectu
436 2035 522 2070 tuo.

234 2083 456 2126 Constitue
484 2086 668 2128 Domine
700 2088 988 2139 legislatorem

182 2152 310 2191 super
329 2153 418 2181 eos:
440 2142 463 2166 *
484 2147 530 2182 ut
549 2142 685 2184 sciant
705 2144 866 2186 Gentes
887 2149 989 2198 quo-

183 2195 294 2235 niam
314 2194 507 2238 homines
526 2203 635 2239 sunt.

233 2250 290 2292 Ut
306 2251 408 2303 quid
424 2253 606 2295 Domine
623 2257 835 2297 recessisti
852 2257 989 2308 longe,

182 2306 204 2330 *
233 2306 418 2359 despicis
445 2309 485 2348 in
514 2312 920 2362 opportunitatibus,
947 2315 989 2354 in

183 2361 480 2405 tribulatione?

233 2417 345 2458 Dum
362 2419 553 2471 superbit
568 2422 732 2474 impius,
749 2423 989 2467 incenditur

182 2485 368 2525 pauper:
412 2476 434 2499 *
480 2478 903 2529 comprehenduntur
947 2482 987 2522 in

183 2529 371 2569 consiliis
392 2531 545 2582 quibus
564 2534 765 2582 cogitant.

233 2586 444 2635 Quoniam
483 2587 679 2630 laudatur
712 2594 916 2642 peccator
948 2594 988 2634 in

182 2640 405 2682 desideriis
424 2643 576 2684 animae
595 2657 698 2685 suae:
718 2647 739 2670 *
759 2653 800 2688 et
819 2648 990 2700 iniquus

180 2695 458 2738 benedicitur.

241 298 292 337 Et
323 299 495 347 sperent
527 293 569 333 in
597 298 639 333 te
681 292 750 343 qui
785 291 997 330 noverunt

188 364 340 393 nomen
369 356 507 391 tuum:
534 350 556 373 *
587 348 787 400 quoniam
814 359 898 387 non
927 345 996 386 de-

1102 285 1388 328 Exacerbavit
1399 284 1635 326 Dominum
1647 285 1865 335 peccator,

1047 345 1069 368 *
1090 342 1328 384 secundum
1344 340 1666 382 multitudinem
1680 340 1758 380 irae
1775 352 1865 381 suae

1048 413 1134 440 non
1155 404 1330 451 quaeret.

1098 456 1195 496 Non
1217 460 1282 496 est
1301 455 1420 495 Deus
1439 453 1479 493 in
1501 453 1742 505 conspectu
1759 453 1865 503 ejus:

1046 514 1068 537 *
1084 512 1318 564 inquinatae
1334 515 1434 551 sunt
1452 509 1533 550 viae
1553 508 1665 549 illius
1685 508 1725 549 in
1747 509 1865 550 omni

1046 570 1257 620 tempore.

1098 624 1364 665 Auferuntur
1397 621 1552 672 judicia
1584 627 1659 663 tua
1695 634 1720 662 a
1755 622 1865 664 facie

1046 681 1152 731 ejus:
1184 681 1206 705 *
1239 679 1431 720 omnium
1462 678 1735 719 inimicorum
1767 680 1864 719 suo-

1045 750 1140 778 rum
1161 735 1466 777 dominabitur.

1095 794 1214 834 Dixit
1234 792 1348 834 enim
1371 791 1413 832 in
1434 791 1568 832 corde
1587 804 1686 832 suo:
1713 792 1736 816 *
1763 791 1863 832 Non

1044 849 1254 891 movebor
1280 862 1303 889 a
1327 848 1606 898 generatione
1626 848 1668 888 in
1687 860 1863 898 genera-

1044 906 1205 948 tionem
1225 905 1315 946 sine
1334 904 1461 946 malo.

1095 963 1224 1013 Cujus
1261 960 1566 1002 maledictione
1599 973 1649 1002 os
1686 960 1864 1013 plenum

1044 1025 1124 1064 est.
1145 1024 1187 1060 et
1206 1017 1509 1066 amaritudine,
1529 1022 1572 1059 et
1591 1017 1710 1059 dolo:
1733 1018 1756 1042 ¹⁰¹
1780 1017 1862 1059 sub

1043 1075 1187 1126 lingua
1206 1076 1295 1126 ejus
1314 1074 1438 1116 labor
1458 1079 1501 1115 et
1521 1074 1659 1116 dolor.

1093 1131 1224 1174 Sedet
1256 1132 1298 1172 in
1331 1130 1496 1172 insidiis
1528 1144 1627 1172 cum
1655 1129 1863 1172 divitibus

1043 1188 1083 1228 in
1117 1188 1318 1236 occultis⁷
1351 1188 1373 1213 *
1407 1192 1453 1228 ut
1482 1187 1716 1228 interficiat
1741 1187 1862 1228 inno-

1042 1246 1223 1286 centem.

1094 1301 1220 1344 Oculi
1251 1302 1340 1351 eius
1376 1301 1418 1341 in
1453 1303 1691 1353 pauperem
1728 1302 1862 1354 respi-

1042 1358 1175 1399 ciunt:
1205 1359 1228 1383 ¹⁸¹
1261 1357 1488 1399 insidiatur
1519 1357 1562 1397 in
1589 1355 1862 1406 abscondito,

1043 1416 1165 1467 quasi
1182 1415 1251 1456 leo
1272 1415 1315 1455 in
1334 1414 1543 1467 spelunca
1564 1426 1651 1454 sua.

1092 1471 1326 1513 Insidiatur
1346 1475 1394 1512 ut
1413 1470 1555 1523 rapiat
1575 1469 1862 1522 pauperemz*

1042 1530 1194 1580 rapere
1236 1531 1494 1580 pauperem,
1540 1525 1644 1568 dum
1681 1525 1863 1568 attrahit

1042 1597 1150 1625 eum.

1093 1641 1141 1681 In
1161 1640 1318 1692 laqueo
1340 1652 1419 1681 suo
1439 1638 1683 1680 humiliabit
1701 1651 1814 1680 eum:
1836 1637 1861 1663 *

1041 1696 1264 1738 inclinabit
1283 1709 1344 1745 se,
1373 1701 1416 1738 et
1439 1695 1582 1744 cadet,
1606 1707 1705 1736 cum
1725 1693 1860 1736 domi-

1043 1754 1168 1794 natus
1188 1753 1315 1794 fuerit
1333 1755 1586 1805 pauperum.

1093 1811 1212 1850 Dixit
1241 1810 1353 1850 enim
1381 1810 1424 1850 in
1453 1807 1587 1850 corde
1615 1820 1710 1849 suo:
1743 1806 1861 1848 Obli-

1042 1872 1111 1907 tus
1127 1871 1192 1907 est
1207 1866 1337 1914 Deus,
1352 1866 1375 1890 *
1395 1865 1553 1906 avertit
1567 1864 1723 1905 faciem
1738 1875 1860 1904 suam

1043 1935 1095 1963 ne
1114 1922 1261 1965 videat
1279 1922 1322 1962 in
1342 1922 1482 1963 finem.

1095 1979 1289 2028 Exsurge
1316 1978 1503 2019 Domine
1530 1977 1669 2026 Deus,
1701 1975 1860 2018 exalte-

1042 2040 1111 2076 tur
1142 2047 1294 2076 manus
1327 2039 1415 2075 tua:
1446 2035 1469 2059 *
1501 2046 1556 2075 ne
1588 2031 1860 2075 obliviscaris

1042 2095 1294 2144 pauperum.

1091 2149 1277 2200 Propter
1324 2147 1428 2199 quid
1471 2146 1657 2188 irritavit
1701 2145 1859 2199 impius

1041 2201 1204 2245 Deum?
1228 2204 1250 2228 *
1274 2202 1383 2244 dixit
1406 2204 1520 2244 enim
1543 2204 1586 2244 in
1610 2202 1746 2245 corde
1764 2214 1860 2244 suo:

1041 2260 1140 2301 Non
1160 2261 1360 2311 requiret.

1093 2315 1230 2357 Vides
1268 2315 1471 2367 quoniam
1507 2322 1554 2358 tu
1586 2316 1783 2358 laborem
1815 2319 1859 2356 et

1043 2371 1239 2413 dolorem
1272 2371 1542 2413 consideras:
1574 2374 1597 2398 ²*
1630 2378 1677 2414 ut
1709 2370 1858 2413 tradas

1042 2440 1116 2468 eos
1135 2429 1178 2468 in
1197 2441 1350 2470 manus
1369 2435 1476 2470 tuas.

1092 2484 1189 2526 Tibi
1210 2483 1442 2526 derelictus
1461 2490 1526 2526 est
1545 2497 1725 2537 pauper:
1743 2484 1767 2509 *
1791 2485 1857 2525 or-

1042 2539 1186 2591 phano
1206 2546 1253 2581 tu
1273 2541 1357 2581 eris
1376 2540 1556 2591 adjutor.

1092 2596 1279 2637 Contere
1303 2596 1525 2637 brachium
1550 2596 1794 2649 peccatoris
1814 2601 1857 2638 et

1041 2652 1231 2702 maligni:
1258 2653 1281 2677 *
1311 2653 1527 2704 quaeretur
1554 2655 1783 2705 peccatum
1810 2651 1857 2693 il-

1040 2707 1132 2756 lius,
1152 2713 1195 2749 et
1214 2721 1299 2749 non
1319 2708 1570 2750 invenietur.
