2080 2990
627 216 669 250 In
694 216 818 250 Festis
844 216 883 250 B.
908 216 1040 250 Mariae
1066 217 1108 250 V.
1133 227 1202 259 per
1226 228 1375 251 annum.

155 312 179 338 ¹⁸¹
196 324 250 353 ex
278 311 434 365 quibus
454 311 780 353 delectaverunt
803 316 847 353 te
875 311 977 352 filiae

154 380 306 419 regum
332 368 376 409 in
403 367 570 409 honore
597 373 685 410 tuo.

205 424 357 466 Astitit
388 427 538 475 regina
571 438 596 465 a
623 424 788 467 dextris
821 425 907 466 tuis
934 425 977 465 in

154 483 314 523 vestitu
333 480 558 523 deaurato:
576 482 599 507 *
620 480 887 523 circumdata
907 494 976 522 va-

153 537 319 579 rietate.

206 593 325 635 Audi
346 593 445 643 filia,
467 598 511 635 et
529 593 639 643 vide,
660 598 703 635 et
726 594 884 635 inclina
907 607 976 636 au-

155 662 248 691 rem
265 654 399 691 tuam:
409 650 432 675 *
444 655 487 691 et
497 649 755 691 obliviscere
767 651 977 703 pepulum

156 711 288 755 tuum,
317 711 361 747 et
388 705 566 748 domum
591 706 728 759 patris
755 707 828 748 tui.

206 762 263 803 Et
277 765 557 814 concupiscet
575 763 672 804 Rex
691 762 896 805 decorem
913 769 976 805 tu-

154 831 241 859 um:
268 818 292 844 *
321 819 525 871 queniam
551 818 645 871 ipse
672 823 739 860 est
765 819 976 861 Deminus

154 874 275 916 Deus
302 879 413 923 tuus,
442 879 485 916 et
504 874 758 917 adorabunt
785 888 893 917 eum.

206 931 264 972 Et
279 930 381 971 filiae
400 931 506 983 Tyri
525 931 569 972 in
587 931 837 973 muneribus
850 934 874 958 *
889 933 977 974 vul-

154 991 247 1029 tum
279 992 402 1029 tuum
429 987 794 1040 deprecabuntur:
827 1002 978 1031 omnes

156 1042 312 1085 divites
340 1043 491 1096 plebis.

208 1099 359 1141 Omnis
377 1100 516 1151 gloria
537 1101 626 1152 ejus
650 1101 751 1142 filiae
770 1102 904 1153 Regis
923 1102 978 1144 ab

154 1155 280 1206 intus,
306 1156 330 1182 *
353 1156 397 1197 in
422 1156 604 1198 fimbriis
628 1158 771 1199 aureis
800 1158 978 1199 circum-

155 1214 313 1254 amicta
339 1213 633 1255 varietatibus.

207 1267 493 1310 Adducentur
521 1270 633 1320 Regi
658 1272 846 1321 virgines
878 1276 980 1324 post

156 1337 267 1366 eam:
277 1325 300 1351 *
310 1325 522 1378 proximae
539 1326 628 1378 ejus
643 1326 876 1369 afferentur
890 1327 979 1370 tibi.

208 1380 457 1423 Afferentur
484 1382 528 1422 in
547 1382 698 1424 laetitia
726 1388 770 1425 et
795 1384 978 1426 exsulta-

156 1436 288 1479 tione:
322 1438 345 1463 *
380 1437 650 1480 adducentur
689 1439 733 1480 in
768 1440 978 1492 templum

156 1493 301 1544 Regis.

208 1549 295 1591 Pro
323 1550 520 1602 patribus
548 1551 633 1592 tuis
659 1552 747 1593 nati
775 1558 875 1594 sunt
902 1552 980 1594 tibi

157 1605 250 1646 filii:
267 1606 291 1631 *
311 1608 548 1648 constitues
570 1620 646 1649 eos
671 1609 890 1662 principes
913 1622 979 1650 su-

158 1674 238 1714 per
266 1674 439 1704 omnem
465 1668 637 1705 terram.

210 1717 427 1760 Memores
466 1724 592 1762 erunt
626 1720 812 1761 neminis
848 1722 929 1762 tui:
957 1722 980 1746 *

158 1773 204 1814 in
228 1774 345 1815 omni
368 1776 647 1825 generatione
674 1782 717 1818 et
741 1777 980 1827 generatio—

157 1842 267 1871 nem.

209 1885 452 1938 Propterea
478 1887 631 1940 populi
658 1889 980 1931 confitebuntur

157 1940 237 1983 tibi
263 1941 307 2038 ΞΕ
334 1943 560 1984 aeternum:
583 1944 607 1969 *
632 1949 675 1986 et
702 1945 745 1985 in
773 1945 981 1987 saeculum

157 1999 274 2039 saecu
295 1998 316 2038 ”.

210 2054 309 2094 Ant.
334 2055 486 2107 Specie
503 2060 579 2096 tua
598 2061 641 2098 et
658 2057 980 2110 pulchritudine

157 2114 234 2152 tua
252 2110 446 2161 intende,
470 2114 683 2164 prespere
701 2114 909 2166 procede,
939 2119 982 2156 et

156 2179 300 2217 regna.

211 2226 310 2265 Ant.
330 2223 566 2275 Adiuvabit
581 2238 678 2266 eam
689 2226 712 2251 *
723 2226 844 2267 Deus
858 2226 981 2268 vultu

158 2290 252 2319 suo:
271 2279 393 2320 Deus
411 2280 455 2321 in
474 2281 619 2322 medio
641 2282 742 2333 ejus,
763 2295 850 2324 non
868 2295 981 2324 com—

156 2333 413 2376 movebitur.

425 2395 622 2435 Psalmus
652 2396 716 2434 45.

162 2445 322 2551 Deus
345 2451 494 2489 noster
512 2449 740 2500 refugium,
767 2455 810 2492 et
828 2451 982 2492 virtus:

265 2501 289 2527 *
324 2503 496 2555 adjutor
531 2505 575 2545 in
614 2506 982 2557 tribulati6nibus‚

161 2570 259 2609 quae
278 2557 536 2602 invenerunt
552 2574 635 2603 nos
653 2563 791 2604 nimis.

209 2613 449 2666 Propterea
478 2630 567 2658 non
598 2618 847 2660 timebimus
879 2619 983 2661 dum

157 2668 404 2712 turbabitur
430 2676 562 2714 terra:
589 2675 613 2700 *
643 2680 688 2716 et
722 2676 981 2717 transferen-

158 2729 229 2766 tur
246 2731 418 2769 montes
438 2728 482 2768 in
501 2741 578 2770 cor
595 2731 738 2772 maris.

1081 313 1337 365 Sonuerunt‚
1353 320 1396 357 et
1410 316 1597 357 turbatae
1614 320 1713 357 sunt
1727 329 1853 368 aquae

1031 371 1197 411 eorum:
1227 371 1250 396 *
1278 372 1525 414 conturbati
1554 377 1655 414 sunt
1680 377 1852 414 montes

1029 426 1072 466 in
1091 426 1346 469 fortitudine
1366 429 1466 479 eius.

1080 482 1290 524 Fhiminis
1317 486 1505 537 impetus
1533 485 1725 526 laetificat
1753 485 1852 526 civi-

1029 540 1167 580 tatem
1186 540 1283 581 Dei:
1303 540 1326 566 *
1347 542 1630 583 sanctificavit
1654 540 1852 582 taberna-

1030 595 1175 636 culum
1195 609 1321 638 suum
1339 597 1599 639 Altissimus.

1080 651 1201 693 Deus
1220 653 1263 693 in
1281 653 1426 695 medio
1443 655 1543 706 ejus,
1559 667 1646 696 non
1664 668 1852 696 commo-

1030 707 1215 749 vebitur:
1234 710 1257 734 *
1277 709 1499 762 adjuvabit
1518 723 1613 752 eam
1627 712 1748 753 Deus
1766 725 1852 753 ma-

1029 777 1084 805 ne
1104 764 1306 807 diluculo.

1082 821 1364 864 Conturbatae
1393 828 1493 864 sunt
1513 824 1695 873 Gentes,
1725 828 1767 864 et
1794 824 1853 863 in-

1031 877 1189 919 clinata
1217 883 1316 920 sunt
1343 892 1490 931 regna:
1509 881 1533 906 *
1553 879 1674 921 dedit
1700 892 1854 920 vocem

1031 947 1164 984 suam,
1183 940 1303 976 mota
1322 940 1389 977 est
1407 940 1532 977 terra.

1081 991 1296 1032 Deminus
1324 992 1531 1034 virtutum
1558 991 1804 1034 nobiscum:
1831 992 1854 1017 *

1032 1049 1261 1100 susceptor
1279 1053 1429 1090 noster
1447 1049 1567 1090 Deus
1586 1048 1734 1089 Jacob.

1083 1104 1256 1154 Venite,
1281 1109 1324 1145 et
1346 1104 1490 1146 videte
1515 1107 1649 1157 Opera
1667 1104 1854 1153 D6mini,

1033 1172 1130 1211 quae
1150 1161 1298 1212 posuit
1316 1160 1516 1213 prodigia
1531 1174 1662 1214 super
1675 1166 1855 1202 terram:

1031 1216 1055 1241 *
1087 1216 1286 1258 auferens
1318 1216 1434 1258 bella
1465 1230 1604 1269 usque
1636 1216 1692 1258 ad
1724 1216 1855 1257 finem

1031 1276 1171 1313 terrae.

1083 1329 1248 1369 Arcum
1280 1331 1492 1379 conteret,
1534 1334 1577 1370 et
1614 1328 1855 1379 confringet

1033 1397 1168 1425 arma:
1187 1385 1210 1410 *
1230 1390 1273 1426 et
1292 1390 1417 1427 scuta
1437 1385 1665 1427 comburet
1683 1385 1781 1435 igni.

1083 1441 1266 1490 Vaceste,
1294 1446 1338 1483 et
1366 1441 1511 1483 videte
1541 1442 1745 1493 quoniam
1773 1453 1855 1491 ego

1033 1510 1129 1538 sum
1143 1497 1279 1538 Deus:
1294 1498 1318 1523 *
1329 1497 1556 1539 exaltabor
1571 1498 1614 1537 in
1631 1496 1856 1545 Gentibus,

1033 1557 1077 1594 et
1098 1553 1325 1595 exaltabor
1343 1554 1387 1594 in
1405 1558 1532 1595 terra.

1084 1609 1299 1650 Dominus
1327 1610 1536 1651 virtutum
1563 1609 1807 1650 nobiscum:
1834 1608 1858 1633 *

1034 1667 1264 1718 susceptor
1282 1670 1432 1707 noster
1449 1666 1571 1707 Deus
1590 1665 1738 1706 Jacob.

1087 1722 1184 1762 Ant.
1220 1722 1451 1773 Adiuvabit
1477 1735 1572 1763 eam
1591 1722 1711 1762 Deus
1736 1720 1858 1762 vultu

1036 1791 1131 1819 suo:
1149 1778 1270 1820 Deus
1289 1778 1333 1818 in
1351 1778 1496 1819 medio
1518 1779 1618 1830 ejus,
1638 1790 1725 1818 non
1744 1790 1858 1818 com-

1034 1835 1292 1876 movebitur.

1087 1889 1186 1927 Ant.
1215 1890 1336 1932 Sicut
1358 1890 1598 1931 laetantium
1619 1890 1642 1915 *
1667 1889 1859 1930 omnium

1034 1951 1232 1988 nostrum
1250 1946 1461 1988 habitatio
1483 1952 1550 1988 est
1568 1947 1612 1986 in
1631 1950 1685 1995 te,
1708 1949 1858 1986 sancta

1033 2003 1117 2044 Dei
1136 2003 1343 2045 Genitrix.

1307 2056 1505 2096 Psalmus
1527 2057 1590 2095 86.

1035 2106 1379 2211 Fundamenta
1419 2116 1509 2167 ejus
1550 2116 1594 2156 in
1637 2116 1857 2158 montibus

1129 2171 1303 2212 sanctis:
1322 2172 1346 2197 *
1365 2171 1508 2223 diligit
1525 2172 1739 2213 Dominus
1759 2185 1857 2225 por-

1034 2232 1102 2269 tas
1125 2227 1230 2269 Sion
1254 2241 1385 2281 super
1410 2228 1554 2269 omnia
1577 2228 1858 2270 tabernaqua

1034 2283 1181 2325 Jacob.

1087 2340 1291 2381 Glori6sa
1310 2340 1428 2383 dicta
1447 2346 1547 2382 sunt
1568 2341 1623 2382 de
1640 2346 1695 2389 te,
1714 2342 1738 2367 *
1758 2340 1856 2381 civi-

1034 2401 1101 2437 tas
1120 2397 1214 2438 Dei.

1084 2452 1254 2494 Memor
1274 2466 1350 2495 ero
1370 2451 1536 2501 Rahab,
1558 2456 1602 2493 et
1619 2450 1856 2503 Bablenis

1034 2508 1057 2534 *
1077 2509 1305 2551 scientium
1323 2522 1403 2551 me.

1085 2565 1200 2607 Ecce
1233 2565 1503 2617 aliem‘genae,
1542 2568 1585 2605 et
1615 2564 1777 2616 Tyrus,
1814 2567 1857 2604 et

1034 2621 1223 2673 pepulus
1251 2622 1524 2674 AEthiopum‚
1555 2621 1579 2646 *
1610 2620 1655 2660 hi
1685 2620 1856 2660 fuerunt

1033 2676 1132 2718 illic.

1086 2733 1312 2786 Numquid
1334 2734 1437 2775 Sion
1463 2732 1593 2775 dicet:
1620 2732 1783 2779 Hom0,
1811 2733 1856 2770 et
