2040 2990
636 189 739 222 Infra
764 189 1061 223 Hebdomadum
1084 189 1129 222 ll.
1154 190 1366 223 Adventus

147 287 245 328 erit:
286 286 407 326 Sicut
442 283 535 324 avis
568 282 757 333 fugiens,
799 287 843 323 et
869 282 979 334 pulli

148 341 203 384 de
229 340 334 383 nido
363 339 600 389 avolanteS,
629 339 692 380 sic
721 343 847 379 erunt
873 338 976 379 filiae

148 397 279 442 Moab
316 397 360 437 in
396 397 654 438 transcensu
689 395 854 436 Arnon.
908 395 977 435 Ini

147 453 393 502 consilium,
431 464 540 503 coge
577 450 825 492 concilium:
860 463 977 503 pone

148 510 273 562 quasi
313 513 491 550 noctem
530 506 731 548 umbram
771 511 893 547 tuam
932 507 976 547 in

145 565 344 607 meridie:
389 561 613 605 absconde
654 562 887 612 fugientes,
933 567 977 604 et

145 634 283 672 vagos
299 634 353 662 ne
369 619 544 673 prodas.
566 618 842 660 Habitabunt
857 618 977 671 apud

145 682 190 719 te
214 676 389 729 profugi
412 675 521 716 meiz·
541 673 674 715 Moab
701 679 797 715 esto
821 674 975 716 latibu-

145 733 235 775 lum
255 734 407 774 eorum
426 744 452 772 a
470 731 580 772 facie
599 730 846 772 vastatoris.

195 791 246 842 Rz.
273 789 372 830 Rex
389 791 551 829 noster.
571 788 665 827 140.

452 852 604 893 Lectio
626 854 664 892 ii.

223 917 356 958 initus
377 920 444 958 est
463 915 577 957 enim
596 915 756 967 pulvis,
777 928 974 957 consum-

234 975 381 1014 matus
419 976 486 1013 est
521 972 668 1021 miser,
706 971 866 1013 defecit
902 972 975 1023 qui

145 1027 433 1071 conculcabat
457 1032 632 1069 terram.
674 1028 731 1069 Et
754 1030 975 1080 praepara-

143 1085 262 1127 bitur
281 1085 326 1125 in
344 1083 645 1125 misericordia
662 1083 831 1134 solium,
851 1089 895 1125 et
911 1096 974 1125 se-

146 1141 268 1183 debit
293 1153 425 1193 super
448 1138 557 1180 illud
580 1139 624 1179 in
642 1139 827 1181 veritate
850 1140 895 1180 in
913 1144 974 1180 ta-

143 1196 383 1239 bernaculo
402 1194 558 1244 David,
578 1195 774 1246 judicans
795 1200 839 1236 et
860 1209 974 1247 quae-

144 1266 244 1294 rens
261 1251 478 1304 judicium,
499 1255 543 1292 et
558 1251 770 1292 velociter
784 1250 974 1293 reddens

146 1308 268 1361 quod
299 1309 462 1360 justum
494 1312 572 1348 est.
611 1306 875 1348 Audivimus
907 1320 973 1348 su-

143 1364 344 1418 perbiam
370 1362 521 1417 Moab,
550 1362 767 1415 superbus
795 1367 862 1404 est
887 1362 973 1403 val-

145 1421 220 1463 de:
266 1418 473 1472 superbia
515 1419 605 1470 ejus
643 1423 687 1460 et
725 1419 975 1469 arrogantia

144 1478 249 1529 erS,
269 1480 314 1517 et
330 1474 572 1525 indignatio
593 1476 699 1526 ejus,
722 1474 823 1527 plus
844 1488 974 1527 quam

145 1530 360 1575 fortitudo
381 1531 482 1582 ejus.

192 1592 243 1644 R.
274 1588 390 1629 Ante
409 1586 606 1628 multum.
625 1587 719 1627 140.

440 1660 595 1700 Lectio
616 1660 670 1699 iii.

195 1717 345 1759 dcirco
372 1716 559 1758 ululabit
585 1716 719 1758 Moab
748 1716 805 1758 ad
829 1717 973 1767 Moab,

208 1773 439 1815 universus
465 1772 666 1814 ululabit:
690 1772 776 1822 his,
804 1773 877 1824 qui
901 1772 974 1814 lae-

143 1832 293 1875 tantur
320 1841 453 1881 super
479 1841 629 1869 muros
662 1828 778 1869 cocti
808 1828 973 1878 lateris,

142 1885 374 1937 loquimini
408 1884 562 1937 plagas
598 1897 710 1925 suas.
757 1884 973 1935 Quoniam

144 1940 396 1983 suburbana
420 1939 630 1982 Hesebon
658 1939 834 1982 deserta
862 1945 972 1990 sunt,

144 2002 188 2039 et
201 1999 374 2038 vineam
384 1995 572 2038 Sabama
588 1995 758 2037 domini
766 1995 973 2036 Gentium

143 2052 414 2095 exciderunt:
440 2051 614 2102 flagella
636 2053 727 2104 ejus
751 2064 892 2103 usque
916 2052 973 2093 ad

142 2109 167 2149 J
169 2121 269 2150 azer
300 2109 608 2160 pervenerunt:
641 2110 897 2149 erraverunt
928 2108 972 2148 in

143 2164 335 2214 deserto,
375 2164 643 2216 propagines
680 2165 771 2216 ejus
807 2163 971 2205 relictae

143 2225 253 2269 sunt,
271 2220 538 2261 transierunt
556 2232 687 2260 mare.

193 2278 245 2328 R’-
268 2275 384 2317 Ecce
404 2276 632 2316 Dominus.
653 2276 741 2316 146.

195 2340 265 2381 Ad
286 2341 447 2381 Bened.
476 2342 574 2381 Ant.
603 2341 722 2380 Ecce
743 2351 825 2389 ego
844 2339 971 2379 mitto

142 2397 165 2423 *
184 2395 403 2446 Angelum
420 2408 581 2444 meum,
609 2395 683 2447 qui
702 2393 972 2447 praeparabit

142 2453 257 2492 viam
274 2463 418 2492 meam
437 2456 537 2492 ante
556 2451 713 2492 faciem
731 2455 862 2491 tuam.

195 2512 267 2552 Ad
286 2512 457 2562 Magnis.
482 2513 581 2553 Ant.
610 2515 715 2556 Sion
733 2513 970 2556 renovabe-

142 2571 218 2620 ris,
237 2573 261 2599 *
285 2576 328 2612 et
352 2571 523 2613 videbis
547 2571 707 2622 justum
733 2575 867 2618 tuum,
897 2569 971 2620 qui

142 2629 351 2668 venturus
371 2632 438 2669 est
455 2628 498 2667 in
517 2631 572 2668 te.

1242 291 1407 327 Feria
1432 291 1644 337 Quinta.

1212 355 1277 393 De
1305 352 1420 392 Isaia
1446 350 1679 403 Propheta.

1132 422 1283 462 Lectio
1305 423 1327 461 i.
1573 424 1673 473 Cup.
1696 423 1751 460 w.

1108 504 1198 531 nus
1235 491 1430 543 AEgypti.
1484 490 1600 531 Ecce
1642 488 1857 530 Dominus

1032 528 1109 589 QJ
1133 546 1342 588 ascendet
1367 559 1499 598 super
1518 545 1678 586 nubem
1702 545 1854 598 levem,

1030 608 1073 645 et
1097 602 1366 653 ingredietur
1385 603 1646 654 AEgyptum,
1673 605 1716 642 et
1741 613 1856 641 com-

1028 659 1321 701 movebuntur
1355 658 1586 700 simulacra
1616 657 1798 708 AEgypti
1832 670 1857 697 a

1028 716 1139 756 facie
1160 717 1267 766 ejuS,
1294 720 1338 756 et
1362 727 1438 756 cor
1457 713 1640 765 AEgypti
1660 712 1857 754 tabescet

1027 772 1071 812 in
1098 770 1254 812 medio
1274 771 1375 822 ejus.
1420 771 1478 811 Et
1507 771 1769 810 concurrere
1799 769 1856 809 fa-

1029 827 1140 868 ciam
1183 827 1419 879 AEgyptios
1468 825 1679 866 adversus
1725 825 1856 876 AEgy—

1027 883 1160 934 ptios:
1190 887 1234 924 et
1260 882 1472 935 pugnabit
1499 881 1566 922 vir
1596 885 1750 922 contra
1776 881 1856 921 fra-

1027 943 1141 980 trem
1161 952 1302 987 suum,
1332 943 1375 980 et
1399 939 1464 979 vir
1493 943 1646 979 contra
1670 939 1857 977 amicum

1029 1008 1172 1044 suum,
1201 994 1354 1035 civitas
1383 994 1594 1035 adversus
1625 993 1857 1041 civitatem,

1027 1063 1210 1101 regnum
1230 1049 1444 1091 adversus
1463 1062 1656 1101 regnum.

1078 1119 1129 1169 R.
1157 1115 1411 1164 Jerusalem,
1432 1115 1518 1155 cito
1538 1114 1693 1155 veniet.
1713 1113 1800 1153 144.

1334 1190 1485 1230 Lectio
1506 1190 1543 1228 ii.

1110 1258 1128 1294 t
1160 1252 1432 1304 dirumpetur
1465 1252 1644 1304 spiritus
1675 1251 1858 1302 AEgthi

1118 1309 1163 1349 in
1182 1307 1424 1350 visceribus
1445 1309 1545 1359 ejus,
1565 1312 1608 1348 et
1628 1306 1857 1348 consilium
1899 1311 1901 1358 ξ

1028 1365 1118 1416 ejus
1139 1363 1447 1416 praecipitabo:
1467 1368 1510 1404 et
1525 1361 1857 1412 interrogabunt
1900 1365 1901 1370 ’

1028 1420 1261 1461 simulacra
1279 1432 1374 1470 sua,
1404 1424 1447 1460 et
1472 1419 1644 1460 divinos
1664 1430 1784 1466 suOS,
1813 1421 1857 1458 et

1026 1475 1266 1528 pythones,
1301 1480 1344 1516 et
1377 1475 1549 1515 ariolos.
1596 1475 1653 1515 Et
1684 1472 1857 1514 tradam

1026 1532 1270 1583 AEgyptum
1314 1531 1358 1571 in
1402 1543 1533 1571 manu
1578 1529 1857 1571 dominorum

1027 1586 1288 1637 crudelium,
1325 1591 1369 1628 et
1403 1599 1482 1627 rex
1508 1586 1635 1627 fortis
1664 1584 1855 1626 domina-

1026 1642 1143 1684 bitur
1180 1644 1351 1692 eorum,
1389 1642 1450 1683 ait
1484 1641 1700 1682 Dominus
1735 1641 1856 1681 Deus

1028 1700 1308 1740 exercituum.
1362 1701 1419 1739 Et
1453 1699 1623 1739 arescet
1655 1709 1769 1747 aqua
1801 1695 1856 1736 de

1025 1754 1147 1804 mari,
1176 1758 1219 1796 et
1238 1753 1396 1795 fluvius
1416 1752 1699 1799 desolabitur,
1723 1755 1855 1802 atque

1027 1809 1275 1851 siccabitur.
1331 1810 1388 1850 Et
1423 1808 1628 1850 deficient
1663 1806 1855 1847 flumina:

1026 1864 1387 1914 attenuabuntur,
1412 1869 1456 1905 et
1475 1862 1754 1904 siccabuntur
1774 1861 1854 1901 rivi

1026 1923 1245 1972 aggerum.

1075 1987 1126 2036 R.
1154 1985 1270 2025 Ecce
1289 1983 1516 2025 Dominus.
1535 1983 1623 2022 144.

1325 2053 1476 2093 Lectio
1498 2053 1550 2091 iii.

1094 2120 1194 2162 tulti
1219 2121 1441 2173 principes
1465 2120 1657 2169 Taneos,
1686 2119 1852 2171 sapien-

1110 2181 1178 2217 tes
1202 2175 1439 2217 consiliarii
1455 2175 1697 2216 Pharaonis
1724 2174 1852 2215 dede-

954 2260 960 2265 -
1025 2235 1125 2272 runt
1149 2231 1377 2272 consilium
1404 2231 1624 2283 insipiens.
1663 2231 1852 2279 Quomo-

1025 2286 1083 2327 do
1104 2286 1261 2328 dicetis
1279 2286 1511 2327 Pharaoni:
1530 2285 1665 2326 Filius
1684 2285 1851 2337 sapien-

1023 2343 1132 2383 tium
1148 2355 1241 2393 ego,
1256 2342 1372 2383 filius
1389 2354 1541 2392 regum
1552 2339 1851 2392 antiquorum?

1023 2397 1111 2439 Ubi
1137 2411 1252 2439 nunc
1280 2402 1382 2438 sunt
1411 2397 1631 2449 sapientes
1659 2394 1745 2437 tui?
1780 2408 1851 2436 an-

1025 2453 1226 2495 nuntient
1243 2453 1338 2502 tibi,
1367 2458 1411 2494 et
1432 2451 1626 2493 indicent
1653 2450 1757 2503 quid
1782 2463 1850 2491 co-

1023 2509 1228 2559 gitaverit
1250 2509 1466 2549 Dominus
1491 2509 1760 2549 exercituum
1784 2518 1850 2545 su-

1023 2577 1102 2616 per
1136 2564 1390 2616 AEgyptum.
1448 2562 1578 2604 Stulti
1614 2561 1716 2602 facti
1752 2564 1850 2600 sunt

1022 2619 1245 2671 principes
1294 2619 1489 2668 TaneOS,
1548 2617 1849 2659 emarcuerunt

1022 2675 1243 2726 principes
1271 2674 1546 2726 Mempheos,
1583 2672 1848 2722 deceperunt
