2040 2990
726 199 928 233 Dominica
955 200 1004 234 ad
1028 200 1266 234 Matutinum.
1808 200 1848 234 13

190 290 247 330 Et
272 293 481 331 occursus
506 291 596 342 ejus
619 303 758 342 usque
779 290 835 332 ad
855 304 966 332 sum-

138 358 256 386 mum
273 346 376 397 ejus:
396 347 419 371 *
438 359 519 387 nec
539 352 606 388 est
627 347 699 398 qui
720 359 766 388 se
785 346 966 388 abscon-

139 400 215 442 dat
234 414 259 442 a
278 402 423 443 calore
444 403 544 453 ejus.

189 457 282 498 Lex
297 458 474 498 Domini
491 458 769 500 immaculata
789 461 966 499 eonver-

137 518 234 554 tens
254 514 434 554 animas:
445 515 468 539 *
478 514 774 555 testimonium
790 515 967 555 Domini

138 568 287 617 fidele,
323 570 582 622 sapientiam
618 576 834 622 praestans
870 572 966 622 par-

138 624 260 665 vulis.

188 681 214 721 J
215 682 375 722 ustitiae
390 682 567 722 Domini
582 687 726 730 rectae,
745 681 966 723 laetifican-

137 741 204 777 tes
241 736 393 778 corda:
425 738 448 762 *
481 739 753 790 praeceptum
789 739 966 779 Domini

137 791 344 842 lucidum3
363 792 609 834 illuminans
629 794 793 835 oculos.

189 848 342 889 Timor
368 849 544 889 Domini
574 855 765 898 sanctus,
798 851 965 901 perma-

138 917 244 945 nens
272 905 314 944 in
343 905 550 946 saeculum
581 905 743 946 saeculi:
763 906 785 931 *
809 905 966 956 judicia

136 960 314 1000 Domini
339 973 460 1010 vera,
487 961 718 1011 justificata
742 962 785 1002 in
811 967 965 1002 semet-

137 1017 244 1068 ipsa.

188 1071 506 1114 Desiderabilia
527 1086 658 1125 super
677 1086 830 1114 aurum
847 1079 890 1115 et
907 1074 965 1114 la-

137 1127 284 1179 pidem
303 1129 545 1180 pretiosum
563 1129 762 1170 multum:
777 1131 800 1155 *
816 1135 860 1171 et
875 1130 965 1171 dul-

138 1183 257 1224 ciora
276 1196 408 1236 super
426 1185 512 1226 mel
533 1190 575 1226 et
595 1185 751 1226 favum.

189 1239 361 1280 Etenim
386 1253 537 1282 servus
562 1246 662 1282 tuus
687 1241 879 1283 custodit
904 1255 965 1290 ea,

136 1295 160 1320 *
195 1295 238 1335 in
276 1295 574 1338 custodiendis
611 1297 695 1338 illis
736 1297 964 1339 retributio

137 1351 284 1392 multa.

189 1407 361 1448 Delicta
382 1408 479 1459 quis
498 1407 719 1458 intelligit?
747 1409 801 1450 ab
821 1409 964 1450 oecul-

136 1462 192 1503 tis
210 1463 318 1504 meis
341 1463 503 1504 munda
522 1478 606 1506 me:
625 1466 648 1490 *
668 1470 711 1506 et
735 1464 790 1506 ab
815 1465 965 1506 alienis

137 1531 270 1570 parce
290 1532 418 1561 servo
437 1525 525 1561 tuo.

187 1575 232 1616 Si
246 1575 331 1616 mei
347 1588 434 1616 non
450 1576 609 1617 fuerint
625 1575 846 1625 dominati,
862 1582 965 1618 tune

135 1630 440 1672 immaculatus
465 1645 557 1674 ero:
577 1633 599 1657 *
624 1637 668 1673 et
693 1632 965 1674 emundabor

137 1699 163 1727 a
182 1686 343 1728 delicto
362 1687 565 1729 maximo.

188 1743 246 1784 Et
265 1748 391 1784 erunt
410 1748 457 1784 ut
472 1743 777 1796 complaceant
791 1744 966 1796 eloquia

137 1798 225 1839 oris
245 1799 344 1840 mei:
363 1799 386 1824 *
407 1804 450 1840 et
469 1799 695 1842 meditatio
716 1800 861 1842 cordis
879 1801 964 1842 mei

137 1854 180 1895 in
200 1856 439 1907 conspeetu
459 1860 536 1897 tuo
557 1869 741 1909 semper.

189 1911 376 1952 Domine
401 1910 572 1961 adjutor
595 1925 734 1961 meuS‚
754 1913 776 1937 *
801 1917 845 1953 et
869 1912 964 1953 red-

138 1968 311 2019 emptor
330 1980 464 2008 meus.

194 2023 243 2063 In
263 2022 479 2064 Adventu.
504 2023 602 2063 Ant.
627 2023 803 2065 Gabriel
823 2023 964 2074 Ange-

137 2077 204 2119 lus
223 2078 398 2119 locutus
418 2084 484 2120 est
502 2079 664 2128 Mariae,
685 2079 848 2121 dicens:
868 2079 964 2120 Ave

136 2134 275 2184 gratia
299 2134 444 2186 plena,
468 2136 682 2176 Dominus
706 2141 866 2176 tecum:
892 2134 964 2176 be-

136 2189 309 2231 nedicta
328 2195 375 2231 tu
393 2191 506 2232 inter
524 2191 738 2232 mulieres.

194 2246 293 2286 Ant.
321 2246 455 2287 Maria
474 2246 593 2288 dixit.

194 2303 277 2344 Per
296 2303 481 2343 Annum.
518 2303 618 2343 Ant.
658 2303 752 2343 Non
779 2307 879 2343 sunt
903 2301 962 2342 lo-

138 2356 293 2407 quelae,
325 2371 468 2410 neque
500 2360 740 2406 sermones,
778 2370 963 2410 quorum

137 2425 224 2453 non
244 2413 475 2455 audiantur
494 2427 626 2456 voces
646 2417 808 2455 eorum.

195 2470 294 2510 Ant.
315 2469 545 2511 Exa1'1diat.

418 2524 616 2564 Psalmus
637 2526 695 2564 19.

224 2580 402 2623 xaudiat
421 2587 464 2623 te
489 2581 702 2622 Dominus
727 2581 769 2621 in
797 2579 866 2621 die
891 2579 962 2620 tri-

230 2636 478 2678 bulationis:
493 2638 516 2662 *
532 2639 736 2690 protegat
750 2642 793 2677 te
803 2648 961 2676 nomen

137 2691 221 2732 Dei
238 2691 387 2733 Jacob.

290 2811 354 2835 Pars
370 2810 503 2835 Riemann.

1071 291 1216 332 Mittat
1235 291 1313 333 tibi
1333 294 1538 335 auxilium
1563 294 1617 335 de
1638 299 1804 335 saneto:
1824 296 1846 319 *

1020 352 1064 388 et
1083 346 1138 388 de
1158 347 1261 388 Sion
1281 351 1454 389 tueatur
1473 355 1527 391 te.

1071 403 1240 444 Memor
1265 404 1320 445 sit
1344 405 1484 445 omnis
1508 406 1708 447 sacrificii
1727 407 1803 447 tui:
1823 408 1846 432 *

1020 464 1064 500 et
1082 459 1389 500 holocaustum
1408 466 1530 501 tuum
1549 462 1708 513 pingue
1727 463 1814 503 fiat.

1071 515 1256 556 Tribuat
1270 515 1349 557 tibi
1364 516 1603 558 seeundum
1620 531 1695 558 eor
1710 523 1846 559 tuum:

1019 571 1050 662 P
1080 575 1123 611 et
1147 583 1288 663 tomne
1324 573 1552 613 consilium
1588 579 1710 614 tuum
1746 587 1845 614 eon-

1037 635 1144 663 1rme
1166 654 1174 662 .

1070 678 1339 719 Laetabimur
1367 679 1410 719 in
1439 680 1616 721 salutari
1642 685 1732 721 tuo:
1756 681 1778 705 *
1803 686 1846 721 et

1018 734 1062 774 in
1086 734 1260 776 nomine
1285 735 1367 775 Dei
1392 737 1529 777 nostri
1554 736 1845 786 magnificabi-

1018 803 1126 830 mur.

1071 851 1258 903 Impleat
1272 853 1486 893 Dominus
1505 866 1656 894 omnes
1675 853 1845 905 petitio-

1019 920 1096 948 nes
1116 912 1227 948 tuas:
1247 909 1270 932 *
1290 922 1403 949 nune
1429 910 1614 959 cognovi
1642 909 1846 960 quoniam

1019 963 1188 1004 salvum
1228 964 1331 1005 fecit
1374 965 1589 1005 Dominus
1627 964 1846 1005 Christum

1019 1032 1156 1060 suum.

1070 1075 1287 1116 Exaudiet
1318 1075 1439 1116 illum
1467 1075 1522 1116 de
1551 1076 1665 1116 coelo
1694 1081 1845 1117 sancto

1018 1143 1113 1171 suo:
1124 1132 1198 1171 *in
1209 1131 1508 1183 potentatibus
1524 1131 1641 1172 salus
1652 1132 1844 1173 dexterae

1019 1187 1119 1238 ejus.

1071 1243 1128 1283 Hi
1152 1243 1195 1283 in
1220 1243 1434 1291 curribus,
1460 1249 1502 1285 et
1526 1243 1570 1283 hi
1594 1244 1636 1283 in
1662 1244 1803 1295 equis:
1823 1245 1845 1269 *

1017 1311 1098 1339 nos
1124 1303 1267 1339 autem
1293 1300 1335 1339 in
1363 1300 1537 1340 nomine
1562 1300 1739 1340 Domini
1763 1300 1846 1340 Dei

1017 1355 1155 1395 nostri
1174 1355 1484 1396 invocabimus.

1069 1411 1159 1462 Ipsi
1180 1410 1358 1461 obligati
1379 1416 1493 1459 sunt,
1518 1416 1560 1451 et
1580 1410 1845 1451 ceciderunt:

1017 1467 1040 1490 *
1065 1479 1145 1506 nos
1170 1471 1315 1507 autem
1344 1467 1609 1507 surreximus
1640 1471 1683 1507 et
1713 1466 1843 1507 erecti

1018 1534 1178 1562 sumus.

1069 1578 1258 1618 Domine
1283 1577 1450 1618 salvum
1476 1578 1543 1619 fae
1568 1590 1729 1627 regem:
1754 1577 1777 1601 *
1803 1581 1845 1617 et

1018 1633 1177 1674 exaudi
1195 1646 1276 1674 nos
1295 1633 1337 1673 in
1359 1632 1444 1683 die,
1470 1647 1554 1686 qua
1580 1633 1843 1674 invocaveri-

1018 1703 1115 1730 mus
1134 1695 1188 1730 te.

1075 1747 1125 1785 In
1158 1746 1374 1786 Adventu.
1417 1747 1516 1786 Ant.
1554 1747 1688 1786 Maria
1721 1743 1844 1785 dixit:

1017 1801 1152 1842 Putas
1173 1801 1312 1853 qualis
1328 1806 1394 1842 est
1408 1801 1489 1841 ista
1506 1801 1723 1841 salutatio:
1744 1799 1845 1851 quia

1018 1857 1279 1898 conturbata
1299 1862 1364 1897 est
1384 1857 1526 1897 anima
1545 1869 1656 1903 mea,
1681 1861 1723 1896 et
1745 1855 1844 1907 quia

1018 1913 1213 1965 paritura
1224 1925 1320 1953 sum
1328 1913 1506 1962 Regem,
1524 1912 1595 1963 qui
1607 1911 1843 1952 claustrum

1018 1968 1275 2018 virginitatis
1294 1981 1404 2008 meae
1424 1981 1510 2008 non
1530 1965 1731 2008 violabit?

1076 2024 1174 2064 Ant.
1203 2024 1247 2063 In
1269 2023 1469 2064 adventu.

1074 2080 1158 2119 Per
1191 2079 1375 2119 Annum.
1418 2080 1516 2120 Ant.
1552 2077 1767 2120 Exafldiat
1799 2082 1841 2118 te

1017 2134 1232 2175 Dominus
1251 2135 1292 2174 in
1313 2134 1382 2175 die
1403 2134 1703 2175 tribulationis.

1076 2191 1175 2231 Ant.
1200 2190 1396 2231 Domine.

1295 2247 1493 2286 Psalmus
1512 2247 1582 2285 20.

1023 2297 1250 2401 Domine
1273 2300 1315 2340 in
1340 2300 1498 2341 virtute
1524 2305 1597 2340 tua
1622 2299 1840 2340 laetabitur

1136 2369 1227 2397 rex:
1251 2357 1274 2380 *
1298 2361 1342 2397 et
1360 2368 1492 2407 super
1511 2355 1699 2396 salutare
1718 2360 1838 2395 tuum

1016 2411 1251 2453 exsultabit
1270 2411 1559 2452 vehementer.

1067 2467 1342 2508 Desiderium
1368 2466 1513 2507 cordis
1538 2466 1628 2516 ejus
1651 2465 1837 2507 tribuisti

1016 2523 1068 2563 ei:
1083 2523 1106 2547 *
1122 2528 1165 2564 et
1180 2522 1403 2564 voluntate
1418 2521 1631 2562 labiorum
1647 2522 1736 2572 ejus
1751 2533 1837 2561 non

1014 2578 1225 2619 fraudasti
1245 2591 1354 2619 eum.

1066 2634 1281 2684 Quoniam
1304 2633 1553 2685 praevenisti
1579 2645 1675 2673 eum
1700 2632 1740 2671 in
1764 2629 1835 2671 be-

974 2707 978 2711 ·
1013 2689 1333 2731 nedietionibus
1346 2688 1600 2730 dulcedinis:
1615 2688 1637 2712 *
1653 2685 1835 2738 posuisti

1587 2807 1631 2839 2·
