2040 2990
620 230 795 263 Secunda
821 229 882 263 dic·
910 229 1005 263 infra
1033 230 1217 264 Octavam
1242 229 1483 273 Epiphania).

244 327 331 360 Ant.
362 324 566 360 Remansit.
600 317 643 363 5⁷.
669 323 811 358 Omnes
835 323 882 358 de
907 323 1019 358 Saba.

195 375 337 409 Oratio.
364 374 468 415 vota,
493 373 725 417 quaesumus.
752 377 791 406 ut
816 372 924 405 infra.
945 370 1019 405 277.

245 423 346 456 Infra
369 422 554 456 Octavam
579 421 807 465 Epiphaniae
834 420 866 454 si
893 430 1021 454 oecur—

194 477 250 504 rat
285 472 420 504 festum
451 470 605 513 Duplex
638 481 685 504 cx
716 469 926 509 majoribus
960 468 1022 502 vel

194 519 355 557 alicuius
376 518 556 553 Doctoris
575 518 770 553 Ecclesiae,
796 516 1022 550 transfertur

196 572 281 609 post
309 568 507 602 Octavum.
539 566 613 599 nisi
640 566 752 599 fucrit
779 564 933 598 Patroni
961 564 1021 597 vel

194 614 377 648 'l'itularis
397 615 590 648 Ecclesiae.
616 614 675 647 vel
696 612 899 647 Dedicutio
926 613 1021 652 cius-

193 663 288 696 dem.
326 663 379 696 Dc
404 663 491 697 aliis
516 673 607 696 vcro
627 661 868 705 Duplicibus,
894 660 939 694 dc
959 659 1022 694 Se-

192 711 468 754 niiduplicibus
487 716 521 745 ct
538 710 787 753 =Simplicibus
805 709 845 742 fit
864 709 1020 742 comem.

193 759 298 798 iuxta
320 759 519 793 Rubricas.

236 807 297 841 Ad
309 807 545 841 Matutinum.
561 801 604 847 Χ’
622 804 784 839 ΒόηῚίῐιθ
803 803 906 838 labia
925 812 1019 837 mea.

244 855 353 889 Invit.
374 860 409 889 ct
427 855 576 899 Hymn..
603 860 642 888 ut
660 865 777 898 supra
798 854 835 887 in
853 853 1021 888 Rubrica

192 903 279 936 festi
307 903 471 946 ponitur.
496 902 578 937 250.

247 951 406 995 Reliqua
434 952 561 985 omnia
587 957 626 984 ut
652 951 690 984 in
716 950 777 984 die
803 950 901 993 festi,
926 960 1021 993 pra:-

191 1004 248 1033 tcr
271 1000 368 1034 Iicct.
395 1006 430 1034 ct
452 1000 538 1034 Ant.
565 1000 613 1033 ad
631 998 865 1032 Benedictus
891 1004 927 1032 et
945 998 1022 1032 Ma-

191 1047 355 1089 gnificat.
379 1058 465 1091 qua:
488 1047 651 1091 singulis
673 1047 810 1081 dicbus
831 1047 1022 1081 habentur

190 1096 370 1139 propriae.
396 1103 437 1130 ut
462 1096 644 1139 sequitur.

243 1144 297 1178 Dc
311 1144 511 1178 Dominica
525 1144 827 1187 inf1·a(‘)ctavam,
840 1144 878 1178 in
892 1154 1021 1187 quam-

190 1203 351 1235 cumque
379 1193 479 1226 diem
501 1192 658 1227 Octavio
684 1193 872 1234 inciderit,
896 1192 936 1226 fit
959 1191 1020 1226 Of-

190 1240 317 1274 ficium
339 1246 377 1274 ut
399 1240 496 1274 infra
519 1241 727 1275 ordinatur.
751 1240 824 1275 274.
850 1240 896 1274 Et
919 1240 956 1273 in
977 1250 1021 1273 ea

189 1289 346 1331 ponitur
367 1289 543 1331 Epistola
568 1289 691 1332 prima
717 1289 766 1323 ad
785 1288 1020 1323 Corinthios.

190 1337 345 1370 omissis
386 1337 634 1371 Lectionibus
673 1337 719 1371 dc
756 1337 933 1381 Epistola
972 1336 1021 1370 ad

189 1384 395 1419 Romanos.

155 1474 158 1478 ‚
241 1433 334 1467 Post
360 1433 601 1467 Dominicam
629 1444 722 1468 vcro
749 1434 1021 1467 continuantur

190 1481 272 1514 dics
298 1485 456 1515 Octava:
485 1482 621 1516 eodem
644 1492 821 1524 numero,
851 1492 928 1525 quo
955 1491 1021 1515 no-

190 1533 332 1566 tantur.
358 1530 517 1572 perinde.
544 1541 586 1564 ac
613 1530 645 1563 si
669 1531 779 1565 Dom.
805 1540 883 1564 non
908 1530 1021 1564 inter-

191 1578 383 1611 cessisset.
431 1578 609 1622 Exempli
634 1579 774 1621 gratia:
805 1578 844 1612 Si
869 1578 1020 1612 Domin.

190 1626 337 1659 venerit
373 1626 408 1659 in
446 1627 557 1660 tertia
594 1627 655 1660 dic
692 1627 790 1660 infra
825 1626 1021 1664 Octavam,

190 1674 311 1716 primu
342 1674 403 1707 dic
435 1680 522 1717 post
554 1675 662 1709 Dom.
688 1675 789 1709 Lect.
815 1675 860 1708 ΙΙ.
891 1679 927 1709 et
956 1674 1020 1708 ΠΙ.

189 1721 395 1757 Nocturni.
434 1728 469 1756 ct
505 1723 592 1756 Ant.
630 1723 678 1757 ad
715 1723 949 1757 Benedictus
986 1727 1021 1756 et

189 1769 419 1811 Magnificat.
442 1771 617 1805 dicentur
637 1771 683 1805 de
706 1772 817 1806 tertia
839 1772 901 1805 dic
923 1770 1021 1805 infra

190 1819 384 1853 Octavam.
404 1824 439 1852 ct
458 1818 512 1852 sic
532 1819 716 1862 deinceps
732 1820 778 1853 dc
797 1820 894 1853 aliis.
919 1819 1020 1853 Lect.

192 1871 317 1899 tarncn
337 1867 359 1900 Ι.
378 1867 485 1901 Noct.
504 1867 550 1901 dc
564 1868 741 1911 Epistola
759 1868 807 1902 ad
823 1868 1020 1902 Romanos

190 1914 423 1950 omittuntur.
444 1922 479 1949 ct
495 1926 565 1958 pro
586 1916 633 1949 iis
652 1922 854 1950 sumuntur
871 1915 917 1949 dc
932 1915 1021 1959 Epi-

190 1962 289 1995 stola
304 1963 426 2005 prima
443 1963 493 1997 ad
505 1964 740 2005 Corinthios,r
755 1974 842 2007 quae
856 1974 1020 2007 sequun-

189 2015 248 2042 tur
274 2017 360 2052 post
387 2011 507 2047 Hom:
535 2017 571 2046 ct
598 2012 643 2046 de
671 2023 714 2046 ca
740 2013 881 2056 legitur
906 2012 1020 2046 ctiam

191 2063 277 2099 post
312 2060 494 2092 Octavum
536 2071 654 2103 usquc
694 2061 741 2094 ad
776 2060 1021 2094 Dominicam

190 2112 422 2147 sequentem.

283 2269 290 2275 ¹
360 2222 391 2262 S
411 2232 437 2263 e
458 2232 483 2262 c
501 2232 535 2262 u
551 2233 587 2263 n
605 2222 638 2263 d
656 2233 687 2264 a
731 2223 772 2263 D
792 2222 809 2263 i
829 2233 855 2264 e

282 2269 389 2309 infra
419 2271 629 2312 Octavam
659 2274 927 2326 Epiphaniae.

435 2346 484 2384 In
502 2347 532 2386 Ι.
552 2348 586 2386 N
589 2350 776 2389 octurno.

299 2411 364 2450 De
385 2408 584 2462 Epistola
607 2408 663 2450 ad
683 2409 918 2451 Romanos.

320 2470 470 2513 Lectio
492 2474 514 2513 i.
733 2475 836 2527 Cap.
852 2477 889 2515 9.

258 2579 298 2596 Q
314 2575 317 2581 ,
333 2554 343 2563 f
354 2535 552 2577 eritatem
565 2535 664 2577 dieo
679 2536 721 2577 in
734 2535 920 2584 Christo,
936 2550 1022 2578 non

367 2592 571 2633 mentior:
599 2592 895 2633 testimonium
919 2593 1023 2634 mihi

242 2645 272 2669 ³*
370 2647 627 2701 perhibente
646 2649 910 2689 conscientia
926 2662 1023 2691 mea

197 2706 240 2746 in
256 2705 419 2758 Spiritu
437 2709 605 2746 sancto:
626 2705 830 2757 quoniam
850 2705 1024 2747 tristitia

196 2761 302 2803 mihi
320 2774 477 2812 magna
492 2766 568 2811 est,
589 2766 632 2803 et
652 2764 882 2803 continuus
898 2761 1025 2804 dolor

1074 321 1197 364 cordi
1211 335 1322 364 meo.
1342 323 1563 376 Optabam
1578 324 1692 366 enim
1707 337 1789 376 ego
1805 325 1900 378 ipse

1073 378 1305 420 anathema
1320 392 1417 421 esse
1433 392 1458 421 a
1473 380 1648 423 Christo
1662 394 1745 434 pro
1760 381 1901 422 fratri-

1072 435 1154 477 bus
1173 436 1298 485 meiS‚
1325 436 1398 488 qui
1417 442 1518 478 sunt
1538 439 1714 489 cognati
1731 437 1818 479 mei
1837 450 1900 479 se-

1073 491 1264 534 cundum
1281 505 1467 543 carnem,
1480 494 1554 546 qui
1569 498 1668 536 sunt
1678 493 1901 544 Israeliten,

1074 562 1259 602 quorum
1296 549 1477 602 adoptio
1512 554 1578 592 est
1611 550 1821 600 filiorum,
1857 555 1902 592 et

1071 606 1229 657 gloria,
1267 611 1311 648 et
1342 609 1670 657 testamentum,
1703 611 1746 648 et
1776 606 1901 658 legis-

1071 662 1195 713 latio,
1224 667 1268 705 et
1297 662 1574 716 obsequium,
1602 668 1645 706 et
1669 665 1902 716 promissa:

1074 732 1259 772 quorum
1289 725 1457 772 patres,
1490 725 1534 762 et
1566 733 1621 762 ex
1650 719 1808 772 quibus
1836 724 1902 762 est

1073 775 1271 818 Christus
1313 776 1554 818 secundum
1592 789 1786 826 carnem,
1828 776 1902 829 qui

1074 837 1140 874 est
1166 846 1298 886 super
1327 834 1473 875 Omnia
1497 833 1618 875 Deus
1645 833 1902 876 benedictus

1074 889 1117 930 in
1136 889 1308 931 saecula.
1336 890 1488 932 Amen.

1131 951 1181 1003 R.
1212 947 1317 988 Tria
1352 952 1452 989 sunt
1483 950 1665 990 munera
1698 947 1903 1000 pretiosa,

1075 1016 1174 1056 quae
1207 1003 1460 1046 obtulerunt
1488 1004 1605 1056 Magi
1635 1003 1826 1046 D6mino
1859 1004 1903 1045 in

1075 1059 1145 1102 die
1164 1061 1257 1110 ista,
1278 1066 1321 1102 et
1338 1060 1502 1103 habent
1520 1061 1564 1102 in
1584 1074 1632 1102 se
1651 1059 1798 1102 divina
1814 1073 1902 1113 my-

1075 1117 1224 1159 steria:
1265 1123 1287 1145 *
1317 1118 1368 1158 In
1400 1130 1527 1168 auro,
1563 1123 1611 1159 ut
1643 1116 1903 1159 ostendatur

1075 1174 1210 1225 Regis
1229 1175 1443 1227 potentia:
1468 1174 1511 1215 in
1530 1174 1674 1224 thure,
1693 1172 1903 1216 Sacerdo-

1074 1236 1163 1272 tem
1181 1244 1386 1283 magnum
1405 1230 1651 1272 considera:
1669 1235 1714 1272 et
1730 1230 1774 1271 in
1791 1242 1904 1283 myr-

1075 1287 1163 1338 rha7
1178 1287 1455 1329 Dominicam
1470 1287 1752 1341 sepulturam.
1771 1283 1821 1336 ΥΤ.
1831 1287 1904 1329 Sa-

1074 1343 1177 1386 lutis
1202 1350 1367 1386 nostrae
1392 1346 1617 1387 auct6rem
1635 1344 1754 1395 Magi
1776 1356 1904 1385 vene-

1075 1401 1158 1443 rati
1185 1406 1285 1444 sunt
1312 1402 1355 1443 in
1384 1401 1630 1452 cunabulis,
1659 1405 1703 1443 et
1730 1400 1786 1443 de
1813 1400 1904 1442 the-

1074 1458 1214 1500 sauris
1247 1459 1336 1500 suis
1363 1458 1572 1511 mysticas
1604 1458 1644 1500 ei
1675 1460 1905 1500 munerum

1074 1515 1244 1568 species
1264 1515 1525 1557 obtulerunt.
1552 1516 1604 1556 In
1623 1527 1741 1557 auro.

1385 1574 1536 1615 Lectio
1555 1574 1594 1614 ii.

1169 1642 1226 1672 on
1254 1635 1402 1671 autem
1427 1628 1547 1682 quod
1575 1628 1787 1671 exciderit
1811 1640 1903 1670 ver-

1185 1686 1289 1728 bum
1316 1686 1412 1727 Dei.
1464 1685 1567 1727 Non
1601 1685 1716 1727 enim
1751 1697 1904 1727 omnes

1075 1742 1149 1795 qui
1163 1755 1218 1784 ex
1231 1741 1368 1784 Israel
1387 1747 1498 1792 sunt,
1516 1742 1546 1783 ii
1562 1746 1664 1784 sunt
1676 1741 1904 1784 Israelitae:

1073 1812 1215 1852 neque
1258 1799 1332 1852 qui
1372 1811 1522 1841 semen
1562 1803 1663 1841 sunt
1700 1797 1904 1848 Abrahae,

1074 1869 1227 1898 omnes
1245 1855 1340 1897 filii:
1368 1855 1448 1898 sed
1466 1856 1509 1897 in
1527 1856 1653 1898 Isaac
1673 1854 1904 1897 vocabitur

1074 1912 1153 1955 tibi
1173 1925 1337 1955 semen:
1355 1912 1401 1955 id
1420 1918 1496 1962 est,
1515 1925 1604 1954 non
1624 1912 1698 1966 qui
1717 1911 1795 1953 filii
1813 1923 1904 1953 car·

1075 1970 1159 2020 nis,
1187 1969 1231 2011 hi
1258 1969 1335 2010 filii
1359 1969 1461 2011 Dei:
1492 1969 1571 2011 sed
1597 1969 1671 2022 qui
1698 1967 1775 2010 filii
1802 1971 1904 2010 sunt

1076 2026 1394 2079 promissionis,
1417 2026 1690 2068 aestimantur
1711 2025 1756 2066 in
1780 2024 1904 2066 semi·

1077 2096 1142 2125 ne.
1169 2083 1478 2124 Promissionis
1494 2082 1610 2124 enim
1624 2081 1806 2124 verbum
1820 2081 1905 2123 hoc

1078 2145 1158 2182 est:
1173 2139 1422 2181 Secundum
1431 2139 1518 2181 hoc
1530 2144 1706 2192 tempus
1720 2138 1904 2180 veniam:

1078 2202 1122 2239 et
1144 2196 1226 2238 erit
1243 2196 1363 2237 Sarae
1386 2195 1511 2237 filius.
1547 2196 1649 2237 Non
1672 2194 1814 2237 solum
1833 2207 1904 2235 au-

1077 2259 1166 2295 tem
1196 2252 1288 2293 illa:
1320 2251 1399 2294 sed
1430 2257 1474 2294 et
1501 2251 1705 2294 Rebecca
1734 2264 1789 2293 ex
1816 2262 1903 2292 uno

1078 2308 1313 2352 concubitu
1358 2308 1549 2358 habens,
1597 2309 1723 2350 Isaac
1766 2307 1904 2360 patris

1078 2366 1226 2408 nostri.

1127 2426 1177 2478 R.
1210 2423 1260 2463 In
1293 2421 1510 2463 columbae
1542 2421 1689 2474 specie
1717 2420 1904 2474 Spiritus

1078 2484 1254 2521 sanctus
1274 2478 1393 2519 visus
1414 2483 1495 2527 est,
1519 2478 1706 2519 Paterna
1726 2490 1813 2519 vox
1831 2489 1903 2518 au-

1079 2536 1170 2578 dita
1194 2539 1275 2577 est:
1295 2539 1318 2563 ¹⁸¹
1343 2535 1427 2576 Hic
1451 2539 1518 2576 est
1537 2534 1672 2575 Filius
1695 2547 1818 2576 meus
1842 2532 1903 2575 di-

1079 2593 1233 2642 lectus,
1260 2591 1303 2632 in
1331 2604 1418 2644 quo
1443 2591 1549 2632 mihi
1575 2591 1685 2632 bene
1714 2589 1903 2643 compla-

1078 2650 1158 2691 cui.
1214 2645 1262 2697 Ψ.
1299 2648 1409 2690 Coeli
1450 2648 1591 2701 aperti
1633 2653 1733 2690 sunt
1773 2658 1904 2700 super

1078 2719 1195 2756 eum,
1228 2711 1271 2747 et
1299 2717 1385 2747 vox
1410 2704 1554 2746 Patris
1581 2704 1778 2746 intonuit.
1817 2702 1903 2744 Hic

1078 2768 1145 2804 est
1163 2762 1307 2803 Filius.
