2080 2990
604 218 813 252 Commune
840 216 1086 251 Conscssoris
1112 226 1188 249 non
1214 216 1422 250 I‘ontiiicis.

202 312 537 366 Apprehendite
574 312 866 365 disciplinam,
907 324 978 352 ne-

153 368 329 421 quando
366 368 581 410 irascatur
614 368 850 418 Dominus,
878 368 902 393 *
936 371 980 408 et

150 424 343 477 pereatis
363 424 418 466 de
437 425 508 466 via
527 426 650 476 justa.

203 480 313 522 Cum
338 481 552 522 exarserit
576 481 621 521 in
645 480 770 522 brevi
794 480 858 520 ira
878 480 980 531 ejus,

151 537 175 562 *
192 536 312 578 beati
332 549 496 586 omnes
517 537 592 588 qui
612 536 840 578 confidunt
856 535 901 575 in
917 547 981 576 eo.

212 605 311 643 Ant.
352 604 514 643 Beatus
546 601 630 643 iste
665 606 861 650 sanctus,
907 600 982 651 qui

153 657 346 699 confisus
363 662 430 699 est
444 658 489 698 in
502 658 707 707 Dumino‚
721 656 983 710 praedicavit

152 715 426 766 praeceptum
470 714 665 763 D6mini,
714 712 983 755 constitutus

156 775 223 812 est
242 770 286 810 in
304 774 455 812 monte
475 774 629 811 sancto
650 771 752 822 ejus.

211 836 309 876 Ant.
338 835 402 876 Tu
428 847 483 876 es>
502 835 642 886 gluria
668 847 780 884 mea,
807 834 831 860 *
858 838 908 875 tu
938 846 984 875 es

156 891 389 943 susceptor
414 903 538 932 meus
561 891 767 932 Demine:
794 895 843 931 tu
870 889 984 931 exal—

154 950 253 987 tans
273 951 406 999 caput
426 959 588 996 meum,
612 951 656 988 et
676 946 895 988 exaudisti
914 958 985 987 me

156 1001 211 1044 de
230 1007 382 1044 monte
401 1008 555 1044 sancto
574 1007 663 1044 tuo.

444 1085 643 1125 Psalmus
668 1087 703 1123 3.

246 1155 391 1196 omine
428 1154 535 1206 quid
572 1154 851 1207 multiplicati
886 1158 987 1195 sunt

262 1211 336 1262 qui
360 1210 573 1252 tribulant
600 1210 693 1252 me?
721 1211 745 1236 *
772 1210 900 1251 multi
926 1210 985 1250 in-

158 1270 342 1319 surgunt
361 1266 595 1308 adversum
615 1280 696 1308 me.

210 1323 338 1364 Multi
358 1323 509 1364 dicunt
529 1323 686 1364 animae
700 1336 827 1364 meae:
846 1323 870 1350 *
885 1322 988 1363 Non

159 1384 227 1421 est
246 1379 364 1420 salus
381 1379 468 1431 ipsi
485 1379 530 1419 in
548 1379 645 1420 Deo
666 1380 767 1431 ejus.

210 1435 279 1476 Tu
327 1439 476 1476 autem
520 1435 711 1477 Domine
756 1436 988 1487 susceptor

158 1504 284 1533 meus
304 1504 366 1541 es,
386 1491 410 1516 *
429 1491 568 1542 gloria
587 1503 702 1541 mea,
726 1496 770 1533 et
789 1491 988 1532 exaltans

159 1552 293 1600 caput
311 1560 469 1591 meum.

210 1604 336 1646 Voce
361 1616 460 1645 mea
484 1603 542 1644 ad
566 1603 804 1644 Dominum
833 1603 989 1644 clama-

160 1660 224 1701 vi:
254 1661 278 1685 *
311 1665 355 1701 et
385 1659 610 1702 exaudivit
645 1672 716 1701 me
746 1659 802 1701 de
840 1663 990 1700 monte

159 1721 312 1758 sancto
340 1729 431 1758 suo.

210 1772 307 1824 Ego
328 1772 529 1822 dormivi,
557 1776 601 1813 et
624 1774 860 1824 soporatus
879 1784 990 1812 sum:

160 1830 184 1856 *
204 1833 248 1870 et
273 1829 515 1879 exsurrexi,
542 1828 645 1880 quia
664 1828 881 1869 Dominus
899 1840 989 1868 sus-

161 1884 279 1937 cepit
296 1898 377 1926 me.

212 1940 315 1982 Non
352 1940 518 1983 timebo
550 1940 687 1981 millia
722 1940 879 1993 pupuli
912 1940 991 1981 cir-

162 1996 409 2039 cumdantis
434 2009 519 2038 me:
538 1998 562 2024 *
581 2000 768 2047 exsurge
791 1996 991 2045 Domine,

163 2053 333 2094 salvum
353 2065 424 2094 me
444 2052 514 2093 fac
534 2053 657 2094 Deus
675 2065 811 2094 meus.

215 2109 434 2159 Quoniam
466 2114 515 2150 tu
550 2108 808 2161 percussisti
840 2120 992 2149 omnes

163 2164 450 2207 adversantes
468 2164 575 2205 mihi
591 2164 684 2206 sine
699 2176 845 2206 causa:
855 2165 879 2191 *
891 2163 991 2205 den-

163 2225 232 2263 tes
250 2223 537 2274 peccatorum
556 2220 814 2262 contrivisti.

217 2278 396 2319 Demini
416 2281 484 2319 est
507 2277 641 2318 salus:
658 2278 682 2304 *
702 2281 746 2318 et
766 2289 898 2329 super
916 2277 992 2328 po-

166 2333 318 2386 pulum
335 2338 459 2375 tuum
476 2332 727 2375 benedictio
747 2338 833 2374 tua.

215 2388 315 2430 Ant.
360 2389 427 2430 Tu
463 2402 510 2430 es
542 2389 682 2440 gloria
718 2401 831 2438 mea,
864 2393 912 2429 tu
947 2400 993 2429 es

167 2447 397 2498 susceptor
424 2458 548 2486 meus
572 2445 777 2486 Domine:
804 2449 853 2485 tu
879 2443 993 2485 exal-

165 2506 263 2543 tans
281 2506 414 2553 caput
431 2514 594 2551 meum,
623 2506 667 2543 et
691 2500 908 2542 exaudisti
923 2512 994 2540 me

167 2557 223 2598 de
239 2562 389 2598 monte
409 2562 562 2598 sancto
580 2562 671 2598 tuo.

218 2605 268 2656 V·
297 2612 474 2654 Amavit
494 2626 594 2654 eum
612 2613 838 2662 Dominus,
864 2616 908 2653 et
928 2623 994 2652 or-

166 2669 288 2710 navit
320 2681 429 2710 eum.
466 2668 516 2718 R.
550 2668 719 2710 Stolam
750 2668 902 2720 glotiae
934 2670 994 2708 in-

168 2724 264 2766 duit
283 2737 392 2766 eum.

320 2864 385 2890 Pars
401 2865 535 2890 Hiemalis.

1089 311 1218 351 Pater
1236 314 1398 351 noster.

1091 370 1338 411 Absolutis).
1358 369 1530 411 Exaudi
1548 370 1748 411 Demine.

1093 426 1143 477 V.
1161 429 1274 472 Jube
1302 429 1474 471 domne.

1094 491 1253 532 Bened.
1288 490 1606 531 Benedictione
1636 491 1863 542 perpetua.

1210 560 1275 600 De
1301 558 1416 600 libro
1442 558 1691 611 Sapientiae.

1146 620 1330 660 Lectn)
1322 635 1343 658 ι
1450 620 1481 658 (
1486 631 1551 669 ‘lp
1564 620 1599 657 4
1618 618 1655 657 b
1673 624 1713 657 ct
1731 620 1766 656 Γ.)

1039 693 1101 735 χῖ
1111 692 1141 735 5⁴5:
1151 684 1276 721 ustus
1301 680 1338 720 si
1362 684 1506 721 morte
1525 680 1864 731 praeoccupatus

1040 734 1130 796 151,
1106 732 1131 771 ἐ
1164 736 1306 786 fuerit,
1333 736 1377 776 in
1404 736 1630 787 refrigerio
1659 735 1752 776 erit.
1793 735 1864 775 Se-

1142 803 1143 806 ’
1164 793 1318 833 nectus
1354 792 1469 833 enim
1503 790 1766 833 venerabilis
1800 795 1867 831 est

1037 860 1126 888 non
1146 847 1368 897 diuturna,
1394 860 1538 900 neque
1558 849 1773 888 annorum
1792 849 1867 887 nu-

1037 916 1160 945 mero
1181 906 1453 957 computata:
1480 904 1578 945 cani
1601 908 1750 944 autem
1768 907 1869 943 sunt

1039 973 1194 1001 sensus
1211 960 1417 1010 hominis,
1437 964 1480 1002 et
1499 964 1608 1001 aetas
1628 958 1868 1000 senectutis

1039 1017 1129 1057 vita
1152 1016 1443 1058 immaculata.
1478 1016 1663 1057 Placens
1680 1016 1783 1057 Deo
1810 1015 1868 1055 fa-

1040 1078 1137 1114 ctus
1166 1077 1234 1114 est
1263 1072 1467 1122 dilectuS‚
1503 1077 1547 1114 et
1574 1072 1727 1113 vivens
1755 1072 1870 1112 inter

1039 1130 1298 1181 peccatures
1318 1129 1557 1170 translatus
1582 1133 1660 1169 est.
1695 1128 1869 1180 Raptus

1041 1190 1107 1226 est
1128 1198 1183 1226 ne
1203 1185 1368 1226 malitia
1387 1187 1578 1226 mutaret
1598 1183 1870 1225 intellectum

1041 1242 1148 1293 ejuS‚
1181 1246 1257 1282 aut
1289 1254 1343 1282 ne
1376 1241 1498 1282 fictio
1527 1240 1754 1292 deciperet
1782 1240 1869 1280 ani-

1040 1310 1157 1338 mam
1179 1297 1305 1338 illius.
1332 1297 1584 1338 Fascinatio
1605 1296 1720 1337 enim
1738 1308 1869 1346 nuga-

1041 1353 1188 1395 citatis
1207 1353 1416 1395 obscurat
1426 1353 1554 1403 bona,
1571 1357 1615 1394 et
1625 1352 1870 1393 inconstan-

1041 1409 1103 1450 tia
1118 1410 1491 1462 concupiscentiae
1505 1408 1762 1450 transvertit
1777 1421 1871 1449 sen-

1042 1479 1139 1507 sum
1159 1466 1251 1507 sine
1269 1466 1446 1507 malitia.
1475 1465 1813 1506 Consummatus
1828 1464 1872 1504 in

1042 1522 1166 1563 brevi
1187 1522 1379 1574 explevit
1393 1524 1596 1574 tempora
1611 1520 1763 1561 multa:
1782 1519 1871 1572 pla-

1043 1579 1131 1620 cita
1159 1579 1274 1619 enim
1307 1583 1402 1620 erat
1430 1579 1528 1619 Deo
1562 1577 1706 1618 anima
1740 1575 1873 1617 illius:

1042 1639 1226 1687 propter
1246 1634 1330 1675 hoc
1349 1633 1606 1687 properavit
1621 1632 1810 1674 educere
1826 1631 1872 1672 il-

1042 1691 1134 1732 lum
1154 1689 1209 1732 de
1227 1690 1373 1732 medio
1392 1690 1683 1741 iniquitatum.

1096 1750 1147 1802 R.
1175 1752 1304 1815 Euge
1337 1763 1463 1792 serve
1496 1750 1612 1791 bone
1646 1755 1690 1791 et
1718 1748 1873 1798 fidelis,

1045 1808 1147 1860 quia
1172 1806 1216 1847 in
1242 1819 1384 1859 pauca
1408 1806 1529 1847 fuisti
1554 1805 1714 1855 fidelis,
1740 1817 1875 1857 supra

1043 1863 1182 1905 multa
1193 1868 1238 1904 te
1254 1865 1534 1921 constituam:
1544 1860 1567 1884 *
1578 1861 1724 1902 Intra'
1713 1874 1757 1901 ιιι
1771 1863 1873 1911 gau-

1047 1919 1168 1962 dium
1185 1919 1364 1960 Dumini
1383 1918 1459 1959 tui.
1489 1909 1539 1960 Y
1563 1917 1661 1959 Dne
1681 1917 1874 1968 quinque

1044 1976 1210 2017 talenta
1241 1974 1464 2016 tradidisti
1495 1973 1621 2023 mihi,
1655 1985 1757 2014 ecce
1789 1972 1875 2013 alia

1046 2032 1243 2084 quinque·
1259 2030 1590 2083 superlucratus
1610 2042 1717 2070 sum.
1742 2029 1874 2070 Intra.

1099 2091 1262 2132 Bened.
1292 2091 1548 2143 [inigenitus
1566 2090 1652 2131 Dei
1668 2089 1816 2131 Filius.

1358 2154 1511 2194 Lectio
1534 2154 1574 2193 ii.

1132 2217 1254 2270 opuli
1282 2221 1430 2258 autem
1456 2215 1677 2264 videntes,
1714 2219 1759 2255 et
1786 2226 1874 2255 non

1149 2273 1455 2324 intelligentes,
1482 2284 1565 2314 nec
1591 2273 1808 2324 ponentes
1829 2270 1873 2310 in

1045 2329 1306 2382 praecordiis
1338 2328 1459 2370 talia:
1494 2327 1702 2380 quomam
1732 2325 1875 2377 gratia

1045 2386 1131 2427 Dei
1158 2390 1202 2427 et
1225 2384 1528 2427 misericordia
1548 2388 1615 2425 est
1634 2383 1678 2423 in
1697 2385 1874 2422 sanctos

1048 2443 1152 2493 ejus,
1182 2446 1226 2483 et
1246 2443 1475 2494 respectus
1499 2441 1543 2481 in
1565 2439 1729 2481 electos
1748 2437 1875 2478 illius.

1048 2497 1322 2540 Condemnat
1352 2501 1499 2538 autem
1517 2497 1655 2548 justus
1673 2495 1874 2535 mortuus

1046 2555 1172 2596 vivos
1191 2554 1367 2607 impios,
1396 2558 1440 2595 et
1467 2553 1667 2604 juventus
1690 2549 1874 2591 celerius

1047 2612 1351 2652 consummata
1367 2609 1545 2660 longam
1563 2607 1700 2648 vitam
1718 2603 1874 2655 injusti.

1050 2666 1274 2708 Videbunt
1293 2666 1408 2708 enim
1427 2665 1560 2705 finem
1578 2660 1802 2724 sapientis,
1831 2663 1875 2700 et

1047 2735 1136 2764 non
1154 2722 1398 2774 intelligent
1419 2719 1526 2772 quid
1545 2715 1804 2769 cogitaverit
1818 2713 1874 2756 de

1615 2848 1667 2880 Ε*
