2080 2990
209 194 274 227 466
591 196 635 228 Di

210 301 363 329 meam.
415 287 474 329 Et
505 288 653 330 statim
679 289 826 331 veniet
852 288 909 331 ad
935 295 1040 331 tem-

210 344 333 396 plum
368 349 567 385 sanctum
605 358 732 386 suum
769 346 1042 394 Dominator,

212 412 341 451 quem
364 412 445 441 vos
470 400 676 452 quaeritis,
700 406 745 443 et
764 402 959 452 Angelus
982 406 1042 442 te-

210 456 423 505 stamenti,
444 469 574 507 quem
591 470 672 498 vos
690 458 833 499 vultis.

520 528 558 566 1⁷1
562 539 729 578 ymnus.

390 604 443 632 ve
462 591 595 632 maris
614 591 751 640 stella,

426 647 508 688 Dei
528 647 669 688 Mater
689 646 813 695 alma,

366 704 514 754 Atque
534 715 709 755 semper
727 703 878 754 Virgo,

365 759 489 800 Felix
509 758 610 800 coeli
628 764 768 811 porta.

312 831 497 869 Sumens
515 826 623 868 illud
643 826 739 868 Ave

368 883 585 925 Gabrielis
606 896 693 933 ore,

365 939 521 981 Funda
538 952 620 980 nos
638 940 682 979 in
700 953 821 992 pace,

364 996 539 1037 Mutans
559 996 699 1037 Hevae
719 1009 889 1038 nomen.

312 1065 444 1106 Solve
464 1063 607 1106 vincla
625 1064 722 1113 reis,

363 1121 519 1161 Profer
537 1120 683 1161 lumen
704 1121 845 1172 caecis,

364 1176 483 1217 Mala
500 1181 651 1217 nostra
670 1176 797 1228 pelle,

363 1233 490 1274 Bona
510 1236 667 1273 cuncta
686 1245 836 1284 posce.

316 1303 511 1341 Monstra
529 1305 574 1341 te
594 1312 692 1341 esse
711 1306 906 1351 matrem,

363 1356 515 1397 Sumat
534 1368 614 1408 per
631 1361 676 1397 te
695 1369 863 1408 preces,

364 1412 449 1462 Qui
467 1424 550 1465 pro
570 1412 698 1454 nobis
716 1418 857 1463 natus,

363 1468 484 1510 Tulit
503 1480 600 1509 esse
619 1474 732 1509 tuus.

318 1536 451 1587 Virgo
472 1537 714 1587 singularis,

362 1593 483 1634 Inter
502 1605 654 1634 omnes
673 1593 801 1643 mitis,

362 1648 458 1689 Nos
479 1648 618 1700 culpis
638 1649 810 1690 solutos

363 1704 493 1746 Mites
512 1704 582 1745 fac
602 1709 646 1746 et
665 1710 824 1746 castos.

314 1773 460 1815 Vitam
478 1779 643 1826 praesta
661 1787 828 1826 puram,

361 1830 452 1871 Iter
471 1842 579 1882 para
598 1834 751 1880 tutum,

361 1885 422 1927 Ut
439 1884 640 1927 videntes
659 1886 685 1926 J
687 1898 821 1935 esum,

361 1941 544 1994 Semper
564 1941 846 1983 collaetemur.

312 2010 375 2052 Sit
394 2010 490 2051 laus
508 2010 606 2052 Deo
626 2011 756 2061 Patri,

362 2066 541 2108 Summo
563 2066 737 2109 Christo
759 2066 904 2118 decus,

362 2121 541 2174 Spiritui
564 2128 728 2172 sancto,

363 2177 524 2220 Tribus
542 2177 685 2219 honor
703 2192 826 2220 unus.
855 2179 1007 2220 Amen.

262 2244 309 2294 ΥΤ.
346 2246 627 2297 Responsum
663 2245 835 2297 accepit
864 2246 1040 2287 Simeon

206 2314 232 2342 a
252 2301 419 2354 Spiritu
442 2306 606 2342 sancto.
642 2302 693 2353 Rg.
720 2301 822 2342 Non
845 2301 1040 2342 visurum

207 2371 255 2399 50
282 2362 487 2407 1110110111,
514 2356 597 2398 11151
623 2356 793 2398 videret
820 2357 1040 2399 Christum

205 2413 395 2456 Domini.

263 2472 331 2514 Ad
363 2473 532 2521 Magnis.
562 2475 658 2514 Ant.
686 2475 828 2514 Senex
851 2475 1040 2525 puerum

205 2529 431 2582 portabat,
454 2541 565 2581 puer
584 2534 730 2571 autem
750 2541 899 2570 senem
918 2531 1038 2580 rege-

206 2585 303 2627 bat:
335 2598 467 2637 quem
493 2585 617 2635 virgo
645 2585 838 2637 peperit,
866 2590 910 2626 et
936 2590 1040 2637 post

206 2647 382 2695 partum
426 2641 550 2692 virgo
592 2641 851 2693 permensit:
894 2641 1040 2693 ipsum

208 2710 340 2751 quem
357 2697 518 2748 genuit,
537 2696 749 2739 adoravit.

641 210 658 229 c
685 199 713 229 2.
745 197 950 230 Februarii.
1002 198 1038 231 111
1069 198 1336 230 l'uriticutiouc
1367 197 1402 230 13.
1430 198 1474 231 M.
1498 197 1539 230 Υ.

1431 291 1596 332 Oratio.
1690 341 1699 346 ‚

1178 349 1427 399 mnipotens
1482 347 1746 400 sempiterne
1793 349 1926 397 Deus,

1194 404 1467 455 majestatem
1478 408 1601 444 1113111
1618 404 1840 457 supplices
1856 417 1926 446 ex-

1096 462 1286 501 oramus:
1312 464 1371 509 ut,
1394 459 1507 501 sicut
1523 459 1771 510 unigenitus
1788 460 1926 501 Filius

1094 521 1195 557 tuus
1214 514 1428 557 hodierna
1445 514 1515 557 die
1536 527 1635 556 cum
1651 522 1816 558 nostrae
1836 529 1926 558 031-

1094 572 1161 613 1115
1189 571 1432 613 substantia
1459 571 1502 612 in
1528 571 1696 624 templo
1722 577 1791 614 est
1814 585 1926 626 prae-

1096 630 1307 677 sentetus3
1334 627 1396 669 ita
1417 639 1500 668 nos
1525 627 1660 668 facias
1683 627 1927 680 purificatis

1094 683 1174 726 tibi
1188 683 1407 725 mentibus
1422 683 1693 736 praesentari.
1710 684 1796 727 Per
1810 687 1927 726 011111-

1096 739 1196 781 dem
1216 739 1463 781 Dominum.

1149 805 1194 838 Et
1221 805 1258 838 rit
1283 804 1596 839 commemoratio
1623 804 1785 847 praeced.

1148 862 1246 902 Ant.
1284 856 1369 910 Qui
1402 857 1496 899 vult
1529 859 1678 899 venire
1711 861 1816 909 post
1846 869 1927 907 me,

1096 912 1285 963 abneget
1305 915 1604 966 semetipsum,
1627 918 1671 954 et
1687 912 1815 954 tollat
1835 925 1927 954 cru-

1096 982 1191 1011 cem
1211 981 1345 1018 suam,
1366 974 1410 1010 01
1428 972 1638 1021 sequatur
1657 982 1741 1010 1110.

1148 1025 1199 1076 Y.
1249 1029 1274 1069 J
1276 1034 1400 1070 ustus
1449 1035 1497 1071 ut
1546 1029 1694 1082 palma
1741 1027 1928 1070 florebit.

1097 1087 1144 1138 Ix‘g.
1181 1086 1302 1126 Sicut
1338 1084 1496 1127 cedrus
1532 1085 1689 1128 Libani
1723 1083 1927 1136 multipli-

1095 1141 1276 1182 cabitur.

1148 1202 1311 1241 Oratio.
1343 1200 1652 1243 Infirmitatem.
1680 1201 1776 1242 462.

1149 1262 1206 1295 Ad
1234 1263 1538 1304 Completorium
1570 1269 1605 1297 et
1634 1273 1703 1306 per
1730 1263 1857 1297 Horas
1888 1263 1923 1296 in

1097 1312 1166 1343 rinc
1197 1310 1433 1352 llymnorum
1459 1311 1600 1344 dicitur

1177 1361 1287 1410 jesu,
1307 1359 1387 1402 tibi
1406 1360 1461 1402 sit
1480 1359 1630 1410 gloria,

1225 1416 1309 1467 Qui
1327 1421 1456 1458 natus
1476 1428 1523 1458 es
1543 1415 1600 1458 de
1618 1416 1811 1467 Virgine.

1302 1491 1382 1533 Ad
1399 1491 1722 1533 matutinum.

1149 1553 1270 1593 Invit.
1316 1553 1429 1591 Ecce
1466 1549 1586 1591 venit
1622 1548 1680 1591 ad
1714 1549 1928 1603 templum

1094 1611 1293 1647 sanctum
1327 1618 1455 1646 suum
1484 1605 1748 1648 Dominator
1779 1606 1927 1661 Domi-

1093 1675 1194 1703 nus:
1222 1667 1244 1688 ²*
1273 1661 1429 1703 Gaude
1456 1667 1500 1704 et
1526 1661 1678 1704 1301310
1705 1662 1828 1713 Sion,
1855 1675 1926 1704 oc-

1094 1721 1274 1760 currens
1292 1718 1390 1767 Deo
1409 1722 1498 1759 tuo.

1148 1779 1213 1817 Ps.
1256 1779 1419 1828 Venite,
1437 1777 1718 1819 exsultemus.
1735 1779 1774 1819 2.

1149 1841 1302 1883 Hymn..
1332 1842 1433 1875 Ant..
1462 1841 1522 1874 1³5.
1549 1847 1583 1875 ct
1608 1837 1690 1882 ῩῩ.
1715 1842 1824 1876 Noet.
1851 1842 1922 1876 dic.

1095 1896 1133 1922 ut
1163 1889 1195 1921 in
1227 1888 1333 1922 sestis
1360 1889 1399 1922 Β.
1424 1888 1469 1922 M.
1494 1889 1535 1921 V.
1565 1885 1656 1930 [135]

1295 1956 1353 1994 In
1381 1956 1409 1994 Ι.
1439 1956 1722 1996 Nocturno.

1323 2019 1391 2058 De
1409 2016 1524 2059 libro
1543 2017 1700 2059 Exodi.

1198 2078 1380 2119 Lectio
1370 2093 1393 2118 1.
1643 2081 1746 2133 Cap.
1763 2083 1819 2122 13.

1098 2158 1099 2163 ¹
1137 2141 1370 2195 εςξζμ100111115
1394 2142 1462 2180 051
1482 2137 1698 2179 Dominus
1724 2137 1782 2180 ad
1803 2138 1924 2191 Moy-

1097 2197 1098 2228 1
1136 2181 1206 2254 1)“
1229 2206 1325 2244 5011,
1358 2193 1528 2235 dicens:
1561 2194 1795 2236 Sanctifica
1820 2194 1925 2236 mihi

1152 2252 1155 2255 ’
1203 2253 1204 2266 ’
1229 2262 1358 2291 0111110
1411 2249 1753 2302 primogenitum
1804 2250 1926 2302 quod

1093 2305 1235 2358 aperit
1259 2305 1471 2347 vulvam'
1460 2318 1505 2346 m
1528 2305 1629 2346 filiis
1653 2305 1807 2356 Israel,
1834 2311 1926 2347 tam

1093 2360 1149 2404 de
1180 2360 1429 2402 hominibus
1460 2373 1592 2412 quam
1620 2361 1676 2403 de
1708 2362 1926 2414 jumentis:

1090 2429 1191 2458 mea
1210 2422 1310 2458 sunt
1328 2416 1443 2458 enim
1462 2417 1618 2458 omnia.
1649 2417 1707 2459 Et
1726 2417 1786 2459 ait
1803 2417 1924 2470 Moy-

1092 2486 1163 2515 ses
1183 2471 1241 2514 ad
1257 2472 1485 2525 pepulum:
1505 2472 1615 2513 Cum
1633 2472 1925 2515 introduxerit

1091 2534 1135 2571 te
1162 2528 1378 2570 Dominus
1410 2527 1454 2568 in
1485 2533 1649 2570 terram
1679 2528 1924 2578 Chanana'ei,

1093 2585 1205 2627 sicut
1232 2583 1388 2637 jurevit
1419 2583 1499 2625 tibi
1529 2589 1573 2626 et
1599 2584 1799 2636 patribus
1826 2584 1924 2634 tuis,

1092 2647 1136 2683 et
1150 2639 1322 2683 dederit
1333 2639 1414 2681 tibi
1427 2652 1539 2681 eam:
1554 2641 1780 2693 separabis
1795 2652 1923 2682 omne

1093 2695 1216 2750 quod
1250 2696 1391 2749 aperit
1424 2695 1600 2738 vulvam
1633 2696 1845 2747 Domino,
1879 2701 1925 2738 'et
