2040 2990
185 200 251 236 148

681 202 778 235 Infra
808 201 1101 234 Hebdomadam
1126 201 1170 234 ΙΙ.
1199 201 1411 235 Adventus.

183 296 307 337 bunt:
343 299 643 350 unusquisque
676 299 733 340 ad
764 299 1013 352 proximum

182 365 307 393 suum
344 353 555 405 stupebit,
596 354 730 396 facies
768 355 1012 397 combustae

182 408 327 449 vultus
347 411 510 450 eorum.

238 476 286 515 R·.
309 473 535 516 Laetentur
555 476 667 517 coeli.
686 477 773 517 138.

487 549 635 590 Lectio
656 550 709 589 iii.

270 624 346 653 cce
363 612 456 655 dies
474 614 652 655 Domini
673 615 831 664 veniet,
861 614 1011 656 crude-

271 667 340 718 lis,
369 674 412 710 et
436 670 747 721 indignationis
771 671 941 723 plenus,
970 675 1013 711 et

182 723 269 773 irae,
297 724 555 778 furorisque,
584 726 641 769 ad
659 726 908 779 ponendam
928 732 1012 768 ter-

181 791 275 820 ram
293 780 336 820 in
362 781 660 832 solitudinem,
685 788 728 824 et
753 785 1012 836 peccatores

181 835 272 886 ejus
299 838 593 880 conterendos
617 840 671 881 de
697 852 758 881 ea.
795 839 1013 890 Quoniam

181 891 319 933 stellae
335 894 446 943 coeli,
467 900 510 936 et
529 896 739 948 splendor
759 898 909 937 earum
924 908 1012 937 non

181 949 434 1000 expandent
467 951 614 993 lumen
650 966 791 994 suum:
834 952 1011 994 obtene-

180 1003 333 1046 bratus
360 1012 427 1048 est
451 1008 518 1049 sol
537 1008 580 1048 in
600 1014 701 1050 ortu
721 1022 819 1058 suo,
848 1013 891 1049 et
910 1008 1012 1049 luna

180 1073 267 1101 non
297 1062 547 1114 splendebit
569 1065 613 1105 in
637 1065 800 1106 lumine
827 1078 918 1106 suo.
955 1065 1012 1106 Et

179 1116 367 1159 visitabo
388 1132 521 1172 super
541 1120 661 1162 orbis
685 1121 815 1171 mala,
842 1126 885 1162 et
911 1133 1011 1162 con-

179 1177 247 1214 tra
275 1175 434 1227 impios
462 1177 740 1229 iniquitatem
770 1180 939 1226 eorum,
968 1182 1012 1218 et

180 1229 405 1280 quiescere
438 1232 594 1274 faciam
635 1233 886 1287 superbiam
920 1233 1010 1274 infi-

179 1283 352 1336 delium,
373 1292 416 1329 et
431 1290 727 1340 arrogantiam
742 1290 921 1332 fortium
936 1289 1010 1330 hu-

177 1341 368 1384 miliabo.

235 1412 284 1462 R».
307 1407 451 1449 Alieni
470 1422 558 1450 non
578 1410 835 1452 transibunt.
856 1412 942 1452 138.

237 1485 305 1526 Ad
327 1486 486 1526 Bened.
515 1487 613 1526 Ant.
642 1487 708 1525 De
731 1484 845 1526 coelo
866 1484 1012 1526 veniet

178 1535 202 1559 ¹⁸¹
221 1535 485 1579 Dominator
504 1539 732 1590 Dominus,
754 1546 798 1582 et
817 1541 861 1581 in
880 1554 1012 1582 manu

180 1592 270 1641 ejus
290 1591 431 1634 honor
451 1599 494 1636 et
513 1595 756 1648 imperium.

239 1668 365 1702 Hodie
392 1668 533 1702 dicitur
557 1668 662 1702 Offie.
687 1668 862 1703 Det'unct.

236 1728 306 1768 Ad
344 1728 518 1776 Magnis.
564 1730 664 1769 Ant.
717 1729 829 1769 Ecce
867 1728 1012 1769 veniet

182 1778 279 1819 Rex
297 1779 321 1804 *
339 1780 555 1822 Dominus
583 1788 733 1834 terrae,
763 1789 807 1826 et
826 1784 920 1837 ipse
941 1787 1011 1825 au-

179 1834 290 1876 feret
308 1836 454 1887 jugum
474 1839 741 1890 captivitatis
760 1845 935 1882 nostrae.

401 1958 559 1996 Feria
594 1961 797 1999 Tertia.

368 2021 433 2060 De
460 2021 575 2062 Isaia
601 2022 837 2074 Propheta.

288 2087 440 2128 Lectio
462 2090 484 2128 i.
729 2091 830 2142 Cap.
853 2093 909 2130 14.

184 2155 382 2258 ·rope
401 2159 468 2195 est
487 2160 534 2196 ut
549 2156 695 2197 veniat
716 2161 890 2210 tempus
910 2158 1012 2209 ejus,

192 2176 257 2247 l¹·⁵‘'
291 2215 336 2252 et
356 2210 450 2253 dies
470 2212 560 2263 ejus
575 2225 663 2254 non
683 2213 1012 2265 elongabuntur.

183 2265 463 2308 Miserebitur
488 2268 602 2309 enim
626 2269 841 2310 Dominus
863 2270 1012 2319 Jacob,

184 2327 227 2363 et
246 2322 376 2374 eliget
396 2323 539 2377 adhuc
558 2324 613 2365 de
631 2325 784 2374 Israel,
809 2330 852 2366 et
871 2326 1012 2378 requi-

183 2379 332 2420 escere
374 2391 451 2420 eos
490 2380 620 2422 faciet
661 2394 792 2433 super
834 2381 1012 2423 humum

184 2447 323 2475 suam:
352 2435 611 2487 adjungetur
640 2436 807 2478 advena
840 2437 895 2478 ad
924 2451 1011 2488 eos,

184 2496 227 2532 et
255 2491 498 2534 adhaerebit
526 2491 676 2533 domui
694 2493 842 2534 Jacob.
877 2494 933 2535 Et
951 2499 1011 2535 te-

183 2547 348 2588 nebunt
365 2560 441 2588 eos
456 2549 620 2600 pepuli,
641 2554 684 2590 et
700 2548 919 2591 adducent
935 2562 1011 2590 eos

181 2603 225 2644 in
250 2603 397 2645 locum
422 2617 561 2644 suum:
591 2610 633 2645 et
660 2605 907 2657 possidebit
935 2619 1012 2646 eos

183 2659 340 2700 domus
355 2660 491 2700 Israel
513 2673 644 2713 super
659 2666 820 2702 terram
835 2661 1012 2702 Domini

182 2715 226 2756 in
250 2729 403 2758 servos
429 2722 471 2757 ct
496 2716 689 2758 ancillas:
719 2723 762 2759 et
791 2723 917 2758 erunt
944 2730 1010 2758 ca-

1065 298 1235 350 pientes
1255 311 1332 339 eos
1351 299 1425 350 qui
1440 311 1487 340 se
1503 300 1720 351 ceperant,
1740 304 1784 341 et
1799 297 1897 340 sub·

1066 355 1212 406 jicient
1232 357 1462 396 exactores
1483 367 1599 397 suos.

1122 414 1171 454 R.
1196 411 1371 453 Montes
1390 412 1538 453 Israel.
1559 413 1646 454 139.

1382 478 1532 519 Lectio
1553 478 1591 517 ii.

1158 539 1177 575 t
1197 534 1280 576 erit
1298 535 1340 575 in
1362 534 1432 576 die
1455 534 1545 585 illa,
1578 547 1678 575 cum
1701 535 1898 588 requiem

1158 589 1329 632 dederit
1352 591 1432 632 tibi
1451 591 1574 633 Deus
1594 604 1619 632 a
1638 590 1790 633 labore
1809 596 1899 642 tuo,

1067 651 1111 687 et
1130 659 1155 687 a
1175 647 1465 689 concussione
1480 652 1567 697 tua,
1588 652 1632 689 et
1646 660 1671 689 a
1688 648 1899 689 servitute

1066 702 1187 752 dura,
1214 716 1300 755 qua
1320 709 1420 745 ante
1440 705 1630 745 servisti:
1656 717 1804 746 sumes
1823 717 1897 757 pa-

1066 759 1267 801 rabolam
1301 760 1429 801 istam
1458 766 1613 802 contra
1642 773 1791 812 regem
1817 761 1898 802 Ba-

1066 815 1254 868 bylonis,
1274 822 1319 858 et
1338 817 1474 858 dices:
1500 817 1736 867 Quomodo
1757 819 1899 859 cessa-

1066 873 1128 913 vit
1143 875 1335 923 exactor,
1351 874 1518 926 quievit
1531 871 1768 915 tributum?
1789 873 1899 915 Con-

1065 929 1186 970 trivit
1200 929 1416 971 Dominus
1431 929 1638 971 baculum
1651 929 1899 982 impiorum,

1064 985 1233 1036 virgam
1275 985 1609 1036 dominantium,
1655 985 1900 1028 caedentem

1064 1042 1256 1094 populos
1279 1043 1322 1083 in
1346 1042 1662 1093 indignatione,
1690 1041 1822 1095 plaga
1839 1042 1899 1083 in-

1065 1098 1266 1147 sanabili,
1316 1099 1619 1152 subjicientem
1662 1099 1707 1139 in
1751 1098 1899 1140 furore

1064 1160 1228 1206 gentes,
1247 1157 1589 1208 persequentem
1609 1154 1856 1197 crudeliter.

1122 1213 1172 1264 R.
1195 1212 1450 1265 Erumpant.
1478 1213 1566 1253 139.
1827 1214 1833 1220 '

1375 1277 1527 1318 Lectio
1547 1277 1601 1317 iii.

1147 1333 1343 1375 uomodo
1363 1333 1563 1375 cecidisti
1582 1332 1637 1374 de
1660 1332 1775 1374 coelo
1794 1332 1898 1374 luci-

1160 1390 1243 1439 fer,
1273 1391 1347 1442 qui
1374 1402 1503 1431 mane
1531 1387 1770 1431 oriebaris?
1804 1400 1898 1430 cor-

1064 1447 1189 1488 ruisti
1220 1447 1264 1487 in
1301 1451 1482 1495 terram,
1524 1446 1598 1498 qui
1634 1443 1898 1487 vulnerabas

1063 1501 1242 1554 gentes?
1273 1503 1348 1555 qui
1372 1502 1551 1544 dicebas
1575 1502 1620 1542 in
1645 1500 1780 1543 corde
1805 1506 1898 1543 tuo:

1064 1560 1115 1600 In
1130 1559 1291 1600 coelum
1308 1558 1613 1607 conscendam,
1631 1570 1764 1610 super
1779 1562 1898 1599 astra

1064 1616 1149 1657 Dei
1174 1615 1381 1657 exaltabo
1406 1614 1565 1656 solium
1588 1626 1751 1663 meum,
1775 1613 1897 1655 sede-

1064 1671 1123 1713 bo
1147 1672 1192 1712 in
1215 1676 1365 1713 monte
1390 1670 1657 1720 testamenti,
1685 1670 1730 1711 in
1755 1669 1898 1711 lateri-

1064 1728 1147 1770 bus
1183 1728 1428 1781 Aquilonis.
1477 1726 1729 1769 Ascendam
1764 1738 1898 1779 super

1065 1784 1340 1826 altitudinem
1382 1783 1579 1833 nubium,
1624 1782 1778 1824 similis
1821 1795 1897 1824 ero

1066 1841 1307 1883 Altissimo.
1343 1841 1661 1882 Verumtamen
1689 1838 1746 1880 ad
1771 1838 1898 1880 infer-

1065 1911 1170 1938 num
1189 1897 1433 1939 detraheris
1451 1897 1496 1937 in
1514 1895 1785 1949 profundum
1804 1894 1900 1936 laci.

1121 1952 1171 2004 Rz.
1194 1954 1312 1996 Ecce
1331 1953 1386 1995 ab
1407 1953 1586 1995 Austro.
1605 1953 1700 1993 140.

1122 2016 1194 2058 Ad
1215 2017 1376 2059 Bened.
1411 2018 1511 2059 Ant.
1540 2017 1680 2071 Super
1707 2020 1752 2058 te
1780 2016 1804 2042 *
1831 2016 1898 2058 Je-

1065 2074 1257 2116 rusalem
1283 2075 1448 2117 orietur
1471 2074 1704 2122 Dominus,
1734 2077 1778 2114 et
1806 2072 1898 2123 glo-

1065 2131 1129 2172 ria
1149 2132 1239 2183 ejus
1258 2131 1302 2172 in
1321 2136 1365 2173 te
1385 2130 1617 2172 videbitur.

1122 2194 1192 2236 Ad
1211 2195 1383 2246 Magnis.
1416 2196 1514 2235 Ant.
1548 2194 1646 2236 Vox
1669 2194 1897 2236 clamantis

1064 2252 1087 2277 *
1107 2252 1151 2292 in
1172 2251 1366 2302 deserto,
1392 2253 1550 2293 Parate
1575 2252 1690 2293 viam
1707 2250 1896 2299 Domini,

1065 2313 1209 2350 rectas
1232 2309 1362 2350 facite
1383 2309 1561 2351 semitas
1580 2308 1664 2349 Dei
1683 2306 1831 2348 nostri.

1278 2426 1441 2462 Feria
1466 2425 1682 2472 Quarta.

1246 2485 1313 2524 De
1341 2483 1455 2523 Isaia
1482 2480 1716 2533 Propheta.

1172 2549 1323 2590 Lectio
1343 2549 1365 2588 i.
1613 2548 1714 2599 Cap.
1736 2549 1793 2588 16.

1085 2608 1142 2653 ‘ji-53.
1153 2606 1277 2645 mitte
1305 2603 1482 2654 Agrium
1510 2603 1715 2651 Domine,
1743 2603 1893 2644 Domi·

1091 2664 1140 2698 ω
1169 2661 1368 2701 natorem
1404 2664 1535 2701 tcrrae
1568 2659 1623 2700 de
1656 2659 1788 2700 Petra
1821 2658 1893 2700 de-

1065 2717 1170 2758 serti
1207 2716 1263 2757 ad
1299 2721 1494 2758 montem
1530 2716 1632 2756 filiae
1667 2716 1783 2757 Sion.
1836 2715 1893 2756 Et
