2040 2990
736 175 841 208 Furia
870 182 976 209 sexta
1004 175 1050 208 ad
1078 175 1313 209 Matutinum.

219 271 340 313 Sicut
355 270 572 313 vulnerati
587 270 857 313 dormientes
873 271 916 312 in
932 284 995 313 se-

168 328 378 381 pulchris,
413 340 599 379 quorum
632 340 719 369 non
754 341 800 369 es
827 341 996 369 memor

168 384 369 437 amplius:
402 385 426 410 *
463 389 507 425 et
540 384 625 437 ipsi
663 384 718 426 de
754 398 886 426 manu
918 389 995 425 tua

167 440 331 494 repulsi
359 444 470 482 sunt.

218 498 466 539 Posuerunt
482 510 553 538 me
572 497 616 538 in
635 497 733 539 lacu
753 497 994 539 inferioriz*

166 554 209 595 in
233 553 492 603 tenebrosis,
517 558 560 595 et
584 554 629 594 in
655 554 811 595 umbra
829 554 994 595 mortis.

217 611 358 663 Super
377 623 447 651 me
473 610 758 651 confirmatus
781 615 848 651 est
872 610 994 651 furor

166 673 282 709 tuus:
315 669 339 694 *
368 672 412 708 et
440 679 592 708 omnes
620 667 779 708 fluctus
804 671 904 708 tuos
933 666 992 707 in-

167 723 331 766 duxisti
358 736 490 776 super
516 737 597 765 me.

219 781 372 832 Longe
386 780 528 821 fecisti
543 785 674 822 notos
689 792 811 821 meos
827 793 852 821 a
870 792 954 821 me:
971 781 993 806 *

166 838 408 890 posuerunt
422 849 492 878 me
507 836 879 878 abominatic'mem
899 835 994 877 sibi.

217 892 426 934 Traditus
454 906 567 943 sum,
602 899 646 935 et
678 906 765 934 non
799 892 992 945 egredie-

165 949 260 991 bar:
289 951 312 976 *
341 949 456 990 oculi
489 950 576 991 mei
610 950 870 1001 languerunt
899 962 992 1002 prae

165 1006 325 1059 inapia.

217 1062 412 1104 Clamavi
426 1062 483 1104 ad
497 1067 541 1104 te
555 1062 744 1104 Domine
760 1067 856 1104 tota
871 1062 957 1104 die:
969 1064 993 1090 *

167 1119 356 1172 expandi
385 1119 441 1161 ad
469 1124 513 1161 te
539 1133 694 1161 manus
723 1133 854 1161 meas.

216 1175 443 1228 Numquid
461 1177 646 1217 mortuis
666 1177 799 1218 facies
819 1176 992 1218 mirabi-

164 1233 237 1274 lia:
272 1235 295 1259 *
328 1238 403 1274 aut
430 1232 590 1274 medici
619 1233 911 1283 suscitabunt,
949 1237 993 1274 et

165 1289 490 1331 confitebuntur
518 1289 622 1331 tibi?
689 1299 693 1302 ·

213 1346 439 1399 Numquid
461 1346 657 1388 narrabit
676 1347 835 1399 aliquis
858 1347 903 1387 in
928 1360 991 1388 se-

164 1403 348 1456 pulchro
375 1403 724 1444 misericerdiam
745 1409 876 1453 tuam,
900 1405 924 1430 *
949 1408 992 1445 et

164 1460 393 1501 veritatem
420 1464 541 1501 tuam
569 1460 613 1500 in
637 1460 913 1512 perditiOne?

215 1516 441 1568 Numquid
465 1519 784 1567 cognoscentur
806 1517 849 1557 in
874 1518 990 1558 tene-

164 1572 255 1614 bris
274 1572 491 1614 mirabilia
509 1578 601 1614 tua:
623 1575 646 1600 *
670 1579 714 1615 et
733 1574 896 1626 justitia
915 1578 991 1615 tua

164 1629 208 1670 in
234 1634 352 1671 terra
380 1628 638 1671 oblivionis?

214 1686 271 1727 Et
291 1698 373 1737 ego
401 1685 458 1727 ad
476 1691 519 1727 te
539 1686 728 1728 Domine
749 1686 948 1728 clamavi:
967 1689 990 1714 *

165 1747 209 1784 et
227 1755 354 1783 mane
381 1742 524 1783 oratio
550 1756 649 1784 mea
672 1744 914 1795 praeveniet
935 1749 990 1785 te.

215 1799 274 1841 Ut
301 1798 409 1851 quid
435 1799 625 1841 Domine
652 1800 830 1853 repellis
862 1801 990 1843 orati-

165 1857 294 1897 onem
307 1868 466 1897 meam:
482 1859 504 1882 *
521 1857 684 1898 avertis
699 1857 856 1899 faeiem
871 1862 990 1899 tuam

165 1924 191 1952 a
216 1911 313 1953 me?

216 1968 389 2021 Pauper
416 1982 512 2010 sum
541 1982 641 2020 ego,
677 1975 720 2012 et
755 1970 799 2011 in
832 1971 990 2013 labori·

166 2023 248 2065 bus
277 2037 302 2065 a
330 2026 554 2077 juventute
581 2039 692 2068 mea:
720 2029 743 2054 *
772 2029 991 2069 exaltatus

165 2086 323 2131 autem,
346 2080 599 2124 humiliatus
624 2096 720 2124 sum
746 2089 789 2126 et
817 2090 991 2126 contur-

164 2136 304 2179 batus.

217 2193 269 2234 In
292 2206 362 2235 me
385 2194 651 2237 transierunt
674 2196 752 2237 irae
776 2202 880 2239 tuae:
905 2199 928 2225 *
948 2204 992 2240 et

165 2252 359 2292 terrores
387 2251 450 2291 tui
480 2251 853 2295 conturbaverunt
879 2268 959 2296 me.

219 2307 611 2349 Circumdederunt
637 2322 708 2350 me
737 2310 850 2352 sicut
879 2325 991 2363 aqua

165 2367 259 2404 tota
297 2363 387 2405 die:
430 2365 454 2390 *
495 2364 877 2409 circumdederunt
922 2382 991 2410 me

166 2419 307 2461 simul.

218 2476 445 2528 Elongasti
469 2490 493 2518 a
518 2490 588 2519 me
612 2481 799 2520 amicum
825 2486 869 2521 et
894 2484 990 2533 pro-

166 2532 348 2574 ximum:
368 2535 390 2559 *
411 2539 454 2574 et
469 2539 599 2575 notos
617 2548 741 2577 meos
760 2550 784 2577 a
805 2538 991 2579 mise'ria.

218 2589 318 2629 Ant.
352 2588 653 2632 Fundamenta
681 2593 771 2643 ejus
798 2593 841 2633 in
873 2596 991 2635 111011-

167 2644 285 2687 tibus
314 2646 487 2687 sanetis.

218 2704 316 2742 Ant.
346 2702 622 2745 Benedictus.

1317 268 1516 309 Psalmus
1545 269 1610 307 88.

1031 320 1436 425 ‘Miseric6rdias
1451 328 1632 370 Domini
1648 331 1672 357 *
1690 329 1736 371 in
1754 331 1878 371 aeter-

1168 398 1272 426 num
1300 384 1502 426 cantabo.

1100 438 1150 477 In
1187 437 1517 489 generationem
1555 443 1599 479 et
1633 439 1877 490 generatio-

1048 506 1148 535 nem
1167 496 1190 521 *
1210 493 1480 536 annuntiabo
1503 494 1734 537 veritatem
1757 500 1878 538 tuam

1048 550 1092 591 in
1120 563 1197 592 ore
1224 563 1336 592 meo.

1100 607 1318 657 Quo'niam
1358 607 1523 650 dixisti:
1570 609 1623 650 In
1663 610 1878 651 aeternum

1047 663 1351 705 misericordia
1369 665 1662 707 aedificabitur
1679 666 1724 706 in
1738 665 1878 708 coelis:

1047 722 1070 747 *
1089 721 1412 773 praeparabitur
1439 722 1601 764 veritas
1628 727 1704 764 tua
1729 723 1775 763 in
1803 723 1878 765 eis.

1099 777 1311 830 Disposui
1356 781 1670 821 testamentum
1724 779 1877 821 electis

1046 834 1172 884 meis,
1206 836 1344 887 juravi
1371 836 1518 878 David
1552 849 1682 878 servo
1708 849 1825 879 meo:
1853 838 1877 864 *

1046 904 1186 943 usque
1214 892 1258 932 in
1287 894 1501 935 aeternum
1523 894 1787 946 praeparabo
1812 907 1876 935 se-

1045 960 1146 989 men
1174 953 1308 990 tuum.

1097 1005 1154 1046 Et
1172 1005 1404 1048 aedificabo
1425 1008 1470 1048 in
1488 1008 1818 1059 generationem
1833 1012 1877 1049 et

1045 1063 1376 1113 generatiOnem
1404 1066 1428 1091 *
1453 1064 1608 1107 sedem
1632 1070 1764 1107 tuam.

1098 1118 1436 1163 Confitebi'intur
1453 1122 1556 1163 coeli
1569 1121 1788 1164 mirabilia
1801 1126 1877 1164 tua

1045 1175 1250 1218 Domine:
1269 1179 1293 1204 *
1313 1178 1476 1220 etenim
1500 1179 1733 1221 veritatem
1755 1183 1877 1221 tuam

1045 1232 1089 1273 in
1118 1233 1305 1275 ecelesia
1333 1237 1598 1280 sanctorum.

1098 1290 1316 1340 Queniam
1338 1292 1435 1344 quis
1455 1293 1501 1333 in
1519 1292 1710 1335 nubibus
1730 1294 1874 1345 aequa-

1045 1345 1163 1388 bitur
1189 1348 1399 1390 Domino:
1432 1351 1456 1376 *
1484 1350 1638 1391 similis
1667 1349 1751 1391 erit
1777 1350 1875 1391 Deo

1044 1403 1088 1443 in
1116 1404 1219 1445 filiis
1247 1405 1355 1447 Dei?

1096 1461 1228 1512 Deus,
1258 1462 1333 1514 qui
1361 1462 1635 1514 glorificatur
1662 1463 1707 1505 in
1735 1466 1875 1506 consi-

1044 1517 1103 1558 lio
1133 1520 1401 1560 sanet6rum:
1426 1522 1449 1547 *
1474 1533 1658 1572 magnus
1683 1525 1727 1563 et
1752 1522 1875 1563 terri-

1044 1574 1145 1616 bilis
1173 1588 1306 1628 super
1333 1588 1487 1618 omnes
1516 1577 1591 1629 qui
1617 1577 1662 1618 in
1689 1577 1876 1619 circuitu

1045 1632 1136 1684 ejus
1164 1637 1277 1674 sunt.

1095 1688 1286 1731 Demine
1309 1690 1432 1731 Deus
1458 1690 1671 1732 virtatum
1695 1691 1794 1744 quis
1821 1694 1873 1733 si-

1043 1746 1159 1787 milis
1178 1746 1282 1788 tibi?
1308 1749 1332 1775 *
1356 1752 1517 1801 potens
1541 1761 1588 1790 es
1605 1748 1806 1799 Domine,
1831 1753 1875 1791 et

1044 1803 1207 1845 veritas
1235 1809 1311 1846 tua
1338 1805 1383 1845 in
1411 1804 1597 1847 circuitu
1624 1810 1712 1847 tuo.

1096 1859 1165 1901 Tu
1190 1860 1429 1903 dominaris
1448 1862 1663 1914 potestati
1682 1860 1832 1903 maris:
1851 1862 1875 1888 *

1043 1922 1213 1959 motum
1253 1923 1401 1960 autem
1442 1919 1655 1961 fluctuum
1695 1920 1786 1971 ejus
1826 1922 1874 1959 tu

1043 1974 1230 2026 mitigas.

1096 2031 1165 2072 Tu
1190 2031 1429 2074 humiliasti
1455 2033 1568 2075 sicut
1587 2032 1873 2084 vulneratum,

1044 2087 1301 2140 superbum:
1338 2091 1361 2115 *
1398 2089 1441 2129 in
1478 2089 1660 2131 brachio
1697 2089 1873 2131 virtutis

1044 2149 1133 2186 tuae
1161 2144 1410 2198 dispersisti
1438 2146 1638 2189 inimicos
1666 2151 1778 2189 tuos.

1095 2201 1180 2243 Tui
1208 2206 1309 2244 sunt
1338 2202 1450 2253 coeli,
1477 2208 1521 2245 et
1548 2209 1624 2245 tua
1652 2208 1718 2253 est
1745 2208 1873 2254 terra,

1045 2257 1197 2300 orbem
1221 2263 1353 2300 terrae
1379 2265 1423 2301 et
1441 2260 1761 2312 plenitudinem
1783 2262 1874 2314 ejus

1043 2320 1092 2356 tu
1110 2314 1321 2357 fundasti:
1340 2318 1364 2343 *
1383 2317 1661 2369 Aquilonem,
1686 2322 1730 2359 et
1753 2330 1874 2359 mare

1043 2376 1092 2413 tu
1119 2372 1289 2413 creasti.

1095 2428 1275 2469 Thabor
1317 2434 1360 2471 et
1392 2431 1592 2473 Hermon
1623 2432 1668 2473 in
1697 2430 1873 2473 nemine

1043 2489 1120 2526 tuo
1139 2485 1442 2528 exsultabunt:
1460 2489 1483 2514 *
1501 2493 1626 2530 tuum
1644 2486 1874 2530 brachium

1044 2554 1144 2583 cum
1171 2542 1380 2594 potentia.

1094 2598 1313 2639 Firmetur
1340 2613 1494 2642 manus
1523 2606 1612 2653 tua,
1642 2607 1685 2644 et
1713 2602 1873 2644 exalte-

1043 2658 1115 2695 tur
1139 2654 1322 2696 dextera
1345 2661 1437 2698 tua:
1464 2660 1487 2685 *
1513 2658 1678 2709 justitia
1703 2664 1746 2701 et
1767 2658 1872 2711 judi-

1044 2711 1159 2752 cium
1187 2714 1454 2764 praeparatio
1484 2714 1602 2756 sedis
1630 2720 1730 2758 tuae.
