2040 2990
618 204 787 238 Sabbato
813 203 911 237 infra
937 203 1121 237 Octavam
1147 202 1385 246 Epiphaniae.

1784 202 1849 237 273

158 299 336 341 domum
371 298 628 340 invenerunt
658 301 843 351 puerum
880 311 978 339 cum

156 355 292 396 Maria
318 359 457 396 matre
486 355 591 406 ejus,
629 359 671 396 et
698 354 977 407 procidentes

157 411 448 453 adoraverunt
468 423 580 452 eum:
592 415 614 438 *
633 411 689 452 Et
707 411 870 463 apertis
886 410 976 451 the-

156 468 294 508 sauris
322 467 410 508 suis
439 466 687 508 obtulerunt
722 467 760 508 ei
786 469 977 515 munera,

155 536 322 572 am,
340 522 456 572 thus,
476 527 519 564 et
536 522 767 575 myrrham.
791 519 841 570 V.
869 522 976 564 Stel-

155 579 208 630 la,
228 592 359 631 quam
377 578 575 621 viderant
593 579 711 630 Magi
729 579 772 619 in
788 578 976 628 Oriente,

156 636 444 678 antecedebat
475 649 571 686 eos,
602 648 740 688 usque
772 635 876 677 dum
907 637 975 676 ve-

154 694 277 735 niens
306 698 442 735 staret
475 706 608 746 supra
634 692 709 734 ubi
737 698 830 734 erat
857 705 976 745 puer.

155 750 211 792 Et
228 750 448 792 intrantes.
478 750 639 793 Gleria.
666 750 722 791 Et
740 750 911 802 apertis.

452 816 604 857 Lectio
622 817 675 856 ix.

155 871 354 977 Amipe
380 870 498 912 aliud
523 870 842 912 documentum.
877 871 976 912 Alia

257 929 468 969 venerunt
501 927 570 968 via
602 927 735 979 Magi,
767 928 853 972 alia
882 928 975 969 red-

154 988 266 1025 eunt.
294 983 378 1033 Qui
397 983 511 1024 enim
529 983 748 1024 Christum
766 983 975 1033 viderant,

153 1039 371 1081 Christum
407 1039 727 1089 intellexerant3
772 1040 975 1082 meliores

152 1096 319 1148 utique,
350 1108 480 1148 quam
506 1098 726 1146 venerant,
754 1100 975 1138 revertun-

151 1156 232 1194 tur.
275 1152 387 1193 Duae
420 1152 582 1205 quippe
614 1157 715 1194 sunt
748 1153 844 1194 viae:
879 1166 975 1202 una,

154 1221 251 1261 quae
271 1208 390 1250 ducit
408 1208 464 1250 ad
483 1209 718 1260 interitum,
747 1209 847 1260 alia,
877 1222 975 1261 quae

153 1264 274 1307 ducit
292 1264 349 1307 ad
366 1277 559 1316 regnum.
590 1265 670 1306 Illa
693 1268 975 1318 peccaterum

153 1326 234 1372 est,
264 1334 362 1373 quae
387 1321 508 1363 ducit
532 1321 589 1363 ad
612 1321 853 1363 Heredem:
879 1322 975 1363 haec

152 1377 348 1419 Christus
381 1382 464 1427 est,
498 1390 583 1430 qua
617 1378 782 1420 reditur
814 1378 871 1420 ad
900 1381 974 1431 pa-

151 1434 290 1476 triam.
347 1434 432 1475 Hic
468 1434 582 1475 enim
618 1435 872 1487 temporalis
910 1439 975 1476 est

151 1489 383 1539 incolatuS,
402 1490 515 1532 sicut
533 1491 744 1543 scriptum
764 1496 844 1532 est:
868 1491 974 1532 Mul-

151 1551 245 1588 tum
262 1546 405 1587 incola
423 1546 536 1588 facta
556 1551 623 1588 est
642 1547 785 1588 anima
803 1560 910 1589 mea.

210 1604 268 1645 Te
286 1603 429 1644 Deum
448 1602 687 1645 laudamus.
709 1604 768 1644 14.

124 1676 127 1682 ·
203 1663 275 1704 Ad
295 1660 455 1704 Bened.
490 1663 589 1703 Ant.
629 1663 813 1706 Venient
837 1665 894 1706 ad
919 1670 974 1715 te,

151 1719 175 1744 *
204 1719 278 1771 qui
306 1718 595 1761 detrahebant
621 1719 718 1770 tibi,
751 1725 795 1762 et
821 1721 973 1763 adora-

151 1774 259 1817 bunt
277 1775 459 1826 vestigia
477 1774 641 1828 pedum
658 1778 844 1818 tuerum.

203 1843 275 1885 Ad
293 1842 464 1892 Magnif.
488 1843 588 1883 Ant.
615 1840 839 1883 Admeniti
857 1842 974 1893 Magi

151 1895 176 1922 *
189 1896 233 1936 i'n
248 1895 423 1945 somnis,
442 1908 522 1948 per
539 1895 669 1937 aliam
683 1897 796 1938 viam
811 1899 973 1939 reversi

151 1956 251 1994 sunt
269 1952 312 1993 in
331 1952 554 2003 regionem
575 1965 708 1993 suam.

428 2060 456 2096 S
474 2071 499 2096 a
515 2060 541 2096 b
558 2061 584 2096 b
603 2071 629 2096 a
643 2064 660 2096 t
677 2071 701 2097 o

159 2136 161 2139 ⁴
238 2119 347 2160 infra
375 2119 587 2160 Octavam
615 2117 885 2169 Epiphaniae.

382 2189 460 2231 Ad
481 2190 744 2242 vesperas.

255 2247 511 2300 Capitulum.
674 2247 797 2287 Rom.
815 2247 870 2285 12.

153 2305 392 2408 -ratresz
424 2302 620 2345 Obsecro
644 2316 723 2346 vos
747 2317 826 2357 per
849 2305 972 2347 mise-

260 2358 492 2401 ricerdiam
523 2360 622 2410 Dei,
652 2365 700 2402 ut
733 2360 972 2402 exhibeatis

154 2417 341 2468 cerpora
363 2419 510 2456 vestra
534 2415 723 2457 hestiam
746 2417 971 2467 viventem,

154 2475 363 2520 sanctam,
386 2471 482 2513 Deo
502 2471 762 2524 placentem,
786 2473 970 2514 rationa-

153 2526 240 2568 bile
261 2526 518 2580 obsequium
536 2532 740 2569 vestrum.

455 2592 664 2643 Hymnus.

282 2655 444 2698 rudelis
460 2657 674 2708 Heredes,
692 2659 834 2700 Deum

1132 298 1233 340 Non
1253 300 1379 352 eripit
1397 300 1609 351 mortalia,

1131 355 1215 405 Qui
1234 368 1367 406 regna
1387 356 1462 398 dat
1481 357 1684 398 coelestia.

1080 419 1207 461 Ibant
1224 420 1350 472 Magi,
1370 433 1499 473 quam
1518 420 1724 470 viderant,

1130 476 1306 518 Stellam
1326 479 1558 529 sequentes
1578 477 1798 529 praeviam:

1130 532 1296 574 Lumen
1314 536 1539 585 requirunt
1557 533 1731 574 lumine:

1129 589 1272 630 Deum
1291 589 1478 631 fatentur
1497 593 1686 631 munere.

1080 655 1275 695 Lavacra
1295 654 1392 706 puri
1410 654 1591 705 gurgitis

1132 709 1332 751 Coelestis
1351 711 1503 761 Agnus
1524 710 1680 760 attigit:

1130 766 1328 815 Peccata,
1349 779 1446 818 quae
1465 780 1551 808 non
1572 766 1735 815 detulit,

1130 822 1224 864 Nos
1244 822 1462 865 abluendo
1480 823 1664 864 sustulit.

1083 887 1254 929 Novum
1272 901 1408 939 genus
1427 888 1651 940 potentiae:

1130 944 1272 996 Aquae
1293 944 1529 985 rubescunt
1549 943 1723 996 hydriae,

1130 1001 1378 1052 Vinumque
1396 1001 1511 1052 jussa
1530 999 1721 1049 fundere,

1131 1056 1318 1098 Mutavit
1337 1056 1452 1098 unda
1472 1057 1693 1108 originem.

1078 1124 1190 1172 Jesu,
1209 1121 1287 1163 tibi
1307 1122 1363 1163 sit
1382 1122 1531 1172 gloria,

1130 1179 1213 1228 Qui
1234 1178 1474 1230 apparuisti
1495 1178 1719 1227 Gentibus,

1130 1234 1238 1275 Cum
1255 1235 1396 1284 Patre,
1417 1239 1459 1276 et
1480 1235 1593 1275 almo
1612 1234 1785 1286 Spiritu,

1128 1292 1178 1331 In
1198 1291 1462 1343 sempiterna
1484 1291 1653 1332 saecula.

1335 1349 1487 1388 Amen.

1082 1402 1131 1454 V.
1150 1403 1296 1454 Reges
1314 1403 1493 1444 Tharsis
1518 1408 1561 1444 et
1584 1403 1735 1444 insulae
1755 1406 1845 1443 mu-

1026 1472 1131 1500 nera
1164 1459 1358 1501 efferent.
1399 1462 1448 1513 R.
1478 1460 1623 1510 Reges
1651 1459 1846 1501 Arabum

1027 1521 1070 1558 et
1088 1515 1202 1557 Saba
1222 1515 1337 1557 dona
1356 1515 1585 1557 adducent.

1082 1575 1151 1616 Ad
1162 1575 1333 1625 Magnis.
1354 1576 1450 1616 Ant.
1471 1572 1693 1614 Remansit
1705 1572 1727 1598 *
1738 1584 1847 1624 puer

1026 1629 1050 1669 J
1053 1641 1153 1670 esus
1172 1629 1216 1669 in
1235 1628 1494 1677 Jerusalem,
1522 1633 1565 1670 et
1583 1641 1670 1670 non
1690 1640 1845 1679 cogno-

1025 1687 1180 1726 verunt
1198 1687 1402 1737 parentes
1423 1685 1527 1737 ejus,
1553 1685 1846 1726 existimantes

1026 1740 1145 1781 illum
1164 1753 1261 1782 esse
1280 1741 1324 1781 in
1344 1741 1567 1782 comitatu:
1591 1745 1635 1781 et
1657 1740 1843 1792 require-

1025 1796 1132 1838 bant
1154 1809 1252 1837 eum
1275 1797 1387 1837 inter
1410 1798 1620 1846 cognatos
1644 1801 1687 1837 et
1705 1801 1843 1837 notos.

1362 1854 1523 1894 Oratio.

1027 1906 1206 2012 Vota,
1238 1910 1485 1960 quaesumus
1510 1908 1712 1957 Demine,
1745 1920 1843 1960 sup-

1125 1964 1327 2016 plicantis
1362 1963 1514 2016 pepuli
1551 1963 1719 2005 coelesti
1753 1964 1840 2016 pie-

1024 2022 1114 2061 tate
1130 2021 1412 2072 prosequere:
1430 2024 1478 2061 ut
1497 2024 1540 2062 et
1560 2032 1657 2072 quae
1676 2019 1844 2070 agenda

1025 2080 1139 2125 sunt,
1158 2075 1348 2125 videant,
1370 2081 1414 2118 et
1433 2076 1489 2118 ad
1507 2075 1726 2129 implenda
1745 2087 1843 2127 quae

1025 2132 1226 2181 viderint,
1251 2132 1566 2174 convalescant.
1594 2132 1678 2174 Per
1696 2132 1843 2173 Demi-

1025 2201 1126 2229 num
1145 2192 1352 2230 nostrum.

1078 2249 1225 2283 Deinde
1245 2250 1286 2284 fit
1303 2250 1507 2284 Commem.
1523 2251 1660 2294 Epiph.
1678 2262 1746 2295 per
1759 2251 1843 2285 Ant.

1027 2307 1114 2340 quae
1143 2298 1307 2332 occurrit
1334 2298 1542 2333 secundum
1567 2299 1738 2334 ordinem
1768 2299 1844 2332 dic-

1027 2355 1109 2379 rum
1126 2345 1225 2379 infra
1242 2345 1436 2381 Octavam.

1078 2391 1131 2439 V.
1151 2394 1314 2436 Omnes
1335 2395 1389 2437 de
1408 2395 1523 2437 Saba
1542 2396 1726 2445 venient,
1743 2394 1841 2436 alle-

1024 2450 1205 2558 ὲἯὲίῄΙῘΞ..
1216 2451 1383 2493 Aurum
1403 2457 1446 2494 et
1466 2451 1566 2493 thus
1587 2451 1840 2499 deferentes,

1076 2565 1162 2599 Nisi
1187 2566 1289 2600 dicta
1318 2566 1367 2600 sit
1392 2567 1476 2601 Ant.
1502 2568 1644 2602 Omnes
1669 2567 1715 2602 de
1739 2566 1839 2601 Saba

1024 2614 1192 2657 venient;
1216 2618 1306 2648 tunc
1330 2615 1430 2649 enim
1453 2615 1591 2658 legitur

1077 2655 1126 2707 V.
1143 2661 1339 2703 Adorate
1354 2656 1506 2711 Deum,
1524 2662 1703 2712 alleluja.
1723 2660 1771 2710 R.
1785 2658 1839 2698 0-

300 2712 466 2763 Regem
484 2716 630 2756 venire
650 2715 754 2767 quid
772 2714 920 2757 times?
994 2704 1004 2770 Ι
1022 2729 1145 2759 mnes
1162 2717 1321 2768 Angeli
1339 2719 1439 2771 ejus,
1458 2718 1638 2771 alleluja.
