2040 2990
165 209 232 245 254
379 239 384 244 .
789 210 824 241 In
854 209 1070 251 Epiphania
1099 207 1261 240 Immini.

158 310 343 346 sanctus
364 317 476 345 sum:
499 305 522 330 *
546 305 714 346 salvum
733 304 802 344 fac
821 315 994 344 servum

166 367 298 410 tuum,
318 362 439 402 Deus
458 374 591 410 meus,
611 362 863 414 sperantem
881 360 923 400 in
939 364 994 400 te.

217 418 426 459 Miserere
448 418 534 459 mei
558 418 760 467 Demine,
788 416 995 469 queniam

165 474 221 515 ad
249 479 292 516 te
322 474 507 516 clamavi
534 479 629 516 tota
654 474 741 516 die:
768 474 792 499 *
820 473 995 514 laetifica

166 531 355 572 animam
384 531 499 573 servi
527 531 607 581 tui,
636 531 841 583 queniam
870 529 927 571 ad
951 534 995 571 te

164 587 353 629 Demine
381 588 569 629 animam
595 601 738 629 meam
765 586 918 628 levavi.

217 644 434 694 Queniam
462 649 510 685 tu
536 644 725 685 Demine
753 643 919 692 suavis,
953 646 996 683 et

164 700 297 743 mitis:
321 701 345 726 *
371 706 414 742 et
437 701 586 742 multae
611 699 925 742 misericerdiae
951 701 994 740 ό-

165 757 338 798 mnibus
366 757 671 799 invocantibus
698 762 753 798 te.

216 813 412 855 Auribus
431 814 610 866 percipe
629 814 816 854 Demine
836 813 995 854 oratio-

165 882 266 911 nem
290 883 449 912 meam:
477 872 500 898 *
527 875 570 912 et
596 868 774 911 intende
799 869 899 911 voci
924 868 995 911 de-

165 927 432 978 precatienis
459 940 581 968 meae.

217 983 267 1023 In
284 983 354 1025 die
372 983 666 1025 tribulatienis
681 996 792 1025 meae
810 983 996 1024 clamavi

166 1038 223 1080 ad
250 1045 310 1081 te:
337 1040 360 1065 *
390 1040 490 1092 quia
520 1039 736 1081 exaudisti
764 1052 845 1081 me.

217 1095 319 1137 Non
348 1102 415 1138 est
447 1096 598 1137 similis
629 1097 692 1137 tui
724 1097 769 1137 in
798 1096 881 1138 diis
908 1097 995 1137 De-

165 1153 295 1194 mine:
319 1154 342 1179 *
367 1158 410 1194 et
433 1165 520 1194 non
543 1157 610 1194 est
634 1153 875 1195 secundum
895 1155 996 1206 epe-

166 1222 215 1251 ra
241 1215 327 1251 tua.

219 1266 384 1308 Omnes
414 1266 580 1308 Gentes
612 1270 911 1319 quascumque
940 1266 997 1308 fe-

167 1323 280 1371 cisti,
304 1323 494 1372 venient,
517 1328 561 1365 et
579 1323 828 1365 adorabunt
848 1336 998 1365 coram

167 1384 211 1421 te
234 1380 439 1421 Demine:
467 1380 490 1406 *
519 1385 563 1422 et
590 1380 898 1432 glorificabunt
923 1393 997 1422 no-

167 1449 267 1478 men
296 1442 431 1478 tuum.

220 1494 438 1544 Queniam
470 1506 654 1545 magnus
687 1506 735 1535 es
766 1499 833 1543 tu,
867 1499 911 1536 et
940 1494 998 1535 fa-

168 1549 287 1591 ciens
306 1550 534 1591 mirabilia:
554 1551 576 1575 *
595 1555 644 1591 tu
663 1563 710 1591 es
728 1551 849 1592 Deus
870 1551 998 1592 solus.

219 1606 376 1648 Deduc
394 1619 464 1648 me
484 1607 672 1648 Demine
691 1607 734 1647 in
754 1607 824 1649 via
841 1613 931 1657 tua,
956 1612 1000 1649 et

168 1662 388 1713 ingrediar
406 1663 449 1704 in
469 1663 654 1705 veritate
673 1668 762 1705 tua:
783 1664 806 1689 *
825 1663 999 1705 laetetur

170 1732 247 1761 cor
270 1732 416 1761 meum
439 1724 487 1761 ut
510 1722 661 1761 timeat
684 1732 843 1761 nomen
864 1725 999 1762 tuum.

222 1775 478 1818 Confitebor
523 1775 602 1817 tibi
647 1776 835 1818 Demine
878 1777 999 1818 Deus

170 1845 292 1874 meus
316 1833 359 1873 in
384 1837 479 1874 toto
505 1832 639 1874 corde
663 1845 774 1883 meo,
798 1833 822 1859 *
845 1838 888 1875 et
910 1833 999 1885 glo-

171 1889 352 1930 rificabo
378 1902 537 1930 nomen
561 1894 684 1931 tuum
707 1889 751 1930 in
775 1891 1001 1931 aeternum:

223 1945 335 1995 Quia
352 1945 654 1987 misericordia
671 1950 747 1987 tua
762 1959 919 1997 magna
935 1951 1002 1988 est

172 2014 305 2054 super
324 2015 409 2043 me:
432 2002 455 2027 *
475 2006 519 2043 et
538 2002 688 2044 eruisti
707 2003 896 2044 animam
914 2016 1001 2044 me—

172 2071 242 2099 am
270 2071 326 2099 ex
352 2058 519 2100 inferno
547 2059 751 2100 inferieri.

224 2114 356 2164 Deus,
375 2114 511 2167 iniqui
528 2115 855 2157 insurrexerunt
870 2129 1002 2169 super

172 2183 262 2220 me,
291 2175 335 2212 et
362 2173 584 2222 synagoga
611 2172 857 2224 potentium
886 2185 1001 2224 quae-

174 2227 338 2268 sierunt
371 2227 559 2268 animam
587 2240 750 2269 meam:
783 2230 807 2255 *
840 2234 883 2270 et
914 2241 1002 2270 non

173 2285 500 2336 proposuerunt
518 2288 561 2324 te
585 2284 627 2324 in
652 2287 891 2337 conspectu
912 2298 1003 2327 suo.

226 2340 283 2381 Et
300 2344 348 2380 tu
366 2339 554 2381 Demine
571 2340 691 2381 Deus
710 2341 940 2383 miserator
960 2347 1004 2384 et

174 2396 432 2445 misericors,
452 2397 475 2422 *
495 2396 676 2448 patiens,
697 2402 741 2437 et
759 2397 909 2439 multae
929 2399 1003 2439 mi-

175 2452 439 2501 sericordiae,
468 2458 512 2493 et
539 2465 683 2502 verax,

228 2508 417 2560 Respice
440 2508 482 2548 in
502 2522 586 2558 me,
612 2514 654 2550 et
677 2509 885 2551 miserere
905 2511 1004 2552 mei:

175 2565 199 2591 *
220 2564 275 2606 da
294 2565 523 2617 imperium
543 2570 665 2606 tuum
684 2569 824 2617 puero
844 2571 937 2607 tuo:
961 2572 1004 2608 et

177 2621 344 2662 salvum
373 2621 440 2662 fac
469 2621 604 2662 filium
633 2621 801 2662 ancillae
829 2627 928 2663 tuae.

228 2677 316 2719 Fac
333 2690 504 2718 mecum
520 2678 691 2728 signum
706 2678 748 2718 in
763 2677 938 2727 bonum,
958 2686 1005 2721 ut

1048 301 1221 343 dantur:
1245 302 1269 327 *
1293 303 1500 354 queniam
1523 309 1570 344 tu
1591 303 1779 344 Demine
1803 301 1875 344 ad-

1047 358 1191 409 juvisti
1218 372 1298 409 me,
1326 364 1370 401 et
1397 359 1650 401 consolatus
1678 372 1726 401 es
1752 372 1833 400 me.

1101 428 1197 466 Ant.
1216 427 1380 466 Omnes
1396 425 1561 466 Gentes
1579 427 1876 476 quascumque

1047 479 1200 529 fecisti,
1215 481 1400 531 venient,
1415 485 1459 523 et
1471 479 1717 523 adorabunt
1727 493 1877 522 coram

1047 541 1091 577 te
1110 537 1309 579 Demine.

1101 599 1149 647 ¹³⁷.
1175 599 1319 649 Reges
1338 598 1519 640 Tharsis
1543 603 1587 640 et
1610 598 1762 640 insulae
1786 601 1876 639 mu-

1047 667 1152 695 nera
1172 655 1367 697 efferent.
1400 658 1443 708 h‘g.
1460 656 1606 707 Reges
1623 654 1820 697 Arabum
1835 659 1878 696 et

1047 711 1163 752 Saba
1182 711 1298 754 dona
1318 712 1548 754 adducent.

1132 790 1284 828 Sermo
1309 787 1449 828 sancti
1468 786 1630 828 Leenis
1649 786 1795 838 Papae.

1207 852 1337 882 Sermo
1363 851 1391 882 2.
1419 848 1464 881 dc
1493 848 1720 891 Epiphania.

1352 906 1501 946 Lectis»
1527 906 1576 944 iv.

1054 973 1176 1035 ff*
1185 964 1344 1007 audete
1377 964 1421 1005 in
1449 964 1658 1014 Demino,
1692 963 1879 1006 dilectis-

1084 1013 1177 1078 ‘gssff
1202 1021 1315 1071 simi,
1343 1023 1502 1063 iterum
1531 1020 1646 1071 dico,
1673 1019 1879 1072 gaudete:

1203 1078 1409 1130 queniam
1466 1077 1591 1119 brevi
1648 1075 1878 1119 intervallo

1049 1135 1278 1188 temporis,
1297 1139 1400 1187 post
1419 1133 1743 1176 solemnitatem
1756 1133 1879 1176 Nati-

1049 1191 1197 1233 vitatis
1210 1191 1380 1241 Christi,
1396 1191 1609 1233 festivitas
1625 1189 1880 1232 declaratis)-

1049 1248 1116 1288 nis
1141 1248 1231 1300 ejus
1253 1248 1411 1289 illuxit:
1439 1252 1483 1289 et
1503 1261 1634 1300 quem
1651 1247 1696 1288 in
1714 1247 1790 1289 illo
1810 1246 1881 1289 die

1049 1304 1189 1356 Virgo
1204 1305 1387 1358 peperit,
1402 1305 1445 1346 in
1456 1304 1542 1346 hoc
1557 1303 1746 1346 mundus
1758 1305 1882 1356 agne-

1050 1361 1123 1403 vit.
1148 1361 1347 1403 Verbum
1367 1361 1481 1403 enim
1501 1373 1604 1403 caro
1624 1361 1798 1410 factum,
1818 1361 1882 1402 sic

1051 1418 1343 1471 susceptienis
1357 1423 1522 1460 nostrae
1541 1417 1805 1471 temperavit
1819 1429 1883 1459 ex-

1052 1474 1186 1525 erdia,
1203 1480 1250 1516 ut
1263 1479 1391 1516 natus
1401 1475 1426 1515 J
1428 1487 1528 1516 esus
1543 1479 1587 1516 et
1603 1473 1883 1516 credentibus

1050 1531 1317 1581 manifestus,
1333 1536 1377 1573 et
1388 1530 1756 1584 persequentibus
1766 1534 1883 1573 esset

1052 1588 1262 1630 occultus.
1289 1588 1314 1629 J
1315 1601 1386 1629 am
1402 1593 1506 1629 tunc
1523 1600 1629 1639 ergo
1644 1587 1747 1629 coeli
1761 1599 1882 1630 enar·

1051 1646 1258 1686 raverunt
1275 1644 1460 1696 gleriam
1474 1644 1570 1694 Dei,
1590 1648 1634 1686 et
1651 1644 1695 1684 in
1709 1656 1883 1685 omnem

1051 1706 1214 1743 terram
1229 1714 1363 1742 sonus
1378 1700 1576 1742 veritatis
1591 1700 1735 1750 exivit,
1751 1712 1883 1753 quan-

1053 1757 1112 1800 do
1141 1762 1184 1799 et
1211 1757 1465 1810 pasteribus
1495 1757 1713 1799 exercitus
1740 1756 1883 1809 Ange-

1051 1814 1195 1856 lorum
1213 1813 1454 1856 Salvateris
1473 1813 1580 1856 editi
1603 1813 1884 1855 annuntiator

1053 1870 1267 1924 apperuit,
1285 1874 1329 1912 et
1342 1870 1497 1922 Magos
1513 1869 1571 1911 ad
1586 1883 1686 1912 eum
1699 1869 1883 1912 adoran-

1054 1927 1158 1969 dum
1186 1927 1353 1980 praevia
1382 1926 1509 1969 stella
1536 1925 1759 1980 perduxit:
1786 1930 1835 1968 ut
1859 1939 1885 1967 a

1054 1984 1161 2026 solis
1189 1989 1289 2026 ortu
1313 1996 1453 2036 usque
1478 1983 1534 2026 ad
1559 1985 1766 2025 occasum
1791 1983 1884 2024 veri

1054 2041 1188 2092 Regis
1220 2040 1447 2091 generatio
1480 2041 1752 2088 coruscaret,
1785 2051 1885 2081 cum

1054 2110 1200 2139 rerum
1218 2097 1352 2139 fidem
1373 2102 1417 2139 et
1440 2109 1575 2149 regna
1594 2095 1786 2138 Orientis
1804 2108 1885 2149 per

1053 2155 1207 2205 Magos
1227 2153 1458 2203 discerent,
1481 2159 1525 2195 et
1544 2154 1791 2194 Romanum
1808 2153 1884 2194 im-

1054 2212 1225 2264 perium
1244 2224 1333 2253 non
1351 2210 1517 2252 lateret.

1106 2275 1155 2325 R.
1175 2271 1437 2320 Illuminare,
1454 2270 1700 2312 illuminare
1713 2270 1737 2311 J
1739 2272 1884 2311 erusa-

1054 2329 1151 2378 lem,
1173 2329 1273 2381 quia
1293 2328 1412 2369 venit
1430 2326 1506 2368 lux
1522 2332 1611 2368 tua:
1628 2329 1649 2351 *
1668 2326 1726 2367 Et
1744 2325 1885 2376 gleria

1054 2385 1231 2426 Demini
1261 2396 1393 2436 super
1421 2388 1465 2425 te
1493 2388 1590 2425 orta
1618 2387 1695 2424 est.
1748 2379 1796 2428 X
1828 2382 1885 2423 Et

1056 2440 1340 2483 ambulabunt
1359 2440 1526 2482 Gentes
1549 2440 1591 2480 in
1615 2439 1776 2480 himine
1796 2444 1883 2490 tuo,

1057 2503 1100 2540 et
1118 2510 1244 2548 reges
1263 2497 1306 2538 in
1327 2496 1563 2549 splendere
1583 2500 1705 2537 ortus
1725 2495 1799 2537 tui.
1817 2495 1884 2536 Et.

1365 2562 1512 2602 Lectio
1536 2576 1569 2599 v.

1053 2619 1221 2724 Nam
1249 2627 1293 2664 et
1319 2622 1486 2663 saevitia
1512 2620 1704 2662 Heredis
1732 2619 1884 2662 volens

1167 2678 1405 2732 primordia
1432 2677 1623 2730 suspecti
1649 2677 1731 2718 sibi
1750 2676 1883 2726 Regis

178 2733 353 2776 videant
369 2734 441 2786 qui
461 2733 648 2775 oderunt
665 2747 745 2783 me,
766 2740 809 2776 et
828 2735 1004 2776 confun-
1057 2738 1343 2788 exstinguere,
1362 2734 1464 2775 huic
1483 2732 1799 2786 dispensationi
1812 2733 1883 2773 ne-
