2080 2990
613 208 683 241 Dic
708 209 758 241 21.
785 208 868 240 Jun.
917 209 950 239 S.
980 207 1139 245 Agnetis
1168 207 1269 246 Vim.
1297 214 1331 240 ct
1358 208 1461 240 Mart.

234 301 437 343 Dilexisti
464 301 680 352 justitiam,
709 306 752 342 et
780 300 912 342 odisti
939 301 1013 341 ini-

183 357 414 409 quitatem:
462 358 485 382 *
528 358 763 409 propterea
805 357 928 398 unxit
970 361 1014 398 te

181 413 302 454 Deus
329 413 450 454 Deus
478 418 577 454 tuus
607 413 705 454 eleo
730 413 894 467 laetitiae
921 425 1014 465 prae

182 468 458 510 consortibus
486 469 582 510 tuis.

235 529 425 581 Myrrha,
454 534 497 570 et
524 534 657 580 gutta,
687 533 730 570 et
758 528 875 569 casia
899 541 924 568 a
943 540 1013 568 ve-

184 586 398 627 stimentis
418 586 515 633 tuis,
533 598 558 626 a
574 584 776 626 demibus
796 583 1015 625 eburneis:

183 642 207 667 *
225 654 280 683 ex
309 642 465 694 quibus
486 642 814 682 delectaverunt
838 645 882 681 te
911 639 1014 680 filiae

184 710 338 748 regum
363 698 407 738 in
435 697 603 739 honore
630 702 718 738 tuo.

236 758 389 799 Astitit
421 760 571 808 regina
604 770 629 798 a
657 757 823 798 dextris
857 756 942 797 tuis
970 756 1014 796 in

185 816 347 856 vestitu
365 813 592 855 deaurato:
610 814 633 839 *
654 811 923 854 circumdata
942 825 1013 853 va-

185 870 352 912 rietate.

238 925 356 967 Audi
378 925 477 975 filia,
500 931 544 967 et
562 925 673 974 vide,
695 930 738 966 et
761 924 920 965 inclina
943 937 1014 965 au·

186 994 279 1023 rem
296 986 431 1023 tuam:
441 982 465 1007 *
477 987 520 1023 et
531 981 790 1023 obliviscere
802 980 1015 1033 pepulum

186 1043 320 1087 tuum,
349 1043 393 1079 et
421 1037 599 1079 domum
625 1037 763 1090 patris
791 1037 864 1078 tui.

238 1098 296 1140 Et
310 1100 591 1150 concupiscet
610 1098 708 1138 Rex
728 1097 933 1138 decorem
951 1101 1014 1137 tu-

186 1167 274 1196 um:
302 1154 325 1179 *
355 1154 560 1206 queniam
587 1154 682 1206 ipse
709 1158 775 1194 est
802 1153 1015 1193 Dominus

187 1210 308 1251 Deus
335 1215 447 1259 mue,
476 1215 520 1251 et
547 1209 794 1251 adorabunt
822 1221 931 1249 eum.

239 1271 296 1312 Et
312 1270 414 1311 filiae
433 1271 540 1322 Tyri
560 1271 604 1311 in
622 1268 910 1315 muneribus*
926 1268 1014 1309 vul-

187 1332 280 1368 tum
311 1332 435 1368 tuum
463 1326 830 1379 deprecabuntur:
864 1337 1015 1366 omnes

188 1382 346 1424 divites
374 1382 526 1435 plebis.

241 1443 392 1484 Omnis
411 1443 550 1494 gloria
571 1443 661 1494 ejus
685 1442 787 1482 fssiae
805 1441 940 1492 Regis
960 1441 1015 1482 ab

186 1499 313 1549 intus,
339 1499 363 1524 *
386 1499 430 1539 in
456 1498 638 1540 fimbriis
663 1498 806 1539 aureis
837 1498 1014 1538 circum-

187 1557 346 1597 amicta
372 1554 667 1596 varietatibus.

239 1614 527 1657 Adducentur
555 1615 667 1665 Regi
693 1615 881 1665 virgines
913 1618 1016 1666 post

187 1684 298 1713 eam:
308 1672 331 1697 *
342 1671 555 1724 proximae
573 1671 662 1722 ejus
678 1670 912 1711 afferentur
926 1669 1016 1711 tibi.

238 1731 490 1773 Afferentur
516 1731 560 1772 in
580 1731 732 1773 laetitia
761 1735 804 1771 et
830 1730 1015 1771 exsulta-

186 1787 319 1829 ti6ne:
354 1788 378 1813 *
412 1786 684 1829 adducentur
723 1787 767 1827 in
803 1785 1014 1838 templum

186 1843 333 1894 Regis.

238 1899 326 1940 Pro
354 1899 553 1951 patribus
581 1898 666 1940 tuis
692 1898 782 1939 nati
809 1902 910 1938 sunt
936 1896 1015 1938 tibi

186 1954 279 1996 filii:
297 1956 321 1980 *
341 1957 580 1996 constitues
602 1967 679 1995 eos
704 1954 924 2006 principes
947 1966 1014 1993 su-

187 2023 268 2064 per
296 2023 470 2052 omnem
497 2016 670 2052 terram.

239 2071 458 2113 Memores
498 2075 624 2112 erunt
659 2069 845 2111 neminis
881 2068 963 2110 tui:
991 2068 1014 2094 *

188 2127 232 2168 in
257 2128 375 2169 omni
399 2127 679 2178 generatiene
706 2131 749 2167 et
773 2124 1014 2176 generatie-

187 2195 298 2224 nem.

237 2243 482 2296 Propterea
508 2242 662 2296 populi
690 2241 1014 2283 confitebuntur

186 2298 266 2341 tibi
292 2299 336 2340 in
364 2301 592 2341 aeternum:
614 2299 638 2323 *
663 2303 707 2339 et
733 2298 777 2338 in
805 2296 1015 2338 saeculum

187 2354 347 2396 saeculi.

247 2422 344 2461 Ant.
383 2419 581 2461 Christus
619 2418 907 2460 circumdedit
945 2431 1015 2458 me

187 2475 473 2517 vernantibus
514 2481 647 2527 atque
684 2473 1015 2516 coruscantibus

187 2531 370 2581 gemmis
390 2531 609 2584 pretiesis.

249 2601 344 2638 Ant.
385 2596 471 2648 Ipsi
498 2609 595 2636 sum
623 2595 907 2647 desponsata,
945 2594 1016 2635 cui

190 2650 346 2702 Angeli
380 2651 593 2701 serviunt,
626 2652 746 2703 cujus
777 2650 1014 2703 pulchritu-

189 2706 335 2748 dinem
354 2707 421 2748 sol
441 2711 484 2748 et
502 2707 605 2748 luna
620 2707 841 2748 mirantur.

343 2848 406 2872 Pars
423 2835 556 2872 Hiemalis'.

1337 301 1529 341 Psalmus
1559 304 1623 340 45).

1156 374 1234 402 eus
1253 367 1404 402 noster
1426 363 1654 414 refugium,
1679 369 1722 405 et
1741 363 1894 404 virtus:

1179 420 1203 444 *
1240 417 1413 470 adjutor
1449 420 1492 459 in
1529 419 1894 466 tribulatic'mibus,

1069 486 1168 526 quae
1186 474 1444 516 invenerunt
1463 488 1544 516 nos
1564 476 1701 517 nimis.

1121 530 1363 583 Propterea
1394 544 1481 572 non
1514 532 1761 573 timebimus
1791 531 1894 573 dum

1067 585 1316 628 turbabitur
1344 591 1481 628 terra:
1514 589 1611 635 *get
1637 588 1895 629 transferen-

1067 647 1138 683 tur
1157 647 1330 684 montes
1349 644 1392 684 in
1413 656 1489 685 cor
1509 644 1651 684 maris.

1118 698 1377 749 Sonuerunt,
1394 705 1437 741 et
1450 699 1639 741 turbatae
1654 704 1755 740 sunt
1770 712 1896 752 aquae

1069 756 1237 796 eerum:
1266 757 1289 782 *
1318 755 1569 797 conturbati
1597 761 1698 797 sunt
1724 761 1896 797 montes

1067 810 1111 850 in
1131 810 1388 852 fortitudine
1409 812 1510 863 ejus.

1119 866 1331 908 Fluminis
1358 869 1549 920 impetus
1576 867 1770 908 laetificat
1796 867 1896 908 civi-

1067 924 1204 964 tatem
1223 923 1322 964 Dei:
1344 924 1367 948 *
1390 923 1678 964 sanctificavit
1698 922 1896 964 taberna-

1069 978 1214 1019 culum
1233 992 1359 1020 suum
1379 979 1643 1020 Altissimus.

1119 1035 1240 1076 Deus
1259 1036 1303 1076 in
1317 1035 1463 1077 medio
1483 1037 1584 1087 eius,
1603 1048 1691 1076 non
1707 1048 1897 1076 commo-

1067 1091 1253 1132 vebitur:
1273 1094 1297 1118 *
1317 1091 1539 1143 adjuvabit
1559 1105 1654 1133 eam
1670 1091 1792 1132 Deus
1810 1104 1896 1132 ma-

1067 1159 1122 1188 ne
1142 1146 1345 1188 diluculo.

1122 1203 1407 1245 Conturbatae
1435 1209 1534 1245 sunt
1557 1204 1740 1252 Gentes,
1770 1208 1812 1244 et
1837 1203 1896 1243 in-

1070 1259 1230 1300 clinata
1254 1265 1354 1300 sunt
1376 1273 1523 1310 regna:
1548 1260 1571 1285 *
1597 1258 1719 1300 dedit
1742 1272 1897 1300 vocem

1069 1328 1203 1364 suam,
1222 1321 1342 1357 mota
1361 1321 1427 1357 est
1446 1321 1574 1357 terra.

1120 1372 1336 1413 Dominus
1365 1373 1576 1413 virtutum
1603 1371 1846 1413 nobiscum:
1874 1373 1897 1398 *

1069 1430 1299 1480 susceptor
1318 1433 1468 1469 noster
1487 1428 1609 1468 Deus
1628 1427 1779 1468 Jacob.

1120 1484 1297 1533 Venite,
1322 1489 1365 1525 et
1386 1483 1530 1525 videte
1555 1486 1690 1535 epera
1708 1483 1896 1533 Domini,

1070 1553 1168 1591 quae
1187 1540 1336 1592 pesuit
1356 1538 1558 1592 prodigia
1574 1552 1707 1591 super
1722 1545 1897 1580 terram:

1068 1597 1092 1622 *
1124 1596 1325 1637 auferens
1357 1595 1474 1637 bella
1505 1608 1644 1647 usque
1677 1595 1733 1636 ad
1766 1595 1897 1636 finem

1068 1657 1209 1693 terrae.

1120 1708 1285 1749 Arcum
1322 1710 1537 1757 centeret,
1576 1712 1619 1748 et
1655 1707 1898 1757 confringet

1068 1777 1202 1804 arma:
1221 1765 1244 1789 *
1265 1769 1308 1805 et
1327 1769 1451 1805 scuta
1471 1763 1700 1804 comburet
1718 1763 1818 1813 igni.

1119 1820 1304 1869 vacate,
1333 1824 1376 1860 et
1404 1818 1548 1860 videte
1580 1819 1785 1871 quoniam
1814 1831 1895 1869 ego

1069 1888 1165 1916 sum
1178 1876 1312 1917 Deus:
1328 1876 1351 1900 *
1368 1875 1595 1916 exaltabor
1610 1876 1653 1915 in
1670 1874 1895 1924 Gentibus,

1069 1936 1112 1972 et
1132 1931 1360 1973 exaltabor
1378 1931 1421 1971 in
1441 1936 1568 1972 terra.

1118 1988 1334 2029 Deminus
1363 1988 1571 2029 virtutum
1598 1986 1844 2028 nobiscum:
1872 1988 1895 2012 *

1067 2045 1297 2096 susceptor
1315 2049 1467 2085 noster
1485 2043 1607 2084 Deus
1625 2042 1774 2084 Jacob.

1124 2115 1222 2154 Ant.
1258 2112 1344 2164 lpsi
1378 2125 1474 2152 sum
1507 2110 1791 2164 desponsata,
1825 2111 1895 2151 cui

1067 2167 1225 2219 Angeli
1257 2168 1466 2217 serviunt,
1504 2169 1625 2219 cujus
1658 2166 1894 2219 pulchritu-

1068 2223 1213 2264 dinem
1233 2223 1300 2265 sol
1320 2228 1364 2264 et
1381 2224 1484 2264 luna
1502 2225 1723 2264 mirantur.

1126 2282 1174 2331 ,V
1196 2284 1339 2335 Elegit
1363 2297 1459 2326 eam
1483 2285 1620 2333 Deus,
1649 2289 1692 2324 et
1716 2282 1893 2336 praeele-

1066 2340 1129 2392 git
1145 2353 1252 2381 eam.
1287 2342 1333 2380 R
1349 2341 1399 2381 In
1419 2339 1704 2382 tabernaculo
1724 2351 1803 2380 suo
1822 2338 1894 2379 ha-

1066 2396 1208 2438 bitare
1227 2396 1331 2438 facit
1349 2409 1455 2438 eam.

1079 2478 1232 2519 Lectio
1248 2478 1389 2519 sancti
1407 2477 1633 2528 Evangelii
1652 2476 1894 2518 secundum

1348 2533 1618 2575 Matthaeum.

1180 2595 1327 2635 Lectio
1352 2596 1418 2634 vii.
1614 2597 1716 2643 (lap.
1732 2594 1795 2631 25.

1065 2645 1142 2751 In
1160 2650 1235 2692 illo
1254 2652 1469 2703 tempore:
1488 2650 1611 2691 Dixit
1624 2650 1649 2690 J
1652 2662 1751 2691 esus
1767 2648 1891 2689 disci-

1133 2706 1250 2759 pulis
1278 2707 1367 2747 suis
1395 2705 1651 2758 parabolam
1677 2705 1804 2745 hanc:
1831 2704 1892 2744 Si-

1622 2835 1663 2866 29
