2080 2990
459 246 530 280 Die
554 247 583 279 6.
609 246 717 279 Febr.

139 343 363 394 spinarum
380 342 615 394 manipulis
633 342 869 391 lacerabat,
893 341 965 382 ad-

138 397 277 439 hibito
312 397 532 438 interdum
573 397 751 438 alterius
789 410 966 449 quoque

138 453 340 494 monialis
367 452 548 493 brachio
577 453 635 494 ad
661 454 871 504 majorem
898 452 966 493 sui

139 508 340 560 cerporis
375 508 723 558 afflictatienem3
763 507 882 559 quod
917 512 966 548 ut

138 564 278 614 magis
301 565 528 615 magisque
553 565 777 612 attereret,
805 563 966 604 lectulo

139 631 194 659 ex
213 618 448 667 asseribus,
472 618 657 670 soleque
677 619 751 659 vili
771 618 965 667 stragulo

138 674 354 715 instructo
374 674 593 722 utebatur,
613 687 664 714 ac
683 686 764 725 pro
783 673 966 725 pulvillo

139 742 292 769 saxum
308 729 556 779 adhibebat,
577 729 697 781 quod
716 730 759 768 in
777 734 967 770 stramen

139 796 194 825 ex
213 783 465 826 obedientia
484 785 783 833 commutavit,
811 785 855 824 in
879 796 966 834 quo

138 839 347 881 alterutro
376 840 490 892 pede
516 839 573 881 ad
599 852 773 880 crucem
798 840 842 878 in
867 852 967 879 con-

138 897 294 947 spectu
329 896 535 948 positam,
581 897 736 936 catena
772 894 967 944 alligato,

138 949 445 991 brevissimum
498 964 700 992 somnum
756 949 967 1001 capiebat.

138 1005 213 1046 Ad
256 1006 352 1047 haec
398 1006 675 1058 absynthium
720 1005 968 1055 herbasque

139 1062 434 1102 amarissimas
461 1061 687 1110 mandere,
715 1060 969 1101 monialium

138 1116 304 1166 ulcera,
332 1130 384 1158 ac
402 1116 634 1169 pannicula
654 1117 774 1157 sanie
794 1115 968 1156 maden-

139 1171 201 1212 tia
233 1172 481 1213 exosculari
512 1185 602 1213 non
634 1171 791 1218 renuit:
828 1171 968 1211 scalas

138 1228 409 1276 monasterii,
446 1231 604 1269 onusta
635 1227 798 1278 ingenti
828 1239 968 1275 cruce,

140 1282 323 1332 genibus
351 1283 590 1324 ascendere
612 1281 848 1334 aliquando
869 1294 968 1322 con-

140 1338 296 1388 suevit3
324 1351 439 1379 nunc
460 1350 635 1390 quoque
654 1340 832 1387 urticas,
855 1350 969 1377 nunc

140 1404 264 1433 ceras
280 1393 480 1445 liquatas‚
499 1393 635 1434 modo
653 1394 799 1434 nivem
819 1397 863 1434 et
881 1393 969 1443 gla-

140 1448 262 1497 ciem,
276 1449 411 1490 modo
427 1449 578 1490 alveos
593 1449 825 1499 rigentium
840 1450 969 1499 aqua-

138 1515 238 1543 rum
280 1504 337 1545 ad
377 1505 718 1545 maceratienem
760 1503 969 1544 adhibuit.

139 1559 301 1600 Christi
334 1560 512 1600 Demini
539 1560 805 1612 passionem,
839 1571 970 1610 quam

140 1617 418 1667 summepere
454 1615 763 1664 venerabatur,
804 1619 907 1666 apte
945 1627 969 1654 a

140 1682 187 1710 se
215 1671 464 1721 excogitata
487 1670 859 1712 atrocissimarum
878 1683 969 1721 poe-

139 1727 295 1766 narum
314 1726 426 1767 serie
444 1726 614 1775 imitari,
633 1726 677 1766 in
696 1725 849 1775 majeri
867 1725 969 1765 heb-

140 1778 346 1830 demada‚
383 1781 652 1832 singulisque
686 1781 822 1821 sextis
852 1780 969 1820 feriis

141 1834 270 1876 solita
297 1836 388 1877 fuit.
427 1836 645 1877 Patientia
676 1836 719 1876 in
750 1835 968 1888 perferen-

141 1889 210 1931 dis
243 1890 426 1942 injuriis,
469 1891 705 1933 christiana
738 1891 969 1939 humilitas,

140 1945 363 1996 virginalis
396 1947 677 1996 verecundia,
715 1959 766 1987 ac
801 1959 970 1986 summa

141 1999 352 2043 sedulitas
379 2002 423 2042 in
450 2002 644 2051 novitiis,
674 2002 830 2054 quibus
859 2003 968 2053 prae-

142 2060 254 2105 erat,
289 2056 348 2098 ad
378 2057 694 2109 perfectienem
727 2056 968 2108 provehen-

143 2110 225 2160 dis,
252 2111 295 2152 in
320 2125 371 2153 ea
390 2113 571 2154 mirifice
591 2113 830 2153 eluxerunt.
867 2111 968 2151 Ani-

141 2169 310 2208 marum
334 2181 510 2220 quoque
535 2168 632 2209 zelo
656 2169 850 2215 incensa,
877 2166 969 2218 plu-

142 2234 212 2262 res
238 2223 483 2264 inimicitias
511 2223 699 2272 sustulit;
724 2222 968 2274 periclitan-

142 2282 210 2318 tes
229 2278 399 2330 puellas
418 2278 462 2318 in
484 2283 580 2320 tuto
601 2278 852 2325 collocavit,
876 2277 968 2328 plu-

142 2332 262 2373 rimis
290 2332 346 2374 ad
373 2333 599 2374 melierem
616 2334 796 2386 „frugem
823 2331 969 2372 tradu-

145 2388 240 2436 ctis;
267 2388 311 2427 in
332 2388 633 2440 proximerum
656 2388 795 2428 salute
814 2399 969 2438 procu-

144 2442 299 2492 randa,
336 2456 422 2495 qua
455 2443 744 2491 oratienibus,
782 2456 869 2494 qua
896 2455 970 2482 vo-

143 2497 341 2538 luntariis
352 2499 553 2549 corporis
564 2499 840 2546 cruciatibus,
854 2497 971 2538 omni

145 2552 332 2604 denique
352 2555 514 2594 conatu
532 2554 686 2603 jugiter
704 2552 910 2594 incubuit.

199 2609 249 2659 R.
279 2608 481 2649 Dilexisti
515 2609 730 2659 justitiam,
768 2613 811 2648 et
839 2607 971 2648 odisti

144 2662 434 2713 iniquitatem:
462 2665 483 2688 *
509 2664 749 2715 Propterea
774 2662 896 2703 unxit
927 2667 970 2702 te

145 2718 284 2766 Deus,
328 2718 449 2759 Deus
491 2724 608 2767 tuus,
655 2719 753 2759 eleo
795 2718 970 2758 laetitiae.

765 246 799 279 S.
826 245 1056 288 Hyacinthae
1082 246 1127 278 dc
1155 245 1387 278 Mau-{scottis
1415 246 1515 285 Vir-g.

1021 338 1071 389 Υ.
1096 342 1282 393 Propter
1307 342 1550 390 veritatem,
1579 346 1622 382 et
1646 354 1842 381 mansue-

1018 396 1226 446 tudinem,
1248 402 1291 437 et
1309 397 1527 448 justitiam.
1554 397 1806 448 Propterea.

1319 455 1470 494 Lectio
1494 454 1544 491 vi.

1145 510 1323 558 grerum
1338 507 1381 547 in
1395 506 1669 555 nosocomiis,
1684 519 1735 546 ac
1748 510 1845 558 pau-

1170 575 1325 615 perum
1357 562 1663 614 patrocinium,
1698 575 1843 612 quam-

1021 632 1152 671 quam
1170 619 1314 670 inops,
1339 617 1455 658 omni
1475 616 1621 657 studio
1643 617 1845 668 suscepit,

1021 680 1064 715 et
1088 680 1136 716 ut
1160 673 1317 715 iisdem
1346 675 1636 719 succurreret,
1663 684 1751 712 non
1778 684 1844 712 so-

1019 730 1108 770 lum
1127 729 1320 781 prepriis
1344 729 1440 779 ipsa
1459 726 1658 767 manibus
1677 727 1844 767 labora-

1020 785 1111 834 bat,
1155 790 1198 826 et
1232 782 1536 836 quotidianum
1569 781 1651 822 sibi
1682 782 1846 822 victum

1020 840 1323 888 subtrahebat,
1360 837 1555 879 frustulis
1587 837 1713 889 panis
1746 849 1844 877 con-

1019 898 1154 945 tenta3
1183 894 1262 936 sed
1290 893 1501 934 moniales
1527 893 1658 933 etiam
1682 904 1734 932 ac
1759 905 1844 932 ma-

1020 953 1170 991 trenas
1203 949 1409 997 civitatis,
1451 948 1656 999 viresque
1690 947 1846 988 divites

1021 1006 1078 1046 ad
1096 1005 1142 1047 id
1162 1006 1307 1057 eperis
1334 1003 1568 1051 alliciebat,
1596 1008 1744 1053 atque,
1772 1016 1846 1043 un-

1022 1061 1253 1112 dequaque
1272 1062 1462 1112 peterat,
1490 1058 1685 1099 subsidia
1704 1070 1846 1098 corro-

1021 1116 1167 1167 gabat3
1197 1116 1406 1167 quinimo,
1431 1118 1479 1154 ut
1501 1126 1632 1164 quam
1650 1126 1731 1165 pro
1752 1115 1847 1164 ege-

1021 1173 1087 1212 nis
1116 1177 1159 1212 et
1186 1170 1387 1211 invalidis
1416 1168 1753 1210 sollicitudinem
1781 1181 1847 1209 os-

1021 1227 1235 1275 tenderat,
1262 1227 1479 1278 perpetuo
1501 1224 1710 1272 firmaret,
1739 1222 1848 1264 duas

1021 1282 1290 1330 sodalitates,
1311 1293 1408 1332 quae
1429 1278 1682 1320 eorumdem
1700 1291 1848 1319 curam

1022 1339 1239 1388 gererent,
1284 1336 1450 1377 institui
1495 1335 1672 1375 curavit.
1733 1334 1848 1384 Erga

1022 1393 1344 1433 sanctissimum
1381 1390 1668 1431 Eucharistiae
1708 1401 1847 1429 sacra-

1021 1451 1217 1489 mentum
1251 1448 1330 1488 fuit
1362 1446 1643 1487 vehementer
1678 1444 1848 1484 affecta:

1023 1505 1143 1554 cujus
1180 1503 1343 1543 cultum
1378 1506 1426 1542 ut
1461 1501 1504 1540 in
1540 1500 1634 1540 aliis
1672 1512 1848 1550 quoque

1021 1560 1324 1611 promoveret,
1367 1556 1423 1597 ad
1460 1555 1567 1595 illud
1600 1555 1848 1605 frequenter

1022 1627 1102 1666 per
1137 1627 1295 1654 annum
1328 1625 1426 1653 cum
1459 1610 1642 1651 solemni
1673 1621 1848 1661 pompa,

1024 1682 1155 1720 quam
1174 1669 1271 1709 Deo
1297 1672 1465 1718 gratam
1489 1666 1622 1705 fuisse
1641 1663 1849 1704 nonnulla

1022 1725 1225 1776 prodigia
1261 1721 1622 1774 comprobarunt,
1659 1719 1849 1770 publicae

1022 1779 1291 1820 venerationi
1328 1774 1637 1829 exponendum
1675 1786 1849 1814 omnem

1023 1837 1204 1886 Operam
1237 1833 1445 1874 adhibuit.
1485 1831 1722 1881 Deiparam
1751 1829 1847 1868 Vir-

1021 1891 1167 1940 ginem
1194 1895 1285 1929 tam
1312 1889 1508 1939 impense
1537 1884 1687 1932 celuit,
1715 1888 1762 1923 ut
1787 1883 1847 1923 di-

1021 1958 1106 1995 gna
1131 1945 1280 1985 habita
1302 1942 1447 1990 fuerit,
1474 1953 1573 1992 quae
1600 1940 1690 1990 ejus
1715 1951 1846 1990 appa-

1021 2001 1179 2041 ritiene
1232 1999 1513 2040 recrearetur.
1580 1993 1847 2045 Prophetiae,

1022 2053 1413 2106 contemplationis,
1428 2051 1703 2091 lacrimarum
1719 2048 1847 2096 dono,

1022 2111 1204 2162 aliisque
1225 2106 1557 2150 charismatibus
1576 2104 1733 2145 fleruit.
1761 2103 1847 2143 An-

1021 2178 1078 2206 no
1108 2165 1295 2216 denique
1322 2162 1553 2203 millesimo
1587 2159 1846 2200 sexcentesi-

1021 2234 1094 2261 mo
1112 2219 1447 2271 quadragesimo
1463 2216 1607 2257 aetatis
1623 2227 1713 2255 suae
1728 2214 1846 2264 quin-

1024 2275 1277 2327 quagesimo
1299 2274 1452 2324 quinto
1467 2270 1684 2318 inchoato,
1703 2269 1746 2308 in
1762 2281 1846 2308 coe-

1022 2331 1110 2371 lum
1141 2332 1324 2371 evocata
1352 2326 1435 2375 est3
1470 2327 1590 2377 cujus
1620 2336 1779 2375 corpus
1803 2323 1846 2362 in

1023 2386 1209 2427 ecclesia
1243 2384 1383 2424 sancti
1415 2379 1674 2423 Bernardini
1705 2378 1846 2418 Viter-

1022 2441 1083 2481 bii
1103 2441 1271 2489 colitur,
1291 2441 1475 2489 eamque
1491 2434 1755 2476 Benedictus
1775 2432 1846 2473 de-

1023 2497 1160 2536 cimus
1185 2495 1340 2536 tertius
1365 2492 1530 2533 meritis
1555 2494 1598 2530 et
1625 2486 1845 2528 miraculis

1022 2551 1186 2591 claram
1206 2551 1249 2590 in
1268 2550 1510 2594 beatarum,
1536 2545 1638 2585 Pius
1657 2554 1762 2583 vero
1782 2543 1844 2581 se-

1022 2607 1185 2657 ptimus
1204 2606 1248 2645 in
1268 2605 1517 2644 sanctarum
1526 2599 1755 2648 Virginum
1771 2599 1844 2635 nu-

1021 2674 1191 2702 merum
1209 2659 1458 2700 retulerunt.

1079 2718 1128 2768 R'·
1153 2715 1402 2756 Afferentur
1421 2710 1542 2760 Regi.
1561 2708 1637 2760 [91]
