2040 2990
382 351 715 414 RUBRICAE
755 353 1192 416 GENERALES
1238 352 1627 421 ssREVIARH.

899 446 1108 463 —Omo—

155 494 287 539 {fficium
309 512 434 546 quotidie
457 513 490 540 fit
510 517 559 540 ant
575 513 700 548 Duplex,
723 518 771 541 aut
788 514 976 551 Semiduplex,

466 555 514 579 aut
531 552 662 590 Simplex.

358 622 387 654 I.
411 626 460 657 De
483 626 604 657 Officio
629 627 769 667 Duplici.

156 687 192 711 *y
223 680 235 681 7
259 675 403 715 fficium
421 675 453 702 fit
465 676 577 711 Duplex
595 677 624 703 in
641 677 739 705 diebus
753 686 770 705 a
783 679 863 706 Feria
877 681 975 714 quinta

288 712 289 717 ’
309 715 339 742 in
351 715 438 742 Coena
452 716 566 743 Domini
583 724 673 750 usque
690 717 727 744 ad
741 718 850 745 Feriam
864 719 974 746 tertiam

275 748 288 790 ι’
310 754 426 782 Paschae
446 755 593 790 inclusive,
615 756 644 782 in
666 757 813 784 Dominica
834 757 863 784 in
885 758 974 793 Albis,

260 797 285 814 ‘L
310 794 339 820 in
351 794 522 821 Ascensioue
536 794 657 828 Domini,
674 796 703 822 in
717 796 864 823 Dominica
877 797 974 825 Pente-

151 837 250 868 costes,
267 836 295 860 et
315 833 425 860 duobus
443 834 541 861 diebus
559 835 752 868 sequentibus:
770 836 800 862 in
818 836 900 863 Festo
915 838 975 864 Tri-

149 871 256 907 nitatis,
283 872 416 907 Corporis
440 873 557 907 Christi,
584 876 612 900 et
636 874 826 902 Dedicationis
852 877 974 911 propriae

149 911 294 939 Ecclesiae:
313 911 343 938 in
355 912 454 946 Festis,
471 912 573 946 quibus
591 912 621 939 in
634 913 805 941 Kalendario
823 916 974 949 apponitur

149 950 210 988 haec
226 958 284 978 vox
300 952 422 985 Duplex:
437 951 467 978 in
484 951 530 979 die
548 955 647 979 octava
662 952 737 979 Festi
754 953 882 981 habentis
900 958 973 982 octa—

149 997 227 1016 vam:
254 989 283 1016 in
305 989 378 1017 festo
401 990 516 1018 Patroni
540 990 626 1018 unius
646 991 691 1018 vel
714 992 835 1026 plurium
859 993 974 1028 alicujus

148 1027 210 1062 loci,
228 1029 273 1056 vel
291 1028 424 1056 Titularis
441 1030 587 1065 Ecclesiae;
605 1034 632 1058 et
650 1030 679 1057 in
697 1031 786 1058 Festis
800 1031 973 1067 Sanctorum,
1017 1044 1019 1049 ,

149 1067 198 1101 qui
221 1068 297 1102 apud
314 1068 450 1103 quasdam
468 1069 621 1104 Ecclesias,
644 1070 816 1105 Religiones,
840 1071 885 1099 vel
902 1072 973 1099 Con-

148 1107 320 1141 gregationes
338 1112 542 1136 consueverunt
559 1109 721 1136 solemniter
741 1110 888 1145 celebrari,
909 1120 973 1139 cum

149 1145 258 1173 Officiis
274 1145 397 1181 propriis
419 1154 436 1173 a
453 1146 526 1174 Sede
542 1147 704 1183 Apostolica
727 1150 901 1184 approbatis,
926 1154 974 1178 aut

148 1192 186 1215 ex
198 1185 322 1219 ejusdem
334 1185 415 1214 Sedis
428 1187 593 1214 auctoritate
606 1188 732 1222 receptis,
749 1188 794 1215 vel
806 1189 973 1224 recipiendis

150 1225 273 1257 (servata
295 1228 388 1252 tamen
412 1225 503 1252 forma
527 1226 609 1260 hujus
626 1227 772 1260 Breviarii)
791 1228 915 1262 alioquin
938 1229 973 1256 de

149 1262 304 1297 Communi,
318 1264 400 1291 etiam
413 1264 437 1291 si
450 1265 586 1299 praedicta
598 1265 682 1292 Festa
694 1265 723 1292 in
736 1266 789 1293 hoc
801 1267 972 1294 Kalendario

148 1309 205 1328 non
228 1302 284 1330 sint
306 1302 454 1338 descripta.
489 1304 630 1331 Praeterea
652 1304 782 1332 Officium
807 1306 838 1333 fit
860 1307 973 1342 Duplex

148 1348 200 1376 pro
213 1341 361 1369 Defunctis
378 1341 407 1369 in
420 1342 689 1371 Commemoratione
707 1345 830 1372 omnium
849 1346 972 1372 fidelium

148 1379 362 1415 Defunctum,
379 1384 408 1409 et
425 1381 454 1408 in
473 1382 519 1409 die
536 1383 638 1417 obitus,
656 1391 706 1410 seu
724 1383 905 1418 depositionis
919 1386 972 1412 De-

148 1418 245 1453 functi,
263 1422 295 1447 ut
312 1420 342 1447 in
358 1419 458 1448 eodem
471 1421 571 1448 Officio
589 1422 698 1456 dicitur,
717 1423 791 1450 circa
809 1423 891 1450 finem
907 1424 972 1451 Bre-

147 1465 236 1485 maru.

199 1501 224 1528 2.
243 1501 356 1529 Festum
379 1502 483 1538 duplex
506 1503 663 1531 celebratur
686 1508 735 1532 aut
758 1505 793 1532 de
816 1507 914 1533 eodem
941 1507 971 1534 fit

147 1541 382 1576 commemoratio,
400 1549 434 1569 eo
451 1542 497 1570 die
513 1550 569 1577 quo
582 1543 665 1577 cadit,
683 1544 737 1571 nisi
750 1544 819 1571 illud
831 1546 972 1580 contingat

147 1580 307 1614 transferri,
333 1583 364 1608 ut
387 1581 495 1609 dicetur
518 1582 547 1609 in
571 1582 695 1610 Rubrica
718 1583 754 1610 de
779 1584 973 1612 Translatione

146 1618 301 1646 Fastorum.

198 1662 224 1690 3.
241 1662 335 1690 Habet
351 1663 457 1699 primas
478 1667 507 1692 et
523 1665 661 1692 secundas
680 1666 818 1701 Vesperas
838 1666 971 1702 integras,

146 1700 200 1728 nisi
216 1709 281 1729 cum
298 1702 353 1729 alio
371 1702 454 1730 simili
467 1708 623 1739 concurrat,
641 1708 672 1732 ut
685 1705 793 1732 dicetur
805 1705 834 1732 in
848 1706 971 1734 Rubrica

147 1740 183 1767 de
199 1741 391 1768 concurrentia
405 1742 506 1777 Officii,
523 1747 551 1770 ct
564 1746 653 1771 totum
667 1744 798 1772 Officium
816 1745 847 1772 fit
865 1746 899 1772 de
913 1747 970 1773 Du-

145 1779 220 1814 plici,
237 1780 394 1815 incipiendo
412 1789 430 1808 a
446 1781 544 1816 primis
562 1783 707 1818 Vesperh,
729 1792 818 1818 usque
836 1785 872 1811 ad
891 1785 970 1812 Com-

145 1818 294 1853 plctorlum
306 1820 448 1855 sequentis
462 1820 518 1848 diei
531 1821 679 1849 inclusive:
698 1823 750 1849 nisi
768 1823 849 1851 aliter
866 1824 894 1850 in
907 1832 970 1858 pro-

145 1857 214 1892 priis
231 1858 300 1886 locis
317 1859 481 1893 assignetur.
513 1860 644 1888 Officium
659 1864 752 1889 autem
766 1863 970 1890 Defunctorum

145 1896 229 1924 habet
242 1900 350 1925 tantum
362 1898 468 1933 primas
477 1899 624 1934 Vesperas,
637 1901 804 1928 Matutinum
813 1905 840 1929 et
850 1902 970 1935 Laudes,

145 1939 178 1964 ut
189 1936 263 1964 circa
276 1937 361 1964 finem
374 1938 512 1965 Breviarii
524 1938 645 1973 ponitur.

197 1976 222 2004 4.
240 1976 274 2004 In
296 1976 423 2012 utrisque
446 1978 591 2013 Vesperis,
614 1978 751 2005 Matutino
775 1983 802 2006 et
826 1979 970 2006 Laudibus

145 2018 261 2050 tantum,
279 2023 336 2043 non
353 2019 446 2044 autem
465 2017 494 2044 in
511 2016 571 2044 aliis
589 2018 683 2052 Horis,
702 2018 879 2053 duplicantur
892 2018 970 2045 Anti-

144 2054 258 2088 phonae,
280 2054 311 2081 id
332 2058 386 2089 est,
408 2055 523 2090 integrae
540 2056 671 2084 dicuntur
692 2057 721 2084 in
738 2057 874 2092 principio
897 2061 925 2084 et
942 2057 970 2084 in

146 2092 201 2120 fine
218 2093 403 2121 Psalmorum.

197 2137 221 2163 5.
240 2136 286 2164 Ad
310 2137 475 2165 Matutinum
498 2138 667 2173 regulariter*
683 2139 813 2166 dicuntur
835 2142 892 2167 tres
917 2140 970 2167 No-

145 2175 244 2210 cturni,
262 2183 326 2203 cum
343 2184 444 2204 novem
462 2177 590 2212 Psalmis,
607 2181 636 2205 et
653 2178 768 2205 totidem
782 2178 970 2212 Lectionibus,

145 2214 198 2241 hoc
216 2218 267 2249 est,
283 2215 313 2242 in
326 2223 496 2250 unoquoque
509 2217 652 2244 Nocturno
670 2221 728 2244 tres
741 2218 853 2252 Psalmi,
871 2222 899 2245 et
912 2222 969 2244 tres

145 2253 305 2288 Lectiones,
328 2258 515 2290 praeterquam
539 2256 567 2283 in
589 2256 727 2284 Paschate
749 2257 969 2284 Resurrectionis

145 2295 173 2319 et
189 2292 367 2321 Pentecostes
389 2302 454 2322 cum
477 2295 588 2322 duobus
605 2295 785 2330 sequentibus
808 2296 918 2330 diebus,
941 2296 970 2323 in

145 2331 248 2365 quibus
266 2332 368 2360 dicitur
385 2341 472 2360 unum
489 2337 599 2361 tantum
611 2334 785 2362 Nocturnum
803 2343 867 2362 cum
881 2335 970 2362 tribus

145 2370 273 2405 Psalmis,
291 2375 319 2399 et
336 2372 452 2400 totidem
470 2373 663 2407 Lectionibus,
681 2377 712 2400 ut
729 2374 832 2401 ibidem
849 2374 969 2408 ponitur.

195 2415 220 2440 6.
238 2414 340 2442 Preces
358 2416 394 2442 ad
408 2416 531 2443 Primam
550 2421 577 2444 et
591 2417 809 2452 completorium
827 2421 854 2445 et
867 2418 970 2446 Suffra-

143 2453 189 2487 gia
211 2453 246 2480 de
265 2453 366 2482 Sancta
384 2455 486 2490 Maria,
511 2456 614 2484 Sancto
631 2457 753 2491 Joseph,
776 2456 920 2491 Apostolis
943 2461 970 2485 et

145 2492 226 2526 Pace,
244 2492 280 2519 ad
296 2493 434 2528 Vesperas
448 2498 476 2522 et
490 2495 602 2522 Laudes
616 2502 672 2522 non
686 2495 816 2523 dicuntur
828 2495 856 2522 in
870 2495 970 2522 Officio

145 2531 266 2566 Duplici,
283 2535 315 2559 ut
326 2533 410 2560 etiam
422 2533 452 2560 in
465 2535 586 2569 propriis
599 2541 695 2561 eorum
709 2534 839 2561 Rubricis
855 2534 969 2561 dicetur.

195 2575 220 2602 ’1.
238 2575 385 2608 Quomodo
403 2577 439 2604 sit
457 2578 642 2604 ordinandum
661 2577 792 2604 Officium
811 2578 924 2612 Duplex
942 2577 970 2604 in

145 2612 287 2648 Vesperis,
310 2614 446 2643 Matutino
463 2620 492 2644 et
509 2617 608 2643 ceteris
626 2616 724 2643 Horis:
747 2616 872 2643 similiter
889 2619 917 2643 et
936 2616 971 2643 de

145 2650 319 2686 Antiphonis,
336 2654 540 2690 Responsoriis,
554 2656 697 2689 Versibus,
715 2656 851 2690 Capitulis
869 2658 896 2682 et
910 2655 970 2682 aliis

145 2690 173 2716 in
191 2698 224 2717 eo
238 2691 368 2726 dicendis,
387 2693 525 2721 habentur
539 2694 655 2721 inferius
674 2695 709 2721 de
722 2694 835 2728 singulis
849 2694 970 2729 propriae
985 2707 989 2711 «

145 2729 284 2757 Rubricae.

1181 518 1226 550 Π.
1251 519 1300 550 Dc
1325 520 1443 553 Officio
1469 522 1692 563 Scmiduplici.

1032 568 1181 629 Officium
1200 569 1231 595 fit
1243 568 1421 603 Semiduplex
1442 570 1539 598 diebus
1551 572 1703 599 Dominicis
1722 575 1848 608 (excepta

1087 608 1234 635 Dominica
1252 608 1281 634 in
1294 607 1382 642 Albis,
1400 608 1428 635 in
1442 617 1498 643 qua
1512 610 1543 637 fit
1557 611 1692 645 Duplex):
1711 616 1738 639 et
1751 613 1849 640 diebus

1027 646 1100 674 infra
1119 647 1250 674 Octavas:
1269 648 1335 674 item
1352 647 1380 674 in
1398 648 1496 683 Festis,
1514 649 1616 683 quibus
1634 650 1662 677 in
1681 651 1848 679 Kalendario

1026 686 1140 721 ponitur
1157 687 1216 714 haec
1234 695 1302 720 vox,
1322 690 1510 723 Semiduplex,
1530 692 1558 715 et
1576 689 1605 715 in
1623 690 1711 716 Festis
1728 691 1848 725 propriis

1027 726 1211 759 quorumdam
1225 726 1358 759 locorum,
1372 734 1421 753 seu
1431 726 1688 762 Congregationum,
1703 738 1766 763 quae
1780 730 1847 757 sole—

1026 765 1118 791 mnius
1137 765 1212 799 apud
1230 765 1299 799 illas,
1317 773 1401 799 quam
1419 765 1568 800 Simplicia,
1586 772 1789 796 consueverunt
1806 777 1848 796 ce-

1026 803 1135 831 lebrari.

1077 843 1100 870 2.
1120 844 1163 871 De
1177 844 1259 870 Festo
1273 843 1451 878 Semiduplici
1470 844 1501 871 fit
1519 852 1552 872 eo
1571 845 1615 872 die
1630 854 1687 880 quo
1700 846 1782 881 cadit,
1800 851 1848 874 aut

1026 882 1061 909 de
1074 882 1120 909 illo
1134 883 1247 917 ponitur
1260 883 1501 917 Commemoratio,
1520 888 1551 911 ut
1565 885 1671 912 dicetur
1683 886 1711 912 in
1726 886 1848 914 Rubrica

1026 921 1061 948 de
1079 922 1273 949 Translatione
1291 922 1443 949 Festorum.

1077 961 1101 987 3.
1119 961 1211 988 Habet
1229 965 1318 988 totum
1333 961 1463 988 Officium
1481 962 1626 997 integrum,
1644 963 1714 990 sicut
1728 964 1848 998 Duplex,

1025 1000 1075 1027 sed
1091 1008 1147 1027 non
1165 1000 1340 1035 duplicantur
1358 1001 1534 1035 Antiphonae.

1076 1040 1100 1066 4.
1118 1039 1165 1066 Ad
1179 1040 1345 1067 Matutinum
1359 1040 1489 1067 dicuntur
1506 1044 1562 1068 tres
1576 1041 1719 1075 Nocturni,
1737 1046 1848 1076 praeter-

1025 1086 1109 1112 quam
1122 1079 1196 1106 infra
1210 1079 1330 1106 Octavas
1340 1079 1456 1106 Paschae
1469 1083 1496 1106 et
1507 1080 1692 1115 Pentecostes,
1704 1081 1733 1107 in
1746 1082 1848 1116 quibus

1025 1117 1126 1145 dicitur
1143 1126 1229 1145 unum
1243 1118 1417 1146 Nocturnum
1430 1126 1493 1145 cum
1507 1119 1596 1146 tribus
1610 1120 1728 1146 Psalmis
1746 1124 1773 1147 et
1787 1121 1847 1147 toti-

989 1178 993 1181 .
1025 1157 1089 1184 dem
1111 1157 1298 1184 Lectionibus.
1337 1157 1373 1184 Et
1396 1158 1559 1192 regulariter
1582 1159 1694 1193 quando
1718 1158 1848 1186 dicuntur

1024 1199 1081 1223 tres
1105 1196 1253 1231 Nocturni,
1277 1197 1407 1223 dicuntur
1430 1205 1530 1224 novem
1554 1198 1658 1224 Psalmi
1682 1201 1709 1225 et
1733 1199 1846 1225 totidem

1025 1235 1183 1270 Lectiones;
1202 1236 1324 1270 exceptis
1342 1236 1375 1263 iis
1389 1236 1549 1270 Dominicis„
1567 1236 1597 1263 in
1615 1237 1716 1271 quibus
1735 1238 1764 1264 fit
1780 1238 1847 1264 Offi-

1023 1274 1097 1301 cium
1121 1277 1152 1301 ut
1175 1274 1204 1301 in
1227 1275 1377 1309 Psalterio,
1405 1283 1468 1309 quae
1492 1275 1595 1302 habent
1621 1276 1687 1302 xviii
1712 1276 1846 1308 Psalmos‚

1023 1317 1055 1340 ut
1072 1313 1118 1340 ibi.

1074 1353 1098 1379 5.
1118 1352 1265 1385 Quomodo
1278 1352 1314 1379 sit
1328 1352 1513 1379 ordinandum
1527 1353 1656 1380 Officium
1669 1354 1846 1388 Semiduplex

1024 1395 1081 1418 tam
1098 1392 1126 1418 in
1145 1392 1242 1426 Festis,
1264 1400 1347 1426 quam
1365 1392 1393 1418 in
1412 1392 1564 1419 Dominicis
1582 1397 1610 1419 et
1627 1393 1700 1419 infra
1719 1393 1845 1426 Octavas,

1023 1431 1089 1457 item
1113 1434 1139 1457 ct
1163 1430 1198 1457 dc
1221 1430 1403 1465 Antiphonis,
1428 1431 1575 1465 Versibus,
1600 1432 1796 1466 Responsoriis
1819 1435 1846 1458 et

1023 1469 1181 1504 hujusmodi
1199 1469 1272 1503 aliis,
1295 1473 1323 1496 et
1342 1470 1455 1503 quando
1477 1470 1505 1496 in
1523 1470 1701 1505 Semiduplici
1719 1470 1846 1497 dicantur

1024 1509 1125 1535 Preces
1143 1508 1179 1535 ad
1193 1509 1316 1535 Primam
1330 1512 1358 1535 et
1372 1509 1598 1543 completorium,
1616 1513 1643 1536 et
1656 1509 1793 1544 Suffragia
1811 1509 1846 1536 de

1024 1547 1132 1575 Sanctis
1151 1548 1186 1574 ad
1200 1547 1338 1582 Vesperas
1352 1551 1379 1575 et
1393 1548 1513 1582 Laudes,
1530 1549 1668 1575 habentur
1681 1548 1797 1575 inferius
1811 1549 1846 1575 de

1024 1587 1138 1621 singulis
1155 1587 1277 1621 propriae
1295 1587 1434 1615 Rubricae.

1207 1648 1269 1681 111.
1290 1650 1338 1680 Dc
1362 1648 1483 1681 Officio
1507 1648 1663 1689 Simplici.

1072 1699 1177 1726 fficium
1199 1699 1230 1726 fit
1248 1699 1371 1733 Simplex
1394 1699 1421 1726 in
1440 1699 1537 1726 diebus
1556 1699 1710 1733 ferialibus,
1732 1701 1844 1734 quando

1081 1738 1201 1765 occurrit
1220 1738 1279 1764 fieri
1298 1739 1333 1765 de
1346 1732 1438 1765 Feria:
1457 1738 1522 1764 item
1540 1738 1568 1765 in
1582 1739 1678 1772 Festis,
1696 1739 1797 1773 quibus
1815 1739 1843 1766 in

1023 1778 1193 1805 Kalendario
1217 1785 1273 1804 non
1297 1778 1446 1812 apponitur
1469 1778 1529 1804 haec
1554 1785 1623 1811 vox,
1644 1779 1766 1812 Duplex,
1799 1779 1843 1805 vel

1021 1816 1207 1850 Semiduplex,
1223 1816 1269 1843 vel
1281 1817 1315 1843 de
1329 1819 1445 1844 Octava:
1462 1816 1527 1843 item
1541 1816 1654 1850 quando
1669 1817 1700 1843 fit
1713 1817 1748 1843 de
1762 1817 1841 1844 beata

1022 1856 1111 1883 Maria
1130 1856 1159 1882 in
1177 1855 1309 1889 Sabbato‚
1328 1858 1358 1881 ut
1377 1855 1407 1881 in
1424 1855 1483 1889 ejus
1502 1855 1625 1882 Rubrica
1643 1856 1758 1883 dicetur.

1074 1900 1098 1926 2.
1117 1899 1162 1926 De
1178 1899 1260 1925 Festo
1279 1898 1402 1932 Simplici
1426 1898 1456 1925 fit
1480 1906 1513 1925 eo
1537 1898 1582 1926 die
1604 1906 1660 1933 quo
1681 1899 1768 1933 cadit;
1792 1899 1844 1925 nisi

1022 1939 1120 1966 eodem
1138 1938 1182 1965 die
1200 1940 1326 1964 occurrat
1343 1937 1403 1964 fieri
1416 1937 1546 1964 Officium
1559 1945 1659 1964 novem
1674 1938 1845 1970 Lectionum,

1022 1978 1067 2005 vel
1090 1978 1125 2004 de
1149 1980 1245 2004 sancta
1263 1976 1351 2003 Maria
1375 1976 1404 2002 in
1422 1976 1559 2010 Sabbato,
1582 1977 1626 2004 vel
1649 1977 1684 2003 de
1706 1976 1844 2010 aliquibus

1022 2017 1119 2050 Feriis,
1137 2016 1239 2050 quibus
1256 2016 1369 2042 Festum
1387 2015 1509 2049 Simplex
1527 2015 1612 2049 cedit,
1634 2019 1664 2042 ut
1687 2015 1794 2042 dicetur
1815 2015 1844 2041 in

1023 2055 1154 2083 Rubricis
1172 2055 1207 2082 de
1225 2055 1312 2082 Feriis
1329 2058 1357 2081 et
1374 2055 1410 2081 de
1427 2054 1751 2082 commemorationibus.

1074 2099 1099 2125 3.
1116 2099 1209 2125 Habet
1227 2101 1334 2125 tantum
1350 2098 1454 2132 primas
1471 2099 1622 2132 Vesperas,
1641 2098 1669 2124 in
1686 2098 1787 2131 quibus
1805 2097 1843 2124 di-

1022 2141 1123 2165 cuntur
1140 2137 1244 2164 Psalmi
1262 2137 1394 2170 Feriales,
1416 2140 1444 2164 et
1465 2145 1482 2164 a
1499 2137 1628 2171 Capitulo
1652 2137 1683 2163 fit
1701 2136 1735 2163 de
1754 2137 1843 2169 Festo,

1022 2177 1076 2203 nisi
1093 2185 1157 2204 cum
1180 2184 1213 2203 co
1231 2179 1379 2203 concurrat
1398 2176 1527 2203 Officium
1551 2183 1651 2202 novem
1670 2175 1842 2208 Lectionum,

1022 2216 1088 2250 quia
1106 2219 1173 2243 tunc
1189 2215 1225 2242 dc
1242 2222 1275 2242 eo
1299 2215 1330 2242 fit
1347 2215 1407 2242 sola
1423 2215 1662 2248 commemoratio,
1685 2218 1716 2241 ut
1737 2214 1844 2241 dicetur

1022 2255 1051 2282 in
1069 2255 1193 2282 Rubrica
1209 2254 1244 2281 de
1262 2254 1455 2281 concurrentia
1468 2253 1572 2281 Officii:
1591 2257 1617 2280 ct
1635 2254 1694 2287 ejus
1713 2253 1842 2280 Officium

1022 2294 1187 2321 terminatur
1200 2294 1236 2321 ad
1250 2293 1367 2327 Nonam,
1385 2297 1413 2320 et
1426 2293 1494 2320 nihil
1508 2293 1626 2327 amplius
1641 2292 1672 2319 fit
1685 2292 1720 2318 de
1737 2300 1779 2326 eo,
1792 2299 1842 2318 nec

1022 2333 1256 2360 commemoratio.

1073 2377 1097 2403 4.
1117 2376 1163 2403 Ad
1182 2376 1348 2403 Matutinum
1367 2379 1430 2410 post
1448 2375 1641 2403 Invitatorium
1660 2378 1688 2401 et
1700 2375 1841 2408 Hymnum

1022 2417 1057 2443 de
1070 2417 1160 2449 Festo,
1178 2416 1279 2443 dicitur
1291 2423 1377 2442 unum
1390 2419 1498 2442 tantum
1512 2415 1684 2443 Nocturnum
1698 2421 1761 2440 cum
1775 2413 1841 2438 duo-

1022 2455 1110 2482 decim
1130 2455 1264 2488 Psalmis,
1287 2458 1318 2481 ut
1339 2455 1368 2481 in
1385 2454 1536 2486 Psalterio,
1559 2453 1710 2480 secundum
1734 2451 1841 2478 Feriam

1022 2502 1086 2528 quae
1104 2494 1236 2527 occurritg
1261 2497 1288 2520 et
1311 2497 1368 2520 tres
1386 2494 1531 2520 Lectiones
1548 2493 1690 2526 leguntur,
1714 2494 1744 2518 ut
1768 2489 1840 2517 infra

1022 2534 1050 2560 in
1069 2533 1192 2560 Rubrica
1210 2533 1244 2559 de
1263 2533 1440 2559 Lectionibus
1458 2533 1583 2559 habetur.

1074 2577 1098 2603 5.
1123 2576 1268 2609 Quomodo
1294 2576 1330 2602 sit
1356 2576 1541 2602 ordinandum
1566 2574 1695 2602 Officium
1718 2572 1839 2606 Simplex

1023 2616 1059 2642 ad
1077 2616 1223 2650 Vesperas,
1243 2615 1407 2642 Matutinum
1425 2618 1454 2642 et
1471 2615 1539 2641 alias
1553 2615 1658 2647 Horas;
1677 2613 1741 2639 item
1759 2614 1786 2638 et
1804 2610 1839 2636 de

1022 2655 1197 2688 Antiphonis,
1209 2654 1350 2687 Versibus,
1363 2653 1558 2688 Responsoriis
1567 2657 1595 2680 et
1603 2652 1671 2685 aliis,
1683 2659 1716 2678 ac
1728 2649 1839 2684 quando

1022 2695 1131 2727 Preces,
1149 2697 1177 2720 et
1194 2693 1331 2727 Suffragia
1349 2693 1384 2720 de
1398 2692 1506 2720 Sanctis
1525 2692 1641 2719 dicenda
1659 2690 1721 2723 sint,
1739 2689 1839 2716 haben-

1021 2736 1068 2759 tur
1084 2733 1200 2760 inferius
1216 2732 1338 2767 propriae
1355 2732 1492 2759 Rubricae.
