2080 2990
456 243 527 277 Die
554 244 606 277 18.
630 243 720 277 Dec.
766 243 808 276 In
835 243 1134 285 Exspectatione
1160 243 1297 276 Partus
1324 244 1363 276 Β.
1392 243 1435 276 M.
1462 243 1504 276 Y.

230 337 383 378 Lectio
404 338 458 377 iii.
525 333 531 338 ’
669 337 771 388 Cap.
787 338 851 375 35.

199 404 404 446 aetabitur
427 404 600 446 deserta
619 410 662 447 et
683 406 808 455 invia,
828 411 872 446 et
887 418 957 446 ex-

234 461 415 502 sultabit
450 460 661 510 solitudo,
705 467 748 502 et
785 461 959 503 florebit

131 517 255 568 quasi
279 516 427 557 lilium.
464 516 724 557 Germinans
748 517 958 567 germina-

130 571 204 622 bit,
224 577 268 613 et
287 572 523 613 exsultabit
542 571 793 613 laetabunda
813 578 856 613 et
870 572 958 612 lau·
1024 612 1025 616 ,
1047 568 1136 623 ’Ἦ

132 626 255 668 dans:
273 627 412 678 gloria
430 627 585 669 Libani
605 627 708 669 data
728 634 794 669 est
814 628 867 669 ei:
888 627 959 669 de·
1024 631 1026 676 ζ
1050 638 1112 664 a
1132 661 1133 664 ,

132 695 209 725 cor
242 684 429 724 Carmeli
461 689 505 725 et
536 684 693 733 Saron,
726 684 811 736 ipsi
842 682 960 725 vide·

131 738 240 780 bunt
263 739 447 790 gloriam
465 739 658 788 Domini,
687 745 730 780 et
755 739 961 780 decorem

131 795 215 836 Dei
233 795 383 837 nostri.
421 795 677 836 Confortate
700 808 854 836 manus
876 794 960 836 dis-

132 851 310 900 solutas,
337 856 380 893 et
401 853 542 901 genua
561 849 722 891 debilia
742 850 961 891 roborate.

131 906 275 948 Dicite
303 907 606 959 pusillanimis:
636 906 962 954 Consortamini,

133 967 176 1003 et
199 962 334 1004 nolite
357 963 527 1004 timere:
553 975 656 1003 ecce
677 962 796 1003 Deus
816 968 962 1003 vester

133 1018 342 1059 ultionem
400 1017 591 1059 addacet
648 1017 962 1059 retributionis:

133 1074 254 1115 Deus
278 1074 373 1126 ipse
399 1075 560 1122 veniet,
588 1079 631 1115 et
659 1073 846 1114 salvabit
871 1086 962 1113 vos.

133 1130 258 1171 Tunc
294 1130 543 1182 aperientur
582 1129 697 1170 oculi
734 1131 963 1177 caecorum,

134 1190 178 1227 et
196 1198 323 1227 aures
341 1185 576 1227 surdorum
590 1185 813 1238 patebunt.
839 1185 964 1225 Tunc

134 1241 260 1283 saliet
275 1242 386 1283 sicut
402 1254 558 1282 cervus
575 1240 768 1289 claudus,
785 1245 829 1281 et
842 1242 963 1292 aper-

132 1302 178 1338 ta
202 1298 282 1338 erit
306 1297 453 1348 lingua
476 1299 711 1338 mutorum:
741 1296 842 1347 quia
862 1296 962 1336 scis-

134 1365 196 1394 sae
224 1359 324 1395 sunt
350 1354 394 1393 in
422 1353 599 1394 deserto
629 1365 772 1403 aquae,
807 1357 850 1392 et
876 1356 963 1392 tor-

133 1411 279 1450 rentes
302 1409 347 1449 in
373 1408 618 1450 solitudine.
659 1408 715 1448 Et
744 1420 842 1459 quae
872 1412 965 1448 erat

134 1463 267 1515 arida,
287 1465 367 1506 erit
385 1465 429 1504 in
450 1469 662 1514 stagnum,
687 1468 730 1504 et
750 1463 901 1503 sitiens
921 1462 964 1501 in

133 1520 277 1561 fontes
297 1523 521 1572 aquarum.

186 1591 238 1643 R.
285 1588 537 1630 Descendet
588 1587 803 1628 Dominus
853 1586 966 1627 sicut

133 1643 284 1697 pluvia
307 1645 350 1684 in
373 1644 527 1685 vellus:
554 1644 718 1685 orietur
741 1643 785 1682 in
809 1642 964 1683 diebus

135 1701 227 1752 ejus
246 1700 420 1752 justitia,
436 1701 458 1725 *
474 1700 530 1740 Et
549 1698 818 1741 abundantia
832 1697 965 1749 pacis.

135 1752 186 1804 V.
218 1756 276 1797 Et
307 1755 555 1797 adorabunt
588 1768 687 1796 eum
718 1766 870 1795 omnes
902 1765 964 1793 re-

135 1824 228 1862 ges;
251 1824 403 1852 omnes
423 1811 589 1852 Gentes
609 1810 799 1851 servient
818 1809 868 1850 ei.
898 1809 965 1849 Et.

137 1867 289 1909 Gloria
305 1867 437 1909 Patri.
474 1868 542 1908 Et.

364 1957 414 1996 In
435 1955 487 1995 ΙΙ.
511 1955 735 1994 Nocturno.

189 2035 288 2075 Ant.
316 2035 386 2075 De
405 2033 508 2074 Sion
535 2031 671 2073 exibit
693 2031 782 2080 lex,
811 2035 854 2071 et
872 2043 965 2071 ver-

136 2089 243 2132 bum
260 2089 438 2131 Domini
456 2088 511 2130 de
531 2086 784 2128 Jerusalem.

191 2160 289 2200 Ant.
323 2160 437 2199 Ecce
465 2157 587 2197 Deus
613 2159 780 2203 noster,
813 2165 965 2205 exspe-

140 2213 352 2255 ctavimus
379 2226 487 2263 eum,
515 2216 558 2253 et
583 2209 771 2251 salvabit
793 2221 885 2258 nOS,
909 2207 965 2249 al-

138 2269 277 2321 lehija.

190 2339 289 2380 Ant.
324 2337 537 2379 Dominus
563 2335 722 2383 veniet,
751 2332 967 2375 occurrite

138 2394 213 2443 illi,
238 2393 447 2435 dicentes:
470 2393 676 2443 Magnum
694 2389 967 2442 principium,

140 2454 184 2490 et
207 2449 328 2500 regni
354 2450 444 2500 ejus
469 2461 557 2490 non
584 2447 665 2488 erit
690 2445 803 2485 finis:
830 2444 967 2492 Deus,

138 2505 296 2554 Fortis,
314 2505 586 2552 Dominator,
607 2501 816 2552 Princeps
835 2498 968 2551 pacis,

140 2559 322 2612 allehija.

194 2620 245 2670 V.
284 2623 547 2674 Egredietur
578 2622 700 2672 virga
731 2620 786 2661 de
821 2618 968 2659 radice

141 2679 277 2720 Jesse.
339 2680 390 2730 R.
424 2678 482 2719 Et
508 2678 592 2718 flos
620 2677 675 2718 de
702 2675 850 2716 radice
879 2674 969 2724 ejus

142 2734 360 2776 ascendet.

296 2875 360 2899 Pars
375 2874 509 2900 Hiemalis.

1049 342 1202 381 Sermo
1223 339 1362 379 sancti
1378 337 1635 389 Ildephonsi
1651 336 1803 377 Archi-

1206 394 1406 446 episcopi
1424 393 1640 434 Toletani.

1135 458 1193 491 Ex
1211 458 1310 491 libro
1330 458 1375 491 dc
1393 458 1497 499 Virg.
1516 458 1556 490 B.
1576 457 1716 491 Mariae.

1315 509 1463 549 Lcctio
1484 509 1535 548 iv.

1123 562 1287 602 omina
1306 573 1404 602 mea
1423 566 1554 611 atque
1575 559 1838 601 dominatrix

1062 667 1068 671 .
1111 621 1137 670 ’,ᾳ
1160 630 1273 666 mea,
1302 616 1529 658 dominans
1551 615 1670 664 mihi,
1698 615 1838 656 Mater

1069 670 1137 699 L
1161 673 1338 714 Domini
1356 672 1452 720 mei,
1474 671 1630 712 ancilla
1648 671 1746 711 Filii
1765 671 1839 719 tui,

1011 729 1197 781 genitrix
1216 728 1393 769 factoris
1412 727 1573 776 mundi,
1592 731 1635 767 te
1655 739 1776 776 rogo,
1795 731 1839 767 te

1012 799 1102 835 oro,
1122 791 1166 826 te
1186 797 1349 836 quaeso,
1368 788 1416 824 ut
1434 782 1620 823 habeam
1640 782 1839 834 spiritum

1012 841 1189 882 Domini
1216 840 1295 889 tui,
1323 839 1611 891 spiritumque
1642 837 1739 877 Filii
1766 837 1839 887 tui,

1011 910 1182 939 necnon
1215 901 1258 937 et
1295 895 1495 947 spiritum
1528 893 1841 945 Redemptoris

1012 954 1109 1002 mei,
1128 958 1175 994 ut
1195 952 1249 992 de
1270 957 1314 992 te
1330 963 1433 991 vera
1453 955 1495 991 et
1515 949 1647 999 digna
1662 949 1840 1001 sapiam,

1013 1022 1117 1050 vera
1136 1014 1179 1049 et
1199 1007 1330 1057 digna
1346 1006 1513 1057 loquar,
1532 1018 1637 1046 vera
1653 1009 1696 1045 et
1712 1004 1842 1054 digna

1015 1067 1303 1115 quaecumque
1315 1067 1424 1110 sunt,
1440 1061 1629 1111 diligam.
1648 1060 1717 1100 Tu
1730 1060 1843 1100 enim

1014 1133 1061 1161 es
1086 1120 1225 1161 electa
1250 1132 1275 1159 a
1298 1118 1412 1166 Deo,
1439 1119 1665 1168 assumpta
1689 1128 1714 1155 a
1733 1115 1842 1164 Deo,

1014 1175 1230 1216 advocata
1250 1187 1274 1214 a
1294 1174 1402 1221 Deo,
1422 1172 1622 1224 proxima
1639 1171 1748 1219 Deo,
1771 1170 1843 1211 ad-

1013 1232 1184 1272 haerens
1211 1230 1324 1278 Deo,
1353 1230 1582 1279 conjuncta
1606 1227 1718 1267 Deo:
1745 1226 1841 1266 visi-

1013 1290 1105 1328 tata
1125 1286 1178 1327 ab
1191 1285 1373 1335 Angelo,
1393 1283 1578 1324 salutata
1594 1282 1648 1323 ab
1660 1281 1843 1331 Angelo,

1014 1342 1246 1384 benedicta
1279 1340 1333 1381 ab
1367 1338 1555 1389 Angelo,
1594 1337 1843 1379 beatificata

1015 1398 1070 1439 ab
1091 1397 1276 1447 Angelo:
1297 1395 1471 1437 turbata
1488 1395 1532 1434 in
1552 1394 1762 1441 sermone,
1782 1396 1842 1432 at-

1014 1454 1154 1495 tonita
1171 1453 1214 1492 in
1234 1451 1516 1501 cogitatione,
1536 1447 1781 1500 stupefacta
1800 1447 1843 1486 in

1016 1509 1292 1555 salutatione,
1321 1506 1535 1547 admirata
1558 1504 1601 1544 in
1627 1502 1844 1543 dictorum

1016 1564 1350 1606 annuntiatione.

1070 1621 1120 1672 R.
1145 1620 1260 1660 Ecce
1286 1618 1410 1667 virgo
1438 1614 1671 1667 concipiet,
1701 1618 1745 1654 et
1770 1615 1844 1665 pa-

1016 1677 1098 1717 riet
1117 1676 1263 1723 filium,
1283 1673 1388 1715 dicit
1404 1671 1630 1713 Dominus:
1654 1675 1676 1697 *
1695 1670 1752 1710 Et
1771 1681 1844 1709 vo-

1017 1732 1186 1773 cabitur
1221 1742 1380 1770 nomen
1417 1729 1507 1780 ejus
1545 1724 1844 1772 Admirabilis,

1016 1788 1147 1837 Deus,
1169 1786 1326 1826 Fortis.
1355 1780 1405 1831 V.
1425 1784 1564 1834 Super
1584 1781 1741 1821 solium
1760 1779 1843 1819 Da-

1016 1842 1107 1891 vid,
1137 1847 1180 1883 et
1204 1853 1336 1892 super
1360 1852 1540 1889 regnum
1564 1838 1654 1888 ejus
1674 1834 1845 1876 sedebit

1016 1898 1060 1937 in
1080 1899 1301 1939 aeternum.
1329 1895 1395 1936 Et.

1327 1951 1479 1992 Lectio
1500 1964 1536 1989 v.

1018 2007 1266 2110 Invenisse
1289 2011 1333 2047 te
1357 2003 1475 2057 apud
1493 2004 1636 2044 Deum
1661 2002 1846 2052 gratiam

1076 2063 1216 2111 audis,
1242 2067 1285 2103 et
1303 2074 1358 2102 ne
1377 2063 1533 2102 timeas
1552 2058 1723 2110 juberis.
1759 2058 1844 2098 Un-

1018 2118 1073 2160 de
1102 2123 1145 2159 et
1171 2123 1220 2159 tu
1246 2116 1407 2158 fiducia
1430 2114 1669 2162 roboraris,
1701 2112 1844 2162 cogni-

1017 2174 1136 2215 tione
1167 2171 1477 2213 miraculorum
1510 2168 1752 2216 instrueris,
1790 2166 1846 2207 ad

1017 2229 1258 2269 novitatem
1282 2225 1490 2268 inauditae
1515 2224 1666 2275 gloriae
1690 2223 1844 2275 prove-

1017 2284 1147 2325 heris.
1192 2284 1259 2324 De
1293 2282 1419 2335 prole
1451 2280 1506 2321 ab
1539 2279 1709 2329 Angelo
1741 2290 1844 2317 nun-

1018 2339 1125 2381 tiata
1149 2351 1213 2387 es,
1242 2343 1285 2379 et
1310 2342 1414 2390 post
1436 2337 1591 2376 foetum
1611 2336 1779 2383 integra
1802 2337 1845 2373 et

1018 2394 1179 2447 pudica
1197 2406 1358 2435 manes.
1387 2393 1518 2433 Certa
1530 2388 1753 2439 virginitas
1770 2400 1844 2428 no-

1019 2450 1087 2491 bis
1115 2449 1397 2502 proponitur,
1430 2452 1473 2487 et
1499 2444 1766 2486 nasciturum
1791 2455 1845 2483 ex

1018 2511 1063 2547 te
1078 2507 1295 2553 Sanctum,
1314 2504 1397 2544 Dei
1411 2501 1577 2549 Filium,
1596 2499 1675 2541 tibi
1690 2498 1744 2539 ab
1757 2499 1844 2538 An-

1019 2561 1119 2611 gelo
1140 2559 1475 2610 evangelizatur:
1504 2561 1547 2597 et
1571 2567 1670 2606 quae
1694 2554 1748 2594 sit
1772 2565 1843 2593 na-

1021 2617 1181 2658 scentis
1200 2615 1335 2665 Regis
1356 2611 1568 2665 potentia,
1593 2608 1845 2650 mirabiliter

1020 2673 1252 2713 intimatur.
1297 2666 1530 2719 Quomodo
1562 2666 1639 2706 fiat
1670 2663 1846 2715 quaeris:

1022 2726 1078 2768 de
1111 2727 1276 2776 origine
1305 2725 1564 2772 interrogas,
1596 2719 1651 2761 de
1678 2718 1846 2759 ratione
