2080 2990
456 234 631 269 Officium
657 234 829 267 votivum
857 232 903 266 de
929 232 985 266 Ss.
1010 231 1264 265 Eucharistiae
1288 233 1545 265 sacramento.

142 332 250 380 lum,
277 342 430 371 verum
458 328 590 369 etiam
613 325 795 367 morbos
822 336 973 366 omnes

144 385 335 439 depellit.
368 384 503 426 Sedat
522 383 647 431 enim,
667 394 766 423 cum
784 381 828 422 in
846 379 973 421 nobis

143 445 318 484 maneat
338 440 547 488 Christus,
568 438 823 479 saevientem
841 448 973 477 mern-

144 498 325 540 brorum
358 497 610 538 nostrorum
640 493 801 544 legem:
838 492 974 544 pieta-

144 559 234 596 tem
281 552 568 600 corroborat,
619 548 974 602 perturbationes

145 610 278 651 animi
313 607 568 658 exstinguit,
611 607 803 656 aegrotos
841 608 974 652 curat,

146 665 325 707 collisos
355 662 644 714 redintegrat:
682 667 725 702 et
757 661 870 701 sicut
901 672 975 712 pa-

146 726 240 763 stor
260 721 414 770 bonus,
439 719 513 771 qui
538 719 726 759 animam
751 729 875 757 suam
893 727 974 767 pro

148 777 303 819 ovibus
327 776 492 828 posuit,
519 774 574 818 ab
601 773 720 815 omni
742 785 825 813 nos
850 771 976 822 erigit

146 845 261 875 casu.

199 903 264 943 Te
282 901 426 942 Deum
443 898 683 941 laudamus.
703 898 763 937 14.

173 1004 386 1045 Mensibus
410 1002 614 1043 ,Ianuario
643 1002 686 1041 et
712 1001 949 1041 Februario.

147 1081 303 1124 Lectio
329 1080 469 1121 sancti
486 1078 713 1129 Evangelii
738 1077 979 1119 secundum

452 1136 477 1176 J
479 1137 676 1176 oannem.

250 1214 402 1254 Lectio
428 1213 495 1253 vii.
668 1211 771 1262 Cap.
792 1212 828 1250 6.
849 1210 873 1249 f.

196 1293 224 1320 n
248 1280 324 1321 illo
349 1281 566 1331 tempore:
593 1278 718 1319 Dixit
741 1277 766 1318 J
769 1290 868 1318 esus
892 1282 978 1318 tur-

218 1335 286 1377 bis
304 1334 574 1376 Judaeorum:
601 1334 714 1375 Caro
739 1346 851 1383 mea,
875 1346 978 1374 vere

150 1396 217 1434 est
245 1391 387 1433 cibus:
424 1395 468 1432 et
497 1390 673 1441 sanguis
700 1402 842 1439 meus,
875 1402 978 1430 vere

150 1452 218 1489 est
235 1452 377 1500 potus.
404 1447 462 1488 Et
481 1446 660 1498 reliqua.

254 1533 448 1575 Homih'a
475 1532 614 1573 sancti
643 1532 877 1583 Augustini

453 1588 677 1640 Episcopi.

318 1655 443 1690 Tract.
467 1655 519 1689 27.
545 1655 583 1689 in
607 1654 808 1689 Joannem.

165 1732 252 1775 W
280 1714 413 1756 erba
439 1713 617 1755 Domini
648 1725 703 1754 ex
728 1713 981 1764 Evangelio,

164 1755 301 1836 *yffi
324 1783 424 1822 quae
466 1771 715 1811 sermonem
749 1769 982 1822 pristinum

163 1835 169 1841 ⁶
191 1830 225 1845 '⁸¹‘
297 1848 300 1850 ·
323 1829 674 1878 consequuntur,
726 1824 983 1866 audivimus.

150 1883 266 1924 Hinc
308 1895 452 1924 sermo
495 1882 680 1924 debetur
721 1881 899 1922 auribus
938 1885 982 1922 et

150 1937 369 1980 mentibus
397 1938 573 1988 vestris,
602 1943 646 1979 et
671 1937 884 1978 hodierna
911 1936 981 1978 die

150 2007 240 2036 non
262 1994 541 2046 importunus
566 1998 643 2035 est.
683 1993 765 2034 Est
789 1993 904 2034 enim
927 1991 983 2034 de

152 2052 341 2103 corpore
365 2050 558 2100 Domini,
588 2049 709 2102 quod
735 2048 910 2090 dicebat
936 2061 983 2090 se

153 2106 258 2148 dare
304 2106 361 2148 ad
400 2105 759 2156 ¹manducandum
799 2110 983 2157 propter

154 2163 364 2204 aeternam
394 2163 539 2204 vitam.
591 2161 810 2213 Exposuit
837 2166 983 2202 autem

153 2218 334 2260 modum
351 2218 648 2260 attributionis
663 2217 800 2269 hujuS,
821 2221 864 2258 et
880 2216 985 2258 doni

154 2274 236 2325 sui,
261 2274 486 2326 quomodo
511 2274 636 2316 daret
660 2286 835 2315 carnem
859 2285 984 2314 suam

153 2330 430 2381 manducare,
453 2330 618 2372 dicens:
642 2330 727 2380 Qui
745 2327 983 2370 manducat

155 2399 331 2428 carnem
350 2399 505 2436 meam,
529 2391 573 2428 et
594 2386 705 2427 bibit
729 2385 984 2435 sanguinem

154 2454 310 2492 meum,
335 2442 379 2483 in
396 2455 467 2483 me
485 2447 643 2491 manet,
668 2446 712 2482 et
731 2453 812 2491 ego
832 2440 876 2480 in
895 2439 983 2480 illo.

155 2497 335 2548 Signum
360 2498 461 2550 quia
486 2497 767 2539 manducavit
793 2501 836 2537 et
861 2495 983 2543 bibit,

154 2553 240 2594 hoc
267 2558 350 2595 est:
379 2554 417 2594 si
442 2559 605 2603 manet,
634 2559 678 2595 et
704 2553 919 2594 manetur:
947 2551 985 2591 si

154 2607 334 2658 habitat,
353 2614 397 2651 et
414 2608 695 2652 inhabitatur:
715 2609 751 2650 si
767 2608 917 2657 haeret,
935 2611 984 2648 ut

155 2677 244 2706 non
263 2664 501 2707 deseratur.

213 2735 263 2784 R.
285 2732 370 2782 Qui
387 2732 633 2775 manducat.
661 2732 777 2785 [230]

1764 221 1855 264 [231]

1313 325 1464 365 Lectio
1487 326 1569 364 viii.

1029 385 1178 490 Hoc
1209 398 1314 436 ergo
1346 397 1427 425 nos
1460 383 1611 424 docuit
1639 387 1682 423 et
1710 381 1856 423 admo-

1149 442 1243 482 nuit
1262 440 1457 492 mysticis
1477 438 1633 487 verbis,
1656 443 1704 479 ut
1724 438 1858 478 simus

1028 499 1071 539 in
1096 499 1187 550 ejus
1212 499 1399 548 corpore
1424 495 1504 536 sub
1526 495 1624 546 ipso
1649 494 1794 546 capite
1815 493 1859 533 in

1028 553 1236 595 membris
1252 553 1353 604 ejus,
1370 550 1549 592 edentes
1565 562 1741 591 carnem
1756 550 1858 601 ejus,

1028 623 1116 651 non
1163 609 1459 660 relinquentes
1502 606 1713 647 unitatem
1757 606 1858 656 ejus.

1029 666 1118 707 Sed
1143 666 1217 717 qui
1239 664 1431 712 aderant,
1454 662 1603 715 plures
1626 674 1715 702 non
1737 660 1858 702 intel-

1029 721 1205 773 ligendo
1219 719 1502 762 scandalizati
1517 723 1630 759 sunt:
1644 729 1733 758 non
1745 717 1859 758 enim

1030 778 1293 828 cogitabant,
1313 776 1410 816 haec
1425 772 1654 823 audiendo,
1673 773 1756 813 nisi
1771 785 1860 813 car-

1029 847 1146 882 nem,
1176 832 1297 885 quod
1323 832 1407 884 ipsi
1435 835 1570 872 erant.
1617 828 1860 880 Apostolus

1031 895 1177 931 autem
1197 889 1302 930 dicit
1322 893 1365 929 et
1384 900 1537 928 verum
1556 885 1677 927 dicit:
1697 885 1861 936 Sapere

1031 945 1272 987 secundum
1296 956 1482 991 carnem,
1505 955 1625 983 mors
1645 946 1722 982 est.
1761 940 1861 981 Car-

1031 1014 1131 1042 nem
1145 1014 1268 1042 suam
1283 1000 1359 1041 dat
1374 999 1503 1040 nobis
1514 997 1730 1038 Dominus
1745 1008 1861 1036 man-

1033 1057 1213 1098 ducare:
1246 1062 1289 1098 et
1317 1058 1474 1107 sapere
1503 1052 1743 1095 secundum
1773 1065 1862 1093 car-

1031 1126 1131 1154 nem
1154 1125 1274 1154 mors
1300 1117 1377 1153 est.
1419 1111 1528 1151 Cum
1550 1109 1605 1150 de
1630 1121 1759 1149 carne
1784 1120 1862 1148 sua

1033 1168 1160 1218 dicat,
1178 1169 1280 1220 quia
1293 1167 1354 1209 ibi
1369 1171 1435 1208 est
1451 1167 1540 1207 vita
1559 1166 1735 1207 aeterna:
1756 1176 1861 1214 ergo

1032 1237 1113 1265 nec
1149 1237 1324 1265 carnem
1360 1222 1571 1264 debemus
1608 1223 1765 1272 sapere
1798 1232 1862 1260 se-

1033 1280 1225 1321 cundum
1250 1292 1442 1328 carnem,
1470 1278 1582 1319 sicut
1607 1277 1651 1317 in
1676 1276 1743 1317 his
1769 1288 1861 1316 ver-

1032 1336 1114 1378 bis:
1133 1336 1261 1377 Multi
1278 1338 1426 1386 itaque
1447 1333 1684 1382 audientes,
1703 1345 1792 1373 non
1809 1344 1863 1372 ex

1031 1392 1226 1442 inimicis,
1251 1391 1330 1433 sed
1350 1404 1405 1432 ex
1427 1388 1654 1441 discipulis
1676 1389 1777 1440 ejus,
1802 1387 1862 1429 di-

1032 1451 1208 1490 xerunt:
1245 1449 1393 1488 Durus
1424 1451 1490 1488 est
1519 1446 1589 1486 hic
1621 1457 1787 1494 sermo,
1820 1448 1863 1485 et

1034 1505 1131 1557 quis
1149 1508 1299 1556 potest
1319 1516 1418 1544 eum
1437 1499 1611 1543 audire?

1086 1573 1137 1624 R.
1163 1569 1282 1610 Misit
1299 1580 1369 1609 me
1388 1567 1552 1608 vivens
1580 1565 1696 1617 [230]

1336 1645 1487 1685 Lectio
1508 1645 1562 1684 ix.

1036 1708 1117 1814 Si
1167 1710 1369 1762 discipuli
1416 1709 1574 1751 durum
1619 1707 1866 1748 habuerunt

1124 1768 1256 1808 istum
1275 1768 1533 1815 sermonem,
1555 1763 1660 1815 quid
1678 1760 1864 1803 inimici?

1034 1825 1091 1866 Et
1114 1829 1262 1865 tamen
1287 1823 1349 1864 sic
1374 1820 1610 1874 oportebat
1631 1824 1680 1860 ut
1703 1818 1864 1860 dicere-

1034 1886 1122 1929 tur,
1148 1878 1269 1930 quod
1292 1891 1381 1919 non
1405 1877 1459 1919 ab
1485 1875 1687 1918 omnibus
1711 1874 1866 1915 intelli-

1034 1938 1221 1988 geretur.
1245 1935 1472 1975 Secretum
1486 1932 1571 1974 Dei
1585 1932 1777 1972 intentos
1793 1929 1865 1971 de-

1034 1992 1110 2034 bet
1122 1992 1278 2041 facere,
1292 2002 1381 2031 non
1394 1989 1622 2030 adversosz
1632 1986 1705 2027 isti
1719 1990 1866 2026 autem

1036 2049 1124 2090 cito
1146 2047 1412 2095 defecerunt,
1431 2044 1537 2087 talia
1554 2044 1762 2095 loquente
1777 2042 1865 2083 Do-

1035 2105 1153 2146 mino
1178 2104 1202 2144 J
1205 2117 1283 2145 esu
1307 2102 1494 2143 Christo.
1539 2100 1643 2141 Non
1669 2097 1864 2139 credide-

1035 2165 1138 2201 runt
1157 2158 1323 2211 aliquid
1342 2170 1548 2208 magnum
1570 2156 1798 2202 dicentem,
1823 2157 1867 2194 et

1036 2215 1183 2258 verbis
1215 2215 1302 2256 illis
1331 2214 1523 2266 aliquam
1551 2211 1738 2263 gratiam
1766 2221 1865 2250 coo-

1036 2273 1299 2326 perientem:
1338 2270 1418 2311 sed
1452 2273 1586 2322 prout
1621 2266 1865 2314 voluerunt,

1035 2330 1097 2370 ita
1131 2327 1458 2375 intellexerunt,
1494 2330 1538 2366 et
1574 2335 1697 2364 more
1728 2321 1864 2362 homi-

1036 2398 1157 2425 num:
1186 2384 1287 2435 quia
1310 2385 1486 2435 poterat
1509 2381 1534 2421 J
1537 2392 1653 2428 esus,
1681 2382 1756 2419 aut
1779 2377 1866 2418 hoc

1037 2439 1300 2493 disponebat
1320 2439 1343 2480 J
1348 2451 1460 2487 esuS‚
1484 2448 1670 2484 carnem,
1695 2438 1782 2485 qua
1804 2433 1864 2473 in-

1037 2496 1193 2538 dutum
1217 2500 1311 2537 erat
1330 2493 1539 2541 Verbum,
1564 2490 1699 2532 veluti
1723 2490 1864 2531 conci-

1036 2565 1141 2602 sam,
1162 2550 1424 2594 distribuere
1445 2546 1725 2589 credentibus
1744 2546 1788 2586 in
1806 2557 1864 2585 se.

1035 2609 1183 2649 Durus
1219 2612 1304 2658 est,
1340 2605 1559 2657 inquiunt,
1595 2603 1666 2643 hic
1702 2613 1864 2643 sermo:

1037 2665 1133 2716 quis
1152 2668 1302 2716 potest
1321 2674 1420 2703 eum
1441 2658 1614 2701 audire?

1092 2731 1153 2770 Te
1171 2728 1316 2769 Deum
1333 2724 1575 2766 laudamus.
1593 2724 1653 2764 14.
