2080 2990
499 204 568 238 Dic
592 205 643 238 25.
668 204 750 237 Jan.
799 205 838 237 In
864 204 1124 238 Conversione
1150 204 1183 238 S.
1209 205 1315 238 Pauli
1343 206 1530 247 Apostoli.

223 300 320 340 Ant.
362 296 445 349 Qui
476 296 568 338 vult
599 298 745 337 venire
776 300 880 349 post
910 309 990 346 me,

172 351 357 402 abneget
375 355 671 405 semetipsum,
692 358 735 394 et
753 352 879 394 tollat
898 365 988 394 cru-

171 420 267 449 cem
284 421 415 459 suam,
436 414 479 451 et
497 412 705 461 sequeitur
722 422 802 451 me.

221 467 270 518 V.
322 469 470 510 Justus
518 475 566 512 ut
613 469 758 522 palma
806 468 989 511 florebit.

170 529 220 580 Rc,
254 526 374 567 Sicut
410 525 564 568 cedrus
597 526 751 568 Libani
787 524 987 578 multipli-

169 581 347 624 cabitur.

220 644 383 685 Oratio.
416 642 723 685 Infirmitatem.
749 642 842 683 447.

331 724 418 765 Ad.
443 723 827 765 matutinum.

220 783 530 824 Invitatorium.
571 779 818 823 Laudemus
846 781 987 822 Deum

167 842 379 887 nostrum,
399 840 422 866 *
438 838 490 878 In
516 837 799 879 conversione
823 837 985 879 Docto-

166 894 226 935 ris
249 894 464 936 Gentium.

217 952 285 991 Ps.
320 952 479 1000 Venite,
498 949 773 991 exsultemus.
796 951 832 991 2.

218 1008 427 1059 Hymnus.
455 1006 638 1058 Egregie
656 1007 825 1049 Doctor
842 1007 986 1049 Paule.

166 1069 213 1104 ut
238 1077 378 1115 supra.
405 1065 500 1105 448.

402 1143 450 1182 In
477 1144 505 1182 Ι.
535 1143 755 1182 Nocturno.

218 1210 317 1250 Ant.
351 1211 435 1259 Qui
465 1212 672 1264 operatus
697 1215 764 1253 est
787 1211 919 1253 Petro
943 1212 986 1253 in

165 1266 476 1319 apostolatum,
503 1269 710 1320 operatus
736 1272 802 1309 est
822 1273 865 1309 et
883 1268 986 1309 mihi

163 1323 274 1364 inter
295 1323 473 1365 Gentes:
501 1329 544 1365 et
568 1326 868 1374 cognoverunt
890 1327 984 1375 gra-

162 1379 282 1429 tiam,
313 1392 411 1431 quae
435 1379 537 1422 data
559 1385 626 1422 est
645 1380 748 1421 mihi
767 1394 792 1422 a
811 1381 984 1423 Christo

162 1435 363 1477 Domino.

217 1498 359 1533 Psalmi
392 1499 504 1533 trium
532 1499 714 1533 Nocturn.
742 1506 782 1535 ut
812 1501 848 1534 in
875 1501 984 1535 Com-

165 1546 269 1580 muni
292 1547 581 1590 Apostolorum.
604 1549 651 1592 [4]

216 1603 315 1643 Ant.
340 1603 440 1646 Scio
466 1604 535 1646 cui
559 1604 741 1655 credidi,
773 1611 817 1648 et
840 1611 984 1648 certus

163 1673 274 1710 sum,
315 1660 416 1712 quia
447 1666 605 1714 potens
638 1667 704 1704 est
736 1662 983 1715 depositum

162 1729 306 1814 rugum
325 1718 498 1760 servare
516 1718 560 1758 in
577 1717 698 1760 illum
716 1718 831 1761 diem
847 1720 984 1772 justus

161 1786 204 1824 Ju
237 1785 301 1815 ex.

215 1833 314 1875 Ant.
342 1834 448 1876 Mihi
464 1836 612 1877 vivere
632 1835 828 1878 Christus
847 1842 924 1886 est,
942 1843 984 1880 et

162 1891 272 1932 mori
298 1891 478 1933 lucrum:
511 1891 687 1942 gloriari
712 1905 782 1934 me
809 1895 985 1946 oportet

161 1946 205 1987 in
224 1960 352 1989 cruce
362 1947 537 1989 Domini
550 1949 688 1990 nostri
698 1949 722 1990 J
725 1961 802 1990 esu
815 1949 983 1991 Christi.

215 2000 265 2053 Ys-
295 2008 347 2049 In
374 2021 547 2050 omnem
570 2014 731 2051 terram
757 2010 890 2052 exivit
915 2024 981 2052 so-

161 2076 242 2105 nus
274 2067 435 2106 eorum.
480 2064 530 2115 Ra.
560 2065 618 2108 Et
647 2066 692 2106 in
723 2066 832 2108 fines
865 2066 982 2109 orbis

160 2125 289 2162 terrae
307 2120 442 2163 verba
462 2123 623 2163 eorum.

258 2189 322 2232 De
349 2190 535 2233 Actibus
562 2191 890 2244 Apostolorum.

316 2257 467 2298 Lectio
491 2257 516 2298 i.
669 2259 771 2310 Cap.
791 2259 829 2299 9.

183 2330 221 2333 “
239 2324 382 2366 aulus
406 2324 548 2368 adhuc
569 2327 739 2379 spirans
757 2327 980 2376 minarum,

242 2387 255 2438 ³¹.
277 2386 321 2422 et
336 2381 469 2423 caedis
482 2383 527 2423 in
542 2382 781 2436 discipulos
795 2384 981 2433 Domini,

278 2438 461 2480 accessit
489 2438 545 2481 ad
572 2440 815 2492 principem
842 2452 981 2481 sacer-

161 2492 329 2543 dotum,
355 2499 399 2536 et
415 2495 542 2548 petiit
560 2495 615 2537 ab
635 2508 688 2537 eo
710 2495 918 2549 epistolas
938 2495 982 2536 in

159 2549 423 2592 Damascum
462 2550 519 2593 ad
557 2555 817 2604 synagogas:
860 2557 908 2593 ut
945 2552 981 2592 si

161 2618 272 2657 quos
306 2606 542 2650 invenisset
575 2607 701 2660 hujus
738 2609 821 2650 viae
852 2608 980 2658 viros,

160 2675 212 2703 ac
227 2662 445 2713 mulieres,
468 2664 637 2706 vinctos
658 2664 919 2718 perduceret
937 2664 980 2704 in

158 2718 409 2760 Jerusalem.
467 2719 524 2762 Et
559 2733 657 2762 cum
690 2721 772 2763 iter
807 2721 980 2771 faceret,

1043 296 1224 347 contigit
1246 302 1294 338 ut
1315 297 1687 350 appropinquaret
1705 297 1861 338 Darna-

1042 365 1134 394 sco:
1154 358 1196 394 et
1216 352 1360 394 subito
1381 353 1661 395 circumfulsit
1676 366 1775 395 eum
1788 353 1863 394 lux

1043 408 1098 450 de
1119 409 1242 451 coelo.
1277 409 1334 451 Et
1358 409 1518 451 cadens
1543 410 1586 450 in
1608 415 1768 451 terram
1792 423 1862 450 au-

1043 465 1151 507 divit
1176 478 1331 507 vocem
1360 464 1575 507 dicentem
1602 466 1697 507 sibi:
1724 466 1862 515 Saule,

1042 522 1186 572 Saule,
1215 521 1319 574 quid
1345 535 1414 563 me
1445 521 1743 574 persequeris?
1781 522 1863 572 Qui

1043 577 1164 620 dixit:
1184 579 1289 629 Quis
1307 591 1354 620 es
1369 577 1575 620 Domine?
1595 579 1651 619 Et
1665 578 1750 619 ille:
1766 578 1862 629 Ego

1042 647 1138 675 sum
1164 635 1304 684 Jesus,
1339 647 1467 686 quem
1499 639 1546 675 tu
1577 635 1863 687 persequeris.

1042 690 1212 732 Durum
1247 696 1313 733 est
1348 690 1427 733 tibi
1463 697 1613 732 contra
1644 690 1863 732 stimulum

1043 747 1278 789 calcitrare.

1094 819 1142 870 R.
1187 817 1270 867 Qui
1308 818 1513 869 operatus
1550 821 1617 858 est
1651 816 1784 857 Petro
1819 815 1863 856 in

1042 872 1353 924 apostolatum,
1382 874 1589 925 operatus
1614 877 1680 914 est
1699 877 1742 913 et
1760 871 1863 912 mihi

1040 928 1151 970 inter
1191 929 1373 970 Gentes:
1410 935 1431 957 *
1468 929 1524 970 Et
1565 929 1864 979 cognoverunt

1040 985 1223 1035 gratiam
1254 985 1352 1035 Dei,
1387 997 1485 1037 quae
1519 984 1620 1026 data
1652 989 1719 1026 est
1749 983 1863 1024 mihi.

1042 1039 1091 1089 ΥΠ
1126 1041 1278 1083 Gratia
1309 1041 1392 1082 Dei
1429 1041 1473 1081 in
1504 1053 1573 1082 me
1605 1042 1743 1081 vacua
1775 1053 1863 1081 non

1040 1096 1133 1147 fuit,
1160 1097 1239 1139 sed
1263 1098 1401 1148 gratia
1424 1098 1513 1149 ejus
1537 1109 1709 1150 semper
1732 1097 1775 1137 in
1793 1109 1862 1137 me

1038 1159 1193 1195 manet.
1221 1154 1287 1195 Et.

1345 1221 1495 1261 Lectio
1517 1222 1553 1261 ii.

1122 1288 1140 1325 t
1158 1288 1358 1332 tremens,
1379 1298 1430 1326 ac
1444 1289 1623 1337 stupens
1639 1284 1760 1326 dixit:
1774 1283 1861 1325 Do-

1131 1341 1261 1391 mine,
1294 1340 1398 1393 quid
1423 1353 1492 1382 me
1511 1340 1576 1382 vis
1603 1338 1768 1382 facere?
1805 1340 1861 1381 Et

1036 1398 1249 1439 Dominus
1269 1397 1325 1439 ad
1344 1411 1456 1439 eum:
1482 1398 1635 1448 Surge,
1662 1402 1704 1439 et
1722 1397 1859 1447 ingre-

1038 1453 1142 1496 dere
1168 1454 1403 1503 civitatem,
1433 1460 1476 1496 et
1502 1453 1562 1495 ibi
1590 1453 1758 1495 dicetur
1782 1452 1860 1494 tibi

1039 1510 1144 1562 quid
1170 1515 1214 1552 te
1242 1512 1445 1563 oporteat
1471 1510 1626 1562 facere.
1666 1509 1761 1551 Viri
1789 1522 1859 1550 au-

1037 1571 1126 1608 tem
1143 1566 1218 1616 illi,
1244 1567 1317 1618 qui
1342 1566 1659 1608 comitabantur
1678 1579 1776 1607 cum
1795 1578 1859 1615 eo,

1036 1622 1210 1664 stabant
1239 1623 1487 1675 stupefacti,
1516 1621 1740 1664 audientes
1770 1622 1858 1673 qui-

1037 1677 1137 1720 dem
1168 1691 1339 1729 vocem,
1378 1679 1593 1720 neminem
1625 1683 1770 1719 autem
1801 1678 1859 1719 vi-

1037 1733 1200 1777 dentes.
1236 1735 1430 1777 Surrexit
1454 1740 1599 1776 autem
1623 1734 1778 1775 Saulus
1804 1733 1858 1776 de

1035 1796 1165 1841 terra,
1190 1794 1439 1844 apertisque
1463 1790 1600 1832 oculis
1619 1790 1723 1831 nihil
1742 1790 1856 1832 vide-

1035 1846 1122 1889 bat.
1161 1847 1233 1889 Ad
1265 1861 1416 1888 manus
1449 1852 1594 1888 autem
1624 1846 1744 1887 illum
1774 1852 1856 1888 tra-

1035 1903 1202 1954 hentes,
1226 1902 1559 1944 introduxerunt
1583 1903 1856 1944 Damascum.

1035 1960 1091 2001 Et
1123 1965 1216 2001 erat
1246 1959 1306 2001 ibi
1334 1959 1473 2001 tribus
1502 1958 1656 2000 diebus
1683 1971 1770 2000 non
1798 1959 1855 2000 vi-

1033 2015 1159 2115 gens,
1193 2021 1236 2058 et
1266 2029 1354 2057 non
1385 2015 1679 2065 manducavit,
1715 2028 1856 2067 neque

1065 2072 1153 2114 ibit.

1090 2138 1138 2188 Ru
1154 2137 1325 2178 Bonum
1344 2138 1563 2178 certamen
1578 2136 1752 2186 certavi,
1773 2148 1857 2177 cur·

1034 2207 1130 2234 sum
1149 2193 1459 2242 consummavi,
1478 2192 1610 2234 fidem
1629 2192 1814 2234 servavi:
1834 2197 1854 2217 *

1032 2249 1229 2301 Ideoque
1253 2249 1446 2302 reposita
1470 2254 1536 2290 est
1564 2248 1669 2289 mihi
1694 2250 1855 2289 corona

1033 2306 1217 2358 justitiae.
1241 2300 1292 2352 V.
1306 2305 1405 2346 Scio
1426 2306 1494 2347 cui
1514 2303 1688 2354 credidi,
1707 2310 1751 2346 et
1765 2316 1852 2345 cer-

1032 2367 1102 2403 tus
1123 2375 1218 2402 sum
1237 2362 1337 2413 quia
1355 2365 1512 2414 potens
1528 2366 1593 2402 est
1608 2360 1854 2413 depositum

1032 2431 1177 2459 meum
1195 2419 1370 2459 servare
1389 2418 1433 2458 in
1446 2417 1566 2458 illum
1581 2416 1706 2459 diem.
1729 2415 1853 2458 Ideo-

1034 2487 1118 2526 que
1138 2474 1341 2527 reposita.

1334 2540 1484 2581 Lectio
1503 2539 1557 2578 iii.

1120 2613 1188 2650 rat
1224 2614 1369 2650 autem
1405 2607 1581 2660 quidam
1616 2605 1853 2658 discipulus

1131 2665 1354 2714 Damasci,
1381 2664 1553 2706 nomine
1577 2663 1782 2703 Ananias:
1810 2666 1853 2702 et

1032 2719 1140 2763 dixit
1177 2719 1233 2762 ad
1265 2720 1386 2761 illum
1421 2720 1464 2760 in
1499 2720 1594 2761 visu
1624 2717 1851 2759 Dominus:
