2080 2990
607 229 678 262 Dic
703 232 732 263 .'·'›.
756 230 864 263 Febr.
912 231 946 264 S.
971 231 1090 265 Blasii
1116 233 1243 275 Episc.
1271 239 1305 267 ct
1331 234 1435 269 Mart,

1790 235 1880 278 [277]

104 361 114 367 .
177 327 221 363 et
248 336 273 363 a
300 322 607 364 seductoribus
634 324 792 365 tutavit
819 323 953 364 illum:
976 329 998 350 *

175 378 232 419 Et
265 378 388 419 dedit
418 379 480 419 illi
512 379 755 420 claritatem
784 381 1002 420 aeternam.

173 431 224 483 V.
257 434 431 475 Justum
464 433 646 475 deduxit
673 435 889 475 Dominus
923 448 1001 486 per

174 489 267 529 vias
286 495 446 544 rectas,
466 494 509 531 et
530 490 721 531 ostendit
739 490 801 530 illi
820 503 1002 540 regnum

173 544 267 586 Dei.
295 546 352 586 Et
371 545 502 586 dedit.

482 603 633 644 Lectio
656 619 691 644 v.

222 655 266 696 bi
285 654 452 696 tamdiu
470 655 611 703 latuit,
639 655 780 697 donec
800 657 855 697 ab
875 658 1000 708 Agri-

160 721 162 724 ·
230 710 342 751 colai
361 710 563 763 praesidis
583 710 793 752 militibus
810 725 914 753 casu
929 712 999 754 de-

171 766 430 817 prehensus,
457 766 560 807 inde
580 765 845 816 abstractus,
874 773 918 809 et
944 769 999 810 ad

170 820 407 873 praesidem
439 821 615 870 duetus,
656 822 770 863 illius
806 824 925 874 jussu
956 825 999 864 in

171 877 343 917 vincula
367 879 587 929 conjectus
613 882 689 918 est.
722 878 810 919 Sed
829 880 999 920 vinctus

170 932 267 984 ipse
295 932 473 982 multos,
508 946 618 984 quos
649 934 739 984 ejus
769 936 998 976 sanctimo-

170 988 254 1028 niae
278 989 393 1029 fama
417 991 651 1038 acciverat,
679 1002 704 1029 a
725 990 999 1031 diversorum

169 1043 426 1085 morborum
463 1044 645 1085 vinculis
682 1045 894 1086 liberavit.
947 1047 997 1086 In

169 1098 236 1139 his
256 1112 366 1151 puer
385 1099 483 1148 fuit,
514 1100 587 1151 qui
614 1099 848 1152 desperata
868 1113 892 1141 a
911 1104 996 1142 me-

170 1153 279 1203 dicis
299 1155 455 1204 salute,
483 1157 735 1196 transversa
759 1156 884 1207 spina
908 1157 996 1197 fau-

168 1209 291 1250 cibus
319 1210 575 1259 inhaerente,
611 1212 799 1251 animam
828 1212 996 1262 agebat.

166 1265 354 1306 Illastris
380 1279 483 1307 sane
507 1270 601 1306 tum
626 1268 876 1318 corporum,
903 1273 996 1308 tum

166 1321 409 1362 animarum
435 1321 648 1370 medicus,
680 1335 767 1362 non
795 1322 995 1373 humana,
1057 1332 1137 1376 {m}

166 1376 246 1417 sed
270 1376 416 1417 divina
441 1382 549 1427 arte3
577 1390 666 1418 non
690 1379 855 1429 paratis
879 1392 902 1418 a
923 1393 994 1419 na—

164 1434 263 1472 tara
290 1431 514 1481 remediis,
555 1432 634 1473 sed
663 1433 826 1474 Christi
852 1435 994 1484 gratia

165 1488 449 1539 comparatis,
477 1501 621 1538 aegros
646 1489 843 1539 pristinae
863 1489 993 1530 saluti

163 1543 364 1583 restituit.
408 1543 538 1584 Omni
566 1543 657 1584 fere
682 1544 993 1585 miraculorum

162 1599 322 1646 genere
364 1601 644 1650 conspicuus3
686 1612 787 1639 nam
831 1600 992 1641 Christi

164 1665 296 1704 super
324 1666 460 1705 aquas
492 1653 773 1703 ambulantis,
812 1660 855 1695 et
881 1655 991 1696 Eliae

161 1708 418 1760 Sareptanae
441 1709 586 1750 viduae
611 1712 828 1750 annonam
850 1711 990 1752 multi-

160 1763 365 1815 plicantis
384 1764 594 1805 miracula
612 1766 852 1806 renovavit.

218 1822 269 1872 R.
295 1818 574 1861 Desiderium
606 1820 760 1860 animae
795 1822 885 1870 ejus
917 1822 988 1862 tri-

160 1873 293 1915 buisti
324 1875 364 1916 ei
390 1875 596 1925 Domine,
633 1880 655 1902 *
681 1876 737 1916 Et
763 1876 989 1918 voluntate

159 1928 375 1970 labiorum
403 1931 493 1981 ejus
522 1943 610 1971 non
639 1930 850 1972 fraudasti
879 1944 988 1972 eum.

165 1982 216 2033 V.
230 1985 445 2034 Quoniam
462 1986 715 2038 praevenisti
735 1998 835 2026 eum
853 1987 896 2026 in
915 1986 987 2027 be-

158 2039 480 2082 nedictionibus
509 2040 771 2082 dulcedinis:
800 2042 988 2093 posuisti

158 2095 202 2134 in
230 2096 373 2147 capite
401 2098 492 2148 ejus
521 2098 730 2138 coronam
757 2096 812 2138 de
839 2097 987 2149 lapide

158 2151 366 2201 pretioso.
394 2152 452 2193 Et
470 2152 706 2193 voluntate.

465 2207 618 2247 Lectio
641 2208 691 2246 vi.

164 2257 491 2361 Arocissimis
518 2262 746 2303 tormentis
779 2262 984 2303 crudelis-

261 2316 358 2356 simi
389 2316 591 2369 praesidjs
621 2318 740 2367 jussu
769 2318 985 2359 cruciatus

156 2371 250 2412 fuit:
277 2371 398 2412 duris
424 2372 684 2414 verberibus
713 2386 870 2422 caesus,
898 2378 984 2414 tor-

156 2431 228 2467 tus
252 2427 297 2467 in
322 2427 527 2478 equuleo,
562 2428 809 2479 pectinibus
834 2428 985 2468 ferreis

158 2480 403 2531 dilaniatus,
422 2482 625 2524 candenti
645 2483 779 2523 lorica
794 2482 985 2532 indatus,

157 2537 340 2588 aliisque
377 2538 726 2589 exquisitissimis
760 2538 985 2589 suppliciis

159 2591 338 2633 affectus
355 2598 432 2634 est.
459 2592 547 2634 Sed
565 2595 655 2644 ejus
675 2594 785 2634 fides
804 2593 985 2645 probari

159 2647 336 2697 quidem
367 2649 528 2699 potuit,
560 2662 648 2690 non
679 2654 826 2689 tamen
858 2649 983 2689 vinci.

157 2701 408 2743 Dilacerato
441 2705 627 2754 corpore
658 2704 866 2744 infractus
895 2704 981 2743 ani-

318 2841 382 2866 Pars
398 2842 533 2867 Hiemalis.

1054 338 1150 365 mus
1170 326 1339 366 restitit.
1367 326 1581 375 Tandem,
1600 327 1717 368 victo
1736 332 1879 379 tyran-

1053 392 1127 429 no,
1152 381 1296 432 capite
1315 381 1485 433 plexus,
1510 382 1678 423 illastre
1696 382 1801 424 fidei
1819 389 1879 425 te-

1054 436 1306 476 stimonium
1320 437 1529 478 Ecclesiae
1546 438 1731 489 reliquit,
1748 440 1879 480 tertio

1052 490 1204 531 Nonas
1223 491 1464 541 Februarii,
1483 505 1596 534 anno
1618 493 1778 534 Christi
1796 500 1878 535 ter-

1054 547 1291 587 centesimo
1312 547 1482 588 decimo
1503 554 1641 589 sexto.

1108 606 1156 656 R.
1181 603 1303 643 Stola
1322 604 1612 654 jucunditatis.
1631 605 1712 656 [27]

1269 685 1317 722 In
1344 685 1414 723 III.
1443 686 1664 726 Nocturno.

1053 739 1204 780 Lectio
1230 740 1368 780 sancti
1390 740 1615 790 Evangelii
1638 742 1878 783 secundum

1331 796 1598 836 Matthaeum.

1156 856 1305 896 Lectio
1328 858 1393 896 vii.
1544 860 1774 911 Cup.1(r).c.

1049 904 1125 1009 In
1144 910 1218 950 illo
1239 912 1452 962 tempore:
1472 910 1594 952 Dixit
1608 912 1633 951 J
1635 924 1734 952 esus
1751 912 1876 953 disci·

1122 965 1236 1017 pulis
1270 966 1374 1006 suis:
1417 966 1525 1006 Cum
1558 970 1876 1018 persequentur

1049 1033 1128 1060 vos
1148 1021 1190 1061 in
1210 1022 1386 1062 civitate
1405 1022 1499 1070 ista,
1520 1021 1654 1072 fugite
1675 1024 1717 1063 in
1737 1023 1876 1064 aliam.

1048 1076 1104 1116 Et
1122 1076 1300 1127 reliqua.

1162 1153 1348 1193 Homilia
1377 1153 1515 1194 sancti
1543 1153 1773 1194 Athanasii

1350 1208 1572 1260 Episcopi.

1050 1268 1093 1301 In
1116 1269 1282 1311 Apolog.
1309 1269 1354 1302 dc
1381 1270 1470 1310 fuga
1496 1282 1564 1304 sua
1591 1277 1675 1304 ante
1699 1272 1874 1305 medium.

1131 1330 1194 1380 *2232ss
1236 1323 1331 1372 lege
1375 1325 1646 1375 praeceptum
1691 1330 1784 1365 erat
1827 1330 1874 1365 ut

1051 1369 1098 1436 ᾗ]
1118 1373 1161 1437 3503*
1186 1379 1554 1419 constituerentur
1582 1379 1780 1420 civitates
1810 1393 1871 1421 re-

1050 1424 1161 1459 *4'7521
1184 1434 1414 1484 fugiorum,
1448 1439 1495 1475 ut
1531 1435 1605 1485 qui
1634 1435 1872 1486 quomodo-

1046 1491 1232 1539 cumque
1273 1489 1329 1529 ad
1369 1502 1521 1530 necem
1559 1492 1871 1540 quaererentur,

1045 1544 1211 1583 servari
1235 1550 1428 1595 possent.
1460 1545 1511 1583 In
1538 1546 1871 1586 consummatio-

1045 1611 1099 1639 ne
1132 1611 1267 1650 porro
1301 1599 1579 1648 saeculorum,
1613 1612 1711 1640 cum
1744 1599 1871 1641 adve-

1043 1647 1179 1694 nisset
1204 1654 1311 1694 illud
1333 1654 1478 1705 ipsum
1497 1654 1694 1695 Verbum
1718 1655 1871 1703 Patris,

1045 1708 1163 1760 quod
1181 1710 1323 1760 Moysi
1348 1712 1477 1749 antea
1500 1709 1695 1750 locatum
1719 1711 1870 1759 fuerat,

1042 1777 1192 1804 rursus
1212 1764 1297 1805 hoc
1315 1766 1586 1816 praeceptum
1604 1764 1741 1805 dedit:
1762 1766 1870 1806 Cum

1042 1832 1136 1865 vos,
1163 1821 1379 1870 inquiens,
1404 1820 1626 1871 persecuti
1644 1820 1804 1860 fuerint
1826 1821 1869 1860 in

1043 1876 1218 1916 civitate
1238 1876 1336 1925 ista,
1361 1875 1496 1925 fagite
1520 1876 1564 1914 in
1585 1874 1724 1915 aliam.
1761 1875 1868 1915 Pau-

1041 1930 1173 1982 loque
1197 1935 1301 1982 post
1324 1930 1510 1980 subjicit:
1539 1930 1646 1970 Cum
1672 1929 1868 1971 videritis

1039 1985 1157 2025 illam
1179 1986 1549 2026 abominationem
1571 1984 1867 2035 desolationis,

1042 2053 1140 2092 quae
1169 2040 1286 2081 dicta
1315 2046 1382 2081 est
1407 2053 1486 2091 per
1510 2040 1738 2081 Danielem
1763 2041 1866 2081 Pro-

1038 2096 1232 2147 phetam,
1260 2096 1573 2137 consistentem
1591 2095 1634 2135 in
1653 2095 1752 2136 loco
1773 2108 1866 2136 san-

1041 2156 1112 2192 cto
1132 2152 1223 2203 (qui
1240 2151 1360 2201 legit,
1384 2150 1625 2201 intelligat),
1648 2155 1768 2199 tunc,
1794 2151 1867 2202 qui

1042 2208 1086 2247 in
1104 2207 1128 2247 J
1130 2206 1257 2248 udaea
1276 2210 1393 2254 sunt,
1420 2205 1585 2255 fugiant
1603 2205 1659 2246 ad
1679 2211 1866 2246 montes:

1040 2267 1083 2304 et
1109 2263 1184 2314 qui
1207 2262 1251 2302 in
1279 2266 1397 2302 tecto
1426 2266 1509 2310 est,
1542 2273 1596 2301 ne
1625 2260 1866 2301 descendat

1037 2317 1193 2358 tollere
1213 2315 1380 2368 aliquid
1399 2315 1454 2357 de
1469 2315 1602 2357 domo
1618 2328 1711 2356 sua:
1731 2320 1774 2356 et
1791 2316 1865 2367 qui

1038 2373 1082 2412 in
1101 2385 1207 2422 agro
1228 2377 1312 2421 est,
1335 2384 1423 2412 non
1447 2373 1692 2412 revertatur
1710 2370 1864 2411 toHere

1037 2428 1229 2468 tunicam
1249 2439 1382 2467 suam.

1097 2486 1148 2536 R«.
1186 2483 1359 2523 Corona
1396 2484 1527 2521 aurea
1558 2492 1693 2531 super
1731 2484 1864 2531 caput

1038 2538 1144 2588 ejus,
1175 2538 1431 2588 *Expressa
1459 2535 1584 2585 signo
1609 2534 1862 2582 sanctitatis,

1036 2593 1176 2642 gloria
1195 2592 1374 2632 honoris
1394 2595 1437 2631 et
1456 2602 1567 2641 opus
1587 2588 1862 2630 fortitudinis,

1044 2646 1093 2695 Y.
1106 2648 1322 2697 Quoniam
1340 2645 1593 2697 praevenisti
1613 2657 1711 2685 eum
1727 2645 1769 2684 in
1789 2644 1861 2684 be-

1036 2702 1360 2744 nedictionibus
1387 2699 1646 2748 dulcedinis,
1673 2699 1861 2751 posuisti

1608 2826 1654 2860 S*
