2040 2990
175 177 244 213 ffio

175 273 432 333 AEgj'thum,
486 271 693 322 angulum
738 270 1004 323 populorum

175 337 277 438 ‹²111ss
302 383 466 425 Civitas
484 383 740 426 Jerusalem.
760 384 848 423 144.

229 459 300 499 Ad
323 460 483 500 Bened.
513 460 613 500 Ant.
641 460 710 498 Tu
735 468 782 496 es
809 454 881 506 qui
905 466 1004 494 ven-

174 515 299 554 turus
332 525 379 554 es
402 512 426 538 *
449 512 656 560 Domine,
690 524 820 563 quem
853 521 1005 561 exspe-

175 571 359 618 etamus,
382 572 430 609 ut
449 567 618 609 salvum
637 567 773 609 facias
792 565 1005 619 populum

174 629 308 666 tuum.

230 695 300 736 Ad
329 695 501 745 Magnis.
544 695 642 735 Ant.
685 691 769 744 Qui
799 694 904 743 post
935 702 1005 730 me

175 749 332 798 veniet,
351 749 374 774 *
395 753 495 789 ante
519 761 588 789 me
616 748 757 788 factus
778 750 860 787 est:
885 746 1006 797 cujus

175 817 264 845 non
289 818 385 846 sum
411 801 569 855 dignus
600 804 897 845 calceamenta
922 801 1005 842 sol-

175 873 290 903 vere.

489 913 623 922 κκκψκπκ
640 916 643 918 ‹
658 914 694 920 sa»

406 969 570 1005 Feria
598 968 777 1004 Sexta.

360 1039 426 1077 De
453 1034 567 1074 Isaia
594 1032 831 1084 Propheta.

280 1108 433 1150 Lectio
454 1110 477 1149 i.
715 1111 817 1162 Cap.
837 1112 901 1150 24.

190 1185 207 1229 ,1
228 1181 257 1214 ‘122
267 1183 342 1211 cce
353 1171 570 1212 Dominus
586 1171 818 1223 dissipabit
832 1176 1007 1219 terram,

189 1224 256 1262 145
284 1231 327 1267 et
350 1227 533 1268 nudabit
556 1240 668 1277 eam,
694 1232 737 1268 et
760 1227 925 1278 affliget
949 1227 1008 1267 fa-

177 1282 289 1323 ciem
308 1283 410 1333 ejus,
430 1288 474 1324 et
494 1282 718 1335 disperget
736 1283 1008 1324 habitatores

177 1339 279 1389 ejus.
312 1338 370 1380 Et
389 1339 471 1380 erit
491 1339 603 1380 sicut
621 1339 830 1392 p6pulus,
855 1340 918 1380 sic
944 1351 1008 1380 sa-

178 1394 350 1436 cerdos:
379 1399 423 1436 et
447 1395 560 1436 sicut
585 1408 755 1445 servus,
783 1396 847 1437 sic
873 1395 1008 1436 domi-

177 1463 258 1491 nus
278 1452 384 1502 ejus:
412 1451 525 1492 sicut
544 1451 715 1501 ancilla,
744 1452 807 1493 sic
832 1451 1009 1493 domina

179 1507 283 1557 ejus:
311 1507 424 1548 sicut
443 1519 608 1557 emens,
637 1508 700 1549 sic
723 1507 796 1549 1116
817 1508 892 1560 qui
908 1520 1008 1549 ven-

179 1561 256 1603 dit:
281 1563 392 1603 sicut
411 1562 666 1613 foenerator,
686 1564 748 1604 sic
766 1563 805 1604 is
826 1564 900 1616 qui
918 1566 1009 1604 11111-

178 1622 302 1659 tuum
322 1618 497 1670 accipit:
522 1619 636 1660 sicut
656 1620 730 1671 qui
749 1620 925 1671 repetit,
947 1619 1009 1660 sic

180 1674 254 1725 qui
277 1673 420 1716 debet.
455 1674 756 1727 Dissipati6ne
780 1675 1008 1728 dissipabi-

178 1734 248 1770 tur
279 1734 416 1779 terra,
448 1735 492 1772 et
519 1730 766 1783 direptione
793 1730 1009 1783 praeda'ibi-

177 1790 259 1826 tur.
325 1785 542 1827 D6minus
579 1787 695 1828 enim
729 1787 904 1829 locutus
943 1792 1010 1828 est

180 1840 362 1882 verbum
384 1841 480 1883 hoc.

233 1908 283 1957 Ru
308 1906 423 1947 Ecce
441 1907 597 1948 veniet.
617 1908 704 1947 144.

490 1987 643 2027 Lectio
662 1988 700 2026 ii.

245 2050 355 2100 uxit‚
388 2055 432 2092 et
455 2051 641 2094 definxit
663 2058 797 2102 terra,
830 2058 874 2095 et
896 2054 1010 2094 infir-

275 2108 395 2148 mata
419 2112 502 2148 est:
527 2107 712 2150 defluxit
736 2109 870 2158 orbis,
896 2109 1010 2150 infir-

180 2163 300 2203 mata
320 2166 387 2203 est
406 2162 592 2204 altitudo
612 2164 766 2216 populi
784 2170 927 2206 terrae.
954 2165 1011 2207 Et

180 2222 299 2259 terra
325 2217 485 2259 infecta
513 2224 580 2260 est
608 2219 663 2260 ab
691 2220 1011 2262 habitatoribus
1072 2259 1079 2264 .

181 2273 290 2314 suis:
323 2274 425 2325 quia
454 2276 719 2325 transgressi
749 2281 849 2317 sunt
879 2277 1011 2327 leges,

182 2330 461 2371 mutaverunt
484 2331 566 2381 jus,
591 2330 916 2383 dissipaverunt
935 2333 1011 2374 foe-

183 2384 265 2425 dus
280 2386 606 2437 sempiternum.
629 2388 818 2439 Propter
833 2387 918 2429 hoc
932 2402 1013 2429 ma·

182 2439 360 2481 ledictio
386 2441 559 2483 vorabit
584 2447 762 2492 terram,
791 2448 834 2484 et
859 2447 1012 2495 pecca-

182 2495 291 2537 bunt
309 2496 582 2539 habitatores
608 2499 713 2549 ejus:
739 2499 930 2550 ideoque
953 2501 1012 2540 in-

184 2552 354 2593 sanient
373 2552 564 2594 cultores
585 2555 687 2605 ejus,
707 2559 751 2595 et
771 2555 1012 2607 relinquen-

183 2612 253 2649 tur
272 2608 473 2650 homines
490 2610 631 2660 pauci.

237 2672 286 2722 R·-
313 2672 434 2714 Sicut
451 2678 601 2715 mater.
620 2675 708 2714 145.

666 180 1396 216 Iuniillcbdoniadani11.ixdvcntus

1359 273 1510 315 Lectio
1529 273 1585 314 iii.

1121 331 1215 372 uxit
1238 331 1472 383 vindemia,
1497 332 1717 375 infirmAta
1739 338 1807 375 est
1830 334 1890 375 vi-

1152 387 1218 438 tis,
1237 387 1544 438 ingemuerunt
1562 401 1714 431 omnes
1730 390 1805 442 qui
1818 390 1891 431 lae-

1057 442 1264 485 tabantur
1283 443 1430 485 corde.
1464 444 1664 487 Cessavit
1682 445 1890 496 gaudium

1058 501 1383 552 tympan6rum‚
1422 501 1587 553 quievit
1618 501 1787 543 s6nitus
1818 502 1890 543 lae-

1057 556 1261 605 teintium,
1299 557 1512 598 conticuit
1540 556 1729 599 dulcedo
1757 557 1890 599 citha-

1059 624 1130 652 rae.
1176 612 1286 653 Cum
1320 613 1492 654 cantico
1525 625 1613 654 non
1646 612 1801 655 bibent
1830 613 1890 655 vi-

1058 680 1177 708 num:
1205 670 1355 709 amara
1383 669 1466 710 erit
1490 669 1615 721 potio
1639 668 1892 711 bibentibus

1059 723 1188 764 illam.
1221 724 1388 766 Attrita
1412 730 1480 766 est
1503 726 1657 766 civitas
1676 725 1892 775 vanitatis,

1059 779 1208 820 clausa
1228 785 1295 821 est
1315 781 1456 821 omnis
1482 780 1658 831 domus,
1686 780 1807 822 nullo
1832 781 1893 822 in-

1058 839 1274 877 troeunte.
1318 836 1495 878 Clamor
1522 838 1605 878 erit
1630 850 1763 890 super
1788 837 1892 878 vino

1059 891 1103 931 in
1122 891 1297 944 plateis:
1326 892 1503 935 deserta
1529 898 1596 935 est
1621 893 1761 934 omnis
1786 893 1893 934 laeti-

1059 947 1136 988 tia:
1155 948 1417 995 translatum
1436 954 1505 991 est
1523 948 1734 1000 gaudium
1751 954 1894 991 terrae.

1059 1003 1232 1046 Relicta
1252 1009 1320 1046 est
1337 1005 1381 1045 in
1400 1005 1511 1047 urbe
1529 1005 1741 1055 solitudo,
1762 1010 1807 1048 et
1826 1018 1894 1047 ca-

1059 1059 1234 1101 lamitas
1249 1061 1472 1114 opprimet
1485 1066 1652 1114 portas
1671 1061 1785 1111 Quia
1797 1061 1895 1103 haee

1061 1121 1189 1158 erunt
1207 1116 1251 1157 in
1269 1117 1416 1159 medio
1431 1123 1574 1167 terrae,
1593 1118 1638 1158 in
1651 1117 1799 1159 medio
1815 1130 1893 1170 po-

1060 1172 1280 1224 pulOrum:
1318 1173 1542 1225 quomodo
1571 1174 1608 1214 si
1635 1186 1790 1226 paucae
1819 1173 1894 1215 oli-

1061 1241 1140 1278 vae,
1161 1241 1260 1280 quae
1279 1231 1598 1280 remanserunt,
1618 1229 1895 1272 excutiantur

1062 1297 1116 1325 ex
1132 1284 1244 1326 Olea:
1264 1290 1308 1327 et
1322 1286 1495 1336 racemi,
1513 1299 1613 1327 cum
1626 1285 1759 1327 fuerit
1772 1285 1895 1327 finita

1061 1340 1291 1382 vindemia.
1328 1341 1389 1382 Hi
1412 1341 1623 1383 levabunt
1644 1354 1803 1383 vocem
1827 1354 1895 1383 su-

1062 1409 1150 1446 am,
1179 1401 1311 1448 atque
1330 1397 1590 1439 laudabunt:
1618 1410 1718 1439 cum
1735 1397 1895 1449 glorifi-

1063 1454 1187 1493 catus
1211 1452 1341 1494 fuerit
1358 1453 1594 1503 DOminus,
1619 1452 1817 1495 hinnient
1840 1452 1896 1495 de

1061 1508 1182 1549 mari.
1210 1510 1399 1562 Propter
1416 1509 1529 1551 hoc
1517 1523 1563 1550 111
1578 1509 1791 1552 doctrinis
1805 1509 1895 1561 glo-

1063 1564 1231 1607 rificate
1249 1565 1504 1615 D6minum‚
1527 1566 1573 1606 in
1590 1565 1744 1607 insulis
1762 1565 1896 1606 maris

1063 1633 1224 1663 nomen
1248 1621 1427 1662 Domini
1450 1622 1535 1663 Dei
1552 1620 1702 1663 Israel.
1738 1621 1779 1662 A
1803 1621 1896 1662 fini-

1063 1676 1147 1718 bus
1173 1682 1304 1719 terrae
1332 1677 1487 1719 laudes
1515 1676 1778 1726 audivimus,
1805 1676 1895 1728 glo-

1063 1733 1173 1774 riam
1190 1733 1303 1785 justi.

1115 1791 1167 1842 R.
1193 1789 1438 1831 Jerusalem
1456 1788 1688 1842 plantabis.
1706 1789 1797 1830 145.

1118 1854 1190 1895 Ad
1213 1855 1373 1896 Bened.
1403 1854 1502 1895 Ant.
1531 1853 1690 1903 Dicite,
1714 1852 1896 1894 Pusilla-

1064 1909 1204 1951 nimes
1226 1910 1250 1935 *
1275 1909 1597 1951 confortamini:
1621 1922 1724 1951 ecce
1747 1908 1896 1950 Domi-

1063 1979 1147 2007 nus
1165 1966 1287 2007 Deus
1305 1970 1456 2007 noster
1475 1966 1632 2007 veniet.

1118 2030 1191 2072 Ad
1210 2031 1384 2081 Magnif.
1412 2032 1514 2072 Ant.
1543 2030 1729 2071 Cantate
1746 2029 1896 2070 Domi-

1064 2098 1121 2126 no
1141 2086 1164 2111 *
1184 2086 1403 2127 canticum
1422 2099 1601 2127 novum:
1619 2086 1714 2127 laus
1733 2086 1826 2137 ejus
1841 2084 1896 2127 ab

1066 2141 1272 2183 extremis
1290 2146 1434 2183 terrae.

1336 2265 1627 2302 Sabbata

1248 2327 1317 2366 De
1345 2325 1462 2366 Isaia
1489 2325 1723 2378 Propheta.

1167 2392 1322 2432 Lectio
1343 2392 1368 2432 i.
1602 2392 1705 2443 Cap.
1724 2392 1790 2432 25.

1163 2454 1308 2495 Omine
1330 2454 1451 2495 Deus
1470 2466 1595 2495 meus
1620 2467 1667 2496 68
1690 2460 1756 2504 tu,
1783 2455 1897 2496 exal-

1093 2520 1107 2530 ”
1128 2525 1142 2553 21
1179 2509 1285 2551 tubo
1306 2515 1367 2559 te,
1397 2515 1440 2551 et
1464 2510 1710 2552 confitebor
1733 2512 1898 2552 nomini

1066 2571 1159 2607 tuo:
1185 2566 1391 2617 quomam
1408 2566 1550 2607 fecisti
1572 2566 1803 2617 mirabilia,
1828 2579 1898 2608 co-

1067 2622 1301 2673 gitatienes
1330 2623 1531 2673 antiquas
1559 2621 1729 2672 fideles,
1762 2635 1899 2664 amen.

1069 2678 1180 2728 Quia
1211 2677 1399 2729 posuisti
1434 2677 1659 2719 civitatem
1688 2678 1732 2718 in
1757 2681 1899 2719 tumu-
