2080 2990
718 212 927 244 (Iommunc
954 211 1143 242 (lonii-550

215 304 421 351 decorem
462 302 712 355 imposuisti
754 314 887 355 super
930 314 1044 342 eum:

215 360 401 414 posuisti
422 359 465 400 in
486 359 630 412 eripite
648 360 739 411 ejus
760 360 969 400 coronam
989 357 1044 399 de

214 416 362 470 lapide
380 416 590 469 pretioso.

271 477 368 516 Ant.
400 473 481 514 Hic
509 472 697 525 accipiet
724 474 748 498 *
777 470 1043 513 benedictio-

213 543 312 571 nem
340 543 365 570 a
388 530 597 578 Domino,
626 534 669 570 et
695 526 1043 569 misericordiam

214 600 238 628 a
264 587 362 628 Deo
391 585 571 627 salutari
597 598 693 627 suo:
722 585 824 636 quia
851 584 947 624 haec
976 588 1043 624 est

212 643 437 695 generatio
461 642 750 695 quaerentium
768 641 1016 682 Dominum.

488 705 681 745 Psalmus
711 706 772 744 23.

218 756 436 862 Domini
470 761 536 796 est
563 761 700 804 terra,
738 760 781 796 et
812 752 1041 807 plenitudo

317 814 424 864 ejus:
443 814 466 839 *
492 811 611 853 orbis
631 814 861 860 terrarum,
891 815 935 851 et
952 810 1042 850 uni-

213 869 326 910 versi
349 869 421 920 qui
442 868 642 909 habitant
660 868 703 908 in
725 880 789 909 eo.

265 926 376 976 Quia
399 926 494 978 ipse
523 938 655 977 super
679 924 817 965 maria
843 924 1042 966 fundavit

213 996 326 1024 eum:
352 983 375 1007 *
401 987 444 1023 et
470 994 602 1034 super
623 981 800 1022 flumina
820 983 1041 1034 praepara-

213 1039 275 1080 vit
296 1051 405 1080 eum.

265 1095 372 1145 Quis
394 1094 602 1136 ascendet
620 1094 664 1135 in
682 1100 878 1136 montem
893 1093 1002 1135 Dffi?
1018 1096 1041 1121 *

213 1157 287 1193 aut
303 1152 400 1203 quis
420 1151 552 1193 stabit
571 1151 614 1191 in
634 1151 906 1196 locosancto
928 1150 1042 1204 ejus?
1100 1166 1101 1172 ¹
1132 1139 1198 1197 {³3³1}

265 1209 481 1249 Innocens
532 1207 733 1248 manibus
784 1213 828 1249 et
878 1208 1042 1250 mundo

213 1265 362 1315 corde,
387 1266 410 1290 *
440 1265 514 1317 qui
540 1277 629 1306 non
658 1265 829 1317 accepit
856 1265 899 1306 in
928 1278 1042 1307 vano

213 1322 401 1363 animam
424 1334 562 1371 suam,
590 1333 672 1362 nec
696 1322 853 1373 juravit
872 1322 916 1363 in
935 1321 1040 1364 dolo

212 1380 414 1432 proximo
436 1391 528 1419 suo.

264 1436 348 1477 Hic
391 1435 578 1487 accipiet
620 1434 974 1477 benedictionem
1019 1448 1044 1476 a

213 1493 418 1534 Domino:
433 1494 456 1519 *
472 1497 515 1533 et
533 1491 881 1533 misericordiam
901 1505 926 1533 a
945 1492 1042 1533 Deo

214 1549 394 1590 salutari
415 1561 506 1590 suo.

265 1606 375 1646 Haec
404 1610 471 1646 est
499 1605 724 1656 generatio
756 1606 1044 1657 quaerentium

214 1675 333 1711 eum,
369 1663 392 1687 *
437 1662 725 1714 quaerentium
767 1662 924 1704 faciem
960 1662 1045 1704 Dei

214 1718 363 1760 Jacob.

266 1774 468 1817 Attollite
514 1780 668 1828 portas
709 1775 933 1828 principes
974 1787 1045 1816 ve-

214 1836 342 1881 stras,
375 1837 418 1873 et
443 1831 675 1873 elevamini
698 1837 841 1885 portae
864 1833 1044 1873 aeterna-

214 1888 294 1930 les:
314 1889 337 1913 *
358 1894 401 1930 et
419 1887 616 1930 introibit
634 1889 733 1930 Rex
752 1888 916 1940 gloriae.

267 1945 374 1994 Quis
402 1950 468 1986 est
489 1946 571 1987 iste
591 1945 690 1987 Rex
713 1943 889 1996 gloriae?
910 1947 934 1974 *
956 1945 1045 1986 Do-

215 2002 357 2042 minus
386 2002 509 2043 fortis
541 2007 584 2043 et
618 2008 794 2054 potens:
830 2002 1045 2043 Dominus

217 2062 377 2110 potens
396 2058 439 2098 in
455 2058 622 2110 praelio.

268 2114 471 2156 Attollite
513 2120 664 2167 portas
706 2116 929 2168 principes
973 2127 1044 2157 ve-

218 2176 350 2220 straS,
391 2176 435 2212 et
472 2171 700 2213 elevamini
740 2177 883 2224 portae
920 2177 1043 2214 aeter-

217 2227 356 2269 nales:
383 2228 407 2253 *
435 2233 478 2269 et
505 2227 702 2269 introibit
729 2229 827 2271 Rex
854 2229 1016 2280 gloriae.

270 2285 376 2334 Quis
400 2289 468 2326 est
494 2284 577 2325 iste
597 2284 695 2326 Rex
717 2284 892 2336 gloriae?
912 2288 935 2313 *
958 2286 1046 2328 Do-

218 2341 361 2382 minus
371 2341 581 2382 virtutum
590 2341 686 2393 ipse
696 2347 763 2382 est
773 2342 870 2383 Rex
882 2342 1046 2393 gloriae.

272 2398 370 2436 Ant.
395 2397 476 2438 Hic
495 2397 682 2449 accipiet
695 2396 1047 2441 benedictionem

219 2466 244 2494 a
259 2454 462 2503 Domino,
483 2458 526 2495 et
544 2454 890 2496 misericerdiam
908 2469 933 2496 a
948 2456 1046 2498 Deo

220 2509 399 2552 salutari
432 2523 527 2552 suo:
565 2510 666 2562 quia
698 2510 794 2551 haec
826 2516 892 2553 est
922 2525 1047 2563 gene-

219 2567 333 2608 ratio
354 2566 641 2619 quaerentium
659 2566 908 2608 Dominum.

275 2622 322 2671 Y.
350 2623 423 2664 Tu'
448 2636 494 2664 es
523 2622 731 2665 sacerdos
756 2624 798 2664 in
826 2626 1050 2666 aeternum.

223 2683 269 2722 R.
307 2679 556 2722 Secundum
591 2678 791 2722 ordinem
823 2680 1049 2723 Melchise-

222 2725 346 2779 dech.

1150 209 1200 241 ris
1228 207 1435 240 pontificis,

1157 304 1281 342 Pater
1300 305 1462 342 noster.

1155 360 1397 401 Absolutio.
1427 364 1466 402 A
1485 357 1681 399 vinculis.

1155 413 1201 463 Y.
1226 412 1338 455 Jube
1363 413 1536 455 domne.

1157 472 1314 514 Bened.
1348 470 1607 522 Evangelica
1626 470 1768 514 lectio.

1103 539 1253 581 Lectio
1282 539 1420 581 sancti
1439 539 1665 591 Evangelii
1687 542 1927 584 secundum

1378 595 1646 638 Matthaeum.

1206 658 1355 699 Lectio
1379 660 1443 698 vii.
1590 659 1691 711 Cup.
1707 661 1771 700 25.
1789 660 1826 701 b.

1094 713 1171 819 In
1190 717 1265 760 illo
1283 719 1498 770 tempore:
1520 719 1643 760 Dixit
1656 719 1681 760 J
1683 732 1783 761 esus
1803 720 1928 762 disci-

1160 774 1274 827 pulis
1296 775 1384 815 suis
1404 775 1662 828 parabolam
1680 775 1808 818 hanc:
1839 777 1928 819 Ho-

1094 844 1167 872 mo
1195 833 1380 884 peregre
1412 832 1717 884 proficiscens‚
1754 834 1929 876 vocavit

1096 958 1185 986 sua.
1221 945 1278 986 Et
1296 921 1474 997 relioua.

1149 1014 1334 1058 Homilia
1352 1015 1491 1056 sancti
1511 1015 1715 1068 Gregorii
1733 1017 1881 1070 Papae.

1271 1079 1438 1113 1101111111
1464 1082 1494 1113 Η.
1520 1079 1557 1113 111
1585 1079 1766 1121 Evangel.

1100 1229 1101 1233 ,
1132 1187 1207 1255 Rev}
1235 1185 1466 1235 carissimi,
1512 1185 1696 1228 sollicite
1733 1187 1930 1230 conside-

1099 1242 1207 1266 -ἑ
1235 1243 1333 1283 rare
1365 1255 1447 1284 nos
1480 1241 1707 1294 admonet,
1747 1257 1802 1286 ne
1838 1257 1930 1294 1108,

1098 1297 1171 1349 qui
1194 1297 1293 1350 plus
1317 1299 1509 1340 ceteris
1497 1313 1541 1340 111
1564 1299 1650 1341 1100
1673 1300 1839 1343 mundo
1863 1314 1930 1342 ac-

1097 1356 1268 1406 cepisse
1303 1355 1468 1408 aliquid
1500 1357 1738 1408 cernimur,
1775 1357 1830 1400 ab
1859 1371 1930 1400 au-

1097 1413 1220 1453 ctore
1249 1411 1400 1454 mundi
1431 1413 1606 1464 gravius
1640 1413 1742 1456 inde
1773 1414 1931 1466 judice-

1096 1481 1204 1509 mur.
1259 1468 1368 1510 Cum
1405 1469 1520 1511 enim
1556 1472 1769 1521 augentur
1805 1471 1932 1522 dona,

1098 1525 1290 1567 rationes
1315 1525 1446 1567 etiam
1474 1532 1677 1568 crescunt
1705 1526 1932 1570 donorum.

1097 1581 1241 1624 Tanto
1271 1595 1376 1634 ergo
1411 1595 1509 1624 esse
1536 1582 1758 1634 humilior,
1799 1589 1932 1637 atque

1097 1637 1154 1679 ad
1207 1638 1485 1680 serviendum
1537 1639 1635 1681 Deo
1684 1641 1933 1694 promptior

1099 1695 1283 1747 quisque
1304 1694 1437 1737 debet
1465 1708 1519 1737 ex
1545 1699 1738 1748 munere,
1768 1702 1932 1749 quanto

1098 1763 1145 1792 se
1175 1751 1482 1802 obligatiorem
1510 1765 1607 1794 esse
1640 1753 1857 1806 conspicit
1888 1754 1933 1794 in

1098 1807 1325 1850 reddenda
1345 1809 1525 1851 ratione.
1569 1809 1686 1851 Ecce
1703 1809 1837 1852 homo
1858 1810 1933 1863 qui

1099 1867 1283 1917 peregre
1310 1865 1620 1918 proficiscitur,
1648 1879 1801 1908 servos
1828 1879 1933 1909 suos

1099 1926 1244 1972 vocat,
1279 1924 1430 1974 eisque
1449 1922 1506 1964 ad
1524 1923 1749 1975 negotium
1766 1923 1931 1966 talenta

1098 1981 1295 2031 partitur.
1320 1979 1428 2021 Post
1445 1979 1631 2022 multum
1644 1993 1751 2022 vero
1766 1982 1933 2034 tempo-

1100 2036 1159 2076 ris
1186 2036 1411 2089 positurus
1444 2037 1658 2079 rationem
1691 2037 1934 2079 revertitur.

1099 2093 1221 2134 Bene
1272 2095 1507 2146 operantes
1555 2106 1639 2146 pro
1693 2095 1930 2146 apportato

1100 2148 1223 2191 lucro
1253 2153 1523 2200 remunerat,
1564 2163 1739 2192 servum
1769 2163 1875 2192 vero
1908 2163 1934 2192 a

1101 2205 1219 2248 bono
1248 2209 1384 2259 opere
1411 2209 1662 2260 torpentem
1689 2206 1877 2249 damnat.

1155 2271 1204 2322 R.
1231 2268 1409 2310 Amavit
1428 2281 1529 2310 eum
1547 2269 1774 2318 DominuS,
1803 2273 1847 2310 et
1867 2281 1933 2310 or-

1102 2324 1222 2366 navit
1258 2337 1374 2366 eum:
1414 2325 1573 2367 stolam
1607 2325 1760 2376 gloriae
1794 2324 1936 2367 induit

1103 2393 1213 2430 eum,
1231 2384 1254 2406 '⁸
1277 2381 1334 2423 Et
1353 2381 1409 2423 ad
1427 2387 1580 2434 portas
1598 2381 1793 2435 paradisi
1811 2394 1934 2423 coro-

1102 2437 1223 2479 navit
1242 2450 1352 2479 eum.
1368 2433 1415 2483 V.
1439 2438 1588 2480 Induit
1602 2451 1702 2480 eum
1717 2438 1934 2479 Dominus

1102 2494 1285 2536 loricam
1304 2494 1422 2543 fidei,
1453 2500 1496 2536 et
1515 2495 1686 2536 ornavit
1705 2507 1815 2536 eum.
1843 2495 1909 2536 Et.

1156 2559 1315 2601 Bened.
1346 2556 1475 2606 Cujus
1495 2556 1653 2598 festum
1672 2555 1868 2598 colimus.

1393 2622 1543 2662 Lectio
1563 2622 1643 2661 viii.

1104 2668 1257 2789 Quis
1284 2683 1432 2734 itaque
1460 2681 1541 2722 iste
1574 2681 1707 2724 homo
1738 2687 1824 2732 est,
1861 2682 1935 2734 qui

1206 2740 1391 2791 peregre
1410 2738 1713 2791 proficiscitur,
1732 2738 1815 2779 nisi
1828 2737 1936 2780 Red-
