2080 2990
230 240 277 285 [2]
829 231 1038 264 Commune
1060 230 1350 274 Apostolorum.

230 342 315 378 tur:
345 335 445 388 quia
470 336 667 376 amorem
686 346 812 374 suum
830 345 918 375 non
939 331 1061 385 spiri-

229 393 390 443 taliter,
424 390 502 433 sed
531 390 764 432 carnaliter
792 388 1061 442 impendunt.

228 448 420 491 Proinde
432 461 531 490 cum
539 448 756 489 Dominus
769 446 948 488 diceret:
961 446 1061 486 Hoc

229 511 296 548 est
315 507 589 559 praeceptum
608 518 770 554 meum,
799 508 847 545 ut
871 501 1061 554 diligatis

228 563 430 605 invicem:
463 562 664 616 protinus
703 559 892 602 addidit:
937 557 1058 600 Sicut

228 620 361 662 dilexi
383 632 479 671 vos3
509 632 560 661 ac
586 619 622 660 si
645 619 797 671 aperte
817 615 949 658 dicat:
986 614 1058 656 Ad

227 677 312 719 hoc
345 678 506 726 amate,
549 675 606 717 ad
639 673 760 728 quod
792 672 935 714 amavi
967 684 1058 713 vos.

1116 330 1213 380 Qua
1231 329 1276 371 in
1293 342 1356 380 re,
1384 330 1541 372 fratres
1561 331 1783 382 carissimi,
1812 331 1944 373 soler-

1114 391 1182 429 ter
1204 386 1463 429 intuendum
1486 392 1569 437 est,
1598 387 1719 440 quod
1738 391 1944 442 antiquus

1115 444 1272 493 hostiS‚
1307 443 1412 485 dum
1439 449 1631 486 mentem
1662 450 1860 487 nostram
1888 445 1946 487 ad

1114 513 1260 542 rerum
1307 500 1618 553 temporalium
1665 500 1945 544 dilectionem

1113 557 1259 607 trahit,
1279 557 1565 599 infirmiorem
1580 562 1735 600 contra
1748 570 1832 600 nos
1844 561 1944 612 pro-

1112 614 1277 655 ximum
1306 614 1484 664 excitat,
1519 614 1594 667 qui
1621 627 1673 657 ea
1699 615 1812 668 ipsa,
1845 628 1944 668 quae

1113 670 1342 722 diligimus,
1371 670 1542 713 auferre
1560 670 1776 714 moliatur.

975 766 1354 804 ψεεεξςᾷςψῴ
1378 741 1383 752 ’

248 878 575 928 COMMUNE
610 875 1116 927 APOSTOLORUM
1148 876 1235 925 ET
1269 874 1922 927 EVANGELISTARUM.

442 1020 504 1061 In
529 1019 566 1059 Ι.
586 1016 838 1067 vesperis.

279 1082 378 1121 Ant.
404 1082 502 1123 Hoc
523 1084 589 1123 est
608 1080 881 1133 praeceptum
900 1089 1058 1125 meum,

226 1142 249 1167 *
274 1146 322 1182 ut
346 1138 537 1190 diligatis
560 1137 763 1185 invicem,
792 1135 904 1176 sicut
924 1133 1059 1175 dilexi

511 1238 708 1279 Psalmus
732 1238 821 1276 loo.

243 1328 277 1353 ὦ
300 1323 314 1325 -
367 1331 371 1332 ⁷
398 1300 563 1349 ³,53-'ixit
582 1299 799 1341 Dominus
818 1298 919 1338 Dfio
942 1307 1058 1337 meo:

236 1367 266 1421 ᾗ(
326 1357 382 1410 ⁵2:25
413 1341 471 1410 ³3}
499 1358 523 1383 *
542 1356 656 1398 Sede
676 1369 701 1397 a
721 1355 888 1397 dextris
907 1353 1032 1395 meis:

237 1418 248 1469 ,2
329 1407 338 1424 '
355 1423 407 1469 ᾖ*
553 1414 708 1455 Donec
735 1424 898 1465 ponam
922 1411 1058 1451 inimi-

236 1467 265 1494 Ν
324 1469 362 1512 :J
426 1474 473 1524 a}
500 1483 578 1512 cos
610 1475 730 1520 tuos,
762 1470 787 1495 *
820 1467 1059 1510 scabellum

330 1547 333 1550 ⁴
375 1520 425 1540 Α·
499 1527 666 1580 pedum
684 1528 872 1568 tuerum.

277 1583 460 1636 Virgam
479 1584 653 1626 virtutis
673 1588 762 1626 tuae
782 1585 953 1625 emittet
970 1582 1058 1623 Do-

225 1640 367 1682 minus
388 1653 442 1682 ex
460 1640 582 1682 Sion:
610 1641 634 1667 *
663 1640 890 1683 dominare
909 1640 953 1680 in
972 1639 1059 1679 me-

226 1697 299 1739 djo
319 1697 596 1739 inimicorum
614 1700 803 1740 tuerum.

277 1754 446 1796 Tecum
460 1755 725 1808 principium
739 1755 783 1795 in
799 1754 870 1796 die
885 1752 1060 1794 virtutis

226 1815 314 1853 tuae
338 1811 382 1852 in
406 1811 718 1865 splenderibus
742 1811 1011 1853 sanctorum:
1036 1810 1060 1835 *

227 1881 282 1911 ex
301 1871 428 1911 utero
447 1874 548 1911 ante
567 1869 798 1911 luciferum
817 1867 947 1919 genui
965 1871 1020 1909 te.

278 1925 449 1967 Juravit
475 1926 704 1976 Dominus,
734 1931 778 1968 et
807 1938 895 1967 non
922 1923 1059 1977 poeni-

226 1982 338 2024 tebit
361 1995 475 2024 eum:
499 1985 524 2010 *
549 1983 618 2024 Tu
643 1996 690 2025 es
710 1982 920 2024 sacerdos
943 1981 988 2022 in
1005 1993 1060 2022 ae-

226 2041 399 2081 ternum
415 2039 658 2082 secundum
673 2039 873 2082 Ordinem
883 2037 1060 2080 Melchi-

227 2095 401 2138 sedech.

277 2153 494 2194 Dominus
515 2166 540 2195 a
556 2153 723 2196 dextris
743 2153 841 2204 tuis,
855 2153 879 2179 *
895 2151 1060 2194 confre-

226 2210 289 2261 git
307 2210 351 2251 in
371 2209 441 2252 die
457 2210 535 2252 irae
557 2224 648 2252 suae
667 2224 806 2262 reges.

278 2267 303 2308 J
304 2266 499 2309 udicabit
517 2267 561 2308 in
576 2268 839 2317 nationibus,
860 2265 1060 2320 implebit

227 2325 389 2366 ruinas:
421 2324 446 2349 *
483 2324 799 2377 conquassabit
832 2324 981 2377 capita
1016 2323 1059 2364 in

226 2386 345 2423 terra
364 2380 614 2422 multerum.
950 2411 952 2415 .

279 2438 346 2479 De
365 2438 563 2479 torrente
585 2438 629 2478 in
649 2437 719 2479 via
741 2437 877 2480 bibet:
904 2437 929 2464 *
960 2449 1059 2490 pro-

226 2496 379 2548 pterea
399 2493 610 2536 exaltabit
629 2499 773 2547 caput.

277 2550 375 2589 Ant.
402 2548 504 2593 Hoc
522 2555 590 2593 est
607 2553 883 2604 praeceptum
902 2563 1059 2600 meum,

227 2614 275 2651 ut
290 2607 480 2660 diligatis
492 2608 691 2663 invicem,
702 2608 815 2649 sicut
826 2607 958 2649 dilexi
969 2621 1059 2648 vos.

276 2664 378 2704 Ant.
399 2662 613 2717 Maiorem
636 2665 867 2707 caritatem
885 2664 909 2690 *
929 2677 1059 2706 nemo

227 2722 373 2772 habet,
392 2727 441 2763 ut
457 2722 648 2764 animam
664 2734 788 2763 suam
803 2725 942 2774 ponat
962 2721 1060 2773 quis

226 2791 308 2832 pro
328 2778 481 2820 amicis
501 2778 601 2820 suis.

226 1211 317 1240 VOS.

1372 1005 1571 1047 Psalmus
1600 1007 1686 1046 110.

1191 1071 1411 1113 onfitebor
1442 1070 1525 1113 tibi
1551 1071 1743 1113 Demine
1772 1071 1817 1112 in
1849 1075 1945 1113 toto

1208 1128 1343 1170 corde
1361 1140 1479 1170 meo:
1500 1127 1524 1154 *
1543 1127 1588 1169 in
1607 1127 1791 1170 consilio
1811 1128 1944 1180 juste-

1112 1198 1221 1235 rum,
1250 1190 1294 1227 et
1314 1185 1670 1237 congregati6ne.

1163 1242 1324 1293 Magna
1339 1243 1477 1295 Opera
1486 1241 1680 1283 Demini:
1691 1241 1716 1268 *
1726 1241 1945 1294 exquisita

1111 1299 1156 1340 in
1176 1311 1329 1340 omnes
1349 1298 1601 1340 voluntates
1621 1299 1724 1351 ejus.

1164 1355 1395 1397 Confessio
1421 1360 1464 1397 et
1488 1355 1814 1408 magnificentia
1832 1368 1945 1409 opus

1113 1413 1220 1465 ejus:
1234 1413 1258 1439 *
1278 1418 1323 1455 et
1339 1412 1505 1465 justitia
1524 1413 1615 1465 ejus
1634 1417 1784 1455 manet
1801 1412 1847 1454 in
1866 1414 1944 1455 sae-

1112 1469 1261 1512 culum
1279 1469 1442 1511 saeculi.

1164 1527 1426 1569 Memoriam
1442 1526 1549 1569 fecit
1567 1525 1832 1568 mirabilium
1847 1528 1945 1568 sue-

1112 1597 1221 1635 rum,
1248 1584 1501 1626 misericors
1529 1588 1575 1626 et
1601 1583 1834 1625 miserator
1857 1583 1946 1625 Do-

1112 1641 1272 1683 minus:
1282 1642 1306 1667 *
1318 1653 1466 1683 escam
1482 1639 1606 1683 dedit
1621 1639 1876 1682 timentibus
1887 1653 1946 1682 se.

1164 1698 1336 1740 Memor
1374 1697 1457 1739 erit
1493 1698 1537 1738 in
1570 1696 1783 1739 saeculum
1814 1701 1945 1739 testa-

1112 1755 1250 1797 menti
1269 1755 1350 1796 sui:
1369 1755 1393 1780 *
1412 1754 1622 1796 virtutem
1641 1755 1827 1807 eperum
1847 1754 1946 1795 sue-

1114 1825 1211 1853 rum
1230 1810 1509 1853 annuntiabit
1523 1810 1692 1864 pepulo
1712 1822 1808 1852 suo:

1163 1869 1225 1911 Ut
1258 1868 1333 1911 det
1368 1867 1454 1909 illis
1490 1867 1798 1910 haereditatem
1831 1867 1945 1909 Gen-

1113 1925 1237 1967 tium:
1264 1925 1288 1951 *
1317 1927 1455 1978 Opera
1479 1926 1690 1966 manuum
1718 1924 1810 1976 ejus
1836 1923 1945 1965 veri-

1114 1987 1194 2032 taS,
1222 1987 1267 2024 et
1286 1982 1506 2035 judicium.

1162 2038 1331 2081 Fidelia
1342 2038 1491 2080 emnia
1503 2037 1714 2080 mandata
1723 2037 1829 2090 ejus:
1844 2049 1945 2079 con-

1114 2095 1288 2137 firmata
1306 2095 1351 2136 in
1370 2094 1582 2137 saeculum
1601 2093 1765 2145 saeculi,
1781 2094 1806 2120 *
1828 2093 1947 2136 facta

1114 2152 1159 2193 in
1177 2152 1364 2195 veritate
1385 2157 1429 2194 et
1450 2152 1672 2205 aequitate.

1160 2208 1532 2262 Redemptionem
1542 2208 1662 2250 misit
1671 2207 1840 2261 pepulo
1851 2219 1946 2250 suo:

1112 2266 1136 2292 *
1154 2265 1382 2307 mandavit
1405 2265 1450 2306 in
1471 2266 1687 2312 aeternum
1710 2265 1946 2307 testamen-

1113 2326 1207 2365 tum
1225 2336 1363 2364 suum.
1653 2319 1674 2334 ⁷*

1167 2380 1388 2430 Sanctum,
1403 2384 1448 2422 et
1462 2378 1660 2422 terribile
1669 2390 1831 2420 nomen
1842 2378 1948 2430 ejus:

1112 2437 1136 2463 *
1155 2436 1329 2479 initium
1351 2436 1579 2489 sapientiae
1605 2436 1736 2477 timor
1755 2435 1946 2476 Demini.
2022 2428 2025 2432 ’

1164 2493 1423 2535 Intellectus
1451 2492 1593 2534 bonus
1615 2492 1820 2534 omnibus
1846 2491 1945 2533 faci-

1113 2550 1288 2592 entibus
1303 2562 1419 2591 eum:
1433 2550 1456 2576 *
1473 2548 1670 2591 laudatio
1690 2550 1782 2602 ejus
1796 2553 1946 2590 manet

1113 2608 1158 2649 in
1178 2606 1389 2648 saeculum
1411 2606 1572 2648 saeculi.

1162 2662 1264 2702 Ant.
1300 2659 1518 2716 Majerem
1551 2663 1781 2705 caritatem
1813 2673 1943 2704 nemo

1113 2720 1257 2770 habet,
1286 2725 1334 2761 ut
1349 2720 1540 2761 animam
1556 2733 1679 2762 suam
1694 2723 1833 2773 ponat
1847 2718 1944 2771 quis

1112 2790 1195 2831 pro
1215 2777 1367 2819 amicis
1385 2777 1486 2819 suis.
