2040 2990
544 206 594 236 ΞΓ»,
625 204 854 236 Decembris.

158 305 244 340 tos:
263 298 371 340 vidit
391 303 435 339 et
455 297 663 338 introivit:
686 303 707 323 *
726 296 891 337 Beatus
913 295 988 337 ho-

158 368 241 404 mo,
262 355 331 396 eui
350 354 452 396 coeli
470 352 693 406 patebant.
728 350 774 400 δ”.
791 352 901 393 Cum
914 352 988 403 igi-

158 416 227 452 tur
246 413 455 452 saxorum
479 409 789 462 crepitantium
812 407 988 449 turbine

159 468 431 519 quateretur,
471 466 584 507 inter
619 465 839 507 aethereos
876 463 988 505 aulae

158 523 351 564 coelestis
389 523 510 564 sinus
548 521 693 563 divina
735 521 775 563 ei
812 521 988 562 claritas

158 579 287 620 fulsit.
324 580 499 621 Beatus,

449 651 600 690 Lectio
624 651 705 689 viii.

163 704 468 825 Quaerimus,
501 717 598 768 quis
625 716 709 757 iste
740 716 795 756 sit
825 714 989 756 Zacha-

254 778 340 816 rias
362 774 476 815 filius
495 772 739 815 Barachiae:
762 772 863 823 quia
882 770 989 811 mul-

158 837 230 873 tos
262 831 448 882 legimus
481 828 729 870 Zacharias.
770 828 827 868 Et
858 840 913 868 ne
942 827 988 867 li-

158 888 266 929 bera
292 886 421 928 nobis
447 885 714 927 tribueretur
743 884 903 925 erraris
930 883 989 924 fa-

158 944 315 993 cultas,
336 942 533 983 additum
559 946 639 983 est:
664 942 804 991 Quem
829 939 988 981 occidi-

158 1002 237 1042 stis
256 1000 369 1040 inter
389 997 601 1050 templum
621 1002 665 1038 et
684 996 833 1037 altare.
861 996 913 1036 In
928 995 988 1038 di-

158 1056 296 1097 versis
325 1054 499 1096 diversa
525 1054 625 1105 legi:
663 1058 707 1094 et
736 1052 878 1094 debeo
906 1053 989 1093 sin-

157 1112 360 1164 gulorum
400 1110 630 1163 opiniones
668 1111 846 1162 ponere.
901 1108 990 1149 Alii

158 1168 417 1210 Zachariam
432 1166 571 1207 filium
581 1166 810 1207 Barachiae
828 1165 989 1215 dicunt,

157 1225 231 1277 qui
251 1225 293 1265 in
314 1223 551 1266 duodecim
569 1221 799 1275 prophetis
814 1221 988 1263 undeci-

153 1294 251 1322 mus
285 1286 366 1322 est:
404 1281 633 1332 patrisque
666 1279 710 1318 in
743 1291 796 1319 eo
828 1290 990 1319 nomen

155 1337 388 1378 consentit:
414 1335 494 1377 sed
512 1334 588 1376 ubi
609 1337 782 1375 occisus
803 1334 859 1375 sit
877 1334 990 1375 inter

154 1393 369 1446 templum
394 1397 439 1433 et
464 1392 617 1441 altare,
645 1391 875 1443 Scriptura
901 1403 989 1431 non

154 1450 366 1501 lequitur:
384 1449 575 1489 maxime
596 1460 696 1488 cum
714 1446 989 1499 temperibus

156 1506 247 1557 ejus
267 1506 341 1546 vix
362 1507 497 1545 ruinae
522 1503 677 1556 templi
695 1503 867 1544 fuerint.
899 1502 991 1543 Alii

157 1561 416 1603 Zachariam
431 1566 603 1613 patrem
612 1560 637 1600 J
639 1560 793 1600 oannis
808 1559 991 1610 intelligi

157 1618 326 1666 volunt,
353 1630 408 1658 ex
430 1615 696 1669 quibusdam
715 1615 990 1668 apocrypho-

157 1687 254 1716 rum
292 1673 473 1714 somniis
511 1671 828 1725 approbantes,
872 1671 992 1723 quod

157 1731 398 1782 propterea
423 1730 597 1770 occisus
624 1728 696 1777 sit,
724 1728 828 1779 quia
846 1727 992 1768 Salva-

158 1786 267 1828 teris
288 1784 598 1838 praedicaverit
616 1784 866 1825 adventum.

218 1853 262 1902 lx}
303 1849 543 1891 Patefactae
581 1853 682 1890 sunt
718 1849 858 1900 januae
891 1847 993 1889 coeli

161 1906 322 1947 Christi
358 1906 543 1957 Martyri
582 1905 717 1947 beato
752 1904 992 1957 Stephano,

161 1962 236 2014 qui
259 1962 303 2002 in
326 1964 508 2003 numero
527 1962 771 2013 Martyrum
788 1961 993 2002 inventus

161 2023 228 2059 est
262 2018 443 2070 primus:
472 2019 493 2041 *
527 2018 585 2058 Et
616 2016 717 2058 ideo
750 2016 993 2069 triumphat

162 2074 205 2114 in
243 2072 367 2114 coelis
404 2076 652 2115 coronatus.
709 2067 757 2118 δ”.
803 2073 993 2114 Mortem

162 2129 287 2180 enim,
308 2142 438 2182 quam
453 2129 655 2170 Salvator
674 2133 825 2170 noster
846 2128 993 2179 digna-

160 2191 231 2227 tus
265 2191 332 2227 est
363 2198 446 2238 pro
479 2185 606 2226 nobis
639 2185 748 2237 pati,
782 2185 894 2226 hanc
921 2185 993 2227 ille

162 2242 330 2294 primus
345 2241 537 2282 reddidit
552 2240 781 2282 Salvatori.
802 2241 869 2282 Et.
890 2241 993 2283 (rile-

163 2298 227 2339 ria
245 2298 376 2339 Patri.
405 2298 472 2338 Et.

468 2362 618 2402 Lectio
642 2362 694 2401 ix.

164 2423 281 2528 AEii
297 2432 427 2472 istum
443 2430 596 2472 volunt
611 2443 708 2472 esse
724 2430 992 2480 Zachariam,

287 2488 362 2539 qui
395 2489 567 2528 occisus
602 2491 669 2527 est
700 2499 725 2527 a
752 2487 858 2527 Joas
890 2499 993 2538 rege

162 2546 185 2586 J
191 2544 290 2586 udae
310 2544 423 2584 inter
442 2542 657 2595 templum
678 2547 721 2583 et
740 2542 888 2591 altare,
914 2543 992 2583 sic-

163 2606 211 2642 ut
230 2601 401 2650 Regum
422 2603 570 2639 narrat
590 2598 782 2639 histeria.
811 2598 897 2639 Sed
918 2598 992 2639 ob-

163 2654 448 2703 servandum,
491 2653 611 2705 quod
647 2654 720 2694 ille
757 2654 993 2695 Zacharias

164 2726 251 2754 non
277 2712 334 2752 sit
359 2711 474 2751 filius
501 2709 744 2759 Barachiae,
772 2709 851 2751 sed
878 2710 993 2751 filius

904 205 937 235 S.
964 203 1148 244 Stephani
1180 202 1486 244 l'rotsunurtyris.

1042 295 1067 336 J
1070 294 1213 336 oiadae
1248 293 1511 335 sacerdetis:
1541 293 1659 335 unde
1691 298 1736 336 et
1763 293 1874 335 Scri-

1042 354 1172 404 ptura
1199 350 1348 391 refert:
1379 350 1482 391 Non
1509 349 1590 391 fuit
1616 349 1874 391 recordatus

1042 408 1066 448 J
1069 420 1147 448 oas
1172 407 1311 459 patris
1338 407 1429 458 ejus
1454 405 1639 455 Joiadae,
1665 406 1768 458 quia
1790 405 1875 447 sibi

1044 464 1220 505 fecisset
1238 462 1366 504 bona.
1395 462 1505 503 Cum
1525 474 1631 514 ergo
1651 467 1695 504 et
1708 461 1874 503 Zacha-

1042 522 1152 560 riam
1179 521 1407 561 teneamus
1436 523 1480 560 et
1507 518 1875 560 occisionis-con-

1043 577 1202 617 sentiat
1247 575 1390 617 locus:
1437 574 1694 627 quaerimus,
1739 586 1875 626 quare

1043 631 1272 673 Barachiae
1310 631 1480 672 dicatur
1522 630 1658 680 filius,
1701 634 1746 672 et
1785 642 1876 671 non

1041 687 1238 729 Joiadae?
1288 687 1504 729 Barachia
1539 687 1689 738 lingua
1723 690 1876 727 nostra

1043 744 1310 786 Benedictus
1333 744 1513 785 Domini
1536 742 1711 792 dicitur,
1737 747 1781 784 et
1810 754 1874 783 sa-

1043 801 1238 842 cerdotis
1274 799 1443 842 Joiadae
1481 799 1645 852 justitia
1678 797 1874 840 Hebraeo

1042 857 1220 898 nomine
1257 856 1597 898 demonstratur.
1646 855 1698 895 In
1733 854 1875 895 Evan-

1042 913 1178 964 gelio,
1207 925 1295 965 quo
1323 916 1505 954 utuntur
1526 911 1764 960 Nazareni‚
1793 921 1876 962 pro

1043 969 1135 1010 filio
1163 969 1408 1019 Barachiae,
1441 968 1582 1009 filium
1608 967 1634 1008 J
1636 966 1778 1008 oiadae
1811 978 1876 1007 re-

1042 1027 1237 1078 perimus
1257 1025 1482 1078 scriptum.

1099 1086 1157 1124 Te
1176 1081 1321 1123 Deum
1341 1081 1582 1123 laudamus.
1611 1081 1671 1121 14.

1312 1163 1392 1203 Ad
1417 1162 1616 1204 Laudes

1256 1223 1305 1250 et
1346 1227 1444 1260 per
1482 1216 1679 1251 Horas.

1099 1278 1198 1317 Ant.
1240 1279 1268 1316 1.
1326 1275 1655 1328 Lapidaverunt
1697 1272 1878 1326 Stepha-

1044 1347 1168 1383 num,
1200 1334 1223 1359 *
1257 1337 1301 1374 et
1332 1333 1429 1385 ipse
1460 1330 1696 1372 invocabat
1728 1329 1877 1370 Demi-

1044 1403 1159 1440 num,
1187 1389 1355 1431 dicens:
1381 1388 1451 1430 Ne
1478 1390 1649 1429 statuas
1677 1386 1763 1427 illis
1790 1385 1877 1427 hoc

1044 1448 1289 1499 peccatum.

1101 1502 1254 1542 I'sulm.
1286 1501 1502 1543 Deminus
1521 1499 1732 1550 regnavit.
1751 1498 1812 1539 15.

1098 1560 1133 1598 2.
1163 1557 1356 1611 Lapides
1375 1557 1583 1599 torrentis
1601 1556 1626 1582 *
1643 1554 1707 1596 illi
1726 1553 1878 1596 dulces

1043 1615 1233 1656 fuerunt:
1269 1615 1414 1667 ipsum
1447 1615 1690 1665 sequuntur
1722 1622 1877 1652 omnes

1044 1671 1202 1712 animae
1227 1671 1366 1722 justae.

1101 1728 1137 1765 1-3.
1169 1726 1367 1768 Adhaesit
1387 1726 1531 1766 anima
1548 1736 1648 1765 mea
1664 1723 1688 1749 *
1702 1727 1805 1776 post
1822 1727 1879 1772 te,

1046 1783 1148 1836 quia
1167 1795 1270 1824 caro
1290 1794 1389 1823 mea
1406 1780 1605 1834 lapidata
1628 1784 1696 1821 est
1717 1791 1801 1832 pro
1820 1783 1877 1828 te,

1044 1840 1166 1881 Deus
1184 1851 1320 1880 meus.

1099 1898 1135 1935 4.
1162 1894 1413 1947 Stephanus
1428 1893 1538 1935 vidit
1555 1893 1579 1919 *
1597 1893 1736 1935 coelos
1755 1892 1878 1944 aper-

1045 1957 1127 2002 ῒοε,
1143 1950 1263 2002 vidit,
1280 1955 1323 1992 et
1337 1950 1551 1992 introivit:
1569 1949 1728 1991 beatus
1742 1947 1877 1989 homo

1046 2009 1116 2049 cui
1137 2007 1239 2049 coeli
1256 2006 1479 2059 patebant.

1102 2063 1139 2102 Γ).
1168 2065 1286 2104 Ecce
1310 2062 1440 2104 video
1468 2063 1493 2088 *
1520 2061 1659 2103 coelos
1687 2061 1877 2113 apertos,

1046 2124 1090 2161 et
1121 2120 1144 2160 J
1148 2132 1271 2161 esum
1309 2122 1499 2160 stantem
1534 2131 1560 2159 a
1597 2116 1764 2159 dextris
1796 2115 1878 2156 vir·

1046 2176 1152 2217 tutis
1180 2175 1275 2216 Dei.

1152 2243 1412 2294 Capitulum.
1568 2246 1664 2284 Aet.
1682 2244 1718 2282 6.
1734 2242 1773 2283 b.

1116 2303 1334 2357 tephanus
1366 2307 1513 2344 autem
1547 2302 1704 2355 plenus
1734 2300 1878 2353 gratia

1133 2366 1176 2401 et
1191 2358 1458 2408 fortitudine,
1474 2358 1661 2399 faciebat
1675 2356 1878 2409 prodigia

1047 2422 1091 2458 et
1111 2416 1235 2467 signa
1254 2427 1413 2467 magna
1431 2415 1475 2455 in
1495 2413 1675 2467 populo.

1361 2476 1397 2514 11
1403 2488 1568 2525 ymnus.

1147 2543 1291 2582 nvicte
1310 2540 1488 2591 Martyr,
1507 2539 1682 2580 unicum

1167 2597 1309 2638 Patris
1329 2599 1507 2637 secutus
1525 2595 1694 2644 Filium,

1151 2653 1294 2694 Victis
1317 2651 1562 2703 triumphas
1581 2650 1794 2699 hostibus,

1152 2709 1309 2750 Victor
1328 2707 1476 2749 fruens
1495 2706 1760 2748 coelestibus.
