2080 2990
525 260 595 292 Die
626 261 673 293 w.
702 260 808 293 Febr.
856 259 890 293 S
918 259 1086 293 Conradi
1112 260 1323 293 Placentini
1351 262 1458 294 (jons.

137 354 265 403 mnis,
298 353 483 395 secessit
509 353 553 394 in
580 358 730 406 partes
756 353 969 407 Galilaeae3

139 414 182 451 et
218 409 396 451 veniens
434 408 653 450 habitavit
695 410 739 449 in
777 409 969 457 civitate,

140 478 238 518 quae
253 467 437 506 vocatur
449 464 683 514 Nazareth,
698 469 746 506 ut
762 464 968 516 adimple-

138 523 268 570 retur,
291 520 412 573 quod
427 520 592 562 dictum
607 525 675 562 est
688 533 768 572 per
782 520 968 572 prophe-

137 582 220 618 tas:
244 578 461 628 Quoniam
474 576 714 618 Nazaraeus
729 576 969 618 vocabitur.

192 634 235 668 In
260 633 451 675 Quadrag.
478 643 674 667 commem.
700 634 833 667 Feriae.

344 711 428 752 Die
448 712 507 751 19.
525 709 763 751 Februarii.

188 770 231 811 S.
255 769 474 812 conradi
495 768 777 810 Placentini
801 768 920 807 Conf.

426 826 687 869 Semiduplex.

196 878 332 912 Omnia
364 877 410 911 de
441 878 585 912 Comm.
618 879 726 911 Conf.
759 889 833 912 non
860 879 967 913 Pont.

140 926 208 969 [67]
234 931 375 969 praeter
399 936 504 968 sequ.

476 973 641 1013 Oratio.

220 1030 348 1072 desto
401 1029 590 1070 Domine
644 1027 970 1080 supplicationi-

243 1086 327 1127 bus
346 1085 519 1134 nostris,
540 1097 648 1137 quas
666 1084 711 1124 in
729 1084 847 1125 beati
862 1084 971 1124 Con-

141 1142 238 1184 radi
276 1141 552 1183 Confessoris
593 1141 657 1182 tui
694 1140 971 1181 solemnitate

142 1198 395 1240 deferimus:
425 1202 474 1238 ut
503 1196 578 1248 qui
604 1200 770 1237 nostrae
797 1196 972 1246 justitiae

142 1253 349 1296 fidaciam
374 1266 464 1294 non
491 1251 721 1301 habemus,
759 1252 865 1302 ejus,
899 1251 973 1302 qui

142 1310 222 1351 tibi
252 1310 437 1362 placuit,
469 1307 675 1360 precibus
709 1306 973 1359 adjuvemur.

140 1367 225 1407 Per
244 1365 493 1407 Dominum.

191 1421 235 1454 In
265 1421 291 1455 I.
323 1421 433 1455 Noct.
458 1422 559 1455 Lect.
590 1421 636 1455 de
662 1421 798 1463 Seript.
825 1431 968 1455 occurr.

196 1468 239 1502 In
268 1469 459 1511 Quadrag.
490 1470 633 1503 Beatus
655 1468 727 1503 vir.
758 1468 826 1511 [77]

366 1527 414 1564 In
442 1527 493 1564 II.
520 1526 744 1564 Nocturno.

442 1582 593 1622 Lectio
615 1582 667 1621 iv.

152 1650 219 1751 ζἶ
232 1639 718 1737 ἕοῗέἒὲἓῒῖὲᾶἓῗῗω
735 1638 879 1736 ἓῷἷᾙ
902 1640 972 1689 g&

151 1723 152 1727 =
280 1710 309 1736 n
622 1709 648 1736 v
677 1709 733 1736 na
770 1708 843 1736 om
858 1708 972 1736 cum-

150 1729 254 1778 &3⁷⁴
281 1752 434 1804 primis
445 1727 631 1801 deditus,
643 1751 770 1803 jussit
780 1751 972 1803 aliquan-

143 1806 201 1849 do
221 1820 396 1860 vepreS,
419 1807 495 1849 ubi
518 1807 623 1849 ferae
642 1807 853 1856 latebant,
880 1819 972 1847 suc-

143 1862 284 1913 cendi3
303 1863 383 1904 sed
397 1863 512 1905 ultra
528 1876 659 1915 quam
676 1863 825 1912 voluit,
840 1867 972 1903 vento

143 1919 338 1971 perlatus
369 1919 480 1970 ignis
512 1920 716 1972 proxima
748 1918 869 1959 foedo
902 1931 972 1959 va-

145 1976 276 2017 stavit
298 1975 514 2017 incendio.
552 1977 651 2026 Quo
671 1976 783 2024 viso,
813 1975 973 2016 Conra-

145 2030 227 2072 dus
251 2031 296 2072 in
322 2031 479 2073 urbem
505 2031 691 2073 latenter
719 2035 785 2072 est
813 2031 973 2081 ingres-

145 2100 234 2128 sus:
259 2087 339 2129 sed
360 2100 466 2129 mox
488 2087 545 2129 ad
567 2089 809 2140 praetorem
828 2086 975 2127 delata

145 2156 208 2193 re,
228 2144 477 2196 emissoque
495 2143 719 2192 satelli-tio,
738 2142 973 2184 homuncu-

144 2198 213 2241 lus
236 2199 398 2240 infimae
421 2199 564 2252 plebis
589 2204 814 2250 tamquam
831 2198 974 2239 incen-

147 2253 207 2296 dii
240 2259 392 2296 auctor
424 2255 768 2308 comprehensus
800 2259 882 2302 est,
915 2253 974 2293 vi-

147 2323 232 2362 que
259 2313 580 2353 tormentorum
607 2310 716 2352 falsa
740 2309 974 2351 confessio-

147 2379 202 2408 ne
222 2369 448 2419 expressa,
477 2366 708 2408 damnatus
733 2365 789 2406 ad
813 2364 974 2417 suppli-

148 2423 264 2463 cium
295 2422 559 2475 rapiebatur.
599 2422 713 2463 Tum
746 2419 975 2462 Conradus

149 2478 415 2520 conscientia
451 2479 664 2520 excitatus
700 2478 976 2518 innocentem

147 2533 461 2575 homunculum
488 2547 512 2575 e
537 2533 752 2575 carnificis
774 2531 975 2572 manibus

149 2590 323 2641 eripuit,
351 2602 486 2641 seque
513 2602 635 2631 reum
663 2588 888 2630 confessus
916 2585 975 2627 di-

149 2644 337 2686 venditis
368 2644 495 2686 bonis
527 2645 647 2686 illata
675 2644 834 2686 damna
861 2655 975 2683 com-

148 2701 367 2752 pensavit,
402 2700 691 2752 humanisque
728 2698 859 2740 rebus
891 2709 977 2738 una

151 2768 250 2796 cum
268 2758 406 2797 uxore
423 2757 623 2798 nantium
640 2755 817 2797 remisit.

1076 355 1126 405 Ιςν.
1156 354 1404 396 Honestum
1422 355 1524 397 fecit
1542 355 1663 395 illum
1681 356 1786 404 Dfm,
1807 361 1850 397 et

1023 409 1260 451 custodivit
1279 423 1378 452 eum
1397 411 1451 452 ab
1471 411 1664 460 inimicis
1681 416 1724 452 et
1740 424 1765 452 a
1785 424 1847 452 se-

1023 465 1279 507 ductoribus
1305 467 1463 507 tutavit
1489 466 1623 507 illum:
1648 468 1669 490 *
1694 467 1751 508 Et
1777 466 1847 508 de-

1023 521 1086 563 dit
1108 522 1170 562 illi
1196 522 1438 563 claritatem
1462 525 1680 563 aeternam.
1714 516 1762 566 V.
1779 523 1849 563 Ju-

1024 583 1140 619 stum
1159 577 1342 619 deduxit
1364 579 1458 619 Dfis
1480 591 1560 630 per
1582 579 1675 619 vias
1694 583 1850 628 rectas,

1023 638 1067 675 et
1096 633 1290 675 ostendit
1316 633 1378 674 illi
1404 647 1585 684 regnum
1612 635 1706 675 Dei.
1750 635 1818 675 Et.

1334 696 1485 735 Lectio
1506 710 1541 734 v.

1026 747 1173 852 Cum
1198 749 1347 798 itaque
1371 758 1482 787 uxor
1510 758 1682 786 sacrum
1704 746 1850 787 velum

1119 806 1348 855 sumptara
1359 801 1595 843 Placentiae
1610 804 1850 850 mansisset,

1023 858 1118 910 ipse
1138 858 1244 899 abiit
1262 859 1305 898 in
1320 858 1544 908 regionem
1559 857 1850 908 longinquam,

1025 919 1068 955 et
1084 914 1367 955 Franciscani
1388 913 1568 963 ordinis,
1592 913 1665 965 qui
1684 913 1851 953 Tertia-

1024 971 1189 1011 riorum
1221 970 1395 1019 dicitur,
1428 972 1655 1021 assampto
1688 968 1851 1017 habitu,

1024 1026 1213 1067 Romam
1241 1025 1442 1077 pervenit
1470 1037 1618 1065 sacras
1647 1022 1767 1065 aedes
1793 1024 1851 1064 vi-

1025 1082 1244 1123 sitatarus
1281 1080 1389 1121 Inde
1413 1081 1456 1120 in
1480 1080 1669 1121 Siciliam
1691 1079 1747 1120 ad
1767 1080 1851 1120 Ne-

1024 1140 1140 1179 tinos
1161 1137 1282 1186 abiit,
1307 1136 1382 1177 ubi
1405 1135 1673 1188 aliquamdiu
1695 1135 1738 1175 in
1758 1148 1851 1175 san-

1026 1194 1084 1234 cti
1101 1194 1277 1234 Martini
1300 1191 1576 1233 xenodochio
1597 1191 1852 1240 diversatus,

1025 1250 1067 1290 in
1096 1249 1378 1290 solitudinem
1403 1247 1601 1295 secessit,
1628 1247 1672 1286 in
1696 1259 1782 1298 qua
1805 1259 1852 1287 se

1025 1304 1186 1354 inedia,
1219 1309 1263 1345 et
1293 1303 1498 1356 precibus
1530 1303 1744 1343 afflictans
1773 1315 1852 1354 per

1026 1373 1163 1402 annos
1193 1359 1481 1412 quadraginta
1507 1358 1628 1399 humi
1653 1358 1852 1405 cubabat,

1025 1430 1140 1458 nunc
1167 1416 1263 1457 solo
1291 1427 1421 1468 pane,
1450 1427 1563 1455 nunc
1591 1413 1738 1455 herbis
1762 1419 1852 1454 tan-

1025 1478 1119 1514 tum
1134 1474 1375 1520 contentus,
1395 1475 1438 1512 et
1458 1470 1575 1511 dono
1594 1469 1853 1522 prophetiae,

1025 1528 1335 1580 miraculisque
1360 1527 1514 1568 clarus.
1552 1525 1739 1567 Crebras
1764 1537 1853 1565 car-

1025 1585 1092 1625 nis
1112 1597 1163 1625 30
1183 1583 1396 1625 daemonis
1415 1582 1697 1630 tentationes,
1722 1580 1853 1631 gulae-

1027 1653 1111 1692 que
1130 1639 1366 1681 blanditias
1391 1638 1591 1690 corporis
1612 1636 1854 1677 afflictatio-

1025 1710 1096 1743 ne,
1125 1701 1256 1747 atque
1281 1694 1458 1736 assiduo
1478 1692 1688 1746 precandi
1708 1691 1854 1733 studio

1025 1758 1117 1794 tam
1136 1752 1310 1803 egregie
1328 1751 1447 1799 vicit,
1471 1754 1519 1790 ut
1539 1749 1609 1790 vel
1633 1747 1855 1789 esculenta

1025 1807 1299 1855 munuscula,
1334 1819 1432 1857 quae
1457 1805 1511 1846 ab
1537 1804 1687 1845 amicis
1712 1804 1852 1844 mitte-

1026 1866 1190 1912 rentur,
1209 1875 1296 1903 non
1315 1862 1436 1914 prius
1455 1863 1702 1909 attingeret,
1724 1871 1854 1910 quam

1025 1919 1203 1971 putrida
1226 1920 1311 1970 jam
1334 1922 1378 1958 et
1397 1915 1616 1957 vermibus
1642 1914 1853 1955 scatentia

1027 1988 1179 2016 sensus
1203 1974 1299 2026 ipse
1322 1973 1552 2022 refugeret.
1589 1970 1703 2020 Quin
1723 1969 1853 2010 etiam

1026 2031 1174 2071 tunica
1200 2029 1347 2082 posita
1373 2027 1541 2069 tamdiu
1564 2025 1707 2067 nudos
1733 2029 1853 2065 artus

1026 2088 1069 2127 in
1104 2087 1288 2137 vepreto
1324 2082 1569 2132 volutabat,
1614 2080 1760 2133 quoad
1797 2080 1851 2121 ef-

1027 2144 1188 2184 fluente
1214 2140 1423 2191 sanguine
1451 2136 1609 2180 edendi
1633 2136 1763 2178 ardor
1783 2149 1852 2177 ex-

1027 2199 1331 2249 stingueretur.

1078 2256 1129 2306 Rg.
1157 2252 1333 2294 Amavit
1352 2263 1452 2292 eum
1470 2250 1699 2298 Dominus,
1725 2253 1767 2289 et
1787 2260 1851 2287 or-

1026 2310 1146 2351 navit
1178 2322 1290 2350 eum:
1338 2306 1496 2348 stolam
1533 2305 1683 2356 gloriae
1715 2301 1853 2343 induit

1028 2379 1137 2415 eum,
1156 2366 1178 2387 *
1198 2365 1255 2406 Et
1274 2362 1331 2405 ad
1344 2367 1500 2435 portas
1520 2359 1711 2413 paradisi
1729 2370 1851 2398 coro-

1027 2421 1146 2462 navit
1174 2433 1283 2462 eum.
1326 2420 1378 2466 V.
1406 2417 1552 2458 Induit
1579 2428 1677 2456 eum
1704 2413 1851 2454 Domi-

1027 2490 1108 2518 nus
1126 2477 1308 2518 loricam
1332 2473 1451 2521 fidei,
1479 2477 1522 2512 et
1548 2470 1717 2511 ornavit
1743 2481 1852 2509 eum.

1027 2533 1084 2574 Et
1103 2531 1159 2573 ad
1176 2537 1339 2585 portas.

1326 2584 1476 2624 Lectio
1499 2582 1548 2621 vi.

1028 2636 1179 2742 Cum
1212 2643 1358 2679 autem
1390 2640 1515 2676 sexta
1547 2644 1719 2685 quaque
1747 2630 1852 2672 feria

1127 2695 1171 2735 in
1185 2693 1338 2735 urbem
1357 2690 1413 2732 ad
1430 2690 1660 2740 imaginem
1677 2687 1852 2728 Crucifi-

1028 2753 1090 2800 xi,
1118 2763 1217 2802 quae
1243 2760 1410 2790 summa
1432 2746 1640 2796 religione
1663 2742 1852 2784 celebra-
