<?xml version="1.0" encoding="UTF-8"?>
<!DOCTYPE html PUBLIC "-//W3C//DTD XHTML 1.0 Transitional//EN"
    "http://www.w3.org/TR/xhtml1/DTD/xhtml1-transitional.dtd">
<html xmlns="http://www.w3.org/1999/xhtml" xml:lang="en" lang="en">
 <head>
  <title>
</title>
<meta http-equiv="Content-Type" content="text/html;charset=utf-8" />
  <meta name='ocr-system' content='tesseract 3.04.00' />
  <meta name='ocr-capabilities' content='ocr_page ocr_carea ocr_par ocr_line ocrx_word'/>
</head>
<body>
  <div class='ocr_page' id='page_1' title='image "./p1breviariumroma00cathuoft_0318.png"; bbox 0 0 2040 2990; ppageno 0'>
   <div class='ocr_carea' id='block_1_1' title="bbox 626 206 1443 251">
    <p class='ocr_par' dir='ltr' id='par_1_1' title="bbox 626 206 1443 251">
     <span class='ocr_line' id='line_1_1' title="bbox 626 206 1443 251; baseline 0.005 -12"><span class='ocrx_word' id='word_1_1' title='bbox 626 206 754 240; x_wconf 68' lang='lat' dir='ltr'>Tertia</span> <span class='ocrx_word' id='word_1_2' title='bbox 782 206 842 240; x_wconf 78' lang='lat' dir='ltr'>dic</span> <span class='ocrx_word' id='word_1_3' title='bbox 872 207 967 240; x_wconf 73' lang='lat' dir='ltr'>infra</span> <span class='ocrx_word' id='word_1_4' title='bbox 993 210 1176 241; x_wconf 71' lang='lat' dir='ltr'>Octavam</span> <span class='ocrx_word' id='word_1_5' title='bbox 1202 207 1443 251; x_wconf 66' lang='lat' dir='ltr'>Epiphaniae.</span> 
     </span>
    </p>
   </div>
   <div class='ocr_carea' id='block_1_2' title="bbox 178 303 1013 1660">
    <p class='ocr_par' dir='ltr' id='par_1_2' title="bbox 181 303 1013 693">
     <span class='ocr_line' id='line_1_2' title="bbox 183 303 1013 356; baseline 0.002 -12"><span class='ocrx_word' id='word_1_6' title='bbox 183 303 298 345; x_wconf 88' lang='lat' dir='ltr'>coelo</span> <span class='ocrx_word' id='word_1_7' title='bbox 317 303 523 356; x_wconf 92' lang='lat' dir='ltr'>loquente</span> <span class='ocrx_word' id='word_1_8' title='bbox 546 303 801 346; x_wconf 82' lang='lat' dir='ltr'>didicerunt.</span> <span class='ocrx_word' id='word_1_9' title='bbox 831 305 1013 346; x_wconf 80' lang='lat' dir='ltr'>Verum-</span> 
     </span>
     <span class='ocr_line' id='line_1_3' title="bbox 184 360 1012 413; baseline 0 -11"><span class='ocrx_word' id='word_1_10' title='bbox 184 365 349 410; x_wconf 92' lang='lat' dir='ltr'>tamen,</span> <span class='ocrx_word' id='word_1_11' title='bbox 384 360 504 412; x_wconf 92' lang='lat' dir='ltr'>quod</span> <span class='ocrx_word' id='word_1_12' title='bbox 536 361 894 413; x_wconf 82' lang='lat' dir='ltr'>praetereundum</span> <span class='ocrx_word' id='word_1_13' title='bbox 925 374 1012 402; x_wconf 91' lang='lat' dir='ltr'>non</span> 
     </span>
     <span class='ocr_line' id='line_1_4' title="bbox 184 416 1013 468; baseline 0.002 -11"><span class='ocrx_word' id='word_1_14' title='bbox 184 420 262 466; x_wconf 91' lang='lat' dir='ltr'>est,</span> <span class='ocrx_word' id='word_1_15' title='bbox 283 416 379 458; x_wconf 85' lang='lat' dir='ltr'>haec</span> <span class='ocrx_word' id='word_1_16' title='bbox 397 417 628 468; x_wconf 69' lang='lat' dir='ltr'>Magorum</span> <span class='ocrx_word' id='word_1_17' title='bbox 648 417 907 459; x_wconf 90' lang='lat' dir='ltr'>illuminatio</span> <span class='ocrx_word' id='word_1_18' title='bbox 926 431 1013 458; x_wconf 87' lang='lat' dir='ltr'>ma-</span> 
     </span>
     <span class='ocr_line' id='line_1_5' title="bbox 181 473 1013 523; baseline 0.002 -9"><span class='ocrx_word' id='word_1_19' title='bbox 181 485 315 523; x_wconf 85' lang='lat' dir='ltr'>gnum</span> <span class='ocrx_word' id='word_1_20' title='bbox 335 473 635 515; x_wconf 78' lang='lat' dir='ltr'>testimenium</span> <span class='ocrx_word' id='word_1_21' title='bbox 654 474 865 516; x_wconf 87' lang='lat' dir='ltr'>caecitatis</span> <span class='ocrx_word' id='word_1_22' title='bbox 885 474 1013 516; x_wconf 80' lang='lat' dir='ltr'>exsti-</span> 
     </span>
     <span class='ocr_line' id='line_1_6' title="bbox 181 529 1013 572; baseline 0.001 -2"><span class='ocrx_word' id='word_1_23' title='bbox 181 529 234 571; x_wconf 86' lang='lat' dir='ltr'>tit</span> <span class='ocrx_word' id='word_1_24' title='bbox 253 529 277 570; x_wconf 91' lang='lat' dir='ltr'><strong>J</strong></span> <span class='ocrx_word' id='word_1_25' title='bbox 279 529 520 571; x_wconf 76' lang='lat' dir='ltr'>udaeerum.</span> <span class='ocrx_word' id='word_1_26' title='bbox 559 531 610 571; x_wconf 92' lang='lat' dir='ltr'>In</span> <span class='ocrx_word' id='word_1_27' title='bbox 630 535 749 572; x_wconf 89' lang='lat' dir='ltr'>terra</span> <span class='ocrx_word' id='word_1_28' title='bbox 769 533 922 572; x_wconf 83' lang='lat' dir='ltr'>eorum</span> <span class='ocrx_word' id='word_1_29' title='bbox 941 530 1013 572; x_wconf 88' lang='lat' dir='ltr'>isti</span> 
     </span>
     <span class='ocr_line' id='line_1_7' title="bbox 181 586 1012 639; baseline 0 -12"><span class='ocrx_word' id='word_1_30' title='bbox 181 586 480 639; x_wconf 67' lang='lat' dir='ltr'>requirebant,</span> <span class='ocrx_word' id='word_1_31' title='bbox 510 600 640 639; x_wconf 93' lang='lat' dir='ltr'>quem</span> <span class='ocrx_word' id='word_1_32' title='bbox 664 586 727 627; x_wconf 89' lang='lat' dir='ltr'>illi</span> <span class='ocrx_word' id='word_1_33' title='bbox 752 587 797 627; x_wconf 93' lang='lat' dir='ltr'>in</span> <span class='ocrx_word' id='word_1_34' title='bbox 821 600 900 628; x_wconf 89' lang='lat' dir='ltr'>sua</span> <span class='ocrx_word' id='word_1_35' title='bbox 924 600 1012 628; x_wconf 93' lang='lat' dir='ltr'>non</span> 
     </span>
     <span class='ocr_line' id='line_1_8' title="bbox 181 642 489 693; baseline 0.006 -10"><span class='ocrx_word' id='word_1_36' title='bbox 181 642 489 693; x_wconf 89' lang='lat' dir='ltr'>agnoscebant.</span> 
     </span>
    </p>

    <p class='ocr_par' dir='ltr' id='par_1_3' title="bbox 180 699 1013 1021">
     <span class='ocr_line' id='line_1_9' title="bbox 234 699 1011 754; baseline -0.001 -12"><span class='ocrx_word' id='word_1_37' title='bbox 234 703 286 754; x_wconf 69' lang='lat' dir='ltr'>R.</span> <span class='ocrx_word' id='word_1_38' title='bbox 302 699 564 749; x_wconf 91' lang='lat' dir='ltr'>Illuminare,</span> <span class='ocrx_word' id='word_1_39' title='bbox 581 699 825 741; x_wconf 89' lang='lat' dir='ltr'>illuminare</span> <span class='ocrx_word' id='word_1_40' title='bbox 839 701 863 741; x_wconf 88' lang='lat' dir='ltr'>J</span> <span class='ocrx_word' id='word_1_41' title='bbox 867 703 1011 742; x_wconf 74' lang='lat' dir='ltr'>erasa-</span> 
     </span>
     <span class='ocr_line' id='line_1_10' title="bbox 180 754 1012 818; baseline 0.002 -22"><span class='ocrx_word' id='word_1_42' title='bbox 180 754 277 805; x_wconf 90' lang='lat' dir='ltr'>lem,</span> <span class='ocrx_word' id='word_1_43' title='bbox 298 756 401 808; x_wconf 90' lang='lat' dir='ltr'>quia</span> <span class='ocrx_word' id='word_1_44' title='bbox 420 756 539 798; x_wconf 84' lang='lat' dir='ltr'>vem‘t</span> <span class='ocrx_word' id='word_1_45' title='bbox 557 756 633 797; x_wconf 78' lang='lat' dir='ltr'>lux</span> <span class='ocrx_word' id='word_1_46' title='bbox 651 761 741 798; x_wconf 91' lang='lat' dir='ltr'>tua:</span> <span class='ocrx_word' id='word_1_47' title='bbox 760 758 782 782; x_wconf 90' lang='lat'>*</span> <span class='ocrx_word' id='word_1_48' title='bbox 799 757 856 798; x_wconf 86' lang='lat' dir='ltr'>Et</span> <span class='ocrx_word' id='word_1_49' title='bbox 873 756 1012 818; x_wconf 79' lang='lat' dir='ltr'>gleria</span> 
     </span>
     <span class='ocr_line' id='line_1_11' title="bbox 181 812 1013 866; baseline -0.001 -12"><span class='ocrx_word' id='word_1_50' title='bbox 181 813 360 854; x_wconf 79' lang='lat' dir='ltr'>Domini</span> <span class='ocrx_word' id='word_1_51' title='bbox 392 826 525 866; x_wconf 89' lang='lat' dir='ltr'>super</span> <span class='ocrx_word' id='word_1_52' title='bbox 553 818 596 854; x_wconf 92' lang='lat' dir='ltr'>te</span> <span class='ocrx_word' id='word_1_53' title='bbox 630 818 726 854; x_wconf 88' lang='lat' dir='ltr'>orta</span> <span class='ocrx_word' id='word_1_54' title='bbox 757 818 833 855; x_wconf 87' lang='lat' dir='ltr'>est.</span> <span class='ocrx_word' id='word_1_55' title='bbox 872 812 923 859; x_wconf 61' lang='lat' dir='ltr'>Y.</span> <span class='ocrx_word' id='word_1_56' title='bbox 955 813 1013 854; x_wconf 87' lang='lat' dir='ltr'>Et</span> 
     </span>
     <span class='ocr_line' id='line_1_12' title="bbox 180 869 1012 919; baseline -0.002 -7"><span class='ocrx_word' id='word_1_57' title='bbox 180 869 467 912; x_wconf 87' lang='lat' dir='ltr'>ambulabunt</span> <span class='ocrx_word' id='word_1_58' title='bbox 487 869 653 911; x_wconf 84' lang='lat' dir='ltr'>Gentes</span> <span class='ocrx_word' id='word_1_59' title='bbox 674 870 718 910; x_wconf 91' lang='lat' dir='ltr'>in</span> <span class='ocrx_word' id='word_1_60' title='bbox 741 869 904 911; x_wconf 81' lang='lat' dir='ltr'>lumine</span> <span class='ocrx_word' id='word_1_61' title='bbox 923 874 1012 919; x_wconf 91' lang='lat' dir='ltr'>tuo,</span> 
     </span>
     <span class='ocr_line' id='line_1_13' title="bbox 181 926 1012 1021; baseline -0.001 -52"><span class='ocrx_word' id='word_1_62' title='bbox 181 932 225 969; x_wconf 91' lang='lat' dir='ltr'>et</span> <span class='ocrx_word' id='word_1_63' title='bbox 243 940 371 978; x_wconf 88' lang='lat' dir='ltr'>reges</span> <span class='ocrx_word' id='word_1_64' title='bbox 390 927 434 968; x_wconf 87' lang='lat' dir='ltr'>in</span> <span class='ocrx_word' id='word_1_65' title='bbox 453 926 689 1021; x_wconf 71' lang='lat' dir='ltr'>sleendOre</span> <span class='ocrx_word' id='word_1_66' title='bbox 710 932 833 968; x_wconf 89' lang='lat' dir='ltr'>ortus</span> <span class='ocrx_word' id='word_1_67' title='bbox 851 927 925 968; x_wconf 92' lang='lat' dir='ltr'>tui.</span> <span class='ocrx_word' id='word_1_68' title='bbox 944 927 1012 968; x_wconf 89' lang='lat' dir='ltr'>Et.</span> 
     </span>
    </p>

    <p class='ocr_par' dir='ltr' id='par_1_4' title="bbox 512 983 701 1023">
     <span class='ocr_line' id='line_1_14' title="bbox 512 983 701 1023; baseline 0.005 -2"><span class='ocrx_word' id='word_1_69' title='bbox 512 983 643 1023; x_wconf 40' lang='lat' dir='ltr'>lectio</span> <span class='ocrx_word' id='word_1_70' title='bbox 666 997 701 1022; x_wconf 69' lang='lat' dir='ltr'>V.</span> 
     </span>
    </p>

    <p class='ocr_par' dir='ltr' id='par_1_5' title="bbox 254 1040 1011 1150">
     <span class='ocr_line' id='line_1_15' title="bbox 254 1040 1011 1094; baseline 0 -12"><span class='ocrx_word' id='word_1_71' title='bbox 254 1040 346 1094; x_wconf 89' lang='lat' dir='ltr'>pud</span> <span class='ocrx_word' id='word_1_72' title='bbox 355 1054 432 1082; x_wconf 93' lang='lat' dir='ltr'>eos</span> <span class='ocrx_word' id='word_1_73' title='bbox 442 1040 514 1082; x_wconf 92' lang='lat' dir='ltr'>isti</span> <span class='ocrx_word' id='word_1_74' title='bbox 524 1040 732 1081; x_wconf 91' lang='lat' dir='ltr'>infantem</span> <span class='ocrx_word' id='word_1_75' title='bbox 742 1040 1011 1090; x_wconf 88' lang='lat' dir='ltr'>invenerunt,</span> 
     </span>
     <span class='ocr_line' id='line_1_16' title="bbox 286 1096 1011 1150; baseline 0 -11"><span class='ocrx_word' id='word_1_76' title='bbox 286 1111 417 1150; x_wconf 91' lang='lat' dir='ltr'>quem</span> <span class='ocrx_word' id='word_1_77' title='bbox 438 1097 500 1138; x_wconf 89' lang='lat' dir='ltr'>illi</span> <span class='ocrx_word' id='word_1_78' title='bbox 524 1096 643 1149; x_wconf 91' lang='lat' dir='ltr'>apud</span> <span class='ocrx_word' id='word_1_79' title='bbox 662 1110 709 1138; x_wconf 92' lang='lat' dir='ltr'>se</span> <span class='ocrx_word' id='word_1_80' title='bbox 732 1099 1011 1148; x_wconf 87' lang='lat' dir='ltr'>negaverunt.</span> 
     </span>
    </p>

    <p class='ocr_par' dir='ltr' id='par_1_6' title="bbox 178 1153 1012 1660">
     <span class='ocr_line' id='line_1_17' title="bbox 179 1153 1012 1206; baseline -0.001 -11"><span class='ocrx_word' id='word_1_81' title='bbox 179 1156 229 1195; x_wconf 94' lang='lat' dir='ltr'>In</span> <span class='ocrx_word' id='word_1_82' title='bbox 257 1154 324 1195; x_wconf 88' lang='lat' dir='ltr'>his</span> <span class='ocrx_word' id='word_1_83' title='bbox 354 1153 484 1196; x_wconf 90' lang='lat' dir='ltr'>terris</span> <span class='ocrx_word' id='word_1_84' title='bbox 512 1153 567 1195; x_wconf 92' lang='lat' dir='ltr'>de</span> <span class='ocrx_word' id='word_1_85' title='bbox 600 1153 840 1206; x_wconf 90' lang='lat' dir='ltr'>longinquo</span> <span class='ocrx_word' id='word_1_86' title='bbox 868 1153 941 1195; x_wconf 91' lang='lat' dir='ltr'>isti</span> <span class='ocrx_word' id='word_1_87' title='bbox 969 1158 1012 1195; x_wconf 91' lang='lat' dir='ltr'>et</span> 
     </span>
     <span class='ocr_line' id='line_1_18' title="bbox 179 1210 1010 1264; baseline -0.004 -11"><span class='ocrx_word' id='word_1_88' title='bbox 179 1211 399 1264; x_wconf 88' lang='lat' dir='ltr'>peregrini</span> <span class='ocrx_word' id='word_1_89' title='bbox 435 1213 622 1263; x_wconf 81' lang='lat' dir='ltr'>puerum</span> <span class='ocrx_word' id='word_1_90' title='bbox 656 1210 876 1252; x_wconf 85' lang='lat' dir='ltr'>Christum</span> <span class='ocrx_word' id='word_1_91' title='bbox 907 1223 1010 1251; x_wconf 94' lang='lat' dir='ltr'>non-</span> 
     </span>
     <span class='ocr_line' id='line_1_19' title="bbox 180 1266 1010 1320; baseline -0.002 -10"><span class='ocrx_word' id='word_1_92' title='bbox 180 1267 286 1310; x_wconf 91' lang='lat' dir='ltr'>dum</span> <span class='ocrx_word' id='word_1_93' title='bbox 320 1267 456 1310; x_wconf 85' lang='lat' dir='ltr'>verba</span> <span class='ocrx_word' id='word_1_94' title='bbox 491 1267 769 1320; x_wconf 91' lang='lat' dir='ltr'>promentem</span> <span class='ocrx_word' id='word_1_95' title='bbox 802 1266 1010 1309; x_wconf 89' lang='lat' dir='ltr'>adorave-</span> 
     </span>
     <span class='ocr_line' id='line_1_20' title="bbox 179 1323 1010 1376; baseline -0.002 -10"><span class='ocrx_word' id='word_1_96' title='bbox 179 1330 297 1375; x_wconf 90' lang='lat' dir='ltr'>runt,</span> <span class='ocrx_word' id='word_1_97' title='bbox 325 1324 401 1367; x_wconf 91' lang='lat' dir='ltr'>ubi</span> <span class='ocrx_word' id='word_1_98' title='bbox 425 1324 544 1366; x_wconf 89' lang='lat' dir='ltr'>cives</span> <span class='ocrx_word' id='word_1_99' title='bbox 571 1323 634 1364; x_wconf 92' lang='lat' dir='ltr'>illi</span> <span class='ocrx_word' id='word_1_100' title='bbox 660 1324 859 1376; x_wconf 81' lang='lat' dir='ltr'>juvenem</span> <span class='ocrx_word' id='word_1_101' title='bbox 884 1324 1010 1364; x_wconf 89' lang='lat' dir='ltr'>mira-</span> 
     </span>
     <span class='ocr_line' id='line_1_21' title="bbox 179 1380 1012 1423; baseline -0.001 0"><span class='ocrx_word' id='word_1_102' title='bbox 179 1381 277 1423; x_wconf 89' lang='lat' dir='ltr'>cula</span> <span class='ocrx_word' id='word_1_103' title='bbox 305 1382 537 1423; x_wconf 88' lang='lat' dir='ltr'>facientem</span> <span class='ocrx_word' id='word_1_104' title='bbox 565 1380 887 1422; x_wconf 79' lang='lat' dir='ltr'>crucifixerunt.</span> <span class='ocrx_word' id='word_1_105' title='bbox 931 1380 1012 1422; x_wconf 89' lang='lat' dir='ltr'>Isti</span> 
     </span>
     <span class='ocr_line' id='line_1_22' title="bbox 178 1437 1010 1491; baseline 0 -12"><span class='ocrx_word' id='word_1_106' title='bbox 178 1438 223 1479; x_wconf 88' lang='lat' dir='ltr'>in</span> <span class='ocrx_word' id='word_1_107' title='bbox 240 1438 450 1480; x_wconf 90' lang='lat' dir='ltr'>membris</span> <span class='ocrx_word' id='word_1_108' title='bbox 469 1437 618 1491; x_wconf 89' lang='lat' dir='ltr'>parvis</span> <span class='ocrx_word' id='word_1_109' title='bbox 637 1437 782 1479; x_wconf 92' lang='lat' dir='ltr'>Deum</span> <span class='ocrx_word' id='word_1_110' title='bbox 801 1437 1010 1479; x_wconf 89' lang='lat' dir='ltr'>adorave-</span> 
     </span>
     <span class='ocr_line' id='line_1_23' title="bbox 178 1494 1007 1547; baseline 0.001 -12"><span class='ocrx_word' id='word_1_111' title='bbox 178 1500 295 1545; x_wconf 89' lang='lat' dir='ltr'>runt,</span> <span class='ocrx_word' id='word_1_112' title='bbox 317 1494 380 1536; x_wconf 87' lang='lat' dir='ltr'>illi</span> <span class='ocrx_word' id='word_1_113' title='bbox 401 1495 445 1535; x_wconf 93' lang='lat' dir='ltr'>in</span> <span class='ocrx_word' id='word_1_114' title='bbox 464 1494 633 1547; x_wconf 88' lang='lat' dir='ltr'>magnis</span> <span class='ocrx_word' id='word_1_115' title='bbox 655 1494 781 1535; x_wconf 88' lang='lat' dir='ltr'>factis</span> <span class='ocrx_word' id='word_1_116' title='bbox 800 1507 882 1536; x_wconf 89' lang='lat' dir='ltr'>nee</span> <span class='ocrx_word' id='word_1_117' title='bbox 901 1499 1007 1536; x_wconf 91' lang='lat' dir='ltr'>tam-</span> 
     </span>
     <span class='ocr_line' id='line_1_24' title="bbox 181 1551 1008 1604; baseline 0 -12"><span class='ocrx_word' id='word_1_118' title='bbox 181 1564 312 1604; x_wconf 84' lang='lat' dir='ltr'><strong>quam</strong></span> <span class='ocrx_word' id='word_1_119' title='bbox 342 1551 508 1592; x_wconf 78' lang='lat' dir='ltr'>hemini</span> <span class='ocrx_word' id='word_1_120' title='bbox 539 1552 849 1604; x_wconf 90' lang='lat' dir='ltr'>pepercerunt:</span> <span class='ocrx_word' id='word_1_121' title='bbox 884 1551 1008 1604; x_wconf 85' lang='lat' dir='ltr'>quasi</span> 
     </span>
     <span class='ocr_line' id='line_1_25' title="bbox 178 1607 1011 1660; baseline -0.001 -11"><span class='ocrx_word' id='word_1_122' title='bbox 178 1608 279 1660; x_wconf 91' lang='lat' dir='ltr'>plus</span> <span class='ocrx_word' id='word_1_123' title='bbox 306 1608 437 1650; x_wconf 85' lang='lat' dir='ltr'>fuerit</span> <span class='ocrx_word' id='word_1_124' title='bbox 467 1607 617 1649; x_wconf 88' lang='lat' dir='ltr'>videre</span> <span class='ocrx_word' id='word_1_125' title='bbox 649 1620 810 1648; x_wconf 91' lang='lat' dir='ltr'>novam</span> <span class='ocrx_word' id='word_1_126' title='bbox 839 1607 1011 1649; x_wconf 91' lang='lat' dir='ltr'>stellam</span> 
     </span>
    </p>
   </div>
   <div class='ocr_carea' id='block_1_3' title="bbox 178 1663 1187 1720">
    <p class='ocr_par' dir='ltr' id='par_1_7' title="bbox 178 1663 1187 1720">
     <span class='ocr_line' id='line_1_26' title="bbox 178 1663 1187 1720; baseline -0.003 -14"><span class='ocrx_word' id='word_1_127' title='bbox 178 1665 222 1706; x_wconf 91' lang='lat' dir='ltr'>in</span> <span class='ocrx_word' id='word_1_128' title='bbox 242 1665 332 1717; x_wconf 90' lang='lat' dir='ltr'>ejus</span> <span class='ocrx_word' id='word_1_129' title='bbox 351 1663 578 1706; x_wconf 86' lang='lat' dir='ltr'>nativitate</span> <span class='ocrx_word' id='word_1_130' title='bbox 597 1664 851 1715; x_wconf 78' lang='lat' dir='ltr'>fulgentem,</span> <span class='ocrx_word' id='word_1_131' title='bbox 877 1677 1008 1716; x_wconf 92' lang='lat' dir='ltr'>quam</span> <span class='ocrx_word' id='word_1_132' title='bbox 1117 1668 1187 1720; x_wconf 46' lang='lat' dir='ltr'>‘igis-4·</span> 
     </span>
    </p>
   </div>
   <div class='ocr_carea' id='block_1_4' title="bbox 180 1720 908 1774">
    <p class='ocr_par' dir='ltr' id='par_1_8' title="bbox 180 1720 908 1774">
     <span class='ocr_line' id='line_1_27' title="bbox 180 1720 908 1774; baseline -0.003 -11"><span class='ocrx_word' id='word_1_133' title='bbox 180 1721 320 1763; x_wconf 87' lang='lat' dir='ltr'>solem</span> <span class='ocrx_word' id='word_1_134' title='bbox 340 1722 431 1774; x_wconf 86' lang='lat' dir='ltr'>ejus</span> <span class='ocrx_word' id='word_1_135' title='bbox 451 1721 495 1762; x_wconf 91' lang='lat' dir='ltr'>in</span> <span class='ocrx_word' id='word_1_136' title='bbox 514 1725 656 1762; x_wconf 91' lang='lat' dir='ltr'>morte</span> <span class='ocrx_word' id='word_1_137' title='bbox 675 1720 908 1772; x_wconf 88' lang='lat' dir='ltr'>lugentem.</span> 
     </span>
    </p>
   </div>
   <div class='ocr_carea' id='block_1_5' title="bbox 230 1771 1185 1831">
    <p class='ocr_par' dir='ltr' id='par_1_9' title="bbox 230 1766 1185 1831">
     <span class='ocr_line' id='line_1_28' title="bbox 230 1771 1185 1831; baseline -0.016 -10"><span class='ocrx_word' id='word_1_138' title='bbox 230 1779 281 1831; x_wconf 66' lang='lat' dir='ltr'>Ra</span> <span class='ocrx_word' id='word_1_139' title='bbox 312 1778 476 1820; x_wconf 82' lang='lat' dir='ltr'>Omnes</span> <span class='ocrx_word' id='word_1_140' title='bbox 502 1777 558 1819; x_wconf 94' lang='lat' dir='ltr'>de</span> <span class='ocrx_word' id='word_1_141' title='bbox 581 1777 695 1819; x_wconf 90' lang='lat' dir='ltr'>Saba</span> <span class='ocrx_word' id='word_1_142' title='bbox 720 1777 911 1827; x_wconf 87' lang='lat' dir='ltr'>venient,</span> <span class='ocrx_word' id='word_1_143' title='bbox 939 1789 1010 1818; x_wconf 86' lang='lat' dir='ltr'>au·</span> <span class='ocrx_word' id='word_1_144' title='bbox 1072 1766 1185 1798; x_wconf 42' lang='grc' dir='ltr'><strong>ἴ·’·-*ἵ-</strong></span> 
     </span>
    </p>
   </div>
   <div class='ocr_carea' id='block_1_6' title="bbox 179 1833 1011 2792">
    <p class='ocr_par' dir='ltr' id='par_1_10' title="bbox 179 1833 1011 2215">
     <span class='ocr_line' id='line_1_29' title="bbox 179 1833 1011 1884; baseline -0.001 -9"><span class='ocrx_word' id='word_1_145' title='bbox 179 1848 276 1876; x_wconf 93' lang='lat' dir='ltr'>rum</span> <span class='ocrx_word' id='word_1_146' title='bbox 296 1840 340 1877; x_wconf 92' lang='lat' dir='ltr'>et</span> <span class='ocrx_word' id='word_1_147' title='bbox 358 1834 461 1877; x_wconf 90' lang='lat' dir='ltr'>thus</span> <span class='ocrx_word' id='word_1_148' title='bbox 482 1833 746 1884; x_wconf 77' lang='lat' dir='ltr'>deferentes,</span> <span class='ocrx_word' id='word_1_149' title='bbox 772 1838 816 1875; x_wconf 94' lang='lat' dir='ltr'>et</span> <span class='ocrx_word' id='word_1_150' title='bbox 834 1833 1011 1876; x_wconf 87' lang='lat' dir='ltr'>laudem</span> 
     </span>
     <span class='ocr_line' id='line_1_30' title="bbox 179 1890 1010 1942; baseline -0.001 -10"><span class='ocrx_word' id='word_1_151' title='bbox 179 1891 371 1933; x_wconf 78' lang='lat' dir='ltr'>Demino</span> <span class='ocrx_word' id='word_1_152' title='bbox 400 1891 726 1940; x_wconf 64' lang='lat' dir='ltr'>annuntiantes,</span> <span class='ocrx_word' id='word_1_153' title='bbox 758 1895 781 1919; x_wconf 86' lang='lat'>*</span> <span class='ocrx_word' id='word_1_154' title='bbox 811 1890 1010 1942; x_wconf 81' lang='lat' dir='ltr'>Alleluja,</span> 
     </span>
     <span class='ocr_line' id='line_1_31' title="bbox 179 1944 1010 2000; baseline 0 -12"><span class='ocrx_word' id='word_1_155' title='bbox 179 1947 362 2000; x_wconf 80' lang='lat' dir='ltr'>alleluja,</span> <span class='ocrx_word' id='word_1_156' title='bbox 382 1947 564 1999; x_wconf 80' lang='lat' dir='ltr'>alleluja.</span> <span class='ocrx_word' id='word_1_157' title='bbox 593 1944 644 1997; x_wconf 67' lang='lat' dir='ltr'>V.</span> <span class='ocrx_word' id='word_1_158' title='bbox 661 1948 808 1998; x_wconf 87' lang='lat' dir='ltr'>Reges</span> <span class='ocrx_word' id='word_1_159' title='bbox 828 1947 1010 1988; x_wconf 89' lang='lat' dir='ltr'>Tharsis</span> 
     </span>
     <span class='ocr_line' id='line_1_32' title="bbox 180 2003 1010 2055; baseline 0 -10"><span class='ocrx_word' id='word_1_160' title='bbox 180 2008 224 2045; x_wconf 89' lang='lat' dir='ltr'>et</span> <span class='ocrx_word' id='word_1_161' title='bbox 254 2004 408 2046; x_wconf 81' lang='lat' dir='ltr'>insulae</span> <span class='ocrx_word' id='word_1_162' title='bbox 436 2007 618 2046; x_wconf 81' lang='lat' dir='ltr'>munera</span> <span class='ocrx_word' id='word_1_163' title='bbox 646 2003 851 2054; x_wconf 79' lang='lat' dir='ltr'>efferent,</span> <span class='ocrx_word' id='word_1_164' title='bbox 884 2017 1010 2055; x_wconf 89' lang='lat' dir='ltr'>reges</span> 
     </span>
     <span class='ocr_line' id='line_1_33' title="bbox 179 2060 1010 2103; baseline 0 -2"><span class='ocrx_word' id='word_1_165' title='bbox 179 2060 377 2103; x_wconf 86' lang='lat' dir='ltr'><strong>Arabum</strong></span> <span class='ocrx_word' id='word_1_166' title='bbox 410 2066 454 2102; x_wconf 88' lang='lat' dir='ltr'>et</span> <span class='ocrx_word' id='word_1_167' title='bbox 480 2060 595 2102; x_wconf 87' lang='lat' dir='ltr'>Saba</span> <span class='ocrx_word' id='word_1_168' title='bbox 628 2060 746 2102; x_wconf 88' lang='lat' dir='ltr'>dona</span> <span class='ocrx_word' id='word_1_169' title='bbox 778 2060 1010 2103; x_wconf 77' lang='lat' dir='ltr'>adducent.</span> 
     </span>
     <span class='ocr_line' id='line_1_34' title="bbox 179 2116 782 2170; baseline -0.002 -11"><span class='ocrx_word' id='word_1_170' title='bbox 179 2117 378 2170; x_wconf 74' lang='lat' dir='ltr'>Allehija,</span> <span class='ocrx_word' id='word_1_171' title='bbox 398 2117 580 2169; x_wconf 82' lang='lat' dir='ltr'>alleluja,</span> <span class='ocrx_word' id='word_1_172' title='bbox 600 2116 782 2170; x_wconf 82' lang='lat' dir='ltr'>alleluja.</span> 
     </span>
     <span class='ocr_line' id='line_1_35' title="bbox 480 2174 705 2215; baseline 0.009 -2"><span class='ocrx_word' id='word_1_173' title='bbox 480 2174 632 2215; x_wconf 80' lang='lat' dir='ltr'>Lectio</span> <span class='ocrx_word' id='word_1_174' title='bbox 653 2175 705 2215; x_wconf 71' lang='lat' dir='ltr'>vi.</span> 
     </span>
    </p>

    <p class='ocr_par' dir='ltr' id='par_1_11' title="bbox 249 2229 1009 2282">
     <span class='ocr_line' id='line_1_36' title="bbox 249 2229 1009 2282; baseline 0.003 -12"><span class='ocrx_word' id='word_1_175' title='bbox 249 2243 320 2271; x_wconf 92' lang='lat' dir='ltr'>am</span> <span class='ocrx_word' id='word_1_176' title='bbox 335 2242 441 2271; x_wconf 88' lang='lat' dir='ltr'>vero</span> <span class='ocrx_word' id='word_1_177' title='bbox 455 2229 575 2282; x_wconf 92' lang='lat' dir='ltr'>quod</span> <span class='ocrx_word' id='word_1_178' title='bbox 591 2229 745 2271; x_wconf 91' lang='lat' dir='ltr'>eadem</span> <span class='ocrx_word' id='word_1_179' title='bbox 761 2230 897 2280; x_wconf 86' lang='lat' dir='ltr'>stella,</span> <span class='ocrx_word' id='word_1_180' title='bbox 910 2243 1009 2282; x_wconf 87' lang='lat' dir='ltr'>quae</span> 
     </span>
    </p>

    <p class='ocr_par' dir='ltr' id='par_1_12' title="bbox 179 2285 1010 2792">
     <span class='ocr_line' id='line_1_37' title="bbox 266 2285 1009 2339; baseline 0.003 -12"><span class='ocrx_word' id='word_1_181' title='bbox 266 2286 420 2337; x_wconf 90' lang='lat' dir='ltr'>Magos</span> <span class='ocrx_word' id='word_1_182' title='bbox 443 2285 650 2339; x_wconf 79' lang='lat' dir='ltr'>perduxit</span> <span class='ocrx_word' id='word_1_183' title='bbox 673 2286 730 2328; x_wconf 92' lang='lat' dir='ltr'>ad</span> <span class='ocrx_word' id='word_1_184' title='bbox 749 2287 910 2337; x_wconf 90' lang='lat' dir='ltr'>locum,</span> <span class='ocrx_word' id='word_1_185' title='bbox 935 2287 1009 2329; x_wconf 94' lang='lat' dir='ltr'>ubi</span> 
     </span>
     <span class='ocr_line' id='line_1_38' title="bbox 181 2344 1009 2395; baseline 0 -10"><span class='ocrx_word' id='word_1_186' title='bbox 181 2348 275 2385; x_wconf 90' lang='lat' dir='ltr'>erat</span> <span class='ocrx_word' id='word_1_187' title='bbox 302 2356 402 2385; x_wconf 90' lang='lat' dir='ltr'>cum</span> <span class='ocrx_word' id='word_1_188' title='bbox 428 2348 569 2385; x_wconf 88' lang='lat' dir='ltr'>matre</span> <span class='ocrx_word' id='word_1_189' title='bbox 594 2344 775 2395; x_wconf 86' lang='lat' dir='ltr'>Virgine</span> <span class='ocrx_word' id='word_1_190' title='bbox 801 2344 922 2385; x_wconf 92' lang='lat' dir='ltr'>Deus</span> <span class='ocrx_word' id='word_1_191' title='bbox 950 2345 1009 2386; x_wconf 93' lang='lat' dir='ltr'>in-</span> 
     </span>
     <span class='ocr_line' id='line_1_39' title="bbox 180 2400 1010 2453; baseline 0.002 -13"><span class='ocrx_word' id='word_1_192' title='bbox 180 2400 294 2450; x_wconf 83' lang='lat' dir='ltr'>fans,</span> <span class='ocrx_word' id='word_1_193' title='bbox 330 2413 428 2453; x_wconf 90' lang='lat' dir='ltr'>quae</span> <span class='ocrx_word' id='word_1_194' title='bbox 461 2400 612 2452; x_wconf 82' lang='lat' dir='ltr'>utique</span> <span class='ocrx_word' id='word_1_195' title='bbox 643 2402 820 2453; x_wconf 77' lang='lat' dir='ltr'>peterat</span> <span class='ocrx_word' id='word_1_196' title='bbox 849 2413 925 2442; x_wconf 90' lang='lat' dir='ltr'>eos</span> <span class='ocrx_word' id='word_1_197' title='bbox 953 2401 1010 2442; x_wconf 90' lang='lat' dir='ltr'>ad</span> 
     </span>
     <span class='ocr_line' id='line_1_40' title="bbox 180 2456 1009 2509; baseline 0.002 -12"><span class='ocrx_word' id='word_1_198' title='bbox 180 2457 321 2509; x_wconf 85' lang='lat' dir='ltr'>ipsam</span> <span class='ocrx_word' id='word_1_199' title='bbox 343 2456 588 2509; x_wconf 82' lang='lat' dir='ltr'>perducere</span> <span class='ocrx_word' id='word_1_200' title='bbox 614 2457 852 2507; x_wconf 83' lang='lat' dir='ltr'>civitatem,</span> <span class='ocrx_word' id='word_1_201' title='bbox 878 2470 925 2498; x_wconf 91' lang='lat' dir='ltr'>se</span> <span class='ocrx_word' id='word_1_202' title='bbox 949 2462 1009 2499; x_wconf 85' lang='lat' dir='ltr'>ta-</span> 
     </span>
     <span class='ocr_line' id='line_1_41' title="bbox 179 2513 1009 2567; baseline 0 -13"><span class='ocrx_word' id='word_1_203' title='bbox 179 2526 279 2555; x_wconf 89' lang='lat' dir='ltr'>men</span> <span class='ocrx_word' id='word_1_204' title='bbox 298 2513 531 2563; x_wconf 80' lang='lat' dir='ltr'>subtraxit,</span> <span class='ocrx_word' id='word_1_205' title='bbox 555 2526 636 2555; x_wconf 92' lang='lat' dir='ltr'>nec</span> <span class='ocrx_word' id='word_1_206' title='bbox 655 2513 718 2554; x_wconf 92' lang='lat' dir='ltr'>eis</span> <span class='ocrx_word' id='word_1_207' title='bbox 735 2526 917 2566; x_wconf 89' lang='lat' dir='ltr'>prorsus</span> <span class='ocrx_word' id='word_1_208' title='bbox 937 2527 1009 2567; x_wconf 87' lang='lat' dir='ltr'>ap-</span> 
     </span>
     <span class='ocr_line' id='line_1_42' title="bbox 180 2569 1009 2623; baseline 0 -12"><span class='ocrx_word' id='word_1_209' title='bbox 180 2570 346 2622; x_wconf 88' lang='lat' dir='ltr'>paruit,</span> <span class='ocrx_word' id='word_1_210' title='bbox 375 2569 516 2611; x_wconf 89' lang='lat' dir='ltr'>donec</span> <span class='ocrx_word' id='word_1_211' title='bbox 544 2569 600 2611; x_wconf 93' lang='lat' dir='ltr'>de</span> <span class='ocrx_word' id='word_1_212' title='bbox 629 2570 823 2619; x_wconf 85' lang='lat' dir='ltr'>civitate,</span> <span class='ocrx_word' id='word_1_213' title='bbox 851 2570 894 2610; x_wconf 93' lang='lat' dir='ltr'>in</span> <span class='ocrx_word' id='word_1_214' title='bbox 925 2583 1009 2623; x_wconf 89' lang='lat' dir='ltr'>qua</span> 
     </span>
     <span class='ocr_line' id='line_1_43' title="bbox 180 2626 1009 2678; baseline -0.001 -10"><span class='ocrx_word' id='word_1_215' title='bbox 180 2626 380 2668; x_wconf 89' lang='lat' dir='ltr'>Christus</span> <span class='ocrx_word' id='word_1_216' title='bbox 401 2628 671 2676; x_wconf 87' lang='lat' dir='ltr'>nasceretur,</span> <span class='ocrx_word' id='word_1_217' title='bbox 695 2626 828 2667; x_wconf 89' lang='lat' dir='ltr'>iidem</span> <span class='ocrx_word' id='word_1_218' title='bbox 847 2626 931 2678; x_wconf 91' lang='lat' dir='ltr'>ipsi</span> <span class='ocrx_word' id='word_1_219' title='bbox 950 2627 1009 2667; x_wconf 93' lang='lat' dir='ltr'>in-</span> 
     </span>
     <span class='ocr_line' id='line_1_44' title="bbox 179 2683 1008 2735; baseline -0.001 -10"><span class='ocrx_word' id='word_1_220' title='bbox 179 2685 506 2734; x_wconf 88' lang='lat' dir='ltr'>terrogarentur</span> <span class='ocrx_word' id='word_1_221' title='bbox 534 2683 697 2733; x_wconf 75' lang='lat' dir='ltr'>Judaei,</span> <span class='ocrx_word' id='word_1_222' title='bbox 729 2688 773 2724; x_wconf 91' lang='lat' dir='ltr'>et</span> <span class='ocrx_word' id='word_1_223' title='bbox 801 2683 885 2735; x_wconf 92' lang='lat' dir='ltr'>ipsi</span> <span class='ocrx_word' id='word_1_224' title='bbox 913 2696 1008 2724; x_wconf 92' lang='lat' dir='ltr'>eam</span> 
     </span>
     <span class='ocr_line' id='line_1_45' title="bbox 180 2739 1008 2792; baseline -0.001 -10"><span class='ocrx_word' id='word_1_225' title='bbox 180 2739 421 2782; x_wconf 85' lang='lat' dir='ltr'>secundum</span> <span class='ocrx_word' id='word_1_226' title='bbox 446 2739 604 2781; x_wconf 84' lang='lat' dir='ltr'>divinae</span> <span class='ocrx_word' id='word_1_227' title='bbox 627 2740 866 2792; x_wconf 81' lang='lat' dir='ltr'>Scripturae</span> <span class='ocrx_word' id='word_1_228' title='bbox 891 2741 1008 2781; x_wconf 89' lang='lat' dir='ltr'>testi-</span> 
     </span>
    </p>
   </div>
   <div class='ocr_carea' id='block_1_7' title="bbox 1065 304 1897 922">
    <p class='ocr_par' dir='ltr' id='par_1_13' title="bbox 1065 304 1897 922">
     <span class='ocr_line' id='line_1_46' title="bbox 1067 304 1896 357; baseline 0 -13"><span class='ocrx_word' id='word_1_229' title='bbox 1067 304 1261 345; x_wconf 79' lang='lat' dir='ltr'>menium</span> <span class='ocrx_word' id='word_1_230' title='bbox 1278 304 1566 355; x_wconf 77' lang='lat' dir='ltr'>nominarent,</span> <span class='ocrx_word' id='word_1_231' title='bbox 1585 305 1670 357; x_wconf 89' lang='lat' dir='ltr'>ipsi</span> <span class='ocrx_word' id='word_1_232' title='bbox 1685 305 1896 347; x_wconf 87' lang='lat' dir='ltr'>dicerent:</span> 
     </span>
     <span class='ocr_line' id='line_1_47' title="bbox 1066 359 1895 403; baseline 0.004 -3"><span class='ocrx_word' id='word_1_233' title='bbox 1066 361 1117 401; x_wconf 93' lang='lat' dir='ltr'>In</span> <span class='ocrx_word' id='word_1_234' title='bbox 1133 359 1390 402; x_wconf 79' lang='lat' dir='ltr'>Bethlehem</span> <span class='ocrx_word' id='word_1_235' title='bbox 1405 361 1430 401; x_wconf 88' lang='lat' dir='ltr'><strong>J</strong></span> <span class='ocrx_word' id='word_1_236' title='bbox 1432 360 1543 402; x_wconf 87' lang='lat' dir='ltr'>udae.</span> <span class='ocrx_word' id='word_1_237' title='bbox 1570 360 1641 403; x_wconf 88' lang='lat' dir='ltr'>Sic</span> <span class='ocrx_word' id='word_1_238' title='bbox 1660 361 1775 403; x_wconf 91' lang='lat' dir='ltr'>enim</span> <span class='ocrx_word' id='word_1_239' title='bbox 1794 361 1895 403; x_wconf 85' lang='lat' dir='ltr'>seri-</span> 
     </span>
     <span class='ocr_line' id='line_1_48' title="bbox 1066 417 1897 469; baseline 0.001 -12"><span class='ocrx_word' id='word_1_240' title='bbox 1066 422 1191 469; x_wconf 89' lang='lat' dir='ltr'>ptum</span> <span class='ocrx_word' id='word_1_241' title='bbox 1219 422 1304 458; x_wconf 88' lang='lat' dir='ltr'>est:</span> <span class='ocrx_word' id='word_1_242' title='bbox 1335 417 1392 459; x_wconf 88' lang='lat' dir='ltr'>Et</span> <span class='ocrx_word' id='word_1_243' title='bbox 1419 422 1467 459; x_wconf 93' lang='lat' dir='ltr'>tu</span> <span class='ocrx_word' id='word_1_244' title='bbox 1491 417 1751 460; x_wconf 76' lang='lat' dir='ltr'>Bethlehem</span> <span class='ocrx_word' id='word_1_245' title='bbox 1777 423 1897 459; x_wconf 89' lang='lat' dir='ltr'>terra</span> 
     </span>
     <span class='ocr_line' id='line_1_49' title="bbox 1065 473 1895 527; baseline 0.002 -13"><span class='ocrx_word' id='word_1_246' title='bbox 1065 473 1089 513; x_wconf 87' lang='lat' dir='ltr'>J</span> <span class='ocrx_word' id='word_1_247' title='bbox 1092 473 1189 523; x_wconf 91' lang='lat' dir='ltr'>uda,</span> <span class='ocrx_word' id='word_1_248' title='bbox 1208 486 1295 515; x_wconf 94' lang='lat' dir='ltr'>non</span> <span class='ocrx_word' id='word_1_249' title='bbox 1312 486 1359 515; x_wconf 93' lang='lat' dir='ltr'>es</span> <span class='ocrx_word' id='word_1_250' title='bbox 1376 473 1553 515; x_wconf 91' lang='lat' dir='ltr'>minima</span> <span class='ocrx_word' id='word_1_251' title='bbox 1566 474 1611 515; x_wconf 87' lang='lat' dir='ltr'>in</span> <span class='ocrx_word' id='word_1_252' title='bbox 1626 474 1895 527; x_wconf 83' lang='lat' dir='ltr'>principibus</span> 
     </span>
     <span class='ocr_line' id='line_1_50' title="bbox 1065 529 1895 583; baseline 0.001 -12"><span class='ocrx_word' id='word_1_253' title='bbox 1065 530 1089 570; x_wconf 90' lang='lat' dir='ltr'><strong>J</strong></span> <span class='ocrx_word' id='word_1_254' title='bbox 1092 529 1194 571; x_wconf 91' lang='lat' dir='ltr'>uda:</span> <span class='ocrx_word' id='word_1_255' title='bbox 1214 543 1267 571; x_wconf 83' lang='lat' dir='ltr'>ex</span> <span class='ocrx_word' id='word_1_256' title='bbox 1281 535 1325 572; x_wconf 88' lang='lat' dir='ltr'>te</span> <span class='ocrx_word' id='word_1_257' title='bbox 1347 530 1460 572; x_wconf 89' lang='lat' dir='ltr'>enim</span> <span class='ocrx_word' id='word_1_258' title='bbox 1480 531 1596 573; x_wconf 86' lang='lat' dir='ltr'>exiet</span> <span class='ocrx_word' id='word_1_259' title='bbox 1610 531 1723 581; x_wconf 88' lang='lat' dir='ltr'>Dux,</span> <span class='ocrx_word' id='word_1_260' title='bbox 1742 531 1816 583; x_wconf 82' lang='lat' dir='ltr'>qui</span> <span class='ocrx_word' id='word_1_261' title='bbox 1831 543 1895 572; x_wconf 90' lang='lat' dir='ltr'>re-</span> 
     </span>
     <span class='ocr_line' id='line_1_51' title="bbox 1065 587 1895 640; baseline 0 -12"><span class='ocrx_word' id='word_1_262' title='bbox 1065 592 1140 638; x_wconf 86' lang='lat' dir='ltr'>gat</span> <span class='ocrx_word' id='word_1_263' title='bbox 1169 587 1383 640; x_wconf 79' lang='lat' dir='ltr'>pepulum</span> <span class='ocrx_word' id='word_1_264' title='bbox 1414 599 1560 629; x_wconf 89' lang='lat' dir='ltr'>meum</span> <span class='ocrx_word' id='word_1_265' title='bbox 1587 587 1736 629; x_wconf 79' lang='lat' dir='ltr'>Israel.</span> <span class='ocrx_word' id='word_1_266' title='bbox 1779 587 1895 638; x_wconf 90' lang='lat' dir='ltr'>Quid</span> 
     </span>
     <span class='ocr_line' id='line_1_52' title="bbox 1066 643 1895 697; baseline 0 -13"><span class='ocrx_word' id='word_1_267' title='bbox 1066 643 1185 685; x_wconf 90' lang='lat' dir='ltr'>aliud</span> <span class='ocrx_word' id='word_1_268' title='bbox 1205 643 1276 685; x_wconf 90' lang='lat' dir='ltr'>hic</span> <span class='ocrx_word' id='word_1_269' title='bbox 1300 643 1560 694; x_wconf 89' lang='lat' dir='ltr'>significavit</span> <span class='ocrx_word' id='word_1_270' title='bbox 1584 643 1730 686; x_wconf 85' lang='lat' dir='ltr'>divina</span> <span class='ocrx_word' id='word_1_271' title='bbox 1751 643 1895 697; x_wconf 87' lang='lat' dir='ltr'>provi-</span> 
     </span>
     <span class='ocr_line' id='line_1_53' title="bbox 1067 699 1895 753; baseline 0.001 -12"><span class='ocrx_word' id='word_1_272' title='bbox 1067 699 1229 750; x_wconf 87' lang='lat' dir='ltr'>dentia,</span> <span class='ocrx_word' id='word_1_273' title='bbox 1255 701 1337 741; x_wconf 90' lang='lat' dir='ltr'>nisi</span> <span class='ocrx_word' id='word_1_274' title='bbox 1357 700 1475 753; x_wconf 92' lang='lat' dir='ltr'>apud</span> <span class='ocrx_word' id='word_1_275' title='bbox 1494 701 1518 741; x_wconf 90' lang='lat' dir='ltr'><strong>J</strong></span> <span class='ocrx_word' id='word_1_276' title='bbox 1520 700 1673 742; x_wconf 78' lang='lat' dir='ltr'>udaeos</span> <span class='ocrx_word' id='word_1_277' title='bbox 1697 700 1815 742; x_wconf 85' lang='lat' dir='ltr'>solas</span> <span class='ocrx_word' id='word_1_278' title='bbox 1834 699 1895 742; x_wconf 86' lang='lat' dir='ltr'>di-</span> 
     </span>
     <span class='ocr_line' id='line_1_54' title="bbox 1065 755 1895 810; baseline -0.001 -12"><span class='ocrx_word' id='word_1_279' title='bbox 1065 759 1187 798; x_wconf 85' lang='lat' dir='ltr'>vinas</span> <span class='ocrx_word' id='word_1_280' title='bbox 1215 757 1383 799; x_wconf 82' lang='lat' dir='ltr'>litteras</span> <span class='ocrx_word' id='word_1_281' title='bbox 1411 760 1705 808; x_wconf 85' lang='lat' dir='ltr'>remansuras,</span> <span class='ocrx_word' id='word_1_282' title='bbox 1738 755 1895 810; x_wconf 92' lang='lat' dir='ltr'>quibus</span> 
     </span>
     <span class='ocr_line' id='line_1_55' title="bbox 1066 813 1894 864; baseline -0.001 -9"><span class='ocrx_word' id='word_1_283' title='bbox 1066 813 1231 855; x_wconf 89' lang='lat' dir='ltr'>Gentes</span> <span class='ocrx_word' id='word_1_284' title='bbox 1255 814 1589 864; x_wconf 78' lang='lat' dir='ltr'>instruerentur,</span> <span class='ocrx_word' id='word_1_285' title='bbox 1617 813 1679 855; x_wconf 89' lang='lat' dir='ltr'>illi</span> <span class='ocrx_word' id='word_1_286' title='bbox 1703 825 1894 855; x_wconf 62' lang='grc'><strong>01103003-</strong></span> 
     </span>
     <span class='ocr_line' id='line_1_56' title="bbox 1065 870 1816 922; baseline 0.003 -12"><span class='ocrx_word' id='word_1_287' title='bbox 1065 871 1236 912; x_wconf 84' lang='lat' dir='ltr'>rentur?</span> <span class='ocrx_word' id='word_1_288' title='bbox 1289 870 1339 922; x_wconf 55' lang='lat' dir='ltr'>Rg.</span> <span class='ocrx_word' id='word_1_289' title='bbox 1368 871 1487 922; x_wconf 86' lang='lat' dir='ltr'>Magi</span> <span class='ocrx_word' id='word_1_290' title='bbox 1506 871 1694 912; x_wconf 90' lang='lat' dir='ltr'>veniunt.</span> <span class='ocrx_word' id='word_1_291' title='bbox 1721 870 1816 912; x_wconf 89' lang='lat'>255.</span> 
     </span>
    </p>
   </div>
   <div class='ocr_carea' id='block_1_8' title="bbox 1283 948 1671 987">
    <p class='ocr_par' dir='ltr' id='par_1_14' title="bbox 1283 948 1671 987">
     <span class='ocr_line' id='line_1_57' title="bbox 1283 948 1671 987; baseline 0 0"><span class='ocrx_word' id='word_1_292' title='bbox 1283 948 1333 987; x_wconf 90' lang='lat' dir='ltr'>In</span> <span class='ocrx_word' id='word_1_293' title='bbox 1355 948 1426 987; x_wconf 86' lang='lat'>111.</span> <span class='ocrx_word' id='word_1_294' title='bbox 1448 948 1483 987; x_wconf 91' lang='lat' dir='ltr'>N</span> <span class='ocrx_word' id='word_1_295' title='bbox 1486 948 1671 987; x_wconf 78' lang='lat' dir='ltr'>oeturno.</span> 
     </span>
    </p>
   </div>
   <div class='ocr_carea' id='block_1_9' title="bbox 1065 1007 1895 1109">
    <p class='ocr_par' dir='ltr' id='par_1_15' title="bbox 1065 1007 1895 1109">
     <span class='ocr_line' id='line_1_58' title="bbox 1065 1007 1895 1061; baseline -0.001 -10"><span class='ocrx_word' id='word_1_296' title='bbox 1065 1011 1221 1053; x_wconf 86' lang='lat' dir='ltr'>Lectio</span> <span class='ocrx_word' id='word_1_297' title='bbox 1245 1011 1385 1052; x_wconf 88' lang='lat' dir='ltr'>sancti</span> <span class='ocrx_word' id='word_1_298' title='bbox 1404 1009 1631 1061; x_wconf 80' lang='lat' dir='ltr'>Evangelii</span> <span class='ocrx_word' id='word_1_299' title='bbox 1654 1007 1895 1051; x_wconf 78' lang='lat' dir='ltr'>secundum</span> 
     </span>
     <span class='ocr_line' id='line_1_59' title="bbox 1346 1066 1614 1109; baseline -0.007 0"><span class='ocrx_word' id='word_1_300' title='bbox 1346 1066 1614 1109; x_wconf 79' lang='lat' dir='ltr'>Matthaeum.</span> 
     </span>
    </p>
   </div>
   <div class='ocr_carea' id='block_1_10' title="bbox 1062 1131 1896 1653">
    <p class='ocr_par' dir='ltr' id='par_1_16' title="bbox 1062 1131 1896 1653">
     <span class='ocr_line' id='line_1_60' title="bbox 1166 1131 1788 1183; baseline -0.003 -10"><span class='ocrx_word' id='word_1_301' title='bbox 1166 1132 1319 1173; x_wconf 81' lang='lat' dir='ltr'>Lectio</span> <span class='ocrx_word' id='word_1_302' title='bbox 1340 1132 1409 1173; x_wconf 68' lang='lat' dir='ltr'>vii.</span> <span class='ocrx_word' id='word_1_303' title='bbox 1634 1131 1737 1183; x_wconf 87' lang='lat' dir='ltr'>Cap.</span> <span class='ocrx_word' id='word_1_304' title='bbox 1751 1131 1788 1172; x_wconf 87' lang='grc'>2.</span> 
     </span>
     <span class='ocr_line' id='line_1_61' title="bbox 1139 1191 1894 1236; baseline -0.004 0"><span class='ocrx_word' id='word_1_305' title='bbox 1139 1208 1212 1236; x_wconf 92' lang='lat' dir='ltr'>um</span> <span class='ocrx_word' id='word_1_306' title='bbox 1232 1200 1360 1236; x_wconf 89' lang='lat' dir='ltr'>natus</span> <span class='ocrx_word' id='word_1_307' title='bbox 1381 1199 1498 1236; x_wconf 90' lang='lat' dir='ltr'>esset</span> <span class='ocrx_word' id='word_1_308' title='bbox 1515 1194 1540 1235; x_wconf 92' lang='lat' dir='ltr'><strong>J</strong></span> <span class='ocrx_word' id='word_1_309' title='bbox 1543 1206 1643 1236; x_wconf 89' lang='lat' dir='ltr'>esus</span> <span class='ocrx_word' id='word_1_310' title='bbox 1662 1193 1706 1234; x_wconf 90' lang='lat' dir='ltr'>in</span> <span class='ocrx_word' id='word_1_311' title='bbox 1722 1191 1894 1234; x_wconf 85' lang='lat' dir='ltr'>Bethle-</span> 
     </span>
     <span class='ocr_line' id='line_1_62' title="bbox 1150 1247 1894 1293; baseline -0.004 -1"><span class='ocrx_word' id='word_1_312' title='bbox 1150 1251 1252 1293; x_wconf 89' lang='lat' dir='ltr'>hem</span> <span class='ocrx_word' id='word_1_313' title='bbox 1265 1251 1290 1292; x_wconf 86' lang='lat' dir='ltr'>J</span> <span class='ocrx_word' id='word_1_314' title='bbox 1293 1250 1380 1293; x_wconf 88' lang='lat' dir='ltr'>uda</span> <span class='ocrx_word' id='word_1_315' title='bbox 1394 1250 1438 1291; x_wconf 91' lang='lat' dir='ltr'>in</span> <span class='ocrx_word' id='word_1_316' title='bbox 1453 1249 1608 1292; x_wconf 89' lang='lat' dir='ltr'>diebus</span> <span class='ocrx_word' id='word_1_317' title='bbox 1621 1247 1815 1291; x_wconf 76' lang='lat' dir='ltr'>Heredis</span> <span class='ocrx_word' id='word_1_318' title='bbox 1829 1261 1894 1290; x_wconf 92' lang='lat' dir='ltr'>re-</span> 
     </span>
     <span class='ocr_line' id='line_1_63' title="bbox 1063 1306 1896 1359; baseline -0.005 -9"><span class='ocrx_word' id='word_1_319' title='bbox 1063 1308 1141 1359; x_wconf 83' lang='lat' dir='ltr'>gis,</span> <span class='ocrx_word' id='word_1_320' title='bbox 1162 1320 1264 1350; x_wconf 92' lang='lat' dir='ltr'>ecce</span> <span class='ocrx_word' id='word_1_321' title='bbox 1279 1307 1397 1358; x_wconf 89' lang='lat' dir='ltr'>Magi</span> <span class='ocrx_word' id='word_1_322' title='bbox 1415 1306 1470 1349; x_wconf 87' lang='lat' dir='ltr'>ab</span> <span class='ocrx_word' id='word_1_323' title='bbox 1487 1307 1666 1349; x_wconf 89' lang='lat' dir='ltr'>Oriente</span> <span class='ocrx_word' id='word_1_324' title='bbox 1682 1306 1896 1348; x_wconf 88' lang='lat' dir='ltr'>venerunt</span> 
     </span>
     <span class='ocr_line' id='line_1_64' title="bbox 1062 1361 1895 1417; baseline -0.002 -12"><span class='ocrx_word' id='word_1_325' title='bbox 1062 1365 1087 1405; x_wconf 90' lang='lat' dir='ltr'><strong>J</strong></span> <span class='ocrx_word' id='word_1_326' title='bbox 1090 1364 1394 1417; x_wconf 79' lang='lat' dir='ltr'>eroselymam,</span> <span class='ocrx_word' id='word_1_327' title='bbox 1410 1363 1620 1407; x_wconf 87' lang='lat' dir='ltr'>dicentes:</span> <span class='ocrx_word' id='word_1_328' title='bbox 1635 1362 1722 1406; x_wconf 87' lang='lat' dir='ltr'>Ubi</span> <span class='ocrx_word' id='word_1_329' title='bbox 1737 1366 1804 1405; x_wconf 90' lang='lat' dir='ltr'>est</span> <span class='ocrx_word' id='word_1_330' title='bbox 1820 1361 1895 1414; x_wconf 91' lang='lat' dir='ltr'>qui</span> 
     </span>
     <span class='ocr_line' id='line_1_65' title="bbox 1062 1418 1893 1464; baseline -0.005 -1"><span class='ocrx_word' id='word_1_331' title='bbox 1062 1427 1191 1464; x_wconf 90' lang='lat' dir='ltr'>natus</span> <span class='ocrx_word' id='word_1_332' title='bbox 1218 1426 1284 1464; x_wconf 92' lang='lat' dir='ltr'>est</span> <span class='ocrx_word' id='word_1_333' title='bbox 1308 1422 1406 1464; x_wconf 86' lang='lat' dir='ltr'>Rex</span> <span class='ocrx_word' id='word_1_334' title='bbox 1429 1418 1707 1463; x_wconf 80' lang='lat' dir='ltr'>Judaeerum?</span> <span class='ocrx_word' id='word_1_335' title='bbox 1748 1419 1806 1461; x_wconf 86' lang='lat' dir='ltr'>Et</span> <span class='ocrx_word' id='word_1_336' title='bbox 1829 1419 1893 1460; x_wconf 90' lang='lat' dir='ltr'>re—</span> 
     </span>
     <span class='ocr_line' id='line_1_66' title="bbox 1063 1478 1192 1531; baseline 0.008 -12"><span class='ocrx_word' id='word_1_337' title='bbox 1063 1478 1192 1531; x_wconf 89' lang='lat' dir='ltr'>liqua.</span> 
     </span>
     <span class='ocr_line' id='line_1_67' title="bbox 1063 1546 1894 1600; baseline -0.002 -10"><span class='ocrx_word' id='word_1_338' title='bbox 1063 1549 1131 1590; x_wconf 94' lang='lat' dir='ltr'>De</span> <span class='ocrx_word' id='word_1_339' title='bbox 1150 1547 1344 1590; x_wconf 91' lang='lat' dir='ltr'>Homilia</span> <span class='ocrx_word' id='word_1_340' title='bbox 1367 1547 1509 1589; x_wconf 86' lang='lat' dir='ltr'>sancti</span> <span class='ocrx_word' id='word_1_341' title='bbox 1528 1546 1731 1599; x_wconf 79' lang='lat' dir='ltr'>Gregorii</span> <span class='ocrx_word' id='word_1_342' title='bbox 1748 1546 1894 1600; x_wconf 86' lang='lat' dir='ltr'>Papae.</span> 
     </span>
     <span class='ocr_line' id='line_1_68' title="bbox 1153 1608 1799 1653; baseline -0.002 -10"><span class='ocrx_word' id='word_1_343' title='bbox 1153 1609 1211 1643; x_wconf 83' lang='lat' dir='ltr'>Ex</span> <span class='ocrx_word' id='word_1_344' title='bbox 1233 1609 1403 1644; x_wconf 83' lang='lat' dir='ltr'>Ilomilia</span> <span class='ocrx_word' id='word_1_345' title='bbox 1430 1610 1486 1644; x_wconf 86' lang='lat'>10.</span> <span class='ocrx_word' id='word_1_346' title='bbox 1512 1609 1550 1643; x_wconf 91' lang='lat' dir='ltr'>in</span> <span class='ocrx_word' id='word_1_347' title='bbox 1575 1608 1799 1653; x_wconf 75' lang='lat' dir='ltr'>Evangelia.</span> 
     </span>
    </p>
   </div>
   <div class='ocr_carea' id='block_1_11' title="bbox 1072 1659 1893 1777">
    <p class='ocr_par' dir='ltr' id='par_1_17' title="bbox 1072 1659 1893 1777">
     <span class='ocr_line' id='line_1_69' title="bbox 1211 1659 1892 1713; baseline 0.023 -14"><span class='ocrx_word' id='word_1_348' title='bbox 1211 1679 1215 1713; x_wconf 64' lang='lat'>3</span> <span class='ocrx_word' id='word_1_349' title='bbox 1225 1661 1295 1712; x_wconf 85' lang='lat' dir='ltr'>agi</span> <span class='ocrx_word' id='word_1_350' title='bbox 1304 1673 1410 1703; x_wconf 90' lang='lat' dir='ltr'>vero</span> <span class='ocrx_word' id='word_1_351' title='bbox 1422 1673 1586 1710; x_wconf 90' lang='lat' dir='ltr'>aurum,</span> <span class='ocrx_word' id='word_1_352' title='bbox 1599 1659 1711 1710; x_wconf 80' lang='lat' dir='ltr'>thuS,</span> <span class='ocrx_word' id='word_1_353' title='bbox 1727 1664 1771 1702; x_wconf 91' lang='lat' dir='ltr'>et</span> <span class='ocrx_word' id='word_1_354' title='bbox 1779 1673 1892 1713; x_wconf 78' lang='lat' dir='ltr'>myl‘·</span> 
     </span>
     <span class='ocr_line' id='line_1_70' title="bbox 1072 1714 1893 1777; baseline 0.012 -24"><span class='ocrx_word' id='word_1_355' title='bbox 1072 1715 1075 1752; x_wconf 76' lang='grc' dir='ltr'><em>ἒ</em></span> <span class='ocrx_word' id='word_1_356' title='bbox 1093 1714 1113 1777; x_wconf 45' lang='grc' dir='ltr'>ᾗ..</span> <span class='ocrx_word' id='word_1_357' title='bbox 1129 1715 1182 1775; x_wconf 53' lang='lat'>&#39;5513</span> <span class='ocrx_word' id='word_1_358' title='bbox 1237 1717 1361 1759; x_wconf 85' lang='lat' dir='ltr'>rham</span> <span class='ocrx_word' id='word_1_359' title='bbox 1371 1717 1583 1759; x_wconf 88' lang='lat' dir='ltr'>deferunt.</span> <span class='ocrx_word' id='word_1_360' title='bbox 1598 1718 1769 1758; x_wconf 91' lang='lat' dir='ltr'>Aurum</span> <span class='ocrx_word' id='word_1_361' title='bbox 1777 1717 1893 1770; x_wconf 92' lang='lat' dir='ltr'>quip-</span> 
     </span>
    </p>
   </div>
   <div class='ocr_carea' id='block_1_12' title="bbox 1061 1773 1893 2794">
    <p class='ocr_par' dir='ltr' id='par_1_18' title="bbox 1061 1773 1893 2616">
     <span class='ocr_line' id='line_1_71' title="bbox 1240 1773 1892 1827; baseline 0.001 -11.957"><span class='ocrx_word' id='word_1_362' title='bbox 1240 1787 1296 1827; x_wconf 88' lang='lat' dir='ltr'>pe</span> <span class='ocrx_word' id='word_1_363' title='bbox 1311 1774 1424 1825; x_wconf 87' lang='lat' dir='ltr'>Regi</span> <span class='ocrx_word' id='word_1_364' title='bbox 1441 1774 1651 1826; x_wconf 80' lang='lat' dir='ltr'>congruit,</span> <span class='ocrx_word' id='word_1_365' title='bbox 1668 1773 1771 1816; x_wconf 89' lang='lat' dir='ltr'>thus</span> <span class='ocrx_word' id='word_1_366' title='bbox 1786 1786 1892 1816; x_wconf 88' lang='lat' dir='ltr'>vero</span> 
     </span>
     <span class='ocr_line' id='line_1_72' title="bbox 1061 1829 1893 1884; baseline 0 -13"><span class='ocrx_word' id='word_1_367' title='bbox 1061 1830 1105 1871; x_wconf 91' lang='lat' dir='ltr'>in</span> <span class='ocrx_word' id='word_1_368' title='bbox 1124 1830 1209 1872; x_wconf 92' lang='lat' dir='ltr'>Dei</span> <span class='ocrx_word' id='word_1_369' title='bbox 1227 1830 1489 1872; x_wconf 87' lang='lat' dir='ltr'>sacrificium</span> <span class='ocrx_word' id='word_1_370' title='bbox 1506 1830 1695 1884; x_wconf 80' lang='lat' dir='ltr'>penitur,</span> <span class='ocrx_word' id='word_1_371' title='bbox 1715 1829 1893 1883; x_wconf 90' lang='lat' dir='ltr'>myrrha</span> 
     </span>
     <span class='ocr_line' id='line_1_73' title="bbox 1063 1886 1891 1940; baseline 0 -12"><span class='ocrx_word' id='word_1_372' title='bbox 1063 1892 1209 1928; x_wconf 88' lang='lat' dir='ltr'>autem</span> <span class='ocrx_word' id='word_1_373' title='bbox 1232 1890 1508 1929; x_wconf 77' lang='lat' dir='ltr'>mortuerum</span> <span class='ocrx_word' id='word_1_374' title='bbox 1532 1889 1721 1940; x_wconf 78' lang='lat' dir='ltr'>cerpora</span> <span class='ocrx_word' id='word_1_375' title='bbox 1744 1886 1891 1929; x_wconf 82' lang='lat' dir='ltr'>condi-</span> 
     </span>
     <span class='ocr_line' id='line_1_74' title="bbox 1063 1942 1891 1996; baseline 0.002 -12"><span class='ocrx_word' id='word_1_376' title='bbox 1063 1946 1205 1985; x_wconf 79' lang='lat' dir='ltr'>untur.</span> <span class='ocrx_word' id='word_1_377' title='bbox 1242 1944 1354 1986; x_wconf 92' lang='lat' dir='ltr'>Eum</span> <span class='ocrx_word' id='word_1_378' title='bbox 1379 1957 1485 1995; x_wconf 91' lang='lat' dir='ltr'>ergo</span> <span class='ocrx_word' id='word_1_379' title='bbox 1503 1944 1637 1995; x_wconf 89' lang='lat' dir='ltr'>Magi,</span> <span class='ocrx_word' id='word_1_380' title='bbox 1662 1956 1794 1996; x_wconf 90' lang='lat' dir='ltr'>quem</span> <span class='ocrx_word' id='word_1_381' title='bbox 1818 1942 1891 1986; x_wconf 85' lang='lat' dir='ltr'>ad-</span> 
     </span>
     <span class='ocr_line' id='line_1_75' title="bbox 1063 1999 1891 2053; baseline 0.002 -12"><span class='ocrx_word' id='word_1_382' title='bbox 1063 2002 1209 2050; x_wconf 84' lang='lat' dir='ltr'>orant,</span> <span class='ocrx_word' id='word_1_383' title='bbox 1245 2001 1376 2042; x_wconf 89' lang='lat' dir='ltr'>etiam</span> <span class='ocrx_word' id='word_1_384' title='bbox 1410 2001 1606 2053; x_wconf 72' lang='lat' dir='ltr'>m5⁷sticis</span> <span class='ocrx_word' id='word_1_385' title='bbox 1639 1999 1891 2043; x_wconf 87' lang='lat' dir='ltr'>muneribus</span> 
     </span>
     <span class='ocr_line' id='line_1_76' title="bbox 1062 2056 1891 2110; baseline 0 -12"><span class='ocrx_word' id='word_1_386' title='bbox 1062 2057 1319 2110; x_wconf 81' lang='lat' dir='ltr'>praedicant:</span> <span class='ocrx_word' id='word_1_387' title='bbox 1338 2070 1445 2099; x_wconf 90' lang='lat' dir='ltr'>auro</span> <span class='ocrx_word' id='word_1_388' title='bbox 1465 2058 1644 2109; x_wconf 87' lang='lat' dir='ltr'>Regem,</span> <span class='ocrx_word' id='word_1_389' title='bbox 1662 2056 1791 2099; x_wconf 89' lang='lat' dir='ltr'>thure</span> <span class='ocrx_word' id='word_1_390' title='bbox 1806 2057 1891 2098; x_wconf 92' lang='lat' dir='ltr'>De-</span> 
     </span>
     <span class='ocr_line' id='line_1_77' title="bbox 1062 2114 1890 2166; baseline 0 -11"><span class='ocrx_word' id='word_1_391' title='bbox 1062 2127 1151 2164; x_wconf 92' lang='lat' dir='ltr'>um,</span> <span class='ocrx_word' id='word_1_392' title='bbox 1175 2114 1352 2166; x_wconf 89' lang='lat' dir='ltr'>myrrha</span> <span class='ocrx_word' id='word_1_393' title='bbox 1374 2114 1618 2156; x_wconf 89' lang='lat' dir='ltr'>mortalem.</span> <span class='ocrx_word' id='word_1_394' title='bbox 1652 2115 1762 2156; x_wconf 91' lang='lat' dir='ltr'>Sunt</span> <span class='ocrx_word' id='word_1_395' title='bbox 1784 2126 1890 2156; x_wconf 89' lang='lat' dir='ltr'>vero</span> 
     </span>
     <span class='ocr_line' id='line_1_78' title="bbox 1061 2170 1891 2224; baseline -0.001 -12"><span class='ocrx_word' id='word_1_396' title='bbox 1061 2170 1256 2212; x_wconf 81' lang='lat' dir='ltr'>nonnulli</span> <span class='ocrx_word' id='word_1_397' title='bbox 1278 2170 1491 2221; x_wconf 81' lang='lat' dir='ltr'>haeretici,</span> <span class='ocrx_word' id='word_1_398' title='bbox 1516 2171 1591 2224; x_wconf 91' lang='lat' dir='ltr'>qui</span> <span class='ocrx_word' id='word_1_399' title='bbox 1613 2170 1730 2212; x_wconf 86' lang='lat' dir='ltr'>hunc</span> <span class='ocrx_word' id='word_1_400' title='bbox 1746 2170 1891 2213; x_wconf 91' lang='lat' dir='ltr'>Deum</span> 
     </span>
     <span class='ocr_line' id='line_1_79' title="bbox 1062 2226 1891 2280; baseline 0 -12"><span class='ocrx_word' id='word_1_401' title='bbox 1062 2226 1267 2277; x_wconf 90' lang='lat' dir='ltr'>credunt,</span> <span class='ocrx_word' id='word_1_402' title='bbox 1302 2226 1382 2269; x_wconf 91' lang='lat' dir='ltr'>sed</span> <span class='ocrx_word' id='word_1_403' title='bbox 1413 2227 1576 2280; x_wconf 91' lang='lat' dir='ltr'>ubique</span> <span class='ocrx_word' id='word_1_404' title='bbox 1608 2229 1793 2278; x_wconf 86' lang='lat' dir='ltr'>regnare</span> <span class='ocrx_word' id='word_1_405' title='bbox 1820 2239 1891 2268; x_wconf 90' lang='lat' dir='ltr'>ne-</span> 
     </span>
     <span class='ocr_line' id='line_1_80' title="bbox 1064 2282 1892 2337; baseline 0 -13"><span class='ocrx_word' id='word_1_406' title='bbox 1064 2285 1283 2336; x_wconf 90' lang='lat' dir='ltr'>quaquam</span> <span class='ocrx_word' id='word_1_407' title='bbox 1308 2282 1503 2325; x_wconf 89' lang='lat' dir='ltr'>credunt.</span> <span class='ocrx_word' id='word_1_408' title='bbox 1543 2284 1603 2325; x_wconf 83' lang='lat' dir='ltr'>Hi</span> <span class='ocrx_word' id='word_1_409' title='bbox 1625 2284 1827 2337; x_wconf 91' lang='lat' dir='ltr'>profecto</span> <span class='ocrx_word' id='word_1_410' title='bbox 1852 2283 1892 2325; x_wconf 93' lang='lat' dir='ltr'>ei</span> 
     </span>
     <span class='ocr_line' id='line_1_81' title="bbox 1061 2339 1890 2390; baseline 0 -8"><span class='ocrx_word' id='word_1_411' title='bbox 1061 2340 1163 2382; x_wconf 85' lang='lat' dir='ltr'>thus</span> <span class='ocrx_word' id='word_1_412' title='bbox 1184 2339 1384 2390; x_wconf 80' lang='lat' dir='ltr'>efferunt,</span> <span class='ocrx_word' id='word_1_413' title='bbox 1404 2339 1483 2382; x_wconf 86' lang='lat' dir='ltr'>sed</span> <span class='ocrx_word' id='word_1_414' title='bbox 1499 2340 1657 2382; x_wconf 87' lang='lat' dir='ltr'>offerre</span> <span class='ocrx_word' id='word_1_415' title='bbox 1672 2340 1804 2382; x_wconf 88' lang='lat' dir='ltr'>etiarn</span> <span class='ocrx_word' id='word_1_416' title='bbox 1819 2353 1890 2382; x_wconf 88' lang='lat' dir='ltr'>au-</span> 
     </span>
     <span class='ocr_line' id='line_1_82' title="bbox 1063 2396 1891 2449; baseline 0.001 -12"><span class='ocrx_word' id='word_1_417' title='bbox 1063 2410 1159 2438; x_wconf 92' lang='lat' dir='ltr'>rum</span> <span class='ocrx_word' id='word_1_418' title='bbox 1182 2396 1347 2438; x_wconf 90' lang='lat' dir='ltr'>nolunt.</span> <span class='ocrx_word' id='word_1_419' title='bbox 1382 2397 1439 2438; x_wconf 89' lang='lat' dir='ltr'>Et</span> <span class='ocrx_word' id='word_1_420' title='bbox 1457 2402 1559 2439; x_wconf 91' lang='lat' dir='ltr'>sunt</span> <span class='ocrx_word' id='word_1_421' title='bbox 1581 2396 1793 2446; x_wconf 82' lang='lat' dir='ltr'>nonnulli,</span> <span class='ocrx_word' id='word_1_422' title='bbox 1819 2397 1891 2449; x_wconf 93' lang='lat' dir='ltr'>qui</span> 
     </span>
     <span class='ocr_line' id='line_1_83' title="bbox 1062 2453 1890 2504; baseline 0 -10"><span class='ocrx_word' id='word_1_423' title='bbox 1062 2453 1177 2494; x_wconf 90' lang='lat' dir='ltr'>hunc</span> <span class='ocrx_word' id='word_1_424' title='bbox 1193 2453 1361 2504; x_wconf 91' lang='lat' dir='ltr'>Regem</span> <span class='ocrx_word' id='word_1_425' title='bbox 1376 2453 1638 2502; x_wconf 86' lang='lat' dir='ltr'>existimant,</span> <span class='ocrx_word' id='word_1_426' title='bbox 1654 2453 1734 2495; x_wconf 88' lang='lat' dir='ltr'>sed</span> <span class='ocrx_word' id='word_1_427' title='bbox 1747 2453 1890 2495; x_wconf 91' lang='lat' dir='ltr'>Deum</span> 
     </span>
     <span class='ocr_line' id='line_1_84' title="bbox 1062 2509 1890 2561; baseline 0 -9"><span class='ocrx_word' id='word_1_428' title='bbox 1062 2514 1232 2561; x_wconf 85' lang='lat' dir='ltr'>negant.</span> <span class='ocrx_word' id='word_1_429' title='bbox 1259 2510 1318 2550; x_wconf 93' lang='lat' dir='ltr'>Hi</span> <span class='ocrx_word' id='word_1_430' title='bbox 1337 2509 1541 2552; x_wconf 90' lang='lat' dir='ltr'>videlicet</span> <span class='ocrx_word' id='word_1_431' title='bbox 1560 2510 1599 2551; x_wconf 94' lang='lat' dir='ltr'>ei</span> <span class='ocrx_word' id='word_1_432' title='bbox 1618 2523 1771 2551; x_wconf 90' lang='lat' dir='ltr'>aurum</span> <span class='ocrx_word' id='word_1_433' title='bbox 1789 2509 1890 2552; x_wconf 77' lang='lat' dir='ltr'>effe-</span> 
     </span>
     <span class='ocr_line' id='line_1_85' title="bbox 1061 2565 1759 2616; baseline 0.003 -9"><span class='ocrx_word' id='word_1_434' title='bbox 1061 2572 1172 2616; x_wconf 90' lang='lat' dir='ltr'>runt,</span> <span class='ocrx_word' id='word_1_435' title='bbox 1198 2565 1278 2608; x_wconf 91' lang='lat' dir='ltr'>sed</span> <span class='ocrx_word' id='word_1_436' title='bbox 1298 2566 1456 2608; x_wconf 90' lang='lat' dir='ltr'>offerre</span> <span class='ocrx_word' id='word_1_437' title='bbox 1475 2565 1576 2608; x_wconf 88' lang='lat' dir='ltr'>thus</span> <span class='ocrx_word' id='word_1_438' title='bbox 1595 2566 1759 2609; x_wconf 89' lang='lat' dir='ltr'>nolunt.</span> 
     </span>
    </p>

    <p class='ocr_par' dir='ltr' id='par_1_19' title="bbox 1062 2626 1891 2794">
     <span class='ocr_line' id='line_1_86' title="bbox 1110 2626 1890 2679; baseline 0.001 -12"><span class='ocrx_word' id='word_1_439' title='bbox 1110 2627 1162 2678; x_wconf 71' lang='lat' dir='ltr'>Rz.</span> <span class='ocrx_word' id='word_1_440' title='bbox 1182 2626 1327 2676; x_wconf 89' lang='lat' dir='ltr'>Stella,</span> <span class='ocrx_word' id='word_1_441' title='bbox 1348 2640 1479 2679; x_wconf 87' lang='lat' dir='ltr'>quam</span> <span class='ocrx_word' id='word_1_442' title='bbox 1498 2627 1700 2670; x_wconf 90' lang='lat' dir='ltr'>viderant</span> <span class='ocrx_word' id='word_1_443' title='bbox 1712 2627 1831 2679; x_wconf 89' lang='lat' dir='ltr'>Magi</span> <span class='ocrx_word' id='word_1_444' title='bbox 1846 2627 1890 2668; x_wconf 90' lang='lat' dir='ltr'>in</span> 
     </span>
     <span class='ocr_line' id='line_1_87' title="bbox 1064 2683 1891 2734; baseline -0.001 -8"><span class='ocrx_word' id='word_1_445' title='bbox 1064 2684 1262 2733; x_wconf 89' lang='lat' dir='ltr'>Oriente,</span> <span class='ocrx_word' id='word_1_446' title='bbox 1298 2683 1587 2725; x_wconf 90' lang='lat' dir='ltr'>antecedebat</span> <span class='ocrx_word' id='word_1_447' title='bbox 1618 2697 1715 2734; x_wconf 74' lang='lat' dir='ltr'>eOS,</span> <span class='ocrx_word' id='word_1_448' title='bbox 1750 2683 1891 2726; x_wconf 90' lang='lat' dir='ltr'>donec</span> 
     </span>
     <span class='ocr_line' id='line_1_88' title="bbox 1062 2739 1882 2794; baseline -0.002 -12"><span class='ocrx_word' id='word_1_449' title='bbox 1062 2743 1259 2783; x_wconf 89' lang='lat' dir='ltr'>venirent</span> <span class='ocrx_word' id='word_1_450' title='bbox 1278 2740 1335 2782; x_wconf 91' lang='lat' dir='ltr'>ad</span> <span class='ocrx_word' id='word_1_451' title='bbox 1351 2740 1507 2791; x_wconf 90' lang='lat' dir='ltr'>locum,</span> <span class='ocrx_word' id='word_1_452' title='bbox 1526 2740 1601 2783; x_wconf 93' lang='lat' dir='ltr'>ubi</span> <span class='ocrx_word' id='word_1_453' title='bbox 1615 2753 1725 2794; x_wconf 91' lang='lat' dir='ltr'>puer</span> <span class='ocrx_word' id='word_1_454' title='bbox 1739 2745 1848 2783; x_wconf 90' lang='lat' dir='ltr'>erat:</span> <span class='ocrx_word' id='word_1_455' title='bbox 1859 2739 1882 2763; x_wconf 87' lang='lat'>*</span> 
     </span>
    </p>
   </div>
   <div class='ocr_carea' id='block_1_13' title="bbox 120 143 1948 2847">
    <p class='ocr_par' dir='ltr' id='par_1_20' title="bbox 120 143 1948 2847">
     <span class='ocr_line' id='line_1_89' title="bbox 120 143 1948 2847; baseline 0 0"><span class='ocrx_word' id='word_1_456' title='bbox 120 143 1948 2847; x_wconf 95' lang='lat' dir='ltr'> </span> 
     </span>
    </p>
   </div>
  </div>
 </body>
</html>
