2080 2990
562 240 628 272 lm·
660 239 704 272 17,
732 238 839 271 Febr.

244 336 431 379 Herodis
450 336 565 376 hunc
584 335 832 376 immanitas

294 392 429 433 Abire
448 392 566 442 cogit
586 391 797 440 exsulem3

290 447 376 489 Sed
397 447 505 489 dura
525 460 605 488 nos
626 447 788 488 Christi
807 448 909 497 fuga

291 505 380 545 Iter
400 504 551 544 salutis
572 502 740 544 edocet.

243 568 376 618 Virgo
396 580 555 620 parcns
575 566 826 608 dulcissima

292 626 400 674 Quae
418 624 535 664 mille
555 636 635 676 per
653 623 849 675 pericula

292 680 477 721 Dulcem
496 679 677 720 ferendo
696 679 938 731 parvulum,

291 736 459 777 Invicta
479 748 655 776 cursum
676 735 865 776 conficis.

250 803 330 841 Fac
349 813 441 848 nos,
462 800 616 841 solutis
636 798 830 847 vinculis,

293 858 402 906 Quae
422 855 563 897 tendit
582 860 703 896 astus
723 854 947 903 daemonis,

291 913 375 953 Per
394 911 535 964 plana,
556 923 636 963 per
655 915 698 951 et
719 912 887 962 aspera,

291 968 502 1009 Nostrum
530 968 764 1018 sequamur
782 966 1043 1018 Principem.

244 1034 355 1081 Jesu,
375 1031 454 1072 tibi
475 1031 530 1071 sit
549 1030 699 1080 gloria,

292 1087 375 1137 Qui
395 1091 522 1127 natus
542 1098 588 1127 es
608 1085 663 1127 de
682 1086 874 1136 Virgine,

294 1143 402 1183 Cum
420 1142 548 1183 Patre
568 1147 612 1183 et
631 1141 745 1182 almo
765 1142 940 1194 Spiritu,

271 1231 280 1235 -
294 1199 341 1238 In
362 1198 626 1250 sempiterna
646 1197 818 1238 saecula.
847 1198 1000 1238 Amen.

268 1259 315 1308 δ”.
362 1262 518 1303 Gaude
559 1267 603 1303 et
644 1261 795 1302 laetare
839 1262 1044 1313 AEgy'pte.

216 1321 264 1370 152
281 1318 392 1367 Quia
406 1318 449 1358 in
463 1317 610 1359 medio
625 1318 687 1359 tui
697 1318 882 1358 Sanctus
898 1317 1044 1358 Israel.

270 1378 337 1418 Ad
368 1378 528 1419 Bened.
569 1380 666 1419 Ant.
711 1377 926 1418 Defuncto
958 1377 1043 1418 He-

214 1434 339 1484 rode,
365 1447 467 1475 ecce
492 1433 686 1484 Angelus
709 1433 886 1474 Domini
909 1436 1043 1485 appa-

215 1491 300 1532 ruit
330 1491 372 1530 in
399 1490 563 1531 somnis
587 1489 754 1542 Joseph
778 1489 821 1529 in
846 1489 1043 1542 AEgy'pto

216 1546 381 1588 dicens:
399 1547 536 1596 Surge
557 1550 602 1587 et
621 1546 772 1597 accipe
791 1545 982 1586 Puerum
1002 1551 1045 1587 et

215 1603 400 1643 Matrem
421 1603 523 1652 ejus,
545 1607 588 1643 et
606 1601 719 1642 vade
738 1602 782 1642 in
800 1606 963 1642 terram
983 1602 1044 1642 Is-

216 1658 320 1708 rae13
348 1658 542 1699 defuncti
561 1663 661 1699 sunt
681 1658 807 1707 enim,
833 1658 907 1709 qui
927 1671 1044 1709 quae-

216 1714 370 1755 rebant
390 1714 577 1754 animam
594 1714 735 1754 Pueri.

555 1778 716 1817 Oratio.

218 1828 494 1933 protector
517 1829 560 1869 in
584 1834 627 1870 te
650 1830 935 1881 sperantium,
960 1829 1044 1870 De-

318 1899 380 1934 us,
401 1886 474 1937 qui
492 1885 769 1935 Unigenitum
787 1890 911 1926 tuum
931 1883 1045 1926 Red-

217 1944 462 1994 emptorem
501 1948 716 1991 nostrum,
759 1954 814 1982 ex
852 1940 1046 1982 Herodis

217 1996 362 2046 gladio
395 1998 496 2047 fuga
528 1997 572 2037 in
602 1998 843 2049 AEgyptum
876 1999 1046 2049 eripere

217 2053 408 2094 voluisti:
462 2052 655 2094 concede
699 2052 827 2094 nobis
872 2053 1046 2094 famulis

217 2109 304 2150 tuis
348 2108 601 2150 beatissima
647 2122 820 2161 semper
863 2109 1046 2159 Virgine

219 2165 309 2215 ejus
333 2169 472 2205 matre
499 2165 635 2205 Maria
658 2164 973 2215 intercedente3
999 2171 1047 2207 ut

218 2219 273 2260 ab
319 2219 520 2260 omnibus
564 2220 721 2262 mentis
762 2226 805 2262 et
847 2221 1046 2273 corporis

218 2275 423 2328 periculis
443 2275 631 2325 liberati,
651 2276 707 2316 ad
728 2276 953 2318 coelestem
971 2279 1045 2329 pa-

218 2331 345 2372 triam
382 2333 613 2383 pervenire
649 2333 905 2373 mereamur.
962 2333 1047 2374 Per

219 2386 421 2428 eumdem
441 2387 689 2428 Dominum.

274 2447 310 2479 [n
338 2447 528 2487 Quadrata.
556 2457 750 2479 commem.
781 2447 910 2480 Fcriae.

490 2506 557 2543 Ad
580 2506 782 2543 Primam.

276 2559 318 2596 ln
362 2559 405 2608 K.
444 2558 501 2597 br.
544 2553 589 2603 ,VI
627 2558 711 2608 Qui
745 2564 872 2600 natus
908 2572 955 2601 es
991 2559 1046 2602 de

218 2612 356 2652 Maria
374 2612 567 2662 Virgine.

490 2677 556 2713 Ad
581 2678 781 2715 Tertiam.

274 2731 370 2768 Ant.
400 2733 535 2780 Surge
555 2735 598 2771 et
617 2731 778 2783 accipe.

888 238 1005 278 Fugat—
1032 238 1074 271 1).
1100 238 1143 271 N.
1168 238 1199 270 J.
1227 237 1265 269 (ἶ.
1294 237 1328 269 in
1356 236 1579 279 ,Egyptum.

1151 338 1287 388 Capit.
1316 337 1431 375 Ecce
1450 333 1677 374 Dominus.
1696 333 1807 386 [297]

1153 395 1200 445 Ix‘g.
1236 393 1297 433 br.
1348 389 1566 430 Dominus
1612 394 1635 416 *
1680 390 1928 442 Tamquam

1096 457 1296 496 sponsus.
1331 445 1558 486 Dominus.
1598 443 1647 493 ¹3³⁷.
1674 444 1927 487 Procedens

1096 500 1152 541 de
1177 500 1371 542 thalamo
1398 513 1489 542 suo.
1526 501 1773 552 Tamquam
1797 514 1926 554 spon-

1097 570 1181 597 sus.
1209 557 1361 598 Gloria
1380 556 1511 597 Patri.
1538 556 1766 598 Dominus.

1149 608 1198 659 V.
1225 611 1487 663 Egredietur
1506 612 1722 652 Dominus
1747 611 1803 654 de
1826 612 1928 654 loco

1097 674 1248 709 sancto
1278 680 1370 709 suo.
1426 670 1475 720 R.
1501 668 1679 718 Veniet,
1711 673 1760 710 ut
1788 667 1928 710 salvet

1095 724 1310 776 populum
1329 737 1466 765 suum.

1373 792 1440 828 Ad
1465 791 1655 828 sextam.

1149 846 1247 885 Ant.
1281 846 1386 885 Esto
1404 844 1476 886 ibi.

1149 901 1407 951 Capitulum.
1580 901 1735 942 Ezech.
1753 903 1821 941 30.
1839 902 1877 942 b.

1192 968 1257 997 aec
1290 956 1396 998 dicit
1424 957 1640 998 Dominus
1669 957 1806 998 Deus:
1832 956 1930 997 Dis·

1225 1012 1409 1065 perdam
1455 1014 1706 1062 simulacra,
1751 1017 1795 1054 et
1839 1024 1928 1054 ces-

1098 1070 1196 1109 sare
1221 1068 1378 1109 faciam
1402 1068 1521 1110 idola
1546 1068 1601 1110 de
1624 1067 1858 1121 Memphis,
1886 1072 1931 1110 et

1097 1123 1187 1165 dux
1213 1123 1268 1165 de
1290 1129 1409 1166 terra
1428 1125 1611 1178 AEgypti
1634 1138 1721 1166 non
1742 1124 1824 1166 erit
1842 1127 1929 1166 am-

1097 1180 1229 1232 plius,
1263 1186 1307 1222 et
1341 1179 1456 1222 dabo
1489 1183 1703 1222 terrorem
1737 1181 1781 1221 in
1811 1186 1930 1222 terra

1098 1236 1291 1288 AEgypti·

1154 1296 1203 1346 R·.
1219 1295 1280 1334 br.
1302 1292 1565 1343 Egredietur
1583 1293 1801 1334 Dominus
1819 1298 1842 1322 *
1862 1293 1931 1334 De

1097 1348 1197 1389 loco
1215 1354 1368 1390 sancto
1385 1361 1477 1390 suo.
1496 1347 1769 1399 Egredietur.
1789 1345 1840 1397 V.
1852 1348 1932 1391 Ve-

1097 1404 1202 1453 niet,
1226 1410 1274 1445 ut
1294 1404 1434 1445 salvet
1452 1405 1668 1457 populum
1687 1417 1825 1446 suum.
1861 1405 1930 1446 De

1098 1459 1208 1501 loco.
1239 1460 1391 1501 Gloria
1410 1460 1540 1501 Patri.
1567 1460 1840 1511 Egredietur.

1154 1516 1203 1566 Y.
1228 1516 1447 1557 Viderunt
1473 1529 1626 1557 omnes
1651 1517 1762 1558 fines
1787 1513 1938 1558 terraej

1100 1577 1150 1627 R:-
1169 1572 1369 1614 Salutate
1387 1573 1473 1614 Dei
1491 1573 1643 1614 nostri.
1842 1568 1857 1580 ‘

1379 1644 1446 1680 Ad
1470 1645 1655 1681 Nonam.

1154 1698 1251 1737 Ant.
1283 1698 1563 1748 Consurgens
1581 1696 1760 1749 Joseph.

1155 1752 1414 1803 Capitulum.
1748 1752 1803 1792 Is.
1822 1753 1880 1792 16.

1102 1803 1190 1907 Ini
1236 1808 1483 1858 consilium,
1527 1821 1638 1859 coge
1684 1807 1932 1850 concilium:

1167 1877 1284 1917 pone
1305 1865 1431 1916 quasi
1452 1869 1630 1906 noctem
1650 1863 1851 1906 umbram
1867 1867 1932 1905 tu-

1099 1933 1170 1962 am
1187 1921 1231 1961 in
1250 1919 1448 1970 meridie·;
1467 1920 1691 1962 absconde
1706 1919 1932 1970 fugientes,

1100 1982 1143 2018 et
1175 1989 1311 2027 vagos
1348 1989 1403 2018 ne
1435 1976 1612 2028 prodas.
1656 1975 1934 2018 Habitebunt

1099 2031 1218 2085 apud
1245 2038 1289 2074 te
1316 2032 1493 2085 profugi
1518 2033 1620 2073 mei:
1652 2037 1748 2074 esto
1775 2031 1931 2073 latibu=

1098 2089 1189 2129 lum
1208 2090 1362 2130 eorum
1380 2101 1406 2129 a
1424 2088 1535 2129 facie
1554 2088 1803 2129 vastatoris.

1154 2146 1204 2197 R.
1231 2145 1291 2186 br⁴
1329 2143 1550 2186 Viderunt
1578 2146 1599 2170 *
1630 2144 1795 2185 Omnes
1822 2143 1933 2185 fines

1099 2205 1242 2242 terrae.
1278 2199 1507 2241 Viderunt.
1543 2198 1594 2247 V.
1621 2199 1821 2241 Salutare
1845 2199 1931 2241 Dei

1099 2256 1247 2297 nostri.
1286 2256 1461 2297 Omnes.
1504 2252 1666 2296 Gloria.
1702 2255 1931 2297 Viderunt.

1155 2307 1204 2358 V.
1252 2310 1451 2354 Verbum
1501 2323 1604 2352 caro
1645 2311 1810 2352 factum
1853 2315 1931 2352 est.

1107 2369 1152 2418 lx‘g.
1177 2368 1234 2408 Et
1257 2366 1475 2408 habitavit
1498 2367 1541 2407 in
1566 2367 1706 2408 nobis.

1305 2448 1367 2488 In
1388 2447 1450 2488 11.
1469 2447 1722 2498 vesperis.
1744 2476 1748 2479 -

1156 2511 1290 2543 Omnia
1319 2516 1356 2543 ut
1383 2510 1419 2543 in
1445 2510 1469 2543 I.
1495 2510 1610 2553 Vcsp.
1634 2508 1738 2551 [293]‚
1766 2514 1906 2551 praeter

1159 2565 1225 2605 Ad
1265 2565 1436 2613 Magnif.
1487 2566 1585 2605 Ant.
1635 2563 1827 2605 Audiens
1858 2563 1930 2605 Jo-

1100 2621 1227 2673 seph,
1257 2618 1376 2672 quod
1395 2618 1639 2660 Archelaus
1663 2621 1869 2671 regnaret
1886 2619 1930 2660 in

1099 2676 1254 2718 Judaea
1281 2687 1364 2728 pro
1392 2674 1573 2716 Herode
1600 2680 1727 2727 patre
1754 2687 1853 2724 suo,
1879 2677 1930 2716 ti·

1099 2731 1308 2773 muit‘illo
1332 2731 1410 2780 ire,
1445 2735 1490 2771 et
1520 2730 1770 2772 admonitus
1793 2731 1838 2771 in
1862 2743 1930 2771 so-
