2040 2990
760 224 929 258 Sabbato
955 225 1043 267 post
1068 226 1234 260 Cineres

146 328 243 357 rum
268 320 382 366 orat,
415 322 464 359 ut
486 316 689 359 videatur
713 318 768 360 ab
792 318 972 360 homini-

145 371 239 423 bus,
258 371 490 425 hypecrita
509 379 585 416 est.

199 431 248 482 R.
272 429 463 472 Vocavit
481 431 689 482 Angelus.
707 432 802 472 344.

444 495 595 535 Lectio
617 496 670 535 iii.

143 546 252 651 Ex
273 552 430 605 quibus
447 553 648 595 Omnibus
664 553 882 605 colligitur
896 553 970 606 hy-

231 610 427 661 pecritas
442 623 550 660 esse,
571 610 645 662 qui
665 609 894 662 quodlibet
913 610 970 651 fa-

145 665 263 708 ciunt
291 671 339 708 ut
366 667 421 708 ab
452 666 701 708 hominibus
729 667 970 718 glorificen-

143 726 225 763 tur.
258 722 366 764 Mihi
389 723 560 766 videtur
586 728 630 765 et
651 723 743 773 ille,
771 723 846 776 qui
866 723 972 765 dicit

144 778 267 819 fratri
286 792 381 820 suo:
399 780 583 822 Dimitte
603 785 651 821 ut
669 780 821 822 tollam
840 780 971 822 festu-

145 847 242 876 cam
275 835 330 876 de
363 836 491 877 eculo
524 843 616 878 tuo:
651 850 752 878 nam
787 842 971 889 propter

143 890 328 942 gloriam
345 891 431 934 hoc
449 893 592 934 facere
610 892 793 942 videtur,
812 898 860 934 ut
874 893 970 946 ipse

144 948 282 999 justus
301 961 398 990 esse
416 948 629 991 videatur.
661 949 789 991 Unde
811 949 970 991 dicitur

145 1004 185 1045 ei
204 1017 229 1045 a
247 1004 454 1047 Demino:
479 1006 741 1059 Hypecrita‚
761 1006 866 1058 ejice
885 1007 970 1058 pri-

144 1073 262 1102 mum
294 1061 465 1104 trabem
498 1062 553 1104 de
582 1063 710 1104 eculo
739 1068 828 1104 tuo.
868 1063 970 1105 Non

143 1118 292 1169 itaque
323 1118 480 1168 virtus,
522 1118 601 1161 sed
634 1132 765 1160 causa
796 1120 970 1160 virtutis

144 1173 263 1226 apu'd
286 1174 430 1216 Deum
454 1175 704 1218 mercedem
729 1176 874 1218 habet.
914 1176 970 1217 Et

144 1230 181 1271 si
199 1243 225 1271 a
245 1236 367 1273 recta
386 1232 457 1273 via
481 1232 708 1285 paululum
728 1233 970 1275 declinave-

100 1339 103 1341 -
143 1287 219 1336 ris,
244 1300 331 1329 non
350 1290 548 1340 interest,
573 1294 719 1331 utrum
744 1290 800 1332 ad
825 1289 970 1332 dexte-

143 1356 238 1385 ram
263 1344 416 1395 vadas,
446 1358 502 1386 an
525 1346 582 1388 ad
607 1347 842 1399 sinistram,
871 1360 970 1389 cum

144 1413 295 1442 verum
314 1401 398 1442 iter
417 1403 624 1444 amiseris.

194 1457 244 1507 R.
271 1457 392 1499 Deus
414 1457 588 1500 demini.
606 1460 700 1500 345.

195 1509 244 1561 V.
279 1513 454 1566 Repleti
479 1528 628 1556 sumus
653 1529 780 1558 mane
807 1517 970 1558 miseri-

143 1569 293 1611 cordia
328 1575 414 1612 tua.
456 1572 507 1623 R.
549 1571 891 1623 Exsultavimus,
928 1578 970 1614 et

143 1624 348 1668 delectati
369 1640 530 1669 sumus.

196 1684 267 1725 Ad
301 1684 460 1726 Bened.
510 1685 608 1727 Ant.
667 1688 777 1729 Cum
807 1685 914 1727 facis
946 1687 969 1712 *

143 1737 484 1792 eleemesynam,
509 1742 676 1784 nesciat
701 1743 877 1784 sinistra
894 1747 970 1784 tua

146 1795 251 1847 quid
269 1796 401 1838 faciat
418 1797 601 1840 dextera
619 1803 706 1840 tua.

193 1857 341 1892 Deinde
368 1858 440 1893 dic.
465 1858 614 1894 Preces.
637 1859 689 1893 52.

475 1910 639 1952 Oratio.

115 1975 123 1985 ·
191 1965 380 2008 nchoata
406 1967 577 2018 jejunia,
607 1969 856 2019 quaesumus
880 1968 968 2009 Do-

201 2023 332 2071 mine,
355 2022 544 2074 benigno
565 2023 714 2065 favere
733 2026 968 2076 proseque-

144 2089 207 2120 re:
230 2084 280 2121 ut
298 2079 637 2130 observantiam,
663 2093 794 2132 quam
814 2093 967 2134 corpo-

143 2134 293 2177 raliter
313 2135 578 2185 exhibemus,
602 2136 820 2178 mentibus
839 2137 968 2179 etiam

143 2191 323 2233 sinceris
358 2195 564 2234 exercere
596 2193 831 2234 valeamus.
883 2193 967 2235 Per

141 2247 378 2290 Deminum
396 2254 606 2291 nostrum.

192 2307 318 2342 Hodie
343 2314 433 2352 post
450 2310 602 2344 Laudes
627 2310 805 2346 dicuntur
823 2312 964 2347 Psalmi

140 2354 442 2391 Poenitentiales.

193 2404 243 2455 V.
259 2410 483 2461 Dirigatur
497 2411 685 2452 Domine
702 2412 845 2453 oratio
859 2424 966 2453 mea.

141 2465 192 2516 R.
206 2465 326 2508 Sicut
337 2466 564 2508 incensum
573 2467 617 2508 in
629 2470 869 2520 conspectu
878 2473 966 2509 tuo.

193 2521 265 2562 Ad
284 2521 455 2573 Magnis.
486 2524 585 2564 Ant.
614 2526 683 2565 Tu
702 2529 847 2565 autem
867 2536 965 2564 cum

144 2578 352 2628 oraveris,
374 2579 398 2605 *
421 2580 535 2621 intra
564 2580 607 2620 in
631 2580 877 2621 cubiculum
901 2585 960 2621 tu-

143 2646 230 2674 um:
265 2638 308 2676 et
339 2635 488 2677 clauso
522 2636 652 2686 estio,
686 2648 763 2677 ora
792 2637 966 2678 Patrem

142 2694 275 2731 tuum.

192 2753 339 2788 Deinde
367 2753 437 2787 dic.
464 2754 612 2789 Preces.
639 2754 710 2789 112.

1423 337 1435 362 ί
1501 338 1520 362 ).

1025 377 1206 481 Tuere
1218 323 1419 423 Demirizr
1426 331 1638 434 ptclipulum
1652 387 1785 431 tuum,
1806 387 1849 423 et

1108 436 1163 478 ab
1184 438 1385 479 Omnibus
1403 439 1595 491 peccatis
1612 438 1848 480 clementer

1025 493 1227 535 emunda:
1254 495 1355 547 quia
1379 495 1496 536 nulla
1521 496 1560 537 ei
1578 495 1754 536 nocebit
1775 495 1847 536 ad-

1024 551 1225 600 versitas,
1250 552 1286 592 si
1309 552 1427 592 nulla
1451 552 1490 593 ei
1510 552 1755 593 dominetur
1773 553 1847 592 ini-

1026 607 1178 658 quitas.
1205 608 1290 650 Per
1308 608 1555 650 Deminum.

1295 730 1322 766 S
1342 741 1367 765 a
1382 731 1410 765 b
1426 730 1452 766 b
1472 742 1496 766 a
1513 734 1529 765 t
1546 741 1582 766 o.

1026 781 1177 823 Lectio
1206 782 1345 824 sancti
1363 782 1588 833 Evangelii
1610 783 1847 824 secundum

1332 839 1540 881 Marcum.

1127 900 1278 940 Lectio
1300 902 1323 940 i.
1552 901 1652 952 Cap.
1670 904 1704 940 (ἰ.
1723 902 1744 941 f.

1022 951 1098 1058 In
1122 956 1197 998 illo
1217 959 1431 1009 tempore:
1461 956 1569 997 Cum
1595 969 1693 997 sero
1721 960 1847 1004 esset,

1090 1018 1182 1054 erat
1202 1014 1324 1054 navis
1343 1014 1386 1054 in
1406 1012 1550 1054 medio
1570 1013 1692 1062 mari,
1718 1018 1761 1054 et
1780 1013 1804 1053 J
1808 1025 1846 1053 e-

1024 1082 1097 1110 sus
1117 1070 1236 1112 solus
1256 1070 1299 1110 in
1318 1076 1446 1111 terra.
1475 1071 1531 1111 Et
1550 1070 1726 1121 reliqua.

1128 1149 1316 1191 Homilia
1334 1148 1594 1190 venerabilis
1613 1148 1748 1189 Bedae

1305 1205 1565 1257 Prestteri.

1165 1268 1244 1302 Lib.
1270 1270 1299 1302 2.
1325 1279 1405 1311 cap.
1431 1270 1485 1302 29.
1512 1270 1547 1302 in
1574 1280 1655 1312 cap.
1677 1272 1706 1303 (ὃ.

1286 1317 1414 1353 Marci.
1439 1324 1526 1351 tom.
1551 1318 1580 1351 4.

1063 1366 1216 1410 abor
1237 1365 1550 1417 discipulerum
1574 1365 1617 1405 in
1635 1365 1845 1415 remigan-

1058 1420 1094 1446 ’
1126 1423 1201 1472 do,
1235 1427 1278 1464 et
1310 1422 1552 1464 contrarius
1588 1421 1650 1463 eis
1678 1426 1845 1470 ventus,

1022 1480 1197 1522 labores
1212 1484 1374 1520 sanctae
1388 1478 1597 1519 Ecclesiae
1612 1478 1757 1518 varios
1775 1476 1845 1518 de-

1024 1539 1180 1587 signat:
1201 1548 1298 1588 quae
1318 1536 1429 1576 inter
1448 1534 1588 1576 undas
1608 1533 1757 1574 saeculi
1774 1533 1846 1575 ad-

1022 1593 1253 1642 versantis,
1291 1597 1333 1633 et
1364 1590 1686 1632 immunderum
1717 1590 1845 1631 flatus

1023 1650 1269 1702 spirituum,
1294 1648 1351 1689 ad
1371 1648 1559 1700 quietem
1584 1646 1740 1699 patriae
1761 1658 1845 1687 coe-

1022 1706 1160 1755 lestis,
1190 1705 1315 1757 quasi
1340 1704 1397 1746 ad
1420 1703 1555 1745 fidam
1579 1703 1737 1744 littoris
1763 1707 1844 1744 sta-

1022 1763 1198 1811 tio'nem,
1216 1763 1444 1814 pervenire
1460 1762 1654 1801 conatur.
1675 1758 1760 1800 Ubi
1774 1758 1844 1799 be-

1021 1833 1075 1861 ne
1099 1819 1272 1867 dicitur,
1301 1818 1402 1869 quia
1426 1817 1549 1857 navis
1575 1820 1668 1856 erat
1692 1815 1735 1855 in
1758 1816 1843 1855 me-

1023 1875 1095 1917 dio
1123 1875 1248 1924 mari,
1283 1879 1326 1915 et
1357 1874 1453 1925 ipse
1485 1872 1606 1913 solus
1637 1871 1681 1911 in
1712 1876 1843 1912 terra:

1023 1933 1124 1984 quia
1146 1933 1473 1981 nonnamquam
1491 1927 1688 1970 Ecclesia
1710 1927 1843 1968 tantis

1022 1987 1259 2030 Gentilium
1281 1985 1497 2038 pressuris
1519 1997 1606 2026 non
1625 1985 1766 2025 solum
1785 1985 1842 2025 af-

1021 2045 1148 2094 flicta,
1169 2043 1247 2084 sed
1267 2048 1310 2084 et
1329 2041 1496 2083 foedata
1516 2046 1591 2091 est,
1611 2045 1668 2091 ut,
1694 2041 1729 2082 si
1748 2041 1843 2083 fieri

1020 2105 1189 2154 posset,
1244 2099 1519 2151 Redemptor
1564 2098 1701 2150 ipsius
1747 2110 1842 2139 eam

1020 2170 1202 2210 prorsus
1228 2154 1474 2197 deseruisse
1501 2154 1558 2196 ad
1585 2159 1759 2206 tempus
1784 2154 1840 2195 vi-

1020 2213 1206 2255 deretur.

1072 2272 1122 2323 R.
1147 2270 1262 2311 Veni
1279 2268 1423 2310 hedie.
1441 2269 1541 2310 350.

1331 2344 1479 2384 Lectio
1501 2345 1539 2384 ii.

1109 2408 1195 2450 nde
1221 2413 1289 2450 est
1312 2408 1387 2448 illa
1404 2420 1493 2448 vox
1517 2407 1607 2458 ejus
1630 2407 1743 2449 inter
1765 2420 1839 2448 un-

1121 2464 1199 2506 das
1223 2464 1529 2517 procellasque
1552 2463 1840 2505 tentatic'mum

1018 2521 1275 2563 irruentium
1296 2520 1597 2572 deprehensae,
1617 2525 1748 2572 atque
1768 2533 1838 2561 au-

1019 2577 1169 2618 xilium
1184 2577 1470 2630 protectionis
1483 2576 1597 2618 illius
1607 2576 1838 2627 gemebun-

1018 2633 1076 2674 do
1091 2633 1282 2675 clamere
1299 2633 1545 2685 quaerentis:
1565 2633 1623 2674 Ut
1639 2632 1742 2684 quid
1751 2632 1838 2672 De·

1005 2689 1131 2730 mine
1159 2690 1380 2731 recessisti
1408 2689 1550 2740 longe,
1579 2688 1766 2740 despicis
1793 2687 1837 2727 in

1018 2745 1434 2797 opportunitatibus,
1461 2745 1505 2786 in
1533 2741 1836 2787 tribulatione?
