2040 2990
807 196 1004 230 Dominica
1031 196 1078 229 ad
1105 195 1307 238 vesperas.

227 297 281 336 Ut
298 305 435 342 mane,
456 290 574 344 quod
593 303 675 333 nos
695 291 895 333 ultimum

274 348 358 390 Hic
377 348 667 401 deprecamur
686 348 846 398 cernui,

272 404 380 446 Cum
399 405 497 446 luce
515 404 642 446 nobis
660 404 820 454 effluat,

270 461 369 502 Hoc
389 461 494 503 dum
513 462 673 502 canore
694 463 942 513 cencrepat.

226 530 316 568 Deo
335 525 454 567 Patri
475 525 533 567 sit
551 525 702 577 gloria,

273 583 464 634 Eiusque
485 582 568 623 soli
587 581 711 631 Fssio,

272 638 381 680 Cum
402 639 566 692 Spiritu
584 637 814 686 Paraclito‚

272 695 400 737 Nunc
419 700 463 737 et
480 708 560 748 per
580 707 708 736 omne
728 693 947 735 saeculum.

298 780 300 782 -
455 752 608 792 Amen.

251 808 295 859 δ”.
325 807 501 860 Repleti
531 820 679 848 sumus
707 819 834 847 mane
854 806 1019 847 miseri-

197 863 347 905 cordia
362 868 448 905 tua.
470 869 515 918 li'-
536 863 872 911 Exsultavimus‚
889 867 932 904 et
947 862 1018 905 de-

197 920 347 962 lectati
365 933 524 962 sumus.

251 981 316 1021 Ad
339 980 493 1021 Bened.
512 982 609 1021 Ant.
637 977 884 1019 Illuminare
898 978 1019 1018 *Do-

196 1032 312 1073 mine
330 1032 407 1082 his,
425 1032 559 1084 quiin
578 1034 771 1076 tenebris
791 1034 956 1084 sedent,
977 1039 1020 1075 et

198 1088 335 1140 dirige
353 1088 490 1141 pedes
508 1095 684 1132 nostros
699 1091 742 1132 in
757 1090 872 1132 viam
887 1091 1019 1143 pacis,

197 1145 318 1187 Deus
337 1146 485 1187 Israel.

239 1215 393 1248 Preces.
426 1214 579 1257 quando
614 1213 788 1247 dicenda:
819 1220 920 1249 sunt,
952 1215 1015 1248 ha-

196 1265 330 1296 bentur
355 1273 469 1304 supra
496 1262 530 1294 in
558 1262 665 1295 Fcria
694 1261 734 1295 II.
761 1260 814 1296 52.

276 1394 550 1444 Dominiea
574 1395 643 1445 ad
665 1396 943 1462 Vesper-as.

251 1477 380 1516 Pater
399 1479 560 1516 noster.
587 1480 681 1519 Ave
699 1475 846 1518 Maria.

247 1528 296 1579 Y.
327 1530 447 1572 Deus
467 1530 510 1570 in
530 1531 803 1583 adjutorium.
832 1534 890 1575 15.

248 1590 344 1629 Ant.
374 1586 499 1629 Dixit
525 1587 750 1630 Deminus.

455 1648 650 1690 Psalmus
671 1651 761 1690 109.

235 1702 322 1766 ³3³5
330 1698 409 1740 ixit
425 1699 640 1740 Dominus
657 1700 848 1744 Demino
867 1716 981 1745 meo:
995 1705 1019 1730 *

240 1756 278 1783 ·‘*
296 1759 299 1785 ἰ
319 1782 323 1793 f
346 1754 460 1797 Sede
480 1768 505 1796 a
525 1755 691 1797 dextris
711 1758 835 1799 meis:

240 1783 256 1797 ⁷
291 1802 317 1829 „ſs

384 1812 538 1854 Donec
557 1825 717 1865 ponam
735 1815 936 1858 inimicos
955 1822 1018 1859 tu-

198 1879 259 1916 os,
278 1868 301 1892 *
321 1867 558 1909 scabellum
577 1869 740 1922 pedum
759 1874 944 1914 tuorum.

248 1923 429 1974 Virgam
449 1925 623 1967 virtutis
642 1930 730 1968 tuae
748 1931 917 1972 emittet
931 1931 1018 1972 De-

197 1980 339 2020 minus
367 1992 419 2022 ex
438 1981 559 2023 Sion:
578 1983 601 2007 *
621 1982 845 2027 dominare
869 1986 913 2027 in
933 1989 1018 2029 me-

199 2035 272 2077 dio
293 2036 566 2079 inimicorum
582 2041 769 2081 tuorum.
821 2091 825 2096 ,

249 2091 414 2133 Tecum
442 2094 703 2147 principium
732 2097 774 2137 in
796 2097 866 2139 die
886 2098 1017 2140 virtu-

197 2148 254 2189 tis
268 2153 356 2190 tuae
372 2148 415 2189 in
431 2149 739 2202 splendoribus
754 2156 1018 2196 sanctorum:

197 2204 220 2229 ¹⁸¹
241 2217 294 2245 ex
315 2207 440 2246 utero
457 2211 557 2248 ante
574 2206 799 2250 luciferum
817 2211 946 2261 genui
963 2217 1018 2253 te.

248 2260 271 2300 J
274 2261 415 2302 uravit
430 2262 655 2313 Deminus„
665 2270 718 2322 'et
732 2278 820 2306 non
835 2267 1017 2319 poenite-

198 2316 262 2358 bit
282 2329 395 2358 eum:
410 2318 433 2343 ¹⁸¹
449 2318 518 2359 Tu
538 2331 584 2360 es
605 2320 812 2363 sacerdos
831 2322 875 2363 in
895 2326 1017 2365 aeter-

198 2386 309 2470 gun?l
318 2374 560 2416 secundum
579 2375 778 2419 ordinem
792 2378 1017 2422 Melchise-

229 2442 279 2470 ec
312 2460 320 2469 .

247 2485 461 2526 Dominus
477 2499 502 2527 a
517 2486 682 2529 dextris
698 2490 795 2539 tuis,
812 2492 835 2516 *
852 2492 1016 2534 confre-

196 2540 260 2592 git
279 2541 322 2581 in
342 2541 412 2583 die
431 2542 507 2584 irae
527 2556 618 2585 suae
637 2558 773 2596 reges.

246 2597 270 2637 J
273 2597 468 2640 udieabit
485 2599 527 2640 in
542 2601 802 2652 nati6nibus,
818 2602 1017 2656 implebit

196 2656 360 2694 ruinas:
392 2655 415 2679 *
451 2657 763 2707 conquassabit
796 2660 940 2712 capita
974 2662 1014 2702 in

196 2714 311 2752 terra
332 2711 578 2754 multorum.

1122 291 1190 332 De
1216 291 1413 331 torrente
1437 289 1482 330 in
1504 289 1576 330 via
1600 288 1739 331 bibet:
1757 290 1781 315 *
1800 302 1898 342 pro-

1071 348 1223 400 pterea
1243 345 1455 388 exaltabit
1474 350 1617 398 caput.

1126 412 1222 450 Ant.
1278 407 1400 449 Dixit
1444 406 1661 448 Dominus
1705 406 1898 448 Demino

1072 475 1186 505 meo:
1211 463 1324 505 Sede
1345 476 1370 504 a
1391 462 1558 505 dextris
1577 463 1697 505 meis.

1125 523 1221 562 Ant.
1254 519 1429 562 Fidelia.

1331 594 1529 634 Psalmus
1554 595 1637 633 110.

1073 653 1366 761 Confitebor
1398 653 1479 696 tibi
1506 655 1697 697 Domine
1728 655 1773 696 in
1799 660 1898 698 toto

1166 711 1300 753 corde
1318 723 1437 752 meo:
1455 711 1479 736 *
1498 711 1542 752 in
1564 711 1748 754 consilio
1766 713 1898 766 justo-

1072 781 1178 817 rum,
1198 772 1241 809 et
1260 767 1614 819 congregatione.

1123 824 1280 876 Magna
1312 826 1449 877 opera
1475 825 1670 866 Demini:
1697 826 1722 851 '⁸¹
1750 825 1898 878 exqui-

1072 883 1156 922 sita
1175 881 1218 921 in
1239 893 1390 922 omnes
1408 881 1658 923 voluntates
1679 883 1780 934 ejus.

1123 937 1352 979 Confessio
1382 942 1426 979 et
1444 937 1767 990 magnificentia
1786 951 1898 992 opus

1073 995 1179 1046 ejus:
1209 994 1233 1020 *
1266 998 1309 1036 et
1346 995 1511 1047 justitia
1548 995 1638 1047 ejus
1674 1000 1822 1038 manet
1853 995 1898 1037 in

1072 1050 1281 1092 saeculum
1309 1051 1470 1092 saeculi.

1123 1107 1381 1149 Memoriam
1400 1107 1504 1150 fecit
1519 1108 1785 1151 mirabilium
1800 1111 1898 1151 sue-

1071 1176 1183 1215 rum,
1211 1164 1461 1206 misericors
1487 1169 1531 1207 et
1557 1165 1791 1208 miserator
1810 1165 1898 1207 Do-

1071 1220 1231 1262 minus:
1242 1221 1265 1246 *
1277 1233 1422 1263 escam
1434 1221 1557 1264 dedit
1571 1222 1827 1264 timentibus
1841 1235 1899 1264 se.

1123 1277 1294 1319 Memor
1331 1278 1413 1320 erit
1450 1279 1495 1319 in
1527 1279 1738 1320 saeculum
1768 1283 1898 1321 testa-

1071 1334 1207 1375 menti
1227 1334 1310 1376 sui:
1330 1335 1354 1361 *
1371 1335 1580 1377 virtutem
1600 1337 1784 1389 eperum
1802 1337 1898 1378 suo-

1072 1403 1168 1431 rum
1187 1391 1462 1434 annuntiabit
1478 1391 1646 1445 pepulo
1667 1405 1764 1434 suo:

1124 1447 1183 1489 Ut
1217 1447 1292 1489 det
1325 1448 1413 1490 illis
1444 1448 1751 1491 haereditatem
1786 1449 1898 1492 Gen-

1071 1504 1195 1545 tium:
1205 1505 1228 1531 *
1245 1507 1381 1558 Opera
1396 1507 1603 1547 manuum
1619 1507 1710 1558 ejus
1725 1506 1899 1554 veritas,

1073 1565 1116 1602 et
1143 1560 1360 1613 judicium.

1123 1617 1291 1659 Fidelia
1303 1618 1449 1660 omnia
1460 1617 1667 1660 mandata
1678 1620 1784 1671 ejus:
1798 1632 1898 1662 con-

1072 1674 1245 1715 firmata
1264 1674 1307 1715 in
1328 1675 1539 1716 saeculum
1559 1675 1721 1728 saeculi,
1741 1676 1765 1702 *
1782 1676 1898 1718 facta

1072 1730 1115 1771 in
1133 1731 1319 1772 veritate
1340 1735 1384 1773 et
1403 1732 1623 1784 aequitate.

1122 1786 1494 1841 Redemptionem
1552 1788 1673 1830 misit
1730 1789 1897 1843 pepulo

1072 1856 1171 1885 suo:
1187 1844 1211 1870 *
1226 1844 1452 1887 mandavit
1471 1845 1515 1886 in
1534 1847 1747 1887 aeternum
1766 1850 1898 1888 testa-

1071 1901 1266 1942 mentum
1284 1914 1423 1943 suum.
1492 1936 1496 1941 s

1122 1957 1341 2008 Sanctum,
1356 1962 1401 2000 et
1414 1958 1612 2000 terribile
1622 1971 1783 2001 nomen
1793 1961 1898 2012 ejus:

1071 2014 1094 2039 *
1115 2014 1284 2056 initium
1308 2015 1537 2068 sapientiae
1557 2015 1898 2060 timor.D6mini.

1123 2070 1378 2112 Intellectus
1415 2071 1559 2114 bonus
1596 2072 1799 2114 Omnibus
1839 2073 1896 2114 fa-

1071 2126 1289 2169 cientibus
1311 2140 1426 2169 eum:
1444 2129 1468 2155 *
1486 2128 1682 2171 laudatio
1703 2129 1793 2182 ejus
1810 2142 1897 2170 ma-

1070 2189 1145 2226 net
1162 2183 1205 2224 in
1226 2184 1435 2226 saeculum
1457 2185 1618 2227 saeculi.

1120 2246 1220 2286 Ant.
1237 2244 1406 2287 Fidelia
1418 2246 1563 2287 emnia
1574 2246 1779 2288 mandeta
1792 2248 1896 2299 ejus:

1071 2301 1327 2343 confirmata
1344 2302 1387 2342 in
1409 2302 1619 2344 saeculum
1638 2303 1799 2345 saeculi.

1123 2364 1220 2403 Ant».
1244 2363 1293 2402 In
1310 2362 1539 2405 mandatis.

1337 2431 1534 2473 l'salmus
1555 2435 1625 2473 111.

1070 2486 1278 2592 Beatus
1297 2492 1379 2542 vir,
1407 2494 1483 2545 qui
1498 2494 1624 2536 timet
1644 2495 1896 2536 Dominum:

1165 2550 1188 2575 *
1208 2549 1251 2589 in
1270 2549 1489 2591 mandatis
1509 2551 1600 2602 ejus
1619 2551 1740 2594 volet
1756 2551 1896 2592 nimis.

1122 2606 1286 2647 Potens
1310 2605 1353 2645 in
1378 2610 1496 2647 terra
1517 2607 1600 2648 erit
1619 2621 1768 2650 semen
1790 2609 1895 2660 ejus:

1070 2663 1093 2688 *
1112 2661 1338 2714 generatio
1358 2665 1580 2705 recterum
1598 2664 1895 2707 benedicetur.

1122 2718 1289 2767 Gloria,
1318 2723 1361 2760 et
1381 2718 1546 2762 divitiae
1566 2721 1610 2762 in
1634 2721 1768 2764 domo
1789 2721 1895 2773 ejus:
