2040 2990
703 187 881 222 Rubrieae
907 189 1106 231 generales
1131 189 1329 224 Breviarii¹

160 289 271 313 suetum
280 285 308 312 in
319 285 411 319 aliqua
422 286 546 313 Ecclesia
555 286 698 319 celebrari,
713 287 841 320 quamvis
850 286 878 312 in
887 287 988 314 Kalen-

162 324 240 351 dario
258 325 340 358 hujus
359 325 495 352 Breviarii
513 333 569 351 non
589 325 624 351 sit
642 325 818 359 descriptum.

212 365 235 390 2.
261 364 392 391 Officium
417 365 506 391 Feriae
533 365 560 390 in
587 364 734 398 Adventu,
762 365 987 398 Quadragesima,

161 403 288 435 Quatuor
302 403 496 437 Temporibus,
516 403 630 437 Vigiliis,
648 406 676 430 et
694 404 784 438 prima
800 404 844 430 die
859 404 987 437 Rogatio-

159 451 241 474 num,
267 442 363 476 incipit
386 449 403 468 a
427 443 576 469 Matutino:
603 443 631 469 in
656 443 716 469 aliis
741 451 808 469 vero
828 443 914 470 Feriis
938 451 988 477 per

160 489 272 514 annum,
290 481 355 508 inde
373 482 404 508 fit
423 482 457 508 de
476 482 569 515 Feria,
587 482 635 508 ubi
653 482 753 509 desinit
772 483 902 510 Officium
918 491 987 517 prae-

159 521 283 548 cedentis
302 520 364 553 diei,
383 521 422 547 ita
440 524 471 547 ut
489 521 512 547 si
525 521 693 555 praecedenti
712 522 756 548 die
769 522 853 548 fuerit
867 522 987 555 Duplex,

160 561 204 587 vel
219 559 406 593 Semiduplex,
425 560 555 587 Officium
571 560 657 586 Feriae
672 561 784 594 incipiat
798 561 924 595 sequenti
944 561 987 587 die

160 607 177 625 a
190 599 339 626 Matutino:
353 599 376 625 si
389 599 556 633 praecedenti
571 599 616 626 die
630 599 714 626 fuerit
728 600 840 626 Festum
856 599 987 634 Simplex,

161 639 195 665 de
213 638 293 664 Feria
315 638 364 664 fiat
384 645 401 664 a
419 638 550 672 Vesperis
572 638 645 664 illius
664 639 846 672 praeeedentis
870 639 923 666 diei
948 639 987 665 in-

159 677 271 704 clusive.
303 677 435 704 Similiter
448 681 475 704 et
489 678 601 711 quando
619 677 647 704 in
661 678 742 704 Feria
754 682 855 711 quarta
868 682 895 705 et
909 682 987 705 sexta

160 716 287 748 Quatuor
304 716 474 750 Temporum
493 716 677 750 Septembris,
696 720 723 744 et
741 717 769 743 in
788 718 868 744 Feria
887 722 987 752 quarta

159 755 298 788 Cinerum,
317 763 349 782 ac
367 755 395 781 in
408 755 514 789 Vigiliis
528 756 649 782 occurrit
663 757 775 790 aliquod
790 757 902 783 Festum
917 757 987 783 Sim-

158 794 231 828 plex,
250 794 284 821 de
302 802 358 828 quo
377 794 437 821 fieri
456 795 537 821 debet
551 796 787 829 commemoratio,
806 799 872 822 tunc
886 804 987 830 praece-

159 834 234 860 denti
253 833 298 859 die
316 834 380 865 <nisi
402 834 486 860 fuerit
505 835 616 860 Festum
635 843 736 861 novem
757 835 933 864 Lectionum)
958 835 986 861 in

158 873 290 906 Vesperis
309 873 340 899 fit
358 873 393 899 de
407 873 495 906 Feria‚
514 876 545 899 ut
565 874 592 899 in
606 874 753 907 Psalterio,
772 874 832 900 sine
845 874 986 907 Precibus,

158 919 221 938 cum
236 912 368 938 Oratione
378 912 532 938 Dominicae
546 913 736 946 praecedentis,
750 917 777 939 et
791 921 852 939 cum
868 921 986 940 comme-

158 951 312 977 moratione
329 951 404 977 Festi
422 951 507 977 trium
526 951 691 979 Lectionum
715 953 742 978 in
761 953 887 985 sequenti
907 952 986 978 Feria

159 990 337 1021 occurrentis,
356 993 387 1017 ut
406 990 514 1017 dicetur
532 990 606 1017 infra
625 991 653 1017 in
672 991 796 1018 Rubrica
815 991 849 1017 de
865 991 985 1018 Concur-

157 1029 254 1056 rentia.
291 1029 470 1056 Terminatur
492 1033 584 1056 autem
604 1030 735 1057 Officium
761 1031 795 1057 de
819 1030 899 1057 Feria
922 1031 985 1056 sub-

157 1071 290 1102 sequente
310 1069 431 1102 Duplici,
450 1069 494 1095 vel
513 1068 700 1103 Semiduplici,
720 1070 756 1095 ad
776 1070 897 1096 Nonam:
922 1070 985 1095 sub-

158 1111 291 1141 sequente
304 1115 372 1134 vero
385 1107 517 1142 Simplici,
537 1108 571 1134 de
585 1116 641 1141 quo
656 1108 716 1134 fieri
730 1109 830 1135 debeat
845 1108 985 1141 Officium,

157 1147 193 1173 ad
211 1147 370 1180 Capitulum
389 1147 591 1181 Vesperarum,
616 1147 682 1181 quia
706 1148 770 1174 inde
794 1148 825 1174 fit
848 1148 883 1173 de
903 1148 984 1173 Festo

157 1185 279 1220 Simplici
298 1186 405 1220 absque
421 1187 479 1213 ulla
494 1186 624 1220 deinceps
638 1187 873 1213 comemoratione
889 1186 983 1212 Feriae.

209 1226 233 1251 3.
251 1225 297 1251 Ad
315 1225 483 1252 Matutinum
508 1226 609 1252 dicitur
631 1233 716 1252 unum
740 1230 849 1252 tantum
868 1226 984 1253 Noctur-

156 1271 223 1290 num
249 1272 313 1291 cum
340 1265 487 1291 duodecim
516 1265 650 1298 Psalmis,
676 1266 829 1291 secundum
858 1265 984 1291 ordinem

156 1303 301 1330 Feriarum
319 1304 347 1330 in
365 1304 510 1337 Psasterio,
529 1307 557 1330 et
574 1304 664 1330 tribus
683 1304 876 1337 Lectionibus,
901 1307 931 1330 ut
956 1304 983 1329 in

155 1342 274 1376 Proprio
294 1343 329 1369 de
348 1343 494 1377 Tempore⁴

206 1382 231 1408 4.
250 1382 435 1416 Excipiuntur
459 1383 495 1408 ab
519 1382 572 1408 hoc
597 1382 738 1408 ordinario
758 1382 849 1409 Officii
869 1382 983 1408 Ferialis

156 1424 213 1447 tres
231 1421 320 1447 Feriae
344 1422 463 1454 majores
486 1421 679 1447 Hebdomadae
704 1425 821 1454 sanctae,
846 1425 872 1447 et
896 1421 983 1447 Feriae

157 1460 326 1486 Octavarum
339 1460 456 1487 Paschae
470 1463 496 1486 et
510 1460 739 1494 Pentecostes„in
754 1460 855 1494 quibus
870 1460 900 1486 fit
916 1460 983 1486 Offi-

157 1498 238 1532 cium,
256 1502 288 1526 ut
305 1499 334 1525 in
351 1499 472 1533 propriis
490 1498 559 1526 locis
576 1499 697 1532 ponitur.

208 1538 232 1564 5.
252 1537 399 1570 Quomodo
425 1538 610 1564 ordinandum
634 1538 669 1564 sit
689 1538 819 1565 Officium
844 1538 878 1564 de
902 1537 982 1564 Feria

156 1577 193 1604 ad
210 1577 377 1604 Matutinum
399 1580 427 1604 et
448 1577 517 1604 alias
534 1577 640 1610 Horas,
662 1577 727 1603 item
751 1577 785 1603 de
804 1576 983 1603 Lectionibus

156 1619 183 1642 et
196 1616 401 1650 Responsoriis,
414 1619 442 1643 et
456 1617 569 1650 quando
582 1616 706 1643 dicendae
721 1617 775 1642 sint
785 1616 886 1643 Preces
903 1616 982 1642 feria-

155 1655 209 1689 les,
233 1663 264 1682 ac
287 1655 321 1682 de
339 1655 414 1688 aliiS,
438 1663 501 1689 quae
524 1656 560 1682 ad
580 1655 710 1682 Officium
730 1656 817 1682 Feriae
835 1656 982 1689 pertinent,

155 1694 294 1721 habentur
311 1694 427 1721 inferius
446 1694 480 1721 de
499 1695 614 1728 singulis
632 1695 753 1729 propn'ae
773 1695 912 1721 Rubricae.

418 1765 476 1798 VI.
504 1767 554 1797 De
577 1767 719 1806 Vigiliis.

207 1833 222 1851 e
237 1824 337 1858 Vigilia
356 1824 387 1850 fit
406 1824 536 1851 Officium
554 1825 583 1850 in
602 1824 730 1851 omnibus
744 1825 850 1858 Vigiliis
869 1833 919 1859 per
935 1834 981 1852 an-

162 1830 205 1891 D
218 1871 285 1890 num
304 1871 368 1897 quae
386 1863 550 1897 jejunantur,
569 1863 616 1890 ubi
634 1863 662 1889 in
677 1864 847 1890 Kalendario
867 1865 981 1892 adnota-

154 1907 200 1930 tur
223 1903 284 1930 haec
308 1910 364 1929 vox
388 1904 500 1936 Vigilia.
524 1902 578 1929 nisi
601 1903 629 1929 in
653 1902 698 1929 die
723 1903 829 1936 Vigiliae
854 1909 981 1931 occurrat

155 1943 266 1970 Festum
290 1949 391 1968 novem
411 1942 587 1974 Lectionum,
613 1942 655 1968 vel
675 1943 793 1976 Octava,
819 1947 884 1969 tune
907 1943 981 1969 enim

153 1982 182 2008 in
198 1981 299 2008 Officio
316 1989 417 2007 novem
436 1981 599 2007 Lectionum
618 1981 717 2015 legitur
739 1989 812 2008 nona
831 1982 927 2009 Lectio
946 1983 980 2008 de

154 2020 276 2047 Homilia
290 2020 406 2053 Vigiliae,
425 2023 452 2046 et
466 2020 497 2046 fit
510 2021 737 2047 commemoratio
756 2022 790 2048 de
811 2030 843 2048 ea
858 2022 894 2048 ad
909 2022 980 2048 Lau-

154 2059 204 2086 des
226 2062 349 2092 tantum,
373 2067 435 2085 cum
454 2059 617 2093 Antiphona
640 2060 674 2086 ad
694 2060 874 2094 Benedictus,
899 2065 926 2087 et
945 2057 979 2093 W.

129 2098 242 2125 aFeriae
260 2098 429 2125 occurrentis
448 2098 483 2124 de
502 2098 646 2131 Psalterio‚
665 2103 692 2126 et
711 2100 842 2126 Oratione
857 2100 979 2134 Vigiiiae3

153 2140 340 2171 praeterquam
363 2137 390 2164 in
415 2137 469 2164 illis
487 2138 576 2164 Pestis
593 2138 758 2172 majoribus,
781 2147 844 2173 quae
863 2139 980 2166 inferius

154 2177 336 2210 excipiuntur.

206 2216 229 2242 2.
249 2214 278 2241 Si
291 2216 391 2250 Vigilia
405 2219 533 2242 occurrat
546 2215 575 2241 in
589 2216 744 2250 Dominica,
763 2217 798 2243 de
816 2225 848 2243 ea
867 2218 898 2243 fit
912 2217 979 2243 Offi-

153 2254 227 2281 cium
251 2254 279 2280 in
298 2254 435 2288 Sabbato,
460 2255 535 2288 quod
559 2262 616 2280 non
638 2255 674 2281 sit
696 2255 859 2290 impeditum
879 2256 979 2282 Officio

153 2301 254 2320 novem
272 2293 451 2320 Lectionum:
475 2294 540 2327 quia
558 2297 624 2320 tunc
644 2295 678 2321 de
697 2295 798 2327 vigilia
822 2296 852 2321 tit
871 2298 979 2321 tantum

153 2333 392 2366 commemoratio,
422 2336 452 2359 ut
476 2333 579 2359 dictum
604 2336 653 2359 est.
696 2334 842 2368 Excipitur
868 2335 903 2360 ab
927 2334 979 2361 hac

153 2371 247 2404 regula
261 2369 360 2404 vigilia
375 2371 534 2398 Nativitatis
548 2375 575 2397 et
589 2372 753 2405 Epiphaniae
770 2374 895 2407 Domini,
915 2382 978 2406 quae

152 2410 176 2436 si
195 2411 321 2436 venerint
338 2410 366 2436 in
385 2411 546 2443 Dominica,
571 2411 602 2436 fit
620 2411 655 2436 de
673 2411 739 2445 illis,
765 2415 794 2438 ut
813 2412 840 2438 in
859 2413 978 2446 propriis

153 2449 283 2475 Rubricis
297 2449 404 2476 dicitur.
424 2449 452 2475 Si
467 2453 559 2476 autem
574 2450 601 2475 in
613 2450 710 2482 vigilia
725 2455 852 2477 occurrat
866 2452 978 2477 Festum

152 2487 274 2514 solemne
292 2488 408 2520 alicujus
426 2488 488 2520 loci,
507 2489 550 2514 vel
570 2497 603 2514 ex
618 2489 830 2515 solemnioribus
844 2490 917 2515 infra
932 2498 977 2516 an-

152 2534 227 2559 num,
247 2535 310 2560 quae
328 2527 444 2553 inferius
462 2527 490 2552 in
510 2527 632 2553 Rubrica
651 2527 686 2553 de
706 2528 977 2554 Commemorationi-

152 2565 205 2591 bus
223 2569 405 2592 numerantur
425 2566 522 2595 (veluti
545 2566 568 2592 si
592 2567 619 2592 in
640 2567 738 2599 Vigilia
756 2567 842 2593 sancti
860 2567 978 2593 Joannis

152 2603 285 2637 Baptistae
299 2605 405 2631 venerit
419 2605 530 2631 Festum
545 2605 677 2639 Corporis
691 2605 812 2639 Christi),
831 2606 899 2631 nihil
912 2609 977 2632 tunc

152 2649 280 2676 prorsu5‚
304 2651 356 2670 nec
373 2645 598 2670 commemoratio
623 2644 654 2670 fit
679 2645 713 2670 de
732 2645 843 2678 Vigilia,
862 2648 977 2678 excepta

151 2680 251 2713 vigilia
274 2681 443 2715 Epiphaniae.
485 2683 563 2709 Idem
591 2686 717 2710 servetur
744 2683 856 2717 quando
884 2683 978 2716 alique.

152 2719 250 2753 Vigilia
264 2721 370 2747 venerit
382 2721 411 2747 in
424 2722 565 2755 Adventu,
580 2722 797 2756 Quadragesima
813 2726 839 2748 et
850 2722 976 2754 Quatuor

1041 287 1239 321 Temporibus,
1262 288 1339 314 nulla
1357 289 1429 314 enim
1448 289 1476 315 in
1499 289 1541 315 his
1560 290 1646 316 Feriis
1665 290 1700 317 de
1718 291 1816 324 vigilia
1837 291 1867 317 fit

1040 327 1274 353 commemoratio.

1091 366 1115 392 3.
1135 365 1267 392 Officium
1287 366 1392 400 Vigiliae
1415 367 1510 401 incipit
1534 368 1569 393 ad
1593 369 1770 402 Matutinum,
1795 370 1866 396 sicut

1040 405 1143 431 dictum
1158 408 1198 431 est
1211 405 1239 431 in
1254 405 1390 439 superiori
1405 406 1529 433 Rubrica
1542 407 1576 433 de
1590 408 1688 440 Feriis3
1702 409 1867 435 terminatur

1040 447 1132 470 autem
1147 444 1182 469 ad
1197 444 1314 477 Nonam,
1333 445 1397 478 quia
1413 445 1543 479 Vesperae
1558 450 1621 473 sunt
1636 447 1670 473 de
1684 455 1759 480 sequ.
1775 448 1865 474 Festo.

1091 488 1115 513 4.
1135 487 1266 514 Officium
1281 488 1387 521 Vigiliae
1402 491 1490 515 totum
1511 490 1541 516 fit
1561 490 1594 516 de
1609 490 1688 516 Feria
1702 491 1865 523 occurrenti,

1039 530 1070 552 ut
1089 526 1115 552 in
1132 527 1280 553 Psalterio:
1300 530 1327 553 et
1345 531 1401 554 tres
1415 528 1561 555 Lectiones
1577 529 1705 563 leguntur
1722 530 1756 556 de
1771 530 1865 556 Homi-

1039 565 1075 591 lia
1092 565 1120 591 in
1140 565 1320 599 Evangelium
1339 567 1458 601 Vigiliae,
1481 571 1511 594 ut
1529 568 1556 594 in
1576 569 1695 602 propriis
1714 569 1781 595 locis
1800 570 1865 595 assi-

1038 608 1147 637 gnatur,
1165 613 1228 631 cum
1247 605 1336 632 tribus
1351 607 1546 640 Responsoriis
1561 607 1595 634 de
1610 607 1689 634 Feria
1703 609 1866 642 occurrenti,

1039 643 1136 670 ordine
1150 644 1178 669 in
1192 644 1314 671 Rubrica
1330 645 1365 672 de
1380 646 1576 680 Responsoriis
1591 647 1736 680 descripto.
1764 648 1865 673 Dicun-

1039 687 1085 710 tur
1104 684 1204 710 Preces
1224 684 1343 717 feriales,
1361 689 1387 711 et
1405 686 1679 712 commemorationes
1698 694 1866 719 communes,

1039 723 1148 756 aliaque
1166 723 1259 749 omnia
1277 724 1347 750 sicut
1371 724 1398 750 in
1419 725 1504 750 Feriis
1523 724 1682 758 Adventus,
1709 726 1865 758 Quadrage-

1039 762 1116 788 simae
1136 766 1162 788 et
1182 762 1309 794 Quatuor
1328 763 1510 797 Temporum,
1535 764 1569 790 de
1588 765 1689 797 quibus
1707 768 1734 790 et
1752 765 1787 790 de
1806 765 1865 791 aliis

1038 802 1111 828 circa
1135 802 1321 828 ordinandum
1349 803 1407 836 ejus
1432 803 1562 829 Officium
1589 804 1727 830 habentur
1751 804 1865 830 inferius

1038 841 1159 874 propriae
1178 841 1317 867 Rubricae.

1090 885 1113 911 ἵ).
1134 885 1278 918 Excipitur
1302 886 1338 911 ab
1362 886 1415 913 hoc
1439 886 1579 912 ordinario
1603 887 1778 919 Vigiliarum,
1802 895 1864 920 quae

1039 924 1202 957 jejunantur,
1222 924 1319 957 Vigilia
1340 925 1526 958 Pentecostes,
1545 933 1608 959 quae
1626 934 1689 952 cum
1709 926 1797 952 tribus
1813 927 1865 952 No-

1037 963 1143 989 cturnis
1162 963 1215 989 sub
1230 963 1330 990 Officio
1344 964 1523 998 Semiduplici
1537 965 1700 998 celebratur,
1719 969 1750 991 ut
1769 965 1819 999 ibi,
1839 969 1865 991 et

1038 1002 1136 1035 Vigilia
1155 1003 1313 1029 Nativitatis
1328 1004 1448 1037 Domini,
1466 1012 1538 1037 quae,
1557 1005 1700 1031 Nocturno
1715 1005 1802 1031 Feriae
1822 1013 1865 1031 ex-

1037 1041 1126 1075 cepto,
1146 1042 1173 1067 in
1188 1042 1332 1068 Laudibus
1347 1046 1373 1069 et
1388 1043 1472 1069 Horis
1486 1044 1570 1070 habet
1582 1043 1719 1076 reliquum
1736 1044 1865 1070 Officium

1038 1081 1158 1114 Duplex.
1194 1081 1226 1107 In
1246 1081 1351 1114 Vigiliis
1372 1090 1438 1108 vero
1455 1083 1617 1116 Epiphaniae
1637 1086 1663 1108 et
1678 1083 1865 1115 Ascensionis,

1038 1128 1101 1153 quae
1120 1128 1176 1146 non
1191 1121 1355 1154 jejunantur,
1375 1121 1405 1147 fit
1420 1121 1559 1153 Officium,
1578 1126 1608 1148 ut
1623 1122 1649 1147 in
1664 1122 1783 1155 propriis
1797 1122 1865 1148 locis

1037 1163 1157 1185 notatur.

1291 1209 1365 1240 VH.
1393 1210 1441 1240 De
1467 1210 1612 1242 Oetavis.

1046 1273 1103 1332 l)e
1123 1267 1228 1293 Octava
1249 1267 1278 1293 fit
1299 1267 1438 1300 Officium,
1456 1268 1501 1294 vel
1520 1268 1617 1294 saltem
1637 1269 1862 1295 commemoratio

1102 1307 1226 1340 <quando
1245 1307 1338 1340 aliquo
1357 1307 1452 1339 Festo,
1475 1307 1518 1333 vel
1537 1307 1683 1334 Dominica
1703 1308 1861 1341 impeditur)

1036 1353 1086 1379 per
1104 1349 1166 1372 octo
1186 1346 1245 1372 dies
1263 1346 1418 1372 continuos.
1451 1346 1494 1372 Fit
1514 1346 1549 1372 de
1563 1347 1668 1373 Octava
1686 1347 1713 1372 in
1728 1347 1862 1373 Paschate

1036 1385 1267 1417 Resurrectionis,
1285 1385 1312 1410 in
1327 1385 1498 1411 Ascensione
1513 1385 1633 1418 Domini,
1648 1386 1676 1412 in
1690 1387 1862 1418 Pentecoste,

1035 1424 1063 1450 in
1083 1425 1164 1450 Festo
1179 1424 1312 1457 Corporis
1326 1424 1436 1457 Christi,
1453 1424 1481 1450 in
1496 1425 1584 1450 Festis
1599 1425 1700 1457 quibus
1718 1426 1746 1451 in
1762 1425 1862 1451 Kalen-

1036 1463 1114 1489 dario
1132 1463 1281 1496 apponitur
1296 1463 1408 1489 Octava.
1446 1463 1514 1489 Item
1533 1463 1561 1489 in
1576 1464 1658 1490 Festo
1674 1464 1862 1490 Dedicationis

1035 1502 1156 1535 propriae
1175 1501 1313 1535 Ecclesiae,
1332 1505 1359 1528 et
1377 1502 1405 1528 in
1420 1502 1502 1528 Festo
1520 1503 1679 1536 principalis
1695 1503 1816 1536 Patroni,
1835 1506 1861 1529 et

1036 1541 1169 1567 Titularis
1188 1541 1241 1567 loci
1259 1541 1304 1567 vel
1319 1541 1457 1575 Ecclesiae,
1475 1545 1501 1568 et
1518 1542 1547 1568 in
1561 1543 1649 1568 Festis
1663 1543 1780 1569 aliorum
1795 1542 1860 1569 San-

1034 1584 1151 1613 ctorum,
1171 1588 1234 1614 quae
1253 1581 1329 1614 apud
1347 1581 1481 1614 quasdem
1501 1581 1651 1614 Ecclesias,
1669 1582 1861 1615 Congregatio-

1034 1627 1083 1646 nes
1098 1623 1125 1646 et
1140 1619 1297 1653 Religiones
1311 1623 1517 1646 consueverunt
1530 1621 1691 1647 solemniter
1704 1629 1766 1647 curn
1782 1621 1860 1647 Octa-

1034 1659 1077 1685 vis
1096 1659 1244 1687 celebrari.
1266 1658 1318 1684 nisi
1342 1659 1388 1685 illa
1407 1659 1489 1685 Festa
1509 1660 1633 1686 venerint
1656 1660 1683 1686 in
1704 1660 1860 1693 Quadrage-

1034 1698 1116 1730 sima,
1142 1706 1197 1731 quo
1216 1701 1340 1732 tempore
1363 1699 1498 1725 omittitur
1516 1699 1645 1726 Officium
1664 1700 1860 1733 cujuscumque

1035 1738 1156 1764 Octavae.
1193 1737 1275 1773 Quod
1299 1738 1322 1763 si
1339 1737 1453 1770 aliquod
1472 1738 1599 1771 Festum,
1626 1739 1702 1772 quod
1725 1738 1859 1764 celebrari

1034 1777 1105 1803 solet
1123 1784 1186 1803 cum
1201 1776 1314 1810 Octava,
1333 1776 1417 1810 paulo
1436 1781 1500 1803 ante
1515 1777 1759 1810 Quadragesimam
1779 1785 1858 1803 vene-

1034 1816 1077 1849 rit,
1103 1819 1130 1842 et
1155 1816 1208 1848 jam
1227 1823 1278 1849 per
1295 1815 1401 1849 aliquot
1421 1815 1479 1842 dies
1499 1817 1603 1843 factum
1622 1817 1657 1842 sit
1675 1816 1803 1843 Officium
1824 1816 1858 1842 de

1033 1855 1091 1888 ejus
1107 1855 1220 1887 Octava,
1238 1855 1402 1881 adveniente
1415 1855 1641 1889 Quadragesima,
1659 1855 1727 1882 nihil
1740 1855 1858 1888 amplius

1033 1895 1064 1921 fit
1083 1895 1118 1921 de
1135 1902 1176 1927 ea,
1194 1903 1245 1921 nec
1264 1895 1496 1921 commemoratio.
1533 1894 1569 1921 Et
1587 1895 1660 1921 idem
1679 1898 1805 1921 servetur
1824 1894 1857 1920 de

1033 1934 1145 1960 Octavis
1158 1934 1282 1960 nondum
1296 1933 1438 1967 absolutis,
1452 1934 1565 1968 quando
1576 1934 1735 1967 supervenit
1745 1934 1856 1960 Festum

1033 1974 1220 2006 PentecosteS,
1239 1976 1267 1999 et
1285 1973 1343 2000 dies
1362 1973 1425 2000 xvii.
1445 1973 1615 2000 Decembris.

1083 2017 1106 2043 2.
1119 2017 1150 2042 ln
1161 2017 1267 2043 Pascha
1275 2017 1496 2053 Resurrectionis
1505 2021 1532 2043 et
1540 2017 1717 2043 Pentecostes
1727 2015 1856 2042 Officium

1033 2056 1146 2082 Octavae
1164 2055 1329 2082 terminatur
1351 2057 1379 2082 in
1399 2056 1521 2083 Sabbato
1541 2056 1666 2089 sequenti
1685 2055 1720 2082 ad
1740 2056 1856 2081 Nonam.

1083 2100 1107 2125 3.
1127 2099 1204 2125 Infra
1220 2099 1340 2125 Octavas
1355 2100 1385 2126 fit
1402 2100 1436 2126 de
1451 2100 1539 2126 Festis
1554 2099 1718 2133 Duplicibus
1732 2102 1759 2125 et
1773 2098 1856 2124 Semi>

1032 2137 1189 2172 duplicibus
1207 2139 1429 2173 occurrentibus,
1444 2147 1476 2165 ac
1490 2138 1571 2165 etiam
1586 2138 1750 2172 Duplicibus
1769 2141 1856 2164 trans-

1031 2178 1102 2211 latis,
1121 2177 1155 2203 de
1173 2177 1275 2210 quibus
1289 2177 1396 2204 dicetur
1409 2177 1483 2204 infra
1497 2178 1550 2204 Tit.
1565 2178 1599 2203 X.
1614 2177 1648 2203 de
1663 2177 1856 2203 Translatione

1032 2218 1191 2250 Festorum,
1215 2224 1277 2243 cum
1303 2217 1564 2244 commemoratione
1582 2217 1708 2249 Octavae,
1733 2215 1784 2242 nisi
1809 2215 1856 2242 illa

1031 2257 1114 2283 Festa
1132 2256 1187 2282 sint
1205 2256 1239 2282 de
1258 2257 1470 2283 solemnioribus
1488 2256 1656 2283 enumeratis
1678 2256 1706 2282 in
1730 2256 1855 2289 sequenti

1033 2295 1154 2322 Rubrica
1174 2295 1208 2321 de
1223 2295 1546 2328 Commemorationibus,
1564 2295 1592 2321 in
1611 2295 1712 2328 quibus
1730 2294 1807 2320 nulla
1825 2294 1855 2320 fit

1030 2334 1256 2361 commemoratio
1280 2334 1315 2361 de
1334 2335 1451 2367 Octava,
1475 2334 1596 2368 exceptis
1621 2334 1733 2360 Octavis
1752 2333 1855 2359 Nativi-

1031 2374 1103 2406 tatis,
1122 2373 1286 2407 Epiphaniae
1309 2377 1336 2399 et
1355 2373 1487 2407 Corporis
1506 2373 1621 2406 Christi,
1644 2373 1677 2398 de
1700 2372 1801 2406 quibus
1825 2371 1855 2397 fit

1030 2419 1140 2446 semper
1166 2413 1407 2445 commemoratio,
1433 2419 1608 2445 quocumque
1638 2412 1719 2437 Festo
1746 2411 1775 2436 in
1802 2410 1854 2436 illis

1030 2454 1200 2478 occurrente.
1237 2451 1315 2477 Infra
1334 2452 1454 2478 Octavas
1472 2454 1564 2477 autem
1583 2450 1698 2477 Paschae
1717 2453 1744 2476 et
1757 2449 1853 2475 Pente-

1030 2493 1120 2516 costes
1139 2497 1194 2515 non
1213 2490 1243 2516 fit
1262 2490 1297 2516 de
1316 2490 1397 2516 Festo
1417 2490 1518 2523 aliquo,
1538 2490 1620 2516 etiam
1638 2488 1783 2523 principali
1803 2488 1852 2513 Pa-

1029 2532 1110 2554 trono
1125 2529 1169 2554 vel
1182 2529 1300 2555 Titulari
1316 2529 1454 2562 Ecclesiae,
1468 2529 1512 2554 vel
1529 2528 1709 2555 Dedicatione
1723 2526 1852 2560 ejusdem,

1029 2568 1078 2593 sed
1097 2567 1264 2594 transfertur
1288 2571 1351 2601 post
1370 2568 1515 2600 Octavam,
1540 2567 1562 2593 si
1588 2566 1732 2592 transferri
1755 2565 1852 2596 valeat,

1029 2614 1109 2632 secus
1127 2606 1162 2633 de
1180 2614 1212 2632 eo
1232 2607 1262 2632 fit
1279 2606 1518 2638 commemoratio,
1536 2610 1566 2633 ut
1585 2606 1691 2632 dicetur
1709 2606 1736 2631 in
1754 2604 1850 2630 eadem

1030 2645 1152 2671 Rubrica
1172 2645 1207 2671 de
1222 2645 1415 2671 Translatione
1433 2645 1586 2671 Festorum.
1623 2645 1700 2671 Infra
1717 2644 1849 2671 Octavam

1029 2683 1190 2717 Epiphaniae
1211 2684 1241 2710 fit
1259 2687 1367 2710 tantum
1381 2684 1415 2710 de
1428 2685 1551 2710 Patrono
1567 2685 1610 2710 vel
1626 2683 1743 2709 Titulari
1756 2682 1850 2708 Eccle-

1028 2722 1084 2756 siae,
1094 2725 1120 2749 et
1130 2723 1311 2750 Dedicatione
1320 2723 1442 2756 ejusdem
1453 2725 1519 2755 (non
1529 2727 1619 2750 tamen
1630 2722 1658 2748 in
1668 2722 1711 2748 die
1722 2722 1849 2754 Octava),
