2080 2990
614 224 789 258 Officium
815 224 989 257 votivum
1015 222 1061 255 dc
1090 220 1274 254 Pas-sione
1300 219 1342 253 D.
1365 219 1409 253 N.
1430 219 1461 252 J.
1484 219 1523 252 C.

261 321 509 362 Posuerunt
526 331 596 360 me
615 318 659 359 in
675 318 774 359 lacu
792 316 998 359 inferiori:
1017 316 1040 342 *

212 377 255 418 in
274 375 531 425 tenebrosis,
553 379 596 416 et
613 374 658 414 in
676 373 831 414 umbra
849 372 1015 414 mortis.

265 437 405 488 Super
427 447 498 476 me
522 434 807 476 confirmatus
832 438 898 475 est
921 433 1042 473 furor

212 498 328 535 tuus:
346 492 370 517 *
391 495 435 532 et
455 503 607 532 omnes
624 490 782 531 fluctus
801 494 902 531 tuos
921 487 1042 529 indu-

213 547 315 589 xisti
336 559 468 599 super
486 559 567 587 me.

264 607 417 658 Longe
441 606 583 648 fecisti
605 611 737 647 notos
760 617 884 646 meos
908 616 934 645 a
956 616 1043 645 me:

212 665 236 690 *
276 665 519 716 posuerunt
558 675 629 704 me
673 660 1044 703 abominationem

214 719 309 762 sibi.

265 774 474 817 Traditus
507 787 623 823 sum,
656 778 699 815 et
730 786 819 814 non
852 771 1044 822 egredie-

213 832 312 873 bar:
344 831 367 856 *
400 830 515 872 oculi
546 830 631 871 mei
662 830 924 880 languerunt
950 840 1044 880 prae

214 887 374 939 incpia.

268 946 463 989 Clamavi
487 946 544 987 ad
566 951 610 987 te
630 945 819 987 Damine
843 949 938 986 tota
959 944 1045 987 die:

216 1005 241 1031 ¹⁸¹
260 1002 449 1055 expandi
468 1001 525 1043 ad
543 1007 587 1043 te
606 1014 760 1042 manus
778 1013 911 1042 meas.

267 1061 494 1114 Numquid
512 1062 696 1103 martuis
717 1061 852 1102 facies
873 1060 1045 1102 mirabi-
1105 1064 1203 1117 4:

214 1120 291 1160 lia:
322 1119 346 1144 *
379 1124 454 1160 aut
481 1118 642 1159 madici
674 1117 969 1167 suscitabunt,
1003 1121 1047 1158 et

216 1175 543 1217 confitebantur
561 1173 663 1216 tibi?

268 1234 495 1287 Numquid
518 1234 714 1276 narrabit
738 1234 895 1286 aliquis
918 1234 963 1274 in
983 1246 1046 1275 se-

217 1291 402 1344 pulchro
426 1290 773 1332 misericordiam
796 1294 933 1338 tuam,
956 1289 980 1315 *
1004 1294 1048 1331 et

217 1348 447 1389 veritatem
467 1351 587 1388 tuam
605 1346 650 1387 in
667 1344 940 1399 perditione?

267 1406 494 1459 Numquid
520 1408 842 1457 cognoscentur
865 1406 909 1447 in
931 1407 1047 1447 tane-

216 1463 307 1504 bris
327 1462 543 1504 mirabilia
564 1467 653 1503 tua:
677 1463 701 1488 *
726 1467 770 1504 et
789 1462 955 1514 justitia
973 1466 1048 1504 tua

217 1520 261 1560 in
280 1524 395 1560 terra
415 1517 673 1560 oblivionis?

269 1580 327 1621 Et
348 1591 430 1630 ego
451 1578 508 1620 ad
526 1583 570 1620 te
589 1579 778 1620 Domine
802 1578 1002 1620 clamavi:
1025 1578 1048 1603 *

219 1641 262 1677 et
281 1647 410 1676 mane
430 1634 570 1676 oratio
589 1647 687 1676 mea
706 1634 948 1687 praeveniet
967 1638 1022 1675 te.

269 1695 329 1737 Ut
353 1694 459 1746 quid
478 1694 667 1736 Domine
690 1694 866 1747 repellis
890 1694 1048 1736 oratio-

217 1764 318 1793 nem
340 1763 497 1836 meam:
521 1751 544 1776 *
569 1751 730 1792 avcrtis
751 1750 908 1792 faciem
928 1755 1050 1792 tuam

218 1820 244 1848 a
262 1819 349 1848 me.

270 1868 442 1919 Pauper
463 1879 560 1907 sum
580 1879 674 1917 ego,
698 1866 803 1908 etin
822 1866 1049 1908 laboribus

219 1936 243 1964 a
276 1924 500 1974 juventute
530 1934 645 1964 mea:
677 1923 701 1949 *
730 1922 948 1964 exaltatus
977 1934 1049 1963 au-

218 1984 327 2076 Eem,
367 1978 620 2020 humiliatus
661 1991 759 2020 sum
795 1984 839 2020 et
876 1983 1049 2020 contur-

251 2037 359 2077 atus.

271 2091 323 2131 In
346 2104 416 2132 me
439 2090 704 2133 transicrunt
726 2091 804 2131 irae
828 2095 934 2132 tuae:
958 2090 981 2117 *
1006 2096 1050 2133 et

219 2148 412 2188 terrores
430 2147 494 2188 tui
512 2147 887 2188 conturbaverunt
905 2159 986 2188 me.

273 2206 666 2248 Circumdederunt
693 2219 764 2247 me
796 2206 909 2248 sicut
935 2219 1051 2259 aqua

221 2261 446 2359 totauldie:
492 2262 515 2287 *
557 2262 940 2305 circumdederunt
980 2275 1050 2304 me

221 2330 303 2358 sim
352 2349 360 2358 .

272 2373 500 2425 Elongasti
525 2385 551 2414 a
575 2385 646 2414 me
671 2375 859 2415 amicum
885 2378 928 2415 et
951 2377 1050 2427 pro-

222 2430 402 2471 ximum:
423 2430 446 2456 *
468 2434 512 2471 et
529 2435 659 2471 notos
678 2442 801 2471 meos
821 2442 846 2471 a
864 2430 1050 2472 misaria.

277 2498 373 2535 Ant.
399 2498 552 2535 Factus
570 2506 667 2535 sum
682 2494 795 2535 sicut
809 2494 942 2536 homo
958 2495 1050 2538 sine

223 2549 449 2602 adjutorio,
468 2550 580 2591 inter
599 2551 798 2591 mortuos
818 2550 937 2592 liber.

277 2606 325 2657 V.
363 2610 523 2651 Factus
560 2615 627 2652 est
664 2610 875 2652 obadiens
910 2624 1050 2663 usque

222 2664 279 2707 ad
325 2671 522 2730 mortem.
578 2668 626 2717 Ιζι.
670 2666 858 2708 Mortem
905 2672 1050 2709 autem

223 2734 373 2764 crucis.

1101 315 1254 360 Lectio
1279 313 1420 355 sancti
1438 311 1666 363 Evangelii
1689 310 1932 353 secundum

1399 369 1424 410 J
1427 371 1626 411 oannem.

1203 443 1353 483 Lectio
1379 442 1446 481 vii.
1599 441 1701 492 Cap.
1723 441 1779 480 19.
1800 440 1823 480 f.

1144 520 1172 547 n
1187 506 1262 547 illo
1277 507 1493 557 tempore:
1511 502 1662 544 Sciens
1674 502 1700 543 J
1701 514 1813 551 esus,
1830 502 1931 555 quia

1163 562 1308 604 amnia
1323 561 1624 602 consummata
1640 563 1751 609 sunt,
1766 563 1815 600 ut
1830 570 1929 600 con-

1097 619 1389 660 summarctur
1408 615 1643 668 Scriptura,
1663 613 1787 656 dixit:
1810 614 1931 656 Sitio.

1096 675 1153 717 Et
1174 674 1352 725 taliqua.

1142 754 1331 799 Homilia
1353 752 1493 794 sancti
1513 751 1663 804 Cyrssli
1679 750 1894 804 Episcopi

1366 807 1663 850 Alexandrini.

1168 877 1377 912 Comment.
1405 877 1442 910 in
1467 876 1667 910 Jonnnem.
1708 875 1789 909 Lib.
1817 875 1865 908 12.

1440 934 1521 966 cap.
1546 924 1597 957 35

1106 991 1125 1009 ¹⁷
1139 1006 1165 1038 ,ὲ
1174 990 1206 1029 21<
1217 994 1291 1022 um
1317 979 1586 1021 truculenter
1614 976 1760 1019 omnia
1784 976 1933 1030 impie-

1184 1030 1209 1070 Γ]
1233 1039 1325 1079 tate
1361 1035 1617 1078 Judaeorum
1653 1038 1802 1075 essent
1836 1046 1933 1086 per-

1235 1096 1344 1142 acta,
1369 1105 1452 1133 nec
1476 1089 1716 1143 quidquam
1739 1088 1797 1131 ad
1820 1102 1933 1131 sum·

1099 1161 1215 1190 mam
1231 1147 1537 1191 crudelitatem
1553 1145 1739 1195 deesset,
1755 1144 1935 1187 tandem

1100 1205 1377 1247 sanctissima
1407 1215 1511 1245 caro
1543 1200 1706 1243 Christi
1736 1201 1934 1243 naturale

1101 1260 1208 1312 quid
1221 1260 1398 1314 patitur.
1425 1257 1575 1300 Multis
1591 1256 1717 1307 enim,
1736 1269 1788 1298 ac
1801 1257 1935 1298 variis

1101 1315 1329 1358 doloribus
1349 1315 1579 1364 exsiccata,
1604 1312 1676 1354 siti
1693 1314 1935 1364 torquetur.

1100 1372 1288 1414 Multum
1315 1372 1430 1414 enim
1457 1373 1645 1423 possunt
1672 1367 1852 1411 dolores
1879 1368 1936 1411 ad

1101 1427 1423 1470 comovandam
1446 1427 1578 1477 sitim3
1601 1424 1799 1468 innatum
1821 1425 1935 1466 enim

1102 1484 1295 1526 calorem
1320 1483 1608 1534 exagitantes,
1636 1481 1722 1531 vel,
1749 1480 1871 1533 quod
1892 1480 1936 1521 in

1101 1539 1400 1593 profunditate
1423 1537 1652 1580 humidum
1675 1542 1757 1587 est,
1780 1540 1935 1578 consu-

1101 1602 1224 1638 munt
1250 1601 1294 1638 et
1320 1595 1459 1647 igneis
1487 1592 1720 1636 ardoribus
1747 1591 1937 1634 dolantis

1102 1654 1272 1693 viscera
1291 1656 1433 1693 urunt.
1470 1650 1590 1691 Sicut
1611 1649 1744 1700 igitur
1767 1649 1937 1690 ceteras

1101 1707 1351 1760 passiones,
1384 1707 1446 1748 sic
1472 1705 1586 1747 hanc
1618 1704 1750 1746 ctiam
1777 1709 1937 1757 sponte

1102 1763 1301 1805 Christus
1320 1764 1560 1816 perpessus
1575 1766 1653 1803 est.
1680 1759 1843 1802 Bibere
1861 1760 1936 1811 igi-

1101 1825 1172 1861 tur
1194 1820 1321 1873 petit:
1348 1819 1411 1860 illi
1430 1824 1577 1860 autem
1596 1815 1709 1859 adeo
1730 1816 1862 1867 longe
1881 1816 1937 1859 ab

1103 1876 1222 1917 omni
1247 1875 1517 1917 humanitate
1546 1873 1747 1923 aberant,
1778 1877 1827 1914 ut
1853 1885 1937 1926 pro

1102 1933 1277 1984 iuvante
1294 1937 1406 1985 potu
1424 1935 1557 1982 atque
1571 1927 1764 1982 jucundo
1778 1930 1936 1970 nocen-

1101 1993 1191 2030 tem
1217 1994 1261 2030 et
1288 1987 1497 2030 acerbum
1522 1984 1764 2035 attulerint,
1792 1989 1837 2027 et
1860 1983 1935 2026 hu-

1102 2044 1366 2093 manitatem,
1378 2055 1466 2095 qua
1480 2041 1650 2084 moveri
1663 2039 1937 2091 videbantur,

1102 2101 1146 2141 in
1173 2100 1445 2153 impietatem
1473 2097 1781 2140 converterint.
1822 2096 1938 2138 Nam

1103 2170 1202 2198 cum
1221 2156 1389 2210 petenti
1408 2154 1583 2203 dabant,
1603 2152 1797 2195 caritatis
1815 2152 1936 2194 habi-

1102 2217 1195 2254 tum
1216 2215 1440 2265 suscipere
1455 2209 1733 2259 videbantur3
1753 2207 1835 2251 sed
1848 2221 1937 2250 non

1103 2274 1170 2310 est
1202 2268 1414 2322 possibile
1450 2265 1624 2308 mentiri
1654 2265 1936 2318 Scripti'iram‚

1102 2324 1146 2365 in
1171 2337 1257 2377 qua
1283 2337 1338 2366 ex
1361 2325 1554 2376 persona
1578 2321 1740 2363 Christi
1764 2320 1937 2363 dicitur:

1103 2381 1159 2423 Et
1179 2379 1395 2422 dederunt
1412 2379 1457 2420 in
1476 2391 1623 2420 escam
1641 2390 1785 2419 meam
1803 2377 1871 2427 fel,
1893 2383 1938 2420 et

1102 2437 1146 2477 in
1167 2436 1238 2478 siti
1256 2448 1355 2477 mea
1373 2436 1638 2488 potavarunt
1656 2446 1726 2475 me
1747 2434 1886 2475 aceto.

1158 2505 1209 2555 R*—
1223 2501 1319 2551 Ego
1339 2504 1383 2541 te
1401 2499 1555 2552 potavi
1574 2510 1689 2550 aqua
1708 2497 1862 2540 sallitis
1881 2496 1936 2539 de

1103 2562 1242 2609 petra:
1273 2559 1295 2584 *
1320 2556 1377 2597 Et
1403 2560 1452 2597 tu
1476 2567 1547 2596 me
1574 2553 1741 2607 potasti
1766 2553 1867 2595 felle
1893 2559 1937 2595 et

1103 2614 1240 2654 aceto.
1274 2607 1324 2660 V.
1355 2611 1524 2664 Papule
1549 2623 1691 2660 meus,
1721 2608 1827 2661 quid
1852 2609 1935 2651 feci

1102 2668 1196 2718 tibi,
1221 2673 1296 2710 aut
1316 2668 1361 2708 in
1386 2679 1474 2718 quo
1499 2666 1756 2708 contristavi
1778 2663 1845 2708 te?
1870 2677 1933 2707 re-

1103 2723 1273 2777 sponde
1291 2723 1407 2765 mihi.
1436 2723 1492 2764 Et
1511 2727 1559 2764 tu
1577 2735 1659 2764 me.
