<?xml version="1.0" encoding="UTF-8"?>
<!DOCTYPE html PUBLIC "-//W3C//DTD XHTML 1.0 Transitional//EN"
    "http://www.w3.org/TR/xhtml1/DTD/xhtml1-transitional.dtd">
<html xmlns="http://www.w3.org/1999/xhtml" xml:lang="en" lang="en">
 <head>
  <title>
</title>
<meta http-equiv="Content-Type" content="text/html;charset=utf-8" />
  <meta name='ocr-system' content='tesseract 3.04.00' />
  <meta name='ocr-capabilities' content='ocr_page ocr_carea ocr_par ocr_line ocrx_word'/>
</head>
<body>
  <div class='ocr_page' id='page_1' title='image "./p1breviariumroma00cathuoft_0653.png"; bbox 0 0 2080 2990; ppageno 0'>
   <div class='ocr_carea' id='block_1_1' title="bbox 782 218 1225 259">
    <p class='ocr_par' dir='ltr' id='par_1_1' title="bbox 782 218 1225 259">
     <span class='ocr_line' id='line_1_1' title="bbox 782 218 1225 259; baseline 0.005 -9"><span class='ocrx_word' id='word_1_1' title='bbox 782 220 989 253; x_wconf 67' lang='lat' dir='ltr'><strong>(Iommunc</strong></span> <span class='ocrx_word' id='word_1_2' title='bbox 1016 218 1225 259; x_wconf 55' lang='lat' dir='ltr'><strong>Vin-tinum.</strong></span> 
     </span>
    </p>
   </div>
   <div class='ocr_carea' id='block_1_2' title="bbox 156 313 980 525">
    <p class='ocr_par' dir='ltr' id='par_1_2' title="bbox 156 313 980 525">
     <span class='ocr_line' id='line_1_2' title="bbox 159 313 979 367; baseline -0.004 -11"><span class='ocrx_word' id='word_1_3' title='bbox 159 314 279 367; x_wconf 89' lang='lat' dir='ltr'><strong>quod</strong></span> <span class='ocrx_word' id='word_1_4' title='bbox 297 314 541 355; x_wconf 89' lang='lat' dir='ltr'><strong>imitaretur</strong></span> <span class='ocrx_word' id='word_1_5' title='bbox 559 314 604 355; x_wconf 92' lang='lat' dir='ltr'><strong>in</strong></span> <span class='ocrx_word' id='word_1_6' title='bbox 621 313 759 355; x_wconf 88' lang='lat' dir='ltr'><strong>terris.</strong></span> <span class='ocrx_word' id='word_1_7' title='bbox 790 313 885 354; x_wconf 87' lang='lat' dir='ltr'><strong>Nec</strong></span> <span class='ocrx_word' id='word_1_8' title='bbox 903 313 979 353; x_wconf 93' lang='lat' dir='ltr'><strong>im-</strong></span> 
     </span>
     <span class='ocr_line' id='line_1_3' title="bbox 158 369 980 422; baseline -0.004 -10"><span class='ocrx_word' id='word_1_9' title='bbox 158 371 313 412; x_wconf 89' lang='lat' dir='ltr'><strong>merito</strong></span> <span class='ocrx_word' id='word_1_10' title='bbox 333 370 509 412; x_wconf 85' lang='lat' dir='ltr'><strong>vivendi</strong></span> <span class='ocrx_word' id='word_1_11' title='bbox 529 370 614 412; x_wconf 92' lang='lat' dir='ltr'><strong>sibi</strong></span> <span class='ocrx_word' id='word_1_12' title='bbox 632 383 759 411; x_wconf 90' lang='lat' dir='ltr'><strong>usum</strong></span> <span class='ocrx_word' id='word_1_13' title='bbox 778 369 980 422; x_wconf 86' lang='lat' dir='ltr'><strong>quaesivit</strong></span> 
     </span>
     <span class='ocr_line' id='line_1_4' title="bbox 158 425 980 524; baseline -0.002 -56"><span class='ocrx_word' id='word_1_14' title='bbox 158 440 182 492; x_wconf 77' lang='lat' dir='ltr'><strong>e</strong></span> <span class='ocrx_word' id='word_1_15' title='bbox 201 426 331 524; x_wconf 51' lang='lat' dir='ltr'><strong>caelo,</strong></span> <span class='ocrx_word' id='word_1_16' title='bbox 358 440 457 479; x_wconf 85' lang='lat' dir='ltr'><strong>quae</strong></span> <span class='ocrx_word' id='word_1_17' title='bbox 479 439 690 479; x_wconf 91' lang='lat' dir='ltr'><strong>sponsum</strong></span> <span class='ocrx_word' id='word_1_18' title='bbox 714 425 797 468; x_wconf 85' lang='lat' dir='ltr'>sibi</span> <span class='ocrx_word' id='word_1_19' title='bbox 814 426 980 467; x_wconf 91' lang='lat' dir='ltr'><strong>invenit</strong></span> 
     </span>
     <span class='ocr_line' id='line_1_5' title="bbox 156 496 345 525; baseline 0 -1"><span class='ocrx_word' id='word_1_20' title='bbox 156 497 201 524; x_wconf 93' lang='lat' dir='ltr'><strong>1n</strong></span> <span class='ocrx_word' id='word_1_21' title='bbox 220 496 288 524; x_wconf 90' lang='lat' dir='ltr'><strong>coe</strong></span> <span class='ocrx_word' id='word_1_22' title='bbox 307 496 345 525; x_wconf 95' lang='lat' dir='ltr'><strong>o.</strong></span> 
     </span>
    </p>
   </div>
   <div class='ocr_carea' id='block_1_3' title="bbox 155 548 979 944">
    <p class='ocr_par' dir='ltr' id='par_1_3' title="bbox 155 548 979 882">
     <span class='ocr_line' id='line_1_6' title="bbox 210 548 979 605; baseline -0.005 -15"><span class='ocrx_word' id='word_1_23' title='bbox 210 554 259 605; x_wconf 66' lang='lat' dir='ltr'><strong>R.</strong></span> <span class='ocrx_word' id='word_1_24' title='bbox 295 549 482 600; x_wconf 86' lang='lat' dir='ltr'>Propter</span> <span class='ocrx_word' id='word_1_25' title='bbox 509 548 756 597; x_wconf 83' lang='lat' dir='ltr'><strong>veritatem,</strong></span> <span class='ocrx_word' id='word_1_26' title='bbox 792 550 835 588; x_wconf 94' lang='lat' dir='ltr'><strong>et</strong></span> <span class='ocrx_word' id='word_1_27' title='bbox 861 559 979 587; x_wconf 89' lang='lat' dir='ltr'><strong>man-</strong></span> 
     </span>
     <span class='ocr_line' id='line_1_7' title="bbox 156 602 977 657; baseline -0.002 -12"><span class='ocrx_word' id='word_1_28' title='bbox 156 604 447 654; x_wconf 78' lang='lat' dir='ltr'><strong>suetudinem,</strong></span> <span class='ocrx_word' id='word_1_29' title='bbox 477 609 520 646; x_wconf 92' lang='lat' dir='ltr'><strong>et</strong></span> <span class='ocrx_word' id='word_1_30' title='bbox 543 604 765 657; x_wconf 88' lang='lat' dir='ltr'><strong>justitiam:</strong></span> <span class='ocrx_word' id='word_1_31' title='bbox 783 611 805 633; x_wconf 77' lang='lat'><strong>²⁸¹</strong></span> <span class='ocrx_word' id='word_1_32' title='bbox 826 603 883 643; x_wconf 88' lang='lat' dir='ltr'><strong>Et</strong></span> <span class='ocrx_word' id='word_1_33' title='bbox 907 602 977 644; x_wconf 92' lang='lat' dir='ltr'><strong>de-</strong></span> 
     </span>
     <span class='ocr_line' id='line_1_8' title="bbox 157 660 977 703; baseline -0.004 -1"><span class='ocrx_word' id='word_1_34' title='bbox 157 660 288 703; x_wconf 84' lang='lat' dir='ltr'><strong>ducet</strong></span> <span class='ocrx_word' id='word_1_35' title='bbox 323 666 367 703; x_wconf 92' lang='lat' dir='ltr'><strong>te</strong></span> <span class='ocrx_word' id='word_1_36' title='bbox 400 661 656 703; x_wconf 81' lang='lat' dir='ltr'><strong>mirabiliter</strong></span> <span class='ocrx_word' id='word_1_37' title='bbox 685 660 866 701; x_wconf 88' lang='lat' dir='ltr'><strong>dextera</strong></span> <span class='ocrx_word' id='word_1_38' title='bbox 893 663 977 700; x_wconf 87' lang='lat' dir='ltr'><strong>tua.</strong></span> 
     </span>
     <span class='ocr_line' id='line_1_9' title="bbox 158 715 978 770; baseline -0.004 -11"><span class='ocrx_word' id='word_1_39' title='bbox 158 716 207 768; x_wconf 67' lang='lat' dir='ltr'><strong>V.</strong></span> <span class='ocrx_word' id='word_1_40' title='bbox 230 718 385 770; x_wconf 91' lang='lat' dir='ltr'><strong>Specie</strong></span> <span class='ocrx_word' id='word_1_41' title='bbox 403 722 478 759; x_wconf 87' lang='lat' dir='ltr'><strong>tua</strong></span> <span class='ocrx_word' id='word_1_42' title='bbox 501 722 545 759; x_wconf 89' lang='lat' dir='ltr'><strong>et</strong></span> <span class='ocrx_word' id='word_1_43' title='bbox 560 715 885 770; x_wconf 84' lang='lat' dir='ltr'><strong>pulchritudine</strong></span> <span class='ocrx_word' id='word_1_44' title='bbox 902 720 978 756; x_wconf 89' lang='lat' dir='ltr'><strong>tua</strong></span> 
     </span>
     <span class='ocr_line' id='line_1_10' title="bbox 155 772 976 827; baseline -0.002 -13"><span class='ocrx_word' id='word_1_45' title='bbox 155 773 349 824; x_wconf 89' lang='lat' dir='ltr'><strong>intende,</strong></span> <span class='ocrx_word' id='word_1_46' title='bbox 375 777 588 827; x_wconf 90' lang='lat' dir='ltr'><strong>prospere</strong></span> <span class='ocrx_word' id='word_1_47' title='bbox 612 772 822 826; x_wconf 85' lang='lat' dir='ltr'><strong>procede,</strong></span> <span class='ocrx_word' id='word_1_48' title='bbox 850 777 894 813; x_wconf 90' lang='lat' dir='ltr'><strong>et</strong></span> <span class='ocrx_word' id='word_1_49' title='bbox 914 785 976 813; x_wconf 92' lang='lat' dir='ltr'><strong>re-</strong></span> 
     </span>
     <span class='ocr_line' id='line_1_11' title="bbox 155 831 507 882; baseline 0 -11"><span class='ocrx_word' id='word_1_50' title='bbox 155 843 249 882; x_wconf 90' lang='lat' dir='ltr'><strong>gna.</strong></span> <span class='ocrx_word' id='word_1_51' title='bbox 285 831 352 872; x_wconf 91' lang='lat' dir='ltr'><strong>Et.</strong></span> <span class='ocrx_word' id='word_1_52' title='bbox 503 877 507 881; x_wconf 40' lang='lat'>‚</span> 
     </span>
    </p>

    <p class='ocr_par' dir='ltr' id='par_1_4' title="bbox 209 891 849 944">
     <span class='ocr_line' id='line_1_12' title="bbox 209 891 849 944; baseline -0.006 -9"><span class='ocrx_word' id='word_1_53' title='bbox 209 895 367 935; x_wconf 86' lang='lat' dir='ltr'><strong>Bened.</strong></span> <span class='ocrx_word' id='word_1_54' title='bbox 397 891 594 934; x_wconf 91' lang='lat' dir='ltr'><strong>Christus</strong></span> <span class='ocrx_word' id='word_1_55' title='bbox 611 892 849 944; x_wconf 82' lang='lat' dir='ltr'><strong>perpetuae.</strong></span> 
     </span>
    </p>
   </div>
   <div class='ocr_carea' id='block_1_4' title="bbox 153 964 977 1355">
    <p class='ocr_par' dir='ltr' id='par_1_5' title="bbox 153 964 977 1355">
     <span class='ocr_line' id='line_1_13' title="bbox 464 964 672 1006; baseline -0.019 0"><span class='ocrx_word' id='word_1_56' title='bbox 464 964 615 1006; x_wconf 79' lang='lat' dir='ltr'>Lectio</span> <span class='ocrx_word' id='word_1_57' title='bbox 638 978 672 1003; x_wconf 68' lang='lat' dir='ltr'><strong>v,</strong></span> 
     </span>
     <span class='ocr_line' id='line_1_14' title="bbox 249 1022 976 1074; baseline 0.001 -11"><span class='ocrx_word' id='word_1_58' title='bbox 249 1035 314 1063; x_wconf 86' lang='lat' dir='ltr'><strong>aec</strong></span> <span class='ocrx_word' id='word_1_59' title='bbox 334 1022 488 1072; x_wconf 88' lang='lat' dir='ltr'><strong>nubes,</strong></span> <span class='ocrx_word' id='word_1_60' title='bbox 508 1025 623 1073; x_wconf 79' lang='lat' dir='ltr'><strong>aera,</strong></span> <span class='ocrx_word' id='word_1_61' title='bbox 643 1022 846 1074; x_wconf 85' lang='lat' dir='ltr'>Angelos,</span> <span class='ocrx_word' id='word_1_62' title='bbox 866 1022 976 1064; x_wconf 82' lang='lat' dir='ltr'><strong>side-</strong></span> 
     </span>
     <span class='ocr_line' id='line_1_15' title="bbox 260 1079 977 1130; baseline 0 -11"><span class='ocrx_word' id='word_1_63' title='bbox 260 1091 396 1130; x_wconf 89' lang='lat' dir='ltr'><strong>raque</strong></span> <span class='ocrx_word' id='word_1_64' title='bbox 415 1079 757 1130; x_wconf 89' lang='lat' dir='ltr'><strong>transgrediens,</strong></span> <span class='ocrx_word' id='word_1_65' title='bbox 780 1079 977 1121; x_wconf 89' lang='lat' dir='ltr'>Verbum</span> 
     </span>
     <span class='ocr_line' id='line_1_16' title="bbox 153 1135 977 1189; baseline 0.002 -14"><span class='ocrx_word' id='word_1_66' title='bbox 153 1135 237 1176; x_wconf 91' lang='lat' dir='ltr'><strong>Dei</strong></span> <span class='ocrx_word' id='word_1_67' title='bbox 260 1135 305 1189; x_wconf 89' lang='lat' dir='ltr'><strong>in</strong></span> <span class='ocrx_word' id='word_1_68' title='bbox 326 1135 424 1188; x_wconf 93' lang='lat' dir='ltr'><strong>ipso</strong></span> <span class='ocrx_word' id='word_1_69' title='bbox 449 1136 546 1177; x_wconf 91' lang='lat' dir='ltr'><strong>sinu</strong></span> <span class='ocrx_word' id='word_1_70' title='bbox 564 1136 706 1178; x_wconf 89' lang='lat' dir='ltr'><strong>Patris</strong></span> <span class='ocrx_word' id='word_1_71' title='bbox 724 1136 904 1185; x_wconf 87' lang='lat' dir='ltr'><strong>invenit,</strong></span> <span class='ocrx_word' id='word_1_72' title='bbox 933 1140 977 1177; x_wconf 91' lang='lat' dir='ltr'><strong>et</strong></span> 
     </span>
     <span class='ocr_line' id='line_1_17' title="bbox 153 1190 975 1246; baseline 0.001 -14"><span class='ocrx_word' id='word_1_73' title='bbox 153 1194 251 1232; x_wconf 93' lang='lat' dir='ltr'><strong>toto</strong></span> <span class='ocrx_word' id='word_1_74' title='bbox 266 1190 411 1233; x_wconf 83' lang='lat' dir='ltr'><strong>hausit</strong></span> <span class='ocrx_word' id='word_1_75' title='bbox 426 1194 617 1246; x_wconf 91' lang='lat' dir='ltr'><strong>pectore.</strong></span> <span class='ocrx_word' id='word_1_76' title='bbox 641 1192 756 1233; x_wconf 88' lang='lat' dir='ltr'><strong>Nam</strong></span> <span class='ocrx_word' id='word_1_77' title='bbox 771 1192 868 1244; x_wconf 93' lang='lat' dir='ltr'><strong>quis</strong></span> <span class='ocrx_word' id='word_1_78' title='bbox 884 1196 975 1233; x_wconf 87' lang='lat' dir='ltr'><strong>tan-</strong></span> 
     </span>
     <span class='ocr_line' id='line_1_18' title="bbox 154 1248 976 1300; baseline 0.001 -12"><span class='ocrx_word' id='word_1_79' title='bbox 154 1251 258 1297; x_wconf 87' lang='lat' dir='ltr'><strong>tum,</strong></span> <span class='ocrx_word' id='word_1_80' title='bbox 273 1260 371 1289; x_wconf 91' lang='lat' dir='ltr'><strong>cum</strong></span> <span class='ocrx_word' id='word_1_81' title='bbox 381 1248 606 1299; x_wconf 90' lang='lat' dir='ltr'><strong>invenerit,</strong></span> <span class='ocrx_word' id='word_1_82' title='bbox 623 1249 841 1300; x_wconf 83' lang='lat' dir='ltr'><strong>relinquat</strong></span> <span class='ocrx_word' id='word_1_83' title='bbox 850 1248 976 1290; x_wconf 90' lang='lat' dir='ltr'><strong>boni?</strong></span> 
     </span>
     <span class='ocr_line' id='line_1_19' title="bbox 154 1303 976 1355; baseline 0.002 -11"><span class='ocrx_word' id='word_1_84' title='bbox 154 1303 432 1355; x_wconf 87' lang='lat' dir='ltr'><strong>Unguentum</strong></span> <span class='ocrx_word' id='word_1_85' title='bbox 466 1305 581 1346; x_wconf 92' lang='lat' dir='ltr'><strong>enim</strong></span> <span class='ocrx_word' id='word_1_86' title='bbox 614 1305 881 1347; x_wconf 86' lang='lat' dir='ltr'><strong>exinanitum</strong></span> <span class='ocrx_word' id='word_1_87' title='bbox 910 1309 976 1346; x_wconf 90' lang='lat' dir='ltr'><strong>est</strong></span> 
     </span>
    </p>
   </div>
   <div class='ocr_carea' id='block_1_5' title="bbox 1028 313 1855 928">
    <p class='ocr_par' dir='ltr' id='par_1_6' title="bbox 1030 313 1855 523">
     <span class='ocr_line' id='line_1_20' title="bbox 1032 313 1855 365; baseline 0.002 -11"><span class='ocrx_word' id='word_1_88' title='bbox 1032 325 1164 354; x_wconf 90' lang='lat' dir='ltr'><strong>curru</strong></span> <span class='ocrx_word' id='word_1_89' title='bbox 1182 317 1334 365; x_wconf 89' lang='lat' dir='ltr'><strong>raptus</strong></span> <span class='ocrx_word' id='word_1_90' title='bbox 1354 313 1411 355; x_wconf 93' lang='lat' dir='ltr'><strong>ad</strong></span> <span class='ocrx_word' id='word_1_91' title='bbox 1434 314 1607 356; x_wconf 90' lang='lat' dir='ltr'><strong>coelum:</strong></span> <span class='ocrx_word' id='word_1_92' title='bbox 1632 314 1733 356; x_wconf 86' lang='lat' dir='ltr'><strong>ideo</strong></span> <span class='ocrx_word' id='word_1_93' title='bbox 1755 328 1855 356; x_wconf 94' lang='lat' dir='ltr'><strong>cum</strong></span> 
     </span>
     <span class='ocr_line' id='line_1_21' title="bbox 1030 369 1852 423; baseline 0.005 -14"><span class='ocrx_word' id='word_1_94' title='bbox 1030 369 1220 410; x_wconf 93' lang='lat' dir='ltr'><strong>Domino</strong></span> <span class='ocrx_word' id='word_1_95' title='bbox 1258 372 1442 422; x_wconf 77' lang='lat' dir='ltr'><strong>apparet</strong></span> <span class='ocrx_word' id='word_1_96' title='bbox 1482 371 1526 411; x_wconf 93' lang='lat' dir='ltr'><strong>in</strong></span> <span class='ocrx_word' id='word_1_97' title='bbox 1558 371 1716 423; x_wconf 87' lang='lat' dir='ltr'><strong>gloria,</strong></span> <span class='ocrx_word' id='word_1_98' title='bbox 1752 371 1852 413; x_wconf 85' lang='lat' dir='ltr'><strong>ideo</strong></span> 
     </span>
     <span class='ocr_line' id='line_1_22' title="bbox 1030 425 1854 480; baseline 0.005 -15"><span class='ocrx_word' id='word_1_99' title='bbox 1030 425 1252 466; x_wconf 84' lang='lat' dir='ltr'><strong>Dominici</strong></span> <span class='ocrx_word' id='word_1_100' title='bbox 1278 429 1488 468; x_wconf 80' lang='lat' dir='ltr'><strong>venturus</strong></span> <span class='ocrx_word' id='word_1_101' title='bbox 1514 432 1581 469; x_wconf 91' lang='lat' dir='ltr'><strong>est</strong></span> <span class='ocrx_word' id='word_1_102' title='bbox 1605 431 1854 480; x_wconf 77' lang='lat' dir='ltr'><strong>praecursor</strong></span> 
     </span>
     <span class='ocr_line' id='line_1_23' title="bbox 1030 481 1256 523; baseline 0 -1"><span class='ocrx_word' id='word_1_103' title='bbox 1030 481 1256 523; x_wconf 86' lang='lat' dir='ltr'><strong>adventus.</strong></span> 
     </span>
    </p>

    <p class='ocr_par' dir='ltr' id='par_1_7' title="bbox 1028 547 1853 928">
     <span class='ocr_line' id='line_1_24' title="bbox 1085 547 1853 601; baseline 0.003 -13"><span class='ocrx_word' id='word_1_104' title='bbox 1085 550 1134 600; x_wconf 66' lang='lat' dir='ltr'><strong>R.</strong></span> <span class='ocrx_word' id='word_1_105' title='bbox 1150 547 1400 588; x_wconf 87' lang='lat' dir='ltr'><strong>Afferentur</strong></span> <span class='ocrx_word' id='word_1_106' title='bbox 1415 548 1527 599; x_wconf 85' lang='lat' dir='ltr'>Regi</span> <span class='ocrx_word' id='word_1_107' title='bbox 1545 549 1733 599; x_wconf 86' lang='lat' dir='ltr'><strong>virgines</strong></span> <span class='ocrx_word' id='word_1_108' title='bbox 1750 553 1853 601; x_wconf 92' lang='lat' dir='ltr'><strong>post</strong></span> 
     </span>
     <span class='ocr_line' id='line_1_25' title="bbox 1031 604 1853 657; baseline 0.002 -13"><span class='ocrx_word' id='word_1_109' title='bbox 1031 616 1146 653; x_wconf 91' lang='lat' dir='ltr'><strong>eam,</strong></span> <span class='ocrx_word' id='word_1_110' title='bbox 1179 604 1393 656; x_wconf 83' lang='lat' dir='ltr'><strong>proximae</strong></span> <span class='ocrx_word' id='word_1_111' title='bbox 1425 606 1515 657; x_wconf 91' lang='lat' dir='ltr'><strong>ejus</strong></span> <span class='ocrx_word' id='word_1_112' title='bbox 1552 608 1573 629; x_wconf 63' lang='lat'><strong>¹*</strong></span> <span class='ocrx_word' id='word_1_113' title='bbox 1603 604 1853 646; x_wconf 90' lang='lat' dir='ltr'><strong>Afferentur</strong></span> 
     </span>
     <span class='ocr_line' id='line_1_26' title="bbox 1029 659 1852 702; baseline 0.002 -2"><span class='ocrx_word' id='word_1_114' title='bbox 1029 659 1110 701; x_wconf 92' lang='lat' dir='ltr'><strong>tibi</strong></span> <span class='ocrx_word' id='word_1_115' title='bbox 1160 661 1204 700; x_wconf 93' lang='lat' dir='ltr'><strong>in</strong></span> <span class='ocrx_word' id='word_1_116' title='bbox 1253 660 1407 702; x_wconf 82' lang='lat' dir='ltr'><strong>laetitia</strong></span> <span class='ocrx_word' id='word_1_117' title='bbox 1458 665 1501 701; x_wconf 93' lang='lat' dir='ltr'><strong>et</strong></span> <span class='ocrx_word' id='word_1_118' title='bbox 1552 661 1852 702; x_wconf 66' lang='lat' dir='ltr'><strong>exsultatione.</strong></span> 
     </span>
     <span class='ocr_line' id='line_1_27' title="bbox 1033 714 1852 769; baseline 0 -11"><span class='ocrx_word' id='word_1_119' title='bbox 1033 714 1083 765; x_wconf 68' lang='lat' dir='ltr'><strong>V.</strong></span> <span class='ocrx_word' id='word_1_120' title='bbox 1101 716 1255 769; x_wconf 80' lang='lat' dir='ltr'><strong>Specie</strong></span> <span class='ocrx_word' id='word_1_121' title='bbox 1275 721 1350 758; x_wconf 91' lang='lat' dir='ltr'><strong>tua</strong></span> <span class='ocrx_word' id='word_1_122' title='bbox 1369 721 1413 758; x_wconf 92' lang='lat' dir='ltr'><strong>et</strong></span> <span class='ocrx_word' id='word_1_123' title='bbox 1428 715 1757 769; x_wconf 69' lang='lat' dir='ltr'><strong>‘pulchritudine</strong></span> <span class='ocrx_word' id='word_1_124' title='bbox 1777 723 1852 758; x_wconf 86' lang='lat' dir='ltr'><strong>tua</strong></span> 
     </span>
     <span class='ocr_line' id='line_1_28' title="bbox 1028 772 1851 826; baseline 0.002 -13"><span class='ocrx_word' id='word_1_125' title='bbox 1028 772 1222 822; x_wconf 84' lang='lat' dir='ltr'><strong>intende,</strong></span> <span class='ocrx_word' id='word_1_126' title='bbox 1246 775 1460 826; x_wconf 91' lang='lat' dir='ltr'><strong>prospere</strong></span> <span class='ocrx_word' id='word_1_127' title='bbox 1487 773 1698 826; x_wconf 80' lang='lat' dir='ltr'><strong>procede,</strong></span> <span class='ocrx_word' id='word_1_128' title='bbox 1727 778 1770 815; x_wconf 90' lang='lat' dir='ltr'><strong>et</strong></span> <span class='ocrx_word' id='word_1_129' title='bbox 1788 787 1851 815; x_wconf 90' lang='lat' dir='ltr'><strong>re-</strong></span> 
     </span>
     <span class='ocr_line' id='line_1_29' title="bbox 1028 829 1851 879; baseline 0.001 -10"><span class='ocrx_word' id='word_1_130' title='bbox 1028 841 1123 879; x_wconf 88' lang='lat' dir='ltr'><strong>gna.</strong></span> <span class='ocrx_word' id='word_1_131' title='bbox 1150 829 1412 871; x_wconf 86' lang='lat' dir='ltr'><strong>Afferentur.</strong></span> <span class='ocrx_word' id='word_1_132' title='bbox 1450 830 1598 872; x_wconf 87' lang='lat' dir='ltr'><strong>Gloria</strong></span> <span class='ocrx_word' id='word_1_133' title='bbox 1618 830 1746 871; x_wconf 91' lang='lat' dir='ltr'><strong>Patri.</strong></span> <span class='ocrx_word' id='word_1_134' title='bbox 1779 830 1851 870; x_wconf 89' lang='lat' dir='ltr'><strong>Af-</strong></span> 
     </span>
     <span class='ocr_line' id='line_1_30' title="bbox 1028 885 1231 928; baseline 0 -2"><span class='ocrx_word' id='word_1_135' title='bbox 1028 885 1231 928; x_wconf 91' lang='lat' dir='ltr'><strong>ferentur.</strong></span> 
     </span>
    </p>
   </div>
   <div class='ocr_carea' id='block_1_6' title="bbox 1251 967 1634 1006">
    <p class='ocr_par' dir='ltr' id='par_1_8' title="bbox 1251 967 1634 1006">
     <span class='ocr_line' id='line_1_31' title="bbox 1251 967 1634 1006; baseline 0 -1"><span class='ocrx_word' id='word_1_136' title='bbox 1251 968 1297 1006; x_wconf 90' lang='lat' dir='ltr'><strong>In</strong></span> <span class='ocrx_word' id='word_1_137' title='bbox 1321 967 1390 1005; x_wconf 91' lang='lat' dir='ltr'><strong>III.</strong></span> <span class='ocrx_word' id='word_1_138' title='bbox 1414 967 1634 1005; x_wconf 83' lang='lat' dir='ltr'><strong>Nocturno.</strong></span> 
     </span>
    </p>
   </div>
   <div class='ocr_carea' id='block_1_7' title="bbox 1028 1029 1851 1240">
    <p class='ocr_par' dir='ltr' id='par_1_9' title="bbox 1028 1029 1851 1240">
     <span class='ocr_line' id='line_1_32' title="bbox 1084 1029 1850 1080; baseline 0.001 -10"><span class='ocrx_word' id='word_1_139' title='bbox 1084 1032 1182 1070; x_wconf 78' lang='lat' dir='ltr'><strong>Ant.</strong></span> <span class='ocrx_word' id='word_1_140' title='bbox 1211 1029 1344 1079; x_wconf 80' lang='lat' dir='ltr'><strong>Nigra</strong></span> <span class='ocrx_word' id='word_1_141' title='bbox 1369 1042 1482 1078; x_wconf 92' lang='lat' dir='ltr'><strong>sum,</strong></span> <span class='ocrx_word' id='word_1_142' title='bbox 1501 1031 1524 1056; x_wconf 92' lang='grc'>*</span> <span class='ocrx_word' id='word_1_143' title='bbox 1544 1029 1623 1071; x_wconf 91' lang='lat' dir='ltr'><strong>sed</strong></span> <span class='ocrx_word' id='word_1_144' title='bbox 1646 1030 1850 1080; x_wconf 89' lang='lat' dir='ltr'><strong>formosa,</strong></span> 
     </span>
     <span class='ocr_line' id='line_1_33' title="bbox 1028 1085 1851 1128; baseline 0.002 -2"><span class='ocrx_word' id='word_1_145' title='bbox 1028 1085 1129 1126; x_wconf 81' lang='lat' dir='ltr'><strong>filiae</strong></span> <span class='ocrx_word' id='word_1_146' title='bbox 1163 1085 1418 1127; x_wconf 81' lang='lat' dir='ltr'><strong>Jerusalem:</strong></span> <span class='ocrx_word' id='word_1_147' title='bbox 1456 1085 1557 1127; x_wconf 88' lang='lat' dir='ltr'><strong>ideo</strong></span> <span class='ocrx_word' id='word_1_148' title='bbox 1598 1086 1750 1128; x_wconf 87' lang='lat' dir='ltr'><strong>dilexit</strong></span> <span class='ocrx_word' id='word_1_149' title='bbox 1782 1100 1851 1128; x_wconf 92' lang='lat' dir='ltr'><strong>me</strong></span> 
     </span>
     <span class='ocr_line' id='line_1_34' title="bbox 1029 1141 1850 1192; baseline 0.001 -9"><span class='ocrx_word' id='word_1_150' title='bbox 1029 1143 1142 1192; x_wconf 85' lang='lat' dir='ltr'><strong>Rex,</strong></span> <span class='ocrx_word' id='word_1_151' title='bbox 1170 1146 1212 1183; x_wconf 93' lang='lat' dir='ltr'><strong>et</strong></span> <span class='ocrx_word' id='word_1_152' title='bbox 1240 1141 1484 1183; x_wconf 84' lang='lat' dir='ltr'><strong>introduxit</strong></span> <span class='ocrx_word' id='word_1_153' title='bbox 1511 1156 1580 1184; x_wconf 90' lang='lat' dir='ltr'><strong>me</strong></span> <span class='ocrx_word' id='word_1_154' title='bbox 1608 1143 1652 1183; x_wconf 95' lang='lat' dir='ltr'><strong>in</strong></span> <span class='ocrx_word' id='word_1_155' title='bbox 1680 1142 1850 1184; x_wconf 86' lang='lat' dir='ltr'><strong>cubicu-</strong></span> 
     </span>
     <span class='ocr_line' id='line_1_35' title="bbox 1028 1198 1273 1240; baseline -0.004 0"><span class='ocrx_word' id='word_1_156' title='bbox 1028 1198 1117 1240; x_wconf 91' lang='lat' dir='ltr'><strong>lum</strong></span> <span class='ocrx_word' id='word_1_157' title='bbox 1136 1212 1273 1240; x_wconf 89' lang='lat' dir='ltr'><strong>suum.</strong></span> 
     </span>
    </p>
   </div>
   <div class='ocr_carea' id='block_1_8' title="bbox 1036 1269 1850 1380">
    <p class='ocr_par' dir='ltr' id='par_1_10' title="bbox 1036 1269 1850 1380">
     <span class='ocr_line' id='line_1_36' title="bbox 1299 1269 1585 1308; baseline -0.007 0"><span class='ocrx_word' id='word_1_158' title='bbox 1299 1269 1490 1308; x_wconf 36' lang='lat' dir='ltr'><strong>lf’salmus</strong></span> <span class='ocrx_word' id='word_1_159' title='bbox 1520 1270 1585 1308; x_wconf 68' lang='lat'><strong>95.</strong></span> 
     </span>
     <span class='ocr_line' id='line_1_37' title="bbox 1036 1338 1850 1380; baseline -0.001 0"><span class='ocrx_word' id='word_1_160' title='bbox 1036 1349 1054 1370; x_wconf 57' lang='grc' dir='ltr'><strong>ν’·</strong></span> <span class='ocrx_word' id='word_1_161' title='bbox 1317 1338 1507 1379; x_wconf 93' lang='lat' dir='ltr'><strong>Domino</strong></span> <span class='ocrx_word' id='word_1_162' title='bbox 1535 1339 1751 1380; x_wconf 75' lang='lat' dir='ltr'><strong>canticum</strong></span> <span class='ocrx_word' id='word_1_163' title='bbox 1779 1351 1850 1380; x_wconf 92' lang='lat' dir='ltr'><strong>no-</strong></span> 
     </span>
    </p>
   </div>
   <div class='ocr_carea' id='block_1_9' title="bbox 153 1356 1851 1471">
    <p class='ocr_par' dir='ltr' id='par_1_11' title="bbox 153 1356 1851 1476">
     <span class='ocr_line' id='line_1_38' title="bbox 154 1356 1824 1421; baseline 0.004 -20"><span class='ocrx_word' id='word_1_164' title='bbox 154 1372 314 1402; x_wconf 90' lang='lat' dir='ltr'><strong>nomen</strong></span> <span class='ocrx_word' id='word_1_165' title='bbox 329 1363 715 1414; x_wconf 88' lang='lat' dir='ltr'><strong>tuum:pr0pterea</strong></span> <span class='ocrx_word' id='word_1_166' title='bbox 727 1361 976 1403; x_wconf 91' lang='lat' dir='ltr'><strong>adolescen—</strong></span> <span class='ocrx_word' id='word_1_167' title='bbox 1033 1356 1047 1389; x_wconf 65' lang='lat' dir='ltr'><strong>f</strong></span> <span class='ocrx_word' id='word_1_168' title='bbox 1064 1372 1139 1419; x_wconf 53' lang='lat'><strong>’3723</strong></span> <span class='ocrx_word' id='word_1_169' title='bbox 1264 1395 1305 1421; x_wconf 31' lang='grc' dir='ltr'><strong>ι*</strong></span> <span class='ocrx_word' id='word_1_170' title='bbox 1429 1396 1438 1406; x_wconf 82' lang='grc'><strong><em>,</em></strong></span> <span class='ocrx_word' id='word_1_171' title='bbox 1560 1396 1568 1405; x_wconf 82' lang='grc'><strong><em>,</em></strong></span> <span class='ocrx_word' id='word_1_172' title='bbox 1625 1394 1632 1402; x_wconf 90' lang='grc'>.</span> <span class='ocrx_word' id='word_1_173' title='bbox 1816 1395 1824 1403; x_wconf 88' lang='grc'><strong>.</strong></span> 
     </span>
     <span class='ocr_line' id='line_1_39' title="bbox 153 1395 1851 1471; baseline 0.005 -14"><span class='ocrx_word' id='word_1_174' title='bbox 153 1415 258 1457; x_wconf 91' lang='lat' dir='ltr'><strong>tulae</strong></span> <span class='ocrx_word' id='word_1_175' title='bbox 278 1417 524 1458; x_wconf 92' lang='lat' dir='ltr'><strong>dilexerunt</strong></span> <span class='ocrx_word' id='word_1_176' title='bbox 549 1422 610 1467; x_wconf 90' lang='lat' dir='ltr'><strong>te,</strong></span> <span class='ocrx_word' id='word_1_177' title='bbox 636 1423 679 1459; x_wconf 89' lang='lat' dir='ltr'><strong>et</strong></span> <span class='ocrx_word' id='word_1_178' title='bbox 704 1420 976 1459; x_wconf 88' lang='lat' dir='ltr'><strong>attraxerunt</strong></span> <span class='ocrx_word' id='word_1_179' title='bbox 1032 1422 1139 1471; x_wconf 47' lang='lat' dir='ltr'><strong>g„</strong></span> <span class='ocrx_word' id='word_1_180' title='bbox 1157 1409 1272 1436; x_wconf 67' lang='lat' dir='ltr'><strong>vum·</strong></span> <span class='ocrx_word' id='word_1_181' title='bbox 1317 1399 1490 1436; x_wconf 68' lang='lat' dir='ltr'>cantate</span> <span class='ocrx_word' id='word_1_182' title='bbox 1504 1395 1694 1436; x_wconf 76' lang='lat' dir='ltr'><strong>Dommo</strong></span> <span class='ocrx_word' id='word_1_183' title='bbox 1710 1408 1851 1436; x_wconf 70' lang='lat' dir='ltr'>omms</span> 
     </span>
    </p>
   </div>
   <div class='ocr_carea' id='block_1_10' title="bbox 153 1473 976 2795">
    <p class='ocr_par' dir='ltr' id='par_1_12' title="bbox 153 1473 976 1809">
     <span class='ocr_line' id='line_1_40' title="bbox 154 1473 976 1525; baseline 0.004 -12"><span class='ocrx_word' id='word_1_184' title='bbox 154 1476 208 1513; x_wconf 91' lang='lat' dir='ltr'><strong>te.</strong></span> <span class='ocrx_word' id='word_1_185' title='bbox 241 1473 486 1524; x_wconf 89' lang='lat' dir='ltr'><strong>Postremo,</strong></span> <span class='ocrx_word' id='word_1_186' title='bbox 501 1487 589 1515; x_wconf 92' lang='lat' dir='ltr'><strong>non</strong></span> <span class='ocrx_word' id='word_1_187' title='bbox 607 1487 753 1516; x_wconf 90' lang='lat' dir='ltr'><strong>meum</strong></span> <span class='ocrx_word' id='word_1_188' title='bbox 773 1479 840 1516; x_wconf 91' lang='lat' dir='ltr'><strong>est</strong></span> <span class='ocrx_word' id='word_1_189' title='bbox 856 1474 976 1525; x_wconf 91' lang='lat' dir='ltr'><strong>illud,</strong></span> 
     </span>
     <span class='ocr_line' id='line_1_41' title="bbox 156 1529 976 1583; baseline 0.004 -14"><span class='ocrx_word' id='word_1_190' title='bbox 156 1529 363 1580; x_wconf 90' lang='lat' dir='ltr'><strong>quoniam</strong></span> <span class='ocrx_word' id='word_1_191' title='bbox 387 1543 485 1582; x_wconf 88' lang='lat' dir='ltr'><strong>quae</strong></span> <span class='ocrx_word' id='word_1_192' title='bbox 510 1543 597 1571; x_wconf 93' lang='lat' dir='ltr'><strong>non</strong></span> <span class='ocrx_word' id='word_1_193' title='bbox 622 1530 807 1581; x_wconf 93' lang='lat' dir='ltr'><strong>nubunt,</strong></span> <span class='ocrx_word' id='word_1_194' title='bbox 834 1543 976 1583; x_wconf 90' lang='lat' dir='ltr'><strong>neque</strong></span> 
     </span>
     <span class='ocr_line' id='line_1_42' title="bbox 154 1584 976 1639; baseline 0.004 -14"><span class='ocrx_word' id='word_1_195' title='bbox 154 1584 390 1636; x_wconf 86' lang='lat' dir='ltr'><strong>nubentur,</strong></span> <span class='ocrx_word' id='word_1_196' title='bbox 419 1591 546 1628; x_wconf 92' lang='lat' dir='ltr'><strong>erunt</strong></span> <span class='ocrx_word' id='word_1_197' title='bbox 573 1587 686 1628; x_wconf 93' lang='lat' dir='ltr'><strong>sicut</strong></span> <span class='ocrx_word' id='word_1_198' title='bbox 710 1587 869 1639; x_wconf 85' lang='lat' dir='ltr'><strong>Angeli</strong></span> <span class='ocrx_word' id='word_1_199' title='bbox 892 1588 976 1629; x_wconf 91' lang='lat' dir='ltr'><strong>Dei</strong></span> 
     </span>
     <span class='ocr_line' id='line_1_43' title="bbox 154 1641 976 1695; baseline 0.005 -14"><span class='ocrx_word' id='word_1_200' title='bbox 154 1641 198 1681; x_wconf 94' lang='lat' dir='ltr'><strong>in</strong></span> <span class='ocrx_word' id='word_1_201' title='bbox 229 1641 353 1683; x_wconf 91' lang='lat' dir='ltr'><strong>coelo.</strong></span> <span class='ocrx_word' id='word_1_202' title='bbox 401 1642 543 1684; x_wconf 91' lang='lat' dir='ltr'><strong>Nemo</strong></span> <span class='ocrx_word' id='word_1_203' title='bbox 575 1656 680 1695; x_wconf 92' lang='lat' dir='ltr'><strong>ergo</strong></span> <span class='ocrx_word' id='word_1_204' title='bbox 709 1643 907 1694; x_wconf 91' lang='lat' dir='ltr'><strong>miretur,</strong></span> <span class='ocrx_word' id='word_1_205' title='bbox 939 1644 976 1685; x_wconf 93' lang='lat' dir='ltr'><strong>si</strong></span> 
     </span>
     <span class='ocr_line' id='line_1_44' title="bbox 153 1697 975 1752; baseline 0.005 -15"><span class='ocrx_word' id='word_1_206' title='bbox 153 1697 334 1749; x_wconf 87' lang='lat' dir='ltr'><strong>Angelis</strong></span> <span class='ocrx_word' id='word_1_207' title='bbox 359 1700 684 1752; x_wconf 85' lang='lat' dir='ltr'><strong>comparentur,</strong></span> <span class='ocrx_word' id='word_1_208' title='bbox 714 1713 811 1752; x_wconf 88' lang='lat' dir='ltr'><strong>quae</strong></span> <span class='ocrx_word' id='word_1_209' title='bbox 835 1700 975 1752; x_wconf 92' lang='lat' dir='ltr'><strong>Ange-</strong></span> 
     </span>
     <span class='ocr_line' id='line_1_45' title="bbox 153 1753 795 1809; baseline 0.005 -14"><span class='ocrx_word' id='word_1_210' title='bbox 153 1753 294 1795; x_wconf 82' lang='lat' dir='ltr'><strong>lorum</strong></span> <span class='ocrx_word' id='word_1_211' title='bbox 313 1755 504 1797; x_wconf 92' lang='lat' dir='ltr'><strong>Domino</strong></span> <span class='ocrx_word' id='word_1_212' title='bbox 524 1756 795 1809; x_wconf 80' lang='lat' dir='ltr'><strong>copulantur.</strong></span> 
     </span>
    </p>

    <p class='ocr_par' dir='ltr' id='par_1_13' title="bbox 153 1821 975 2101">
     <span class='ocr_line' id='line_1_46' title="bbox 208 1821 975 1875; baseline 0.003 -14"><span class='ocrx_word' id='word_1_213' title='bbox 208 1824 257 1875; x_wconf 74' lang='lat' dir='ltr'><strong>R».</strong></span> <span class='ocrx_word' id='word_1_214' title='bbox 283 1821 488 1863; x_wconf 83' lang='lat' dir='ltr'><strong>Dilexisti</strong></span> <span class='ocrx_word' id='word_1_215' title='bbox 513 1823 740 1874; x_wconf 86' lang='lat' dir='ltr'><strong>justitiam,</strong></span> <span class='ocrx_word' id='word_1_216' title='bbox 772 1828 816 1865; x_wconf 91' lang='lat' dir='ltr'><strong>et</strong></span> <span class='ocrx_word' id='word_1_217' title='bbox 842 1822 975 1864; x_wconf 83' lang='lat' dir='ltr'><strong>odisti</strong></span> 
     </span>
     <span class='ocr_line' id='line_1_47' title="bbox 153 1875 975 1932; baseline 0.005 -15"><span class='ocrx_word' id='word_1_218' title='bbox 153 1875 442 1929; x_wconf 64' lang='lat' dir='ltr'><strong>iniquitAtem:</strong></span> <span class='ocrx_word' id='word_1_219' title='bbox 467 1879 487 1902; x_wconf 87' lang='lat'>*</span> <span class='ocrx_word' id='word_1_220' title='bbox 509 1879 752 1932; x_wconf 88' lang='lat' dir='ltr'><strong>Propterea</strong></span> <span class='ocrx_word' id='word_1_221' title='bbox 779 1880 903 1920; x_wconf 90' lang='lat' dir='ltr'><strong>unxit</strong></span> <span class='ocrx_word' id='word_1_222' title='bbox 931 1885 975 1920; x_wconf 93' lang='lat' dir='ltr'><strong>te</strong></span> 
     </span>
     <span class='ocr_line' id='line_1_48' title="bbox 153 1933 974 1983; baseline 0 -9"><span class='ocrx_word' id='word_1_223' title='bbox 153 1933 292 1983; x_wconf 90' lang='lat' dir='ltr'><strong>Deus,</strong></span> <span class='ocrx_word' id='word_1_224' title='bbox 342 1934 463 1975; x_wconf 91' lang='lat' dir='ltr'><strong>Deus</strong></span> <span class='ocrx_word' id='word_1_225' title='bbox 508 1940 608 1976; x_wconf 93' lang='lat' dir='ltr'><strong>tuus</strong></span> <span class='ocrx_word' id='word_1_226' title='bbox 654 1935 752 1977; x_wconf 92' lang='lat' dir='ltr'><strong>oleo</strong></span> <span class='ocrx_word' id='word_1_227' title='bbox 796 1935 974 1977; x_wconf 86' lang='lat' dir='ltr'><strong>laetitiae.</strong></span> 
     </span>
     <span class='ocr_line' id='line_1_49' title="bbox 155 1985 975 2042; baseline 0.004 -12"><span class='ocrx_word' id='word_1_228' title='bbox 155 1985 204 2037; x_wconf 64' lang='lat' dir='ltr'><strong>W.</strong></span> <span class='ocrx_word' id='word_1_229' title='bbox 236 1990 425 2042; x_wconf 87' lang='lat' dir='ltr'><strong>Propter</strong></span> <span class='ocrx_word' id='word_1_230' title='bbox 443 1991 689 2042; x_wconf 83' lang='lat' dir='ltr'><strong>veritatem,</strong></span> <span class='ocrx_word' id='word_1_231' title='bbox 717 1990 761 2034; x_wconf 84' lang='lat' dir='ltr'><strong>et</strong></span> <span class='ocrx_word' id='word_1_232' title='bbox 779 2004 975 2033; x_wconf 91' lang='lat' dir='ltr'><strong>mansue-</strong></span> 
     </span>
     <span class='ocr_line' id='line_1_50' title="bbox 153 2045 936 2101; baseline 0.004 -14"><span class='ocrx_word' id='word_1_233' title='bbox 153 2045 360 2097; x_wconf 77' lang='lat' dir='ltr'><strong>tudinem,</strong></span> <span class='ocrx_word' id='word_1_234' title='bbox 380 2052 423 2088; x_wconf 92' lang='lat' dir='ltr'><strong>et</strong></span> <span class='ocrx_word' id='word_1_235' title='bbox 441 2048 662 2099; x_wconf 79' lang='lat' dir='ltr'><strong>justitiam.</strong></span> <span class='ocrx_word' id='word_1_236' title='bbox 686 2049 936 2101; x_wconf 89' lang='lat' dir='ltr'><strong>Propterea.</strong></span> 
     </span>
    </p>

    <p class='ocr_par' dir='ltr' id='par_1_14' title="bbox 207 2108 821 2159">
     <span class='ocr_line' id='line_1_51' title="bbox 207 2108 821 2159; baseline 0.005 -12"><span class='ocrx_word' id='word_1_237' title='bbox 207 2108 366 2149; x_wconf 90' lang='lat' dir='ltr'><strong>Bened.</strong></span> <span class='ocrx_word' id='word_1_238' title='bbox 397 2108 544 2159; x_wconf 83' lang='lat' dir='ltr'><strong>Ignem</strong></span> <span class='ocrx_word' id='word_1_239' title='bbox 563 2109 630 2150; x_wconf 92' lang='lat' dir='ltr'><strong>sui</strong></span> <span class='ocrx_word' id='word_1_240' title='bbox 649 2110 821 2151; x_wconf 87' lang='lat' dir='ltr'><strong>amoris.</strong></span> 
     </span>
    </p>

    <p class='ocr_par' dir='ltr' id='par_1_15' title="bbox 154 2172 975 2795">
     <span class='ocr_line' id='line_1_52' title="bbox 454 2172 678 2214; baseline -0.013 0"><span class='ocrx_word' id='word_1_241' title='bbox 454 2172 605 2214; x_wconf 89' lang='lat' dir='ltr'><strong>Lectio</strong></span> <span class='ocrx_word' id='word_1_242' title='bbox 627 2173 678 2211; x_wconf 82' lang='lat' dir='ltr'><strong>vi.</strong></span> 
     </span>
     <span class='ocr_line' id='line_1_53' title="bbox 157 2215 974 2339; baseline 0.005 -66"><span class='ocrx_word' id='word_1_243' title='bbox 157 2215 306 2339; x_wconf 75' lang='lat' dir='ltr'><strong>Quis</strong></span> <span class='ocrx_word' id='word_1_244' title='bbox 327 2234 460 2285; x_wconf 84' lang='lat' dir='ltr'><strong>igitur</strong></span> <span class='ocrx_word' id='word_1_245' title='bbox 478 2240 608 2286; x_wconf 89' lang='lat' dir='ltr'><strong>neget</strong></span> <span class='ocrx_word' id='word_1_246' title='bbox 622 2234 734 2276; x_wconf 90' lang='lat' dir='ltr'><strong>hanc</strong></span> <span class='ocrx_word' id='word_1_247' title='bbox 749 2235 884 2277; x_wconf 87' lang='lat' dir='ltr'><strong>vitam</strong></span> <span class='ocrx_word' id='word_1_248' title='bbox 899 2237 974 2277; x_wconf 91' lang='lat' dir='ltr'><strong>flu-</strong></span> 
     </span>
     <span class='ocr_line' id='line_1_54' title="bbox 157 2290 975 2353; baseline 0.005 -23"><span class='ocrx_word' id='word_1_249' title='bbox 157 2344 166 2353; x_wconf 47' lang='lat'><strong>·</strong></span> <span class='ocrx_word' id='word_1_250' title='bbox 246 2292 364 2332; x_wconf 84' lang='lat' dir='ltr'><strong>xisse</strong></span> <span class='ocrx_word' id='word_1_251' title='bbox 384 2290 438 2332; x_wconf 93' lang='lat' dir='ltr'><strong>de</strong></span> <span class='ocrx_word' id='word_1_252' title='bbox 458 2292 584 2342; x_wconf 89' lang='lat' dir='ltr'><strong>coelo,</strong></span> <span class='ocrx_word' id='word_1_253' title='bbox 605 2305 735 2344; x_wconf 88' lang='lat' dir='ltr'><strong>quam</strong></span> <span class='ocrx_word' id='word_1_254' title='bbox 750 2305 836 2334; x_wconf 92' lang='lat' dir='ltr'><strong>non</strong></span> <span class='ocrx_word' id='word_1_255' title='bbox 850 2293 975 2335; x_wconf 79' lang='lat' dir='ltr'><strong>facile</strong></span> 
     </span>
     <span class='ocr_line' id='line_1_55' title="bbox 154 2348 975 2402; baseline 0.006 -17"><span class='ocrx_word' id='word_1_256' title='bbox 154 2348 395 2388; x_wconf 81' lang='lat' dir='ltr'><strong>1nven1&#39;mus</strong></span> <span class='ocrx_word' id='word_1_257' title='bbox 414 2348 458 2388; x_wconf 91' lang='lat' dir='ltr'><strong>in</strong></span> <span class='ocrx_word' id='word_1_258' title='bbox 476 2349 616 2399; x_wconf 92' lang='lat' dir='ltr'><strong>terris,</strong></span> <span class='ocrx_word' id='word_1_259' title='bbox 638 2349 720 2389; x_wconf 91' lang='lat' dir='ltr'><strong>nisi</strong></span> <span class='ocrx_word' id='word_1_260' title='bbox 738 2354 975 2402; x_wconf 86' lang='lat' dir='ltr'><strong>postquam</strong></span> 
     </span>
     <span class='ocr_line' id='line_1_56' title="bbox 154 2401 974 2458; baseline 0.007 -17"><span class='ocrx_word' id='word_1_261' title='bbox 154 2401 274 2443; x_wconf 89' lang='lat' dir='ltr'><strong>Deus</strong></span> <span class='ocrx_word' id='word_1_262' title='bbox 286 2402 330 2443; x_wconf 90' lang='lat' dir='ltr'><strong>in</strong></span> <span class='ocrx_word' id='word_1_263' title='bbox 345 2402 440 2445; x_wconf 87' lang='lat' dir='ltr'><strong>haec</strong></span> <span class='ocrx_word' id='word_1_264' title='bbox 453 2405 615 2446; x_wconf 89' lang='lat' dir='ltr'><strong>terreni</strong></span> <span class='ocrx_word' id='word_1_265' title='bbox 631 2406 830 2458; x_wconf 90' lang='lat' dir='ltr'><strong>corporis</strong></span> <span class='ocrx_word' id='word_1_266' title='bbox 844 2419 974 2447; x_wconf 92' lang='lat' dir='ltr'><strong>mem-</strong></span> 
     </span>
     <span class='ocr_line' id='line_1_57' title="bbox 155 2456 974 2513; baseline 0.006 -15"><span class='ocrx_word' id='word_1_267' title='bbox 155 2456 234 2498; x_wconf 85' lang='lat' dir='ltr'><strong>bra</strong></span> <span class='ocrx_word' id='word_1_268' title='bbox 246 2457 494 2502; x_wconf 88' lang='lat' dir='ltr'><strong>descendit?</strong></span> <span class='ocrx_word' id='word_1_269' title='bbox 509 2462 634 2503; x_wconf 90' lang='lat' dir='ltr'><strong>Tunc</strong></span> <span class='ocrx_word' id='word_1_270' title='bbox 645 2462 688 2502; x_wconf 91' lang='lat' dir='ltr'><strong>in</strong></span> <span class='ocrx_word' id='word_1_271' title='bbox 698 2465 825 2503; x_wconf 82' lang='lat' dir='ltr'><strong>utero</strong></span> <span class='ocrx_word' id='word_1_272' title='bbox 836 2462 974 2513; x_wconf 91' lang='lat' dir='ltr'><strong>Virgo</strong></span> 
     </span>
     <span class='ocr_line' id='line_1_58' title="bbox 155 2515 975 2567; baseline 0.007 -14"><span class='ocrx_word' id='word_1_273' title='bbox 155 2515 371 2567; x_wconf 90' lang='lat' dir='ltr'><strong>concepit,</strong></span> <span class='ocrx_word' id='word_1_274' title='bbox 397 2521 440 2558; x_wconf 92' lang='lat' dir='ltr'><strong>et</strong></span> <span class='ocrx_word' id='word_1_275' title='bbox 464 2517 661 2559; x_wconf 91' lang='lat' dir='ltr'><strong>Verbum</strong></span> <span class='ocrx_word' id='word_1_276' title='bbox 685 2531 788 2559; x_wconf 89' lang='lat' dir='ltr'><strong>caro</strong></span> <span class='ocrx_word' id='word_1_277' title='bbox 813 2519 975 2560; x_wconf 89' lang='lat' dir='ltr'><strong>factum</strong></span> 
     </span>
     <span class='ocr_line' id='line_1_59' title="bbox 156 2573 974 2620; baseline 0.007 -10"><span class='ocrx_word' id='word_1_278' title='bbox 156 2574 236 2620; x_wconf 86' lang='lat' dir='ltr'><strong>est,</strong></span> <span class='ocrx_word' id='word_1_279' title='bbox 255 2576 304 2612; x_wconf 88' lang='lat' dir='ltr'><strong>ut</strong></span> <span class='ocrx_word' id='word_1_280' title='bbox 324 2584 425 2614; x_wconf 86' lang='lat' dir='ltr'><strong>caro</strong></span> <span class='ocrx_word' id='word_1_281' title='bbox 447 2573 573 2616; x_wconf 82' lang='lat' dir='ltr'><strong>fieret</strong></span> <span class='ocrx_word' id='word_1_282' title='bbox 591 2575 723 2616; x_wconf 90' lang='lat' dir='ltr'><strong>Deus.</strong></span> <span class='ocrx_word' id='word_1_283' title='bbox 754 2575 883 2616; x_wconf 90' lang='lat' dir='ltr'><strong>Dicet</strong></span> <span class='ocrx_word' id='word_1_284' title='bbox 902 2575 974 2616; x_wconf 77' lang='lat' dir='ltr'><strong>ali-</strong></span> 
     </span>
     <span class='ocr_line' id='line_1_60' title="bbox 157 2627 975 2678; baseline 0.007 -11"><span class='ocrx_word' id='word_1_285' title='bbox 157 2627 268 2678; x_wconf 89' lang='lat' dir='ltr'><strong>quis:</strong></span> <span class='ocrx_word' id='word_1_286' title='bbox 294 2627 381 2669; x_wconf 89' lang='lat' dir='ltr'><strong>Sed</strong></span> <span class='ocrx_word' id='word_1_287' title='bbox 406 2630 537 2671; x_wconf 86' lang='lat' dir='ltr'><strong>etiam</strong></span> <span class='ocrx_word' id='word_1_288' title='bbox 556 2631 674 2672; x_wconf 86' lang='lat' dir='ltr'><strong>Elias</strong></span> <span class='ocrx_word' id='word_1_289' title='bbox 699 2631 858 2672; x_wconf 82' lang='lat' dir='ltr'><strong>nullius</strong></span> <span class='ocrx_word' id='word_1_290' title='bbox 884 2644 975 2672; x_wconf 94' lang='lat' dir='ltr'><strong>cor-</strong></span> 
     </span>
     <span class='ocr_line' id='line_1_61' title="bbox 154 2683 974 2740; baseline 0.007 -17"><span class='ocrx_word' id='word_1_291' title='bbox 154 2683 279 2735; x_wconf 89' lang='lat' dir='ltr'><strong>porei</strong></span> <span class='ocrx_word' id='word_1_292' title='bbox 308 2684 450 2726; x_wconf 92' lang='lat' dir='ltr'><strong>coitus</strong></span> <span class='ocrx_word' id='word_1_293' title='bbox 476 2686 609 2728; x_wconf 86' lang='lat' dir='ltr'><strong>fuisse</strong></span> <span class='ocrx_word' id='word_1_294' title='bbox 635 2690 878 2740; x_wconf 83' lang='lat' dir='ltr'><strong>permixtus</strong></span> <span class='ocrx_word' id='word_1_295' title='bbox 906 2700 974 2728; x_wconf 93' lang='lat' dir='ltr'><strong>cu-</strong></span> 
     </span>
     <span class='ocr_line' id='line_1_62' title="bbox 154 2738 974 2795; baseline 0.006 -15"><span class='ocrx_word' id='word_1_296' title='bbox 154 2738 412 2791; x_wconf 77' lang='lat' dir='ltr'><strong>piditatibus</strong></span> <span class='ocrx_word' id='word_1_297' title='bbox 447 2741 675 2785; x_wconf 79' lang='lat' dir='ltr'><strong>invenitur.</strong></span> <span class='ocrx_word' id='word_1_298' title='bbox 725 2744 833 2786; x_wconf 90' lang='lat' dir='ltr'><strong>Ideo</strong></span> <span class='ocrx_word' id='word_1_299' title='bbox 871 2757 974 2795; x_wconf 88' lang='lat' dir='ltr'><strong>ergo</strong></span> 
     </span>
    </p>
   </div>
   <div class='ocr_carea' id='block_1_11' title="bbox 1027 1456 1850 2797">
    <p class='ocr_par' dir='ltr' id='par_1_16' title="bbox 1058 1456 1283 1492">
     <span class='ocr_line' id='line_1_63' title="bbox 1058 1456 1283 1492; baseline -0.004 0"><span class='ocrx_word' id='word_1_300' title='bbox 1058 1461 1103 1476; x_wconf 54' lang='lat'><strong>*³</strong></span> <span class='ocrx_word' id='word_1_301' title='bbox 1121 1466 1130 1474; x_wconf 47' lang='lat'><strong>⁴⁴</strong></span> <span class='ocrx_word' id='word_1_302' title='bbox 1156 1456 1283 1492; x_wconf 90' lang='lat' dir='ltr'><strong>terra.</strong></span> 
     </span>
    </p>

    <p class='ocr_par' dir='ltr' id='par_1_17' title="bbox 1027 1506 1850 1672">
     <span class='ocr_line' id='line_1_64' title="bbox 1081 1506 1850 1556; baseline 0.001 -8"><span class='ocrx_word' id='word_1_303' title='bbox 1081 1507 1263 1549; x_wconf 78' lang='lat' dir='ltr'><strong>Cantate</strong></span> <span class='ocrx_word' id='word_1_304' title='bbox 1294 1507 1499 1556; x_wconf 91' lang='lat' dir='ltr'><strong>Domino,</strong></span> <span class='ocrx_word' id='word_1_305' title='bbox 1532 1511 1575 1548; x_wconf 91' lang='lat' dir='ltr'><strong>et</strong></span> <span class='ocrx_word' id='word_1_306' title='bbox 1605 1506 1850 1549; x_wconf 88' lang='lat' dir='ltr'><strong>benedicite</strong></span> 
     </span>
     <span class='ocr_line' id='line_1_65' title="bbox 1028 1563 1849 1616; baseline 0 -11"><span class='ocrx_word' id='word_1_307' title='bbox 1028 1565 1192 1605; x_wconf 92' lang='lat' dir='ltr'><strong>nomini</strong></span> <span class='ocrx_word' id='word_1_308' title='bbox 1220 1565 1327 1616; x_wconf 90' lang='lat' dir='ltr'><strong>ejus:</strong></span> <span class='ocrx_word' id='word_1_309' title='bbox 1355 1566 1378 1590; x_wconf 88' lang='lat'>*</span> <span class='ocrx_word' id='word_1_310' title='bbox 1406 1563 1659 1604; x_wconf 77' lang='lat' dir='ltr'><strong>annuntiate</strong></span> <span class='ocrx_word' id='word_1_311' title='bbox 1691 1563 1746 1604; x_wconf 93' lang='lat' dir='ltr'><strong>de</strong></span> <span class='ocrx_word' id='word_1_312' title='bbox 1779 1563 1849 1605; x_wconf 91' lang='lat' dir='ltr'><strong>die</strong></span> 
     </span>
     <span class='ocr_line' id='line_1_66' title="bbox 1027 1620 1562 1672; baseline -0.002 -11"><span class='ocrx_word' id='word_1_313' title='bbox 1027 1621 1071 1661; x_wconf 93' lang='lat' dir='ltr'><strong>in</strong></span> <span class='ocrx_word' id='word_1_314' title='bbox 1099 1620 1216 1662; x_wconf 92' lang='lat' dir='ltr'><strong>diem</strong></span> <span class='ocrx_word' id='word_1_315' title='bbox 1243 1620 1433 1662; x_wconf 78' lang='lat' dir='ltr'><strong>salutare</strong></span> <span class='ocrx_word' id='word_1_316' title='bbox 1461 1621 1562 1672; x_wconf 88' lang='lat' dir='ltr'><strong>ejus.</strong></span> 
     </span>
    </p>

    <p class='ocr_par' dir='ltr' id='par_1_18' title="bbox 1027 1676 1850 1841">
     <span class='ocr_line' id='line_1_67' title="bbox 1080 1676 1850 1727; baseline -0.001 -9"><span class='ocrx_word' id='word_1_317' title='bbox 1080 1677 1347 1718; x_wconf 79' lang='lat' dir='ltr'><strong>Annuntiate</strong></span> <span class='ocrx_word' id='word_1_318' title='bbox 1361 1677 1474 1718; x_wconf 89' lang='lat' dir='ltr'><strong>inter</strong></span> <span class='ocrx_word' id='word_1_319' title='bbox 1488 1676 1652 1717; x_wconf 88' lang='lat' dir='ltr'><strong>Gentes</strong></span> <span class='ocrx_word' id='word_1_320' title='bbox 1666 1676 1850 1727; x_wconf 83' lang='lat' dir='ltr'><strong>gloriam</strong></span> 
     </span>
     <span class='ocr_line' id='line_1_68' title="bbox 1029 1732 1849 1785; baseline -0.001 -10"><span class='ocrx_word' id='word_1_321' title='bbox 1029 1734 1135 1785; x_wconf 90' lang='lat' dir='ltr'><strong>ejus,</strong></span> <span class='ocrx_word' id='word_1_322' title='bbox 1166 1735 1190 1760; x_wconf 86' lang='lat'>*</span> <span class='ocrx_word' id='word_1_323' title='bbox 1222 1733 1265 1774; x_wconf 90' lang='lat' dir='ltr'><strong>in</strong></span> <span class='ocrx_word' id='word_1_324' title='bbox 1293 1733 1495 1774; x_wconf 91' lang='lat' dir='ltr'><strong>omnibus</strong></span> <span class='ocrx_word' id='word_1_325' title='bbox 1522 1732 1697 1784; x_wconf 91' lang='lat' dir='ltr'><strong>populis</strong></span> <span class='ocrx_word' id='word_1_326' title='bbox 1726 1734 1849 1774; x_wconf 89' lang='lat' dir='ltr'><strong>mira-</strong></span> 
     </span>
     <span class='ocr_line' id='line_1_69' title="bbox 1027 1789 1260 1841; baseline 0 -11"><span class='ocrx_word' id='word_1_327' title='bbox 1027 1789 1131 1831; x_wconf 83' lang='lat' dir='ltr'><strong>bilia</strong></span> <span class='ocrx_word' id='word_1_328' title='bbox 1159 1791 1260 1841; x_wconf 88' lang='lat' dir='ltr'><strong>ejus.</strong></span> 
     </span>
    </p>

    <p class='ocr_par' dir='ltr' id='par_1_19' title="bbox 1027 1845 1850 2010">
     <span class='ocr_line' id='line_1_70' title="bbox 1080 1845 1850 1896; baseline 0 -10"><span class='ocrx_word' id='word_1_329' title='bbox 1080 1846 1296 1896; x_wconf 87' lang='lat' dir='ltr'><strong>Quoniam</strong></span> <span class='ocrx_word' id='word_1_330' title='bbox 1312 1858 1509 1896; x_wconf 67' lang='lat' dir='ltr'><strong>,magnus</strong></span> <span class='ocrx_word' id='word_1_331' title='bbox 1540 1845 1771 1895; x_wconf 89' lang='lat' dir='ltr'><strong>Dominus,</strong></span> <span class='ocrx_word' id='word_1_332' title='bbox 1807 1849 1850 1886; x_wconf 91' lang='lat' dir='ltr'><strong>et</strong></span> 
     </span>
     <span class='ocr_line' id='line_1_71' title="bbox 1027 1900 1849 1943; baseline 0 -1"><span class='ocrx_word' id='word_1_333' title='bbox 1027 1901 1259 1943; x_wconf 80' lang='lat' dir='ltr'><strong>laudabilis</strong></span> <span class='ocrx_word' id='word_1_334' title='bbox 1294 1901 1438 1942; x_wconf 83' lang='lat' dir='ltr'><strong>nimis:</strong></span> <span class='ocrx_word' id='word_1_335' title='bbox 1476 1902 1500 1927; x_wconf 85' lang='lat'>*</span> <span class='ocrx_word' id='word_1_336' title='bbox 1537 1900 1744 1941; x_wconf 83' lang='lat' dir='ltr'><strong>terribilis</strong></span> <span class='ocrx_word' id='word_1_337' title='bbox 1783 1906 1849 1942; x_wconf 90' lang='lat' dir='ltr'><strong>est</strong></span> 
     </span>
     <span class='ocr_line' id='line_1_72' title="bbox 1028 1957 1484 2010; baseline -0.002 -11"><span class='ocrx_word' id='word_1_338' title='bbox 1028 1970 1159 2010; x_wconf 89' lang='lat' dir='ltr'><strong>super</strong></span> <span class='ocrx_word' id='word_1_339' title='bbox 1187 1970 1337 1999; x_wconf 91' lang='lat' dir='ltr'><strong>omnes</strong></span> <span class='ocrx_word' id='word_1_340' title='bbox 1366 1957 1484 1998; x_wconf 90' lang='lat' dir='ltr'><strong>deos.</strong></span> 
     </span>
    </p>

    <p class='ocr_par' dir='ltr' id='par_1_20' title="bbox 1027 2012 1848 2168">
     <span class='ocr_line' id='line_1_73' title="bbox 1080 2012 1848 2064; baseline 0 -9"><span class='ocrx_word' id='word_1_341' title='bbox 1080 2014 1296 2064; x_wconf 86' lang='lat' dir='ltr'><strong>Quoniam</strong></span> <span class='ocrx_word' id='word_1_342' title='bbox 1311 2026 1460 2055; x_wconf 91' lang='lat' dir='ltr'><strong>omnes</strong></span> <span class='ocrx_word' id='word_1_343' title='bbox 1476 2012 1535 2054; x_wconf 85' lang='lat' dir='ltr'><strong>dii</strong></span> <span class='ocrx_word' id='word_1_344' title='bbox 1546 2013 1753 2054; x_wconf 90' lang='lat' dir='ltr'><strong>Gentium</strong></span> <span class='ocrx_word' id='word_1_345' title='bbox 1763 2013 1848 2055; x_wconf 88' lang='lat' dir='ltr'><strong>dae-</strong></span> 
     </span>
     <span class='ocr_line' id='line_1_74' title="bbox 1027 2069 1848 2111; baseline -0.001 0"><span class='ocrx_word' id='word_1_346' title='bbox 1027 2070 1188 2111; x_wconf 89' lang='lat' dir='ltr'><strong>monia:</strong></span> <span class='ocrx_word' id='word_1_347' title='bbox 1222 2072 1246 2097; x_wconf 86' lang='lat'>*</span> <span class='ocrx_word' id='word_1_348' title='bbox 1282 2069 1496 2111; x_wconf 90' lang='lat' dir='ltr'><strong>Dominus</strong></span> <span class='ocrx_word' id='word_1_349' title='bbox 1532 2073 1678 2111; x_wconf 90' lang='lat' dir='ltr'><strong>autem</strong></span> <span class='ocrx_word' id='word_1_350' title='bbox 1712 2069 1848 2111; x_wconf 91' lang='lat' dir='ltr'><strong>coelos</strong></span> 
     </span>
     <span class='ocr_line' id='line_1_75' title="bbox 1027 2126 1141 2168; baseline 0 -1"><span class='ocrx_word' id='word_1_351' title='bbox 1027 2126 1141 2168; x_wconf 88' lang='lat' dir='ltr'><strong>fecit.</strong></span> 
     </span>
    </p>

    <p class='ocr_par' dir='ltr' id='par_1_21' title="bbox 1027 2181 1847 2346">
     <span class='ocr_line' id='line_1_76' title="bbox 1080 2181 1847 2235; baseline 0 -11"><span class='ocrx_word' id='word_1_352' title='bbox 1080 2182 1316 2233; x_wconf 86' lang='lat' dir='ltr'><strong>Confessio,</strong></span> <span class='ocrx_word' id='word_1_353' title='bbox 1332 2187 1375 2224; x_wconf 89' lang='lat' dir='ltr'><strong>et</strong></span> <span class='ocrx_word' id='word_1_354' title='bbox 1394 2181 1675 2235; x_wconf 82' lang='lat' dir='ltr'><strong>pulchritudo</strong></span> <span class='ocrx_word' id='word_1_355' title='bbox 1690 2182 1734 2222; x_wconf 93' lang='lat' dir='ltr'><strong>in</strong></span> <span class='ocrx_word' id='word_1_356' title='bbox 1749 2195 1847 2224; x_wconf 93' lang='lat' dir='ltr'><strong>con-</strong></span> 
     </span>
     <span class='ocr_line' id='line_1_77' title="bbox 1028 2238 1847 2291; baseline -0.001 -11"><span class='ocrx_word' id='word_1_357' title='bbox 1028 2240 1181 2291; x_wconf 86' lang='lat' dir='ltr'><strong>spectu</strong></span> <span class='ocrx_word' id='word_1_358' title='bbox 1207 2240 1313 2290; x_wconf 89' lang='lat' dir='ltr'><strong>ejus:</strong></span> <span class='ocrx_word' id='word_1_359' title='bbox 1338 2240 1362 2266; x_wconf 89' lang='lat'>*</span> <span class='ocrx_word' id='word_1_360' title='bbox 1387 2238 1673 2280; x_wconf 87' lang='lat' dir='ltr'><strong>sanctimonia</strong></span> <span class='ocrx_word' id='word_1_361' title='bbox 1696 2243 1739 2279; x_wconf 92' lang='lat' dir='ltr'><strong>et</strong></span> <span class='ocrx_word' id='word_1_362' title='bbox 1761 2251 1847 2279; x_wconf 90' lang='lat' dir='ltr'><strong>ma—</strong></span> 
     </span>
     <span class='ocr_line' id='line_1_78' title="bbox 1027 2295 1847 2346; baseline -0.001 -10"><span class='ocrx_word' id='word_1_363' title='bbox 1027 2295 1275 2346; x_wconf 90' lang='lat' dir='ltr'><strong>gnificentia</strong></span> <span class='ocrx_word' id='word_1_364' title='bbox 1302 2295 1346 2336; x_wconf 90' lang='lat' dir='ltr'><strong>in</strong></span> <span class='ocrx_word' id='word_1_365' title='bbox 1379 2295 1719 2336; x_wconf 87' lang='lat' dir='ltr'><strong>sanctificatione</strong></span> <span class='ocrx_word' id='word_1_366' title='bbox 1747 2296 1847 2346; x_wconf 91' lang='lat' dir='ltr'><strong>ejus.</strong></span> 
     </span>
    </p>

    <p class='ocr_par' dir='ltr' id='par_1_22' title="bbox 1027 2351 1847 2572">
     <span class='ocr_line' id='line_1_79' title="bbox 1074 2351 1847 2404; baseline 0 -12"><span class='ocrx_word' id='word_1_367' title='bbox 1074 2351 1242 2393; x_wconf 85' lang='lat' dir='ltr'><strong>Afferte</strong></span> <span class='ocrx_word' id='word_1_368' title='bbox 1256 2352 1447 2393; x_wconf 89' lang='lat' dir='ltr'><strong>Domino</strong></span> <span class='ocrx_word' id='word_1_369' title='bbox 1462 2352 1617 2404; x_wconf 80' lang='lat' dir='ltr'><strong>patriae</strong></span> <span class='ocrx_word' id='word_1_370' title='bbox 1633 2351 1847 2401; x_wconf 87' lang='lat' dir='ltr'><strong>Gentium,</strong></span> 
     </span>
     <span class='ocr_line' id='line_1_80' title="bbox 1028 2406 1847 2459; baseline 0.001 -12"><span class='ocrx_word' id='word_1_371' title='bbox 1028 2407 1180 2449; x_wconf 87' lang='lat' dir='ltr'><strong>afferte</strong></span> <span class='ocrx_word' id='word_1_372' title='bbox 1207 2408 1397 2449; x_wconf 83' lang='lat' dir='ltr'><strong>Domino</strong></span> <span class='ocrx_word' id='word_1_373' title='bbox 1424 2408 1610 2459; x_wconf 90' lang='lat' dir='ltr'><strong>gloriam</strong></span> <span class='ocrx_word' id='word_1_374' title='bbox 1641 2410 1685 2447; x_wconf 86' lang='lat' dir='ltr'><strong>et</strong></span> <span class='ocrx_word' id='word_1_375' title='bbox 1713 2406 1847 2448; x_wconf 93' lang='lat' dir='ltr'><strong>hono-</strong></span> 
     </span>
     <span class='ocr_line' id='line_1_81' title="bbox 1027 2462 1846 2514; baseline 0 -10"><span class='ocrx_word' id='word_1_376' title='bbox 1027 2476 1133 2505; x_wconf 91' lang='lat' dir='ltr'><strong>rem:</strong></span> <span class='ocrx_word' id='word_1_377' title='bbox 1153 2465 1176 2491; x_wconf 88' lang='lat'>*</span> <span class='ocrx_word' id='word_1_378' title='bbox 1195 2463 1346 2506; x_wconf 86' lang='lat' dir='ltr'><strong>afferte</strong></span> <span class='ocrx_word' id='word_1_379' title='bbox 1365 2464 1554 2505; x_wconf 85' lang='lat' dir='ltr'><strong>Domino</strong></span> <span class='ocrx_word' id='word_1_380' title='bbox 1573 2462 1756 2514; x_wconf 89' lang='lat' dir='ltr'><strong>gloriam</strong></span> <span class='ocrx_word' id='word_1_381' title='bbox 1773 2466 1846 2504; x_wconf 93' lang='lat' dir='ltr'><strong>no-</strong></span> 
     </span>
     <span class='ocr_line' id='line_1_82' title="bbox 1027 2520 1261 2572; baseline 0.004 -12"><span class='ocrx_word' id='word_1_382' title='bbox 1027 2520 1133 2561; x_wconf 92' lang='lat' dir='ltr'><strong>mini</strong></span> <span class='ocrx_word' id='word_1_383' title='bbox 1161 2521 1261 2572; x_wconf 88' lang='lat' dir='ltr'><strong>ejus.</strong></span> 
     </span>
    </p>

    <p class='ocr_par' dir='ltr' id='par_1_23' title="bbox 1028 2576 1847 2741">
     <span class='ocr_line' id='line_1_83' title="bbox 1079 2576 1847 2627; baseline -0.001 -9"><span class='ocrx_word' id='word_1_384' title='bbox 1079 2576 1242 2618; x_wconf 89' lang='lat' dir='ltr'><strong>ToHite</strong></span> <span class='ocrx_word' id='word_1_385' title='bbox 1282 2576 1466 2627; x_wconf 88' lang='lat' dir='ltr'><strong>hostias,</strong></span> <span class='ocrx_word' id='word_1_386' title='bbox 1503 2581 1547 2618; x_wconf 92' lang='lat' dir='ltr'><strong>et</strong></span> <span class='ocrx_word' id='word_1_387' title='bbox 1588 2577 1764 2618; x_wconf 86' lang='lat' dir='ltr'><strong>introite</strong></span> <span class='ocrx_word' id='word_1_388' title='bbox 1803 2576 1847 2616; x_wconf 92' lang='lat' dir='ltr'><strong>in</strong></span> 
     </span>
     <span class='ocr_line' id='line_1_84' title="bbox 1028 2632 1846 2685; baseline -0.001 -12"><span class='ocrx_word' id='word_1_389' title='bbox 1028 2633 1138 2674; x_wconf 80' lang='lat' dir='ltr'><strong>atria</strong></span> <span class='ocrx_word' id='word_1_390' title='bbox 1162 2634 1267 2685; x_wconf 90' lang='lat' dir='ltr'><strong>ejus:</strong></span> <span class='ocrx_word' id='word_1_391' title='bbox 1290 2635 1313 2660; x_wconf 90' lang='lat'>*</span> <span class='ocrx_word' id='word_1_392' title='bbox 1338 2633 1520 2675; x_wconf 79' lang='lat' dir='ltr'><strong>adorate</strong></span> <span class='ocrx_word' id='word_1_393' title='bbox 1541 2633 1777 2674; x_wconf 92' lang='lat' dir='ltr'><strong>Dominum</strong></span> <span class='ocrx_word' id='word_1_394' title='bbox 1803 2632 1846 2672; x_wconf 93' lang='lat' dir='ltr'><strong>in</strong></span> 
     </span>
     <span class='ocr_line' id='line_1_85' title="bbox 1028 2689 1447 2741; baseline -0.002 -11"><span class='ocrx_word' id='word_1_395' title='bbox 1028 2689 1139 2731; x_wconf 75' lang='lat' dir='ltr'><strong>atrio</strong></span> <span class='ocrx_word' id='word_1_396' title='bbox 1167 2694 1318 2731; x_wconf 88' lang='lat' dir='ltr'><strong>sancto</strong></span> <span class='ocrx_word' id='word_1_397' title='bbox 1347 2691 1447 2741; x_wconf 86' lang='lat' dir='ltr'><strong>ejus.</strong></span> 
     </span>
    </p>

    <p class='ocr_par' dir='ltr' id='par_1_24' title="bbox 1080 2744 1846 2797">
     <span class='ocr_line' id='line_1_86' title="bbox 1080 2744 1846 2797; baseline -0.001 -10"><span class='ocrx_word' id='word_1_398' title='bbox 1080 2745 1417 2787; x_wconf 78' lang='lat' dir='ltr'><strong>Commoveatur</strong></span> <span class='ocrx_word' id='word_1_399' title='bbox 1447 2758 1474 2786; x_wconf 87' lang='lat' dir='ltr'><strong>a</strong></span> <span class='ocrx_word' id='word_1_400' title='bbox 1504 2745 1614 2786; x_wconf 81' lang='lat' dir='ltr'><strong>facie</strong></span> <span class='ocrx_word' id='word_1_401' title='bbox 1642 2746 1731 2797; x_wconf 87' lang='lat' dir='ltr'><strong>ejus</strong></span> <span class='ocrx_word' id='word_1_402' title='bbox 1758 2744 1846 2786; x_wconf 90' lang='lat' dir='ltr'><strong>uni-</strong></span> 
     </span>
    </p>
   </div>
   <div class='ocr_carea' id='block_1_12' title="bbox 97 156 1909 2846">
    <p class='ocr_par' dir='ltr' id='par_1_25' title="bbox 97 156 1909 2846">
     <span class='ocr_line' id='line_1_87' title="bbox 97 156 1909 2846; baseline 0 0"><span class='ocrx_word' id='word_1_403' title='bbox 97 156 1909 2846; x_wconf 95' lang='lat' dir='ltr'><strong> </strong></span> 
     </span>
    </p>
   </div>
  </div>
 </body>
</html>
