2040 2990
686 188 727 222 In
752 188 874 222 feriali
898 189 1034 224 Officio
1060 190 1109 224 ad
1131 191 1305 225 Primam.

144 278 338 331 adjuvari
357 283 400 321 et
420 279 593 330 salvari,
620 281 693 333 qui
712 281 817 322 vivit
842 285 884 322 et
902 293 965 322 re-

142 339 246 385 gnat
264 335 307 376 in
327 336 488 377 saecula
507 336 777 378 saeculorum.

197 391 246 443 R.
274 391 426 434 Amen.

196 442 245 493 Y.
289 448 409 489 Deus
445 449 488 489 in
525 448 786 501 adjutorium
821 462 966 490 meum

143 503 329 546 intende.
379 506 425 556 R.
456 506 643 547 Domine
675 505 732 547 ad
763 504 965 557 adjuvan-

143 558 246 601 dum
266 574 336 602 me
356 561 522 603 festina.

195 622 241 655 Et
267 622 406 655 dicitur
429 625 499 655 ter:
524 621 655 656 ultimo
682 622 835 656 additur

196 673 345 714 Gloria
362 674 501 715 Patri.⁴
517 672 638 715 Sicut
656 680 759 716 erat.

195 738 327 790 Kyrie
364 738 538 780 eleison.
583 739 754 781 Christe
791 741 964 783 eleison.

143 794 276 846 Kyrie
297 794 469 836 eleison.
903 802 905 804 '

193 854 323 896 Pater
341 860 501 897 noster.
519 862 699 897 secreto.

194 905 242 956 δ”.
262 911 319 952 Et
336 924 391 953 ne
410 925 491 953 nos
510 911 691 954 inducas
705 913 748 953 in
763 913 963 954 tentatie—

139 979 249 1009 nem.
279 967 328 1006 R
346 967 432 1009 Sed
451 968 588 1010 libera
606 982 687 1011 nos
707 983 732 1010 a
749 969 876 1010 malo.

191 1022 241 1073 V.
272 1029 461 1082 Respice
492 1030 536 1070 in
568 1043 719 1072 servos
747 1035 847 1072 tuos
875 1031 962 1071 Do-

139 1084 269 1135 mine,
298 1090 341 1127 et
358 1086 402 1126 in
421 1088 556 1139 (Spera
574 1091 664 1136 tua,
693 1092 736 1128 et
761 1086 897 1138 dirige
915 1087 962 1127 fi-

139 1140 222 1182 lios
242 1143 403 1183 eorum.
431 1144 479 1195 R.
499 1143 556 1184 Et
576 1143 631 1184 sit
650 1143 857 1196 splendor
873 1144 962 1184 De-

137 1197 241 1238 mini
256 1198 339 1239 Dei
358 1199 496 1240 nostri
516 1212 646 1252 super
660 1213 752 1250 nos,
773 1204 817 1241 et
828 1202 963 1252 opera

138 1255 344 1295 manuum
375 1257 625 1297 nostrarum
661 1255 798 1307 dirige
831 1269 962 1309 super

136 1322 236 1360 nos,
270 1315 313 1352 et
340 1324 451 1364 opus
480 1314 686 1353 manuum
713 1315 961 1354 nostrarum

138 1366 286 1418 dirige.

191 1417 239 1468 V.
266 1422 417 1464 Gloria
434 1424 564 1465 Patri.
591 1426 641 1466 R.
664 1425 783 1466 Sicut
803 1430 904 1467 erat.

144 1544 149 1551 ¹
240 1500 437 1542 Oremus.
694 1504 855 1544 Oratio.

135 1555 382 1661 Dirigere
414 1567 458 1604 et
485 1563 777 1613 sanctificare,
809 1565 959 1614 regere

247 1622 292 1659 et
309 1617 552 1669 gubernare
568 1618 758 1670 dignare,
772 1620 959 1661 Domine

134 1674 256 1715 Deus
292 1674 390 1715 Rex
426 1674 526 1716 coeli
563 1680 606 1717 et
641 1680 787 1725 terrae,
827 1675 958 1717 hedie

136 1729 272 1772 corda
299 1735 342 1772 et
371 1732 559 1784 cerpora
585 1737 754 1782 nostra,
791 1745 957 1783 sensus,

137 1788 361 1828 sermenes
385 1792 430 1828 et
453 1792 576 1829 actus
599 1794 776 1830 nostros
800 1789 843 1830 in
862 1788 957 1839 lege

135 1846 226 1892 tua,
265 1847 308 1884 et
338 1843 381 1883 in
414 1843 622 1896 operibus
653 1844 958 1886 mandatorum

135 1900 327 1940 tuorum:
351 1903 399 1940 ut
422 1899 507 1949 hic,
536 1905 580 1942 et
597 1901 641 1941 in
660 1903 886 1951 aeternum,
913 1906 957 1942 te

136 1955 369 1997 auxiliante
393 1955 502 1996 salvi
530 1961 573 1998 et
598 1956 723 1998 liberi
747 1970 843 1998 esse
871 1970 957 1998 me-

135 2012 324 2060 reamur,
343 2011 544 2053 Salvator
563 2012 727 2054 mundi:
746 2014 829 2063 Qui
848 2013 956 2054 vivis

136 2071 179 2108 et
197 2068 415 2118 regnas'in
435 2068 594 2110 saecula
614 2069 884 2111 saeculorum.

187 2123 235 2175 R.
259 2123 411 2165 Amen.

186 2178 235 2229 V.
262 2185 286 2225 J
289 2184 373 2226 ube
393 2184 552 2227 domne
570 2185 839 2228 benedicere.

187 2243 346 2284 Bened.
376 2245 481 2287 Dies
507 2251 550 2288 et
573 2252 696 2288 actus
719 2251 894 2288 nostros
913 2247 955 2287 in

135 2313 213 2341 sua
230 2313 339 2353 pace
363 2301 568 2355 disponat
586 2303 799 2344 Deminus
823 2305 955 2344 omni-

133 2362 301 2409 potens.
333 2360 382 2411 R.
401 2358 553 2400 Amen.

185 2418 247 2451 Ad
264 2419 440 2454 Absolut.
459 2420 581 2463 Capit.
600 2421 637 2454 in
655 2421 763 2455 Dom.
782 2426 817 2454 et
830 2421 952 2455 Feriis

135 2474 203 2507 per
225 2466 393 2501 Annum.
419 2468 466 2501 ab
493 2468 571 2502 Oct.
596 2469 733 2511 Epipli.
758 2479 879 2512 usquc
905 2468 952 2501 ad

134 2512 242 2547 Dom.
269 2514 295 2547 Ι.
321 2515 511 2558 Quadrag.
536 2518 677 2550 exclus.

167 2576 317 2618 Lectio
338 2578 493 2619 brevis.
600 2582 650 2620 II.
667 2581 818 2621 Thess.
833 2582 868 2620 3.
885 2579 922 2620 b.

224 2639 393 2680 ominus
412 2645 558 2681 autem
577 2639 734 2690 dirigat
757 2638 891 2680 corda
910 2643 954 2679 et

245 2696 431 2747 cerpora
444 2700 596 2737 nostra
605 2695 649 2736 in
664 2695 845 2736 caritate
859 2694 953 2743 Dei,
978 2705 986 2763 Ι

285 2826 349 2850 Pars
364 2826 498 2850 Hiemalis.

1794 189 1839 223 25

1018 285 1062 321 et
1080 281 1289 333 patientia
1304 281 1472 324 Christi.
1504 285 1568 324 Tu
1587 284 1731 326 autem
1750 285 1837 325 Do-

1017 337 1132 378 mine
1151 338 1357 380 miserere
1376 338 1512 380 nobis.

1075 396 1122 447 R.
1147 394 1244 435 Deo
1264 395 1437 445 gratias.

1072 456 1106 489 A
1132 456 1333 490 Dominica
1359 458 1383 491 Ι.
1411 459 1610 492 Adventus
1641 470 1760 503 usquc
1791 461 1838 494 ad

1020 503 1133 546 Vigil.
1159 504 1285 539 Nativ.
1313 505 1464 539 Domini
1491 507 1695 541 exclusive.

1331 554 1451 594 lsaiae
1472 556 1535 593 323.

1013 600 1259 709 Demine‚
1274 609 1480 651 miserere
1494 611 1647 652 nostri:
1666 616 1708 652 te
1724 613 1836 653 enim

1123 667 1486 719 exspectavimus:
1503 672 1597 708 esto
1613 667 1836 709 brachium

1015 726 1213 762 nostrum
1237 723 1280 762 in
1304 735 1446 772 mane,
1477 728 1520 764 et
1545 723 1661 764 salus
1686 731 1836 766 nostra

1015 777 1058 817 in
1073 780 1271 831 tempore
1286 779 1586 821 tribulationis.
1614 782 1678 821 'Pu
1693 786 1836 822 autem

1014 833 1212 876 Domine.

1072 890 1175 931 Post
1196 891 1312 931 Lcct.
1334 892 1509 932 brevem
1531 892 1685 933 dicitur

1070 941 1118 991 Y.
1154 946 1431 999 Adjutorium
1463 951 1661 988 nostrum
1692 948 1734 988 in
1761 950 1835 989 no-

1014 1003 1128 1044 mine
1147 1004 1334 1044 Demini.
1377 1005 1422 1055 lx‘g.
1447 1004 1529 1054 Qui
1552 1004 1654 1045 fecit
1677 1005 1836 1046 coelum

1015 1064 1059 1100 et
1076 1065 1249 1101 terram.

1069 1110 1116 1160 Y.
1142 1115 1407 1158 Benedicite.
1438 1118 1486 1169 R.
1508 1117 1638 1158 Deus.

1068 1170 1227 1211 Bened.
1256 1172 1468 1214 Dominus
1490 1186 1572 1214 nos
1596 1173 1834 1223 benedicat,

1014 1233 1058 1269 et
1085 1228 1140 1270 ab
1169 1230 1286 1270 omni
1313 1229 1428 1270 malo
1457 1229 1675 1279 defendat,
1709 1235 1752 1271 et
1779 1230 1835 1271 ad

1013 1285 1146 1326 vitam
1173 1285 1386 1338 perducat
1414 1288 1634 1327 aeternam:
1662 1291 1705 1327 et
1731 1286 1833 1327 fide-

1012 1340 1117 1382 lium
1132 1342 1286 1383 animae
1301 1355 1380 1395 per
1395 1341 1737 1383 misericerdiam
1751 1343 1834 1383 Dei

1012 1398 1288 1450 requiescant
1305 1399 1348 1439 in
1367 1411 1486 1451 pace.
1516 1401 1564 1452 R.
1584 1398 1734 1440 Amen.

1276 1467 1569 1494 &W-

1198 1528 1259 1568 In
1286 1527 1453 1569 feriali
1481 1527 1648 1568 Officio

1258 1598 1282 1625 a
1295 1585 1322 1626 d
1352 1587 1385 1625 P
1396 1599 1415 1625 r
1428 1587 1436 1625 i
1451 1600 1490 1626 m
1504 1600 1526 1627 a
1539 1601 1590 1627 m.

1063 1643 1192 1686 Pater
1206 1650 1365 1687 noster.
1400 1647 1489 1686 Ave
1503 1645 1649 1686 Maria.
1676 1645 1831 1687 Credo.

1012 1694 1062 1746 V.
1077 1700 1198 1742 Deus
1217 1701 1260 1742 in
1279 1701 1549 1753 adjuterium.
1569 1701 1627 1742 15.

1318 1770 1525 1820 Hymnus.

1105 1840 1175 1868 am
1193 1827 1302 1868 lucis
1323 1832 1420 1868 orto
1442 1827 1582 1868 sidere

1129 1883 1271 1924 Deum
1290 1885 1518 1935 precemur
1538 1882 1767 1935 snpplices,

1087 1939 1145 1980 Ut
1163 1939 1207 1979 in
1227 1939 1391 1980 diurnis
1412 1939 1580 1981 actibus

1085 1995 1180 2036 Nos
1201 2000 1345 2037 servet
1364 2008 1388 2036 a
1407 1994 1675 2037 nocentibus.

1036 2060 1246 2111 Linguam
1265 2060 1500 2102 refraenans
1519 2061 1741 2112 temperet,

1084 2116 1151 2157 Ne
1170 2116 1257 2158 litis
1276 2116 1432 2158 horror
1451 2118 1634 2158 insonet:

1084 2173 1239 2214 Visum
1259 2172 1448 2214 fovendo
1469 2174 1682 2222 contegat,

1083 2229 1151 2270 Ne
1170 2229 1385 2270 vanitates
1406 2228 1586 2269 hauriat.

1033 2292 1126 2334 Sint
1144 2307 1254 2346 pura
1273 2293 1418 2334 cordis
1436 2293 1596 2341 intima,

1084 2349 1284 2391 Absistat
1303 2355 1346 2391 et
1365 2348 1582 2390 vecordia:

1085 2406 1235 2447 Carnis
1254 2410 1367 2447 terat
1386 2404 1634 2457 superbiam

1081 2462 1219 2503 Potus
1239 2462 1410 2513 cibique
1429 2460 1629 2513 parcitas.

1033 2523 1091 2568 Ut
1110 2539 1208 2568 cum
1228 2525 1320 2568 dies
1340 2525 1610 2574 abscesserit,

1081 2583 1355 2634 Noctemque
1375 2594 1471 2623 sors
1491 2579 1721 2627 reduxerit,

1081 2638 1232 2679 Mundi
1250 2651 1329 2691 per
1348 2637 1653 2679 abstinentiam

1035 2691 1037 2693 ’
1080 2695 1171 2746 Ipsi
1190 2696 1394 2735 canamus
1412 2692 1605 2744 gloriam.
