2040 2990
762 241 962 274 Dominica
990 239 1337 283 Quinquagesimae.

195 351 363 380 merces
386 343 463 379 tua
487 350 645 389 magna
669 337 807 378 nimis.
852 335 898 384 V
924 337 1019 388 Ego

195 396 310 437 enim
330 408 425 436 sum
444 395 660 436 Dominus
674 396 796 436 Deus
814 399 926 442 tuus,
947 393 1020 445 qui

195 451 326 494 eduxi
345 456 388 493 te
408 451 463 493 de
482 451 544 493 Ur
564 451 882 493 Chaldaeorum.
906 449 1020 491 Noli.

496 526 647 566 Lectio
669 526 721 565 ix.

291 591 502 634 otandum
527 605 633 633 vero
663 596 744 640 est,
774 589 893 643 quod
922 602 1020 630 cum

297 649 322 689 J
326 662 424 690 esus
455 649 479 690 J
483 649 629 690 ericho
664 647 1021 701 appropinquare

196 705 364 755 dicitur,
384 718 526 747 caecus
546 704 822 746 illuminatur.
845 703 866 744 J
873 702 1020 744 ericho

196 762 360 815 quippe
402 762 505 803 luna
546 762 875 814 interpretatur:
920 759 1021 800 luna

195 824 341 860 autem
367 819 409 859 in
439 831 565 860 sacro
591 818 768 871 eloquio
793 830 875 870 pro
906 816 1021 858 defe-

195 880 270 917 ctu
289 876 431 917 carnis
451 875 642 928 ponitur:
663 874 763 927 quia
783 873 886 915 dum
906 875 1021 914 men-

195 933 328 974 struis
363 932 594 974 momentis
633 931 864 981 decrescit,
907 929 1022 971 defe-

195 993 314 1030 ctum
333 994 497 1030 nostrae
517 988 797 1030 mortalitatis
814 987 1023 1038 designat.

194 1046 310 1087 Dum
328 1046 459 1097 igitur
475 1045 686 1087 Cenditor
702 1049 850 1086 noster
865 1056 1023 1096 appro-

194 1104 378 1155 pinquat
403 1101 593 1152 Jericho,
622 1114 766 1143 caecus
794 1100 851 1142 ad
879 1100 1024 1141 lumen

194 1158 322 1200 redit:
344 1159 445 1211 quia
464 1158 568 1201 dum
586 1158 789 1200 divinitas
806 1157 1025 1199 defectum

194 1220 358 1257 nostrae
384 1216 525 1257 carnis
550 1216 759 1268 suscepit,
787 1214 1024 1256 humanum

194 1285 332 1323 genus
351 1272 510 1322 lumen,
531 1272 652 1325 quod
672 1274 888 1321 amiserat,
907 1272 1023 1312 rece-

195 1329 271 1381 pit.
305 1328 433 1371 Unde
457 1329 572 1371 enim
590 1329 712 1371 Deus
737 1328 926 1370 humana
949 1329 1022 1380 pa-

195 1386 312 1435 titur,
339 1386 442 1428 inde
467 1386 599 1428 homo
629 1386 685 1428 ad
711 1385 857 1427 divina
882 1384 1022 1426 suble-

195 1444 333 1484 vatur.
355 1443 439 1493 Qui
457 1443 660 1484 videlicet
679 1455 822 1485 caecus
841 1447 960 1484 recte
980 1446 1022 1483 et

195 1499 315 1550 juxta
342 1500 459 1540 viam
493 1499 663 1550 sedere,
696 1505 739 1542 et
768 1499 1023 1541 mendicans

197 1567 293 1596 esse
322 1555 596 1598 describitur.
631 1557 735 1609 Ipsa
763 1556 877 1598 enim
899 1555 1023 1597 Veri-

195 1616 264 1653 tas
284 1611 402 1653 dicit:
421 1613 516 1664 Ego
537 1626 633 1654 sum
652 1613 731 1654 via.

246 1679 295 1730 R.
339 1678 492 1719 Caecus
525 1677 708 1719 sedebat
739 1690 865 1719 secus
897 1677 1023 1726 viam,

196 1737 449 1776 transeunte
485 1734 697 1784 Demino‚
740 1739 783 1776 et
820 1733 1023 1775 clamavit

197 1790 253 1832 ad
273 1803 387 1832 eum:
408 1796 451 1832 et
469 1791 530 1832 ait
548 1790 610 1831 illi
622 1790 852 1832 Dominus:
866 1791 887 1814 *
908 1789 1024 1841 Quid

197 1847 262 1888 vis
281 1852 329 1889 ut
347 1847 505 1889 faciam
522 1847 625 1889 tibi?
638 1850 660 1872 *
679 1847 878 1897 Demine,
897 1851 945 1888 ut
964 1848 1023 1887 vi-

198 1902 325 1945 deam
352 1904 509 1946 lumen.
548 1900 595 1952 V.
626 1905 755 1947 Stans
784 1908 929 1946 autem
956 1904 1023 1945 Je-

198 1973 283 2010 SUS,
302 1961 426 2012 jussit
442 1961 564 2002 illum
585 1961 686 2003 duci
704 1961 760 2003 ad
780 1974 842 2011 se,
863 1966 906 2003 et
925 1974 1024 2002 cum

198 2018 609 2071 appropinquasset,
620 2018 905 2069 interrogavit
915 2031 1024 2067 eum,

200 2071 362 2115 dicens.
391 2074 506 2124 Quid
527 2075 602 2115 vis.
630 2074 795 2116 Glaria.
826 2075 1024 2116 Demine.

248 2143 349 2177 Infra
397 2144 688 2179 Hebdomadam
735 2146 844 2180 Fcria
886 2148 946 2181 IV.
986 2154 1021 2182 ct

196 2192 381 2227 sabbato,
408 2193 492 2226 loco
519 2193 630 2231 huius
657 2194 695 2237 hp.
722 2195 921 2239 dicium-111„
947 2197 1021 2239 pri-

196 2250 295 2273 mum
325 2240 444 2273 Feriis
472 2240 512 2273 ΙΙ.
541 2253 644 2283 sequ.

459 2315 537 2356 Ad
559 2315 766 2358 Laudes.

251 2378 347 2417 Ant.
375 2379 401 2417 1.
429 2377 682 2419 secundum
705 2379 1027 2421 multitudinem

201 2437 224 2461 *
257 2434 586 2476 miserationum
618 2437 791 2476 tuarum
823 2436 1026 2485 Domine,

201 2491 299 2534 dele
318 2491 589 2543 iniquitatem
611 2503 762 2532 meam.

248 2547 316 2586 ΡΞ.
352 2547 558 2588 Miserere
576 2548 672 2588 mei.
692 2549 782 2588 323.

247 2606 281 2643 2.
319 2605 437 2645 Deus
455 2616 578 2645 meus
598 2617 644 2645 es
664 2609 726 2653 tu,
745 2606 767 2630 *
788 2610 831 2646 et
850 2605 1027 2647 confite-

202 2660 284 2703 bor
302 2660 396 2702 tibi:
415 2661 537 2702 Deus
555 2673 679 2702 meus
699 2674 744 2702 es
763 2667 827 2711 tu,
851 2667 895 2703 et
915 2662 1027 2703 exal-

203 2717 308 2759 tabo
327 2721 381 2759 te.

252 2776 315 2815 ΡΒ.
350 2774 637 2815 (jonfitemini.
655 2775 748 2815 324.

1128 336 1163 375 3.
1198 334 1265 376 Ad
1292 340 1337 377 te
1363 334 1418 377 de
1445 335 1542 376 luce
1561 335 1585 361 *
1603 335 1736 387 vigilo
1760 336 1897 386 Deus,

1072 396 1120 433 ut
1139 391 1312 433 videam
1330 392 1537 433 virtutem
1556 397 1687 433 tuam.

1132 450 1198 489 Ps.
1219 451 1340 490 Deus
1357 448 1478 490 Deus
1496 461 1632 490 meus.
1649 449 1743 490 325.

1127 508 1163 546 4.
1200 509 1418 557 Hymnum
1447 504 1597 555 dicite,
1625 505 1648 531 *
1676 510 1720 547 et
1748 518 1897 559 super-

1073 562 1264 604 exaltate
1284 574 1383 603 eum
1402 562 1446 602 in
1468 561 1640 603 saecula.

1128 620 1247 660 Cant.
1276 617 1539 660 Benedicite.
1559 619 1653 659 326.

1126 676 1163 715 5.
1186 676 1353 717 Omnes
1378 674 1536 726 Angeli
1559 675 1583 700 *
1608 675 1698 726 ejus
1722 674 1898 717 laudate

1071 733 1309 774 Dominum
1328 732 1383 773 de
1403 731 1537 773 coelis.

1130 789 1197 828 Ps.
1218 788 1418 830 Laudate
1436 788 1553 829 Dfim
1572 787 1627 830 de
1646 787 1782 830 coelis.
1805 789 1899 830 326.

1181 857 1438 908 Capitulum.
1584 858 1613 897 1.
1630 856 1726 897 Cor.
1742 857 1799 896 13.

1071 911 1304 1018 Fratres:
1338 916 1383 957 Si
1406 915 1563 967 linguis
1587 915 1814 957 heminum
1837 914 1898 956 lo·

1165 986 1284 1026 quar,
1304 978 1347 1014 et
1366 972 1646 1025 Angelerum,
1671 972 1899 1014 caritatem

1072 1031 1218 1071 autern
1253 1042 1342 1071 non
1378 1029 1581 1080 habeam,
1624 1029 1765 1071 factus
1802 1041 1899 1070 sum

1072 1086 1192 1128 velut
1224 1099 1287 1128 aes
1318 1098 1499 1136 sonanS,
1541 1091 1616 1128 aut
1651 1085 1899 1139 cymbalum

1071 1143 1269 1185 tinniens.

1128 1201 1338 1252 Hymnus.
1362 1202 1546 1242 ΛἘῒεξιᾙθ
1565 1212 1719 1242 rerum.
1738 1198 1830 1241 327.

1128 1253 1177 1304 Y.
1206 1256 1395 1298 Domine
1432 1257 1648 1308 refugium
1678 1256 1820 1298 factus
1852 1267 1899 1297 es

1073 1313 1211 1355 nobis.
1257 1316 1307 1367 R.
1336 1314 1378 1354 A
1409 1313 1692 1364 generatione
1725 1317 1769 1354 et
1798 1323 1898 1365 pro-

1073 1370 1210 1421 genie.

1128 1429 1198 1470 Ad
1222 1428 1384 1470 Bened.
1423 1429 1522 1469 Ant.
1558 1429 1677 1469 Ecce
1704 1424 1900 1468 ascendi-

1074 1496 1171 1524 mus
1203 1484 1226 1509 *
1257 1484 1282 1525 J
1285 1484 1594 1538 eros61ymam,
1627 1488 1669 1526 et
1701 1495 1900 1525 consum-

1074 1539 1309 1582 mabuntur
1325 1542 1480 1591 emnia,
1501 1554 1599 1594 quae
1619 1540 1784 1594 scripta
1801 1542 1902 1581 sunt

1075 1596 1130 1638 de
1166 1597 1277 1638 Filio
1313 1598 1516 1640 heminis:
1551 1597 1750 1639 tradetur
1787 1597 1901 1638 enim

1076 1653 1302 1704 Gentibus,
1323 1659 1367 1696 et
1386 1654 1602 1704 illudetur,
1627 1659 1671 1696 et
1691 1654 1901 1706 conspue-

1075 1713 1159 1750 tur:
1179 1714 1222 1751 et
1235 1716 1471 1764 postquam
1487 1710 1812 1762 flagellaverint,
1831 1722 1901 1751 oc-

1076 1765 1223 1808 cident
1243 1780 1356 1819 eum,
1383 1773 1426 1810 et
1449 1767 1579 1810 tertia
1602 1767 1673 1809 die
1692 1770 1902 1818 resurget.

1415 1836 1578 1877 Oratio.

1160 1912 1284 1941 reces
1315 1903 1503 1948 nostras,
1537 1900 1787 1951 quaesumus
1814 1898 1902 1940 De-

1169 1956 1301 2006 mine,
1321 1955 1558 1997 clementer
1577 1954 1750 1997 exaudi:
1769 1959 1902 2007 atque

1075 2027 1101 2056 a
1134 2014 1418 2067 peccaterum
1448 2011 1631 2053 vinculis
1665 2010 1903 2061 absolutos,

1076 2071 1131 2113 ab
1161 2069 1278 2112 omni
1307 2082 1388 2110 nos
1421 2068 1689 2110 adversitate
1718 2066 1903 2110 custedi.

1075 2128 1161 2170 Per
1179 2125 1426 2168 Dominum.

1348 2204 1416 2240 Ad
1439 2203 1639 2241 Primam.

1132 2262 1230 2302 Ant.
1264 2263 1352 2303 Iter
1384 2261 1569 2302 faciente
1598 2262 1622 2288 *
1648 2261 1767 2310 Jesu,
1800 2260 1903 2302 dum

1078 2318 1452 2373 appropinquaret
1466 2317 1491 2358 J
1493 2316 1651 2367 erich0,
1669 2330 1814 2359 caecus
1828 2317 1905 2359 cla-

1077 2375 1226 2417 mabat
1245 2374 1302 2416 ad
1321 2387 1437 2423 eum,
1464 2378 1513 2415 ut
1538 2373 1684 2415 lumen
1708 2376 1903 2427 recipere

1077 2433 1328 2474 mereretur.

1130 2492 1190 2526 Ad
1225 2492 1517 2526 Absolutionem
1553 2492 1737 2534 Capituli,
1770 2491 1900 2526 Lectio

1079 2541 1216 2575 brevis.
1254 2540 1442 2575 Deminus
1467 2545 1594 2575 autem
1618 2540 1767 2584 dirigat.
1790 2540 1843 2575 25.

1346 2608 1413 2644 Ad
1436 2608 1638 2645 Tertiam.

1128 2661 1227 2701 Ant.
1256 2660 1535 2702 Transeunte
1558 2662 1581 2686 *
1604 2662 1794 2706 Demino
1819 2661 1902 2702 cla-

1079 2718 1227 2759 mabat
1263 2730 1408 2759 caecus
1449 2717 1505 2759 ad
1541 2731 1654 2759 eum:
1695 2718 1903 2760 Miserere

1079 2775 1175 2825 mei,
1194 2774 1277 2815 Fili
1295 2772 1450 2815 David.
