2080 2990
683 210 893 245 Commune
918 209 1165 244 confessoris
1191 209 1398 243 Pontificis.

245 303 463 345 Dominus
490 303 602 346 dixit
629 303 686 345 ad
713 316 802 345 me:
829 303 853 329 ²⁸¹
885 302 1022 344 Filius

194 373 317 403 meus
337 373 384 402 es
402 365 461 411 tu,
481 373 562 412 ego
581 360 714 402 hodie
733 359 864 411 genui
882 364 938 401 te.

246 417 427 459 Postula
451 430 477 458 a
500 430 582 467 me,
607 422 651 459 et
671 416 787 459 dabo
807 415 888 458 tibi
908 416 1020 458 Gen-

193 479 260 516 tes
278 474 582 516 haereditatem
601 479 733 524 tuam,
747 474 771 500 *
791 478 835 515 et
849 485 1020 526 posses-

194 532 363 573 sionem
381 536 502 573 tuam
520 531 732 573 terminos
750 534 891 572 terrae.

244 588 391 639 Reges
420 600 496 630 eos
523 588 569 628 in
592 588 715 639 virga
738 587 899 637 ferrea,
926 586 950 612 *
978 591 1021 628 et

193 648 418 696 tamquam
432 657 510 686 vas
529 644 651 696 figuli
670 643 919 695 confringes
934 656 1020 685 eos.

243 701 301 743 Et
324 714 440 743 nunc
458 714 585 752 reges
604 700 848 752 intelligite:
875 700 899 726 *
928 712 1020 741 eru-

195 757 347 799 dimini
368 759 442 810 qui
461 757 663 810 judicatis
682 762 856 799 terram.

244 814 412 857 Servite
437 814 630 856 Domino
655 814 699 855 in
724 814 898 855 timore:
924 814 948 840 *
977 819 1020 856 et

193 871 408 913 exsultate
428 871 469 913 ei
487 884 588 912 cum
605 872 809 912 tremore.

244 927 579 980 Apprehendite
626 927 914 980 disciplinam,
948 940 1019 969 ne-

193 984 370 1036 quando
407 985 622 1026 irascatur
653 984 887 1035 Dominus,
919 984 943 1010 *
977 989 1020 1026 et

190 1041 382 1094 pereatis
402 1041 457 1083 de
475 1041 547 1082 via
565 1042 687 1093 iusta.

244 1097 354 1139 Cum
378 1097 592 1140 exarserit
616 1097 662 1138 in
684 1097 809 1139 brevi
832 1097 897 1138 ira
917 1098 1018 1150 ejus,

190 1154 215 1180 *
238 1153 357 1196 beati
376 1167 529 1196 omnes
549 1154 623 1207 qui
643 1153 872 1195 confidunt
890 1154 934 1194 in
954 1167 1018 1196 eo.

242 1224 341 1265 Ant.
389 1221 553 1262 Beatus
590 1220 674 1261 iste
709 1224 902 1269 sanctus,
944 1220 1018 1272 qui

191 1276 381 1319 confisus
397 1281 463 1319 est
481 1277 526 1318 in
539 1277 741 1327 Domino,
760 1276 1019 1330 praedicavit

189 1335 461 1387 praeceptum
469 1333 658 1383 Domini,
672 1334 935 1375 constitutus
952 1338 1018 1375 est

189 1390 232 1430 in
250 1394 400 1432 monte
422 1395 574 1432 sancto
595 1390 697 1442 ejus.

240 1459 338 1499 Ant.
372 1458 442 1498 Tu
469 1468 516 1498 es
543 1455 683 1507 gloria
709 1468 822 1506 mea,
842 1457 866 1483 *
892 1459 942 1497 tu
970 1468 1016 1497 es
1103 1487 1108 1502 2
1125 1457 1172 1500 ’ἒ

190 1513 421 1565 susceptor
443 1525 568 1554 meus
590 1512 794 1554 Domine:
826 1517 875 1554 tu
901 1511 1015 1554 exal-

188 1572 286 1610 tans
306 1573 438 1621 caput
457 1581 618 1619 meum,
648 1573 692 1610 et
711 1568 927 1611 exaudisti
945 1581 1015 1611 me

189 1624 245 1666 de
263 1629 412 1667 monte
431 1630 583 1668 sancto
602 1630 692 1671 tuo.

472 1704 670 1745 Psalmus
698 1706 733 1745 3.

280 1774 426 1816 omine
461 1773 567 1826 quid
601 1773 881 1827 multiplicati
914 1780 1015 1817 sunt

290 1830 365 1883 qui
391 1830 602 1872 tribulant
628 1830 720 1872 me?
748 1831 772 1857 *
798 1831 925 1873 multi
951 1832 1013 1873 in-

186 1890 370 1938 surgunt
389 1886 623 1929 adversum
641 1899 723 1929 me.

235 1943 363 1985 Multi
378 1943 530 1985 dicunt
550 1943 707 1985 animae
722 1956 848 1985 meae:
866 1944 890 1970 *
908 1944 1011 1986 Non

186 2004 254 2043 est
271 2000 389 2042 salus
407 2000 493 2053 ipsi
511 2000 556 2041 in
575 2000 672 2042 Deo
693 2001 794 2052 ejus.

236 2057 306 2099 Tu
349 2061 496 2099 autem
540 2056 731 2098 Domine
781 2058 1012 2110 susceptor

185 2126 309 2156 meus
330 2126 388 2164 es,
407 2113 431 2140 *
449 2113 590 2164 gloria
613 2126 721 2164 mea,
746 2118 790 2155 et
814 2113 1012 2156 exaltans

186 2175 319 2224 caput
336 2183 493 2212 meum.

168 2229 172 2232 '
236 2226 362 2269 Voce
375 2239 474 2269 mea
489 2226 546 2269 ad
560 2227 799 2269 Dominum
814 2226 1011 2269 clamavi:

185 2283 209 2309 *
237 2288 282 2325 et
308 2283 531 2326 exaudivit
557 2297 628 2326 me
657 2283 712 2326 de
738 2288 888 2326 monte
916 2297 1011 2325 san-

185 2343 261 2381 cto
287 2352 378 2382 suo.

236 2396 332 2448 Ego
352 2396 556 2448 dormivi,
582 2402 627 2440 et
645 2399 879 2451 soporatus
899 2410 1010 2438 sum:

185 2452 209 2478 *
232 2456 277 2494 et
299 2454 540 2505 exsurrexi,
564 2455 666 2506 quia
684 2454 900 2496 Dominus
920 2466 1010 2495 sus-

186 2508 304 2561 cepit
322 2522 404 2551 me.
437 2519 445 2523 ’

237 2565 339 2607 Non
374 2565 539 2608 timebo
575 2566 710 2608 millia
745 2566 899 2620 populi
931 2566 1008 2608 cir-

187 2621 432 2663 cumdantis
455 2635 541 2664 me:
558 2623 583 2649 *
603 2627 789 2674 exsurge
809 2623 1008 2673 Domine,

186 2677 356 2720 salvum
373 2691 444 2720 me
463 2678 532 2721 fac
551 2679 672 2721 Deus
690 2693 826 2722 meus·

238 2735 454 2786 Quoniam
489 2740 538 2777 tu
567 2737 823 2789 percussisti
855 2749 1008 2778 omnes

1832 203 1901 248 [51]

1074 302 1360 344 adversantes
1375 303 1481 344 mihi
1496 303 1589 345 sine
1605 316 1750 345 causa:
1760 304 1784 330 *
1800 303 1901 346 den-

1073 364 1140 401 tes
1159 362 1444 412 peccatorum
1464 361 1720 402 contrivisti.

1126 416 1307 457 Domini
1326 421 1393 458 est
1412 416 1544 458 salus:
1563 417 1586 443 *
1612 421 1655 458 et
1674 430 1805 470 super
1824 420 1900 470 po-

1075 473 1227 526 pulum
1246 478 1370 514 tuum
1389 472 1639 515 benedictio
1660 479 1745 515 tua.

1126 535 1223 575 Ant.
1244 534 1308 573 Tu
1327 543 1374 572 es
1393 530 1532 580 gloria
1550 543 1657 581 mea,
1676 535 1724 573 tu
1745 544 1792 572 es
1810 545 1899 573 sus-

1073 588 1227 639 ceptor
1248 599 1372 628 meus
1395 587 1597 628 Domine:
1629 591 1678 629 tu
1703 588 1899 630 exaltans

1073 648 1205 696 caput
1231 656 1392 694 meum,
1430 648 1473 685 et
1502 643 1718 686 exaudisti
1746 658 1816 687 me
1844 645 1899 687 de

1071 704 1220 742 monte
1242 705 1394 743 sancto
1414 705 1503 743 tuo.

1123 759 1173 811 V.
1203 761 1380 803 Amavit
1399 775 1499 803 eum
1517 762 1743 812 Dominus,
1772 767 1814 804 et
1834 775 1899 804 or-

1071 818 1190 860 navit
1223 831 1333 860 eum.
1375 823 1423 874 Rg.
1461 818 1628 860 Stolam
1660 819 1812 870 gloriae
1840 822 1898 860 in-

1072 874 1166 916 duit
1194 887 1303 916 eum.

1129 939 1254 978 Pater
1272 940 1433 978 noster.

1126 999 1366 1040 Absolutio.
1399 996 1568 1039 Exaudi
1585 997 1783 1040 Domine.

1124 1055 1173 1106 V.
1200 1058 1225 1098 J
1227 1057 1312 1099 ube
1332 1057 1503 1099 domne.

1129 1120 1284 1161 Bened.
1316 1118 1630 1161 Benedictione
1648 1122 1873 1173 perpetua.

1071 1195 1138 1234 De
1155 1192 1353 1245 Epistola
1369 1193 1510 1245 prima
1519 1192 1639 1235 beati
1648 1193 1771 1235 Pauli
1779 1195 1898 1248 Apo-

1239 1249 1341 1291 stoli
1360 1249 1416 1291 ad
1436 1249 1726 1292 Timotheum.

1176 1314 1324 1355 Lectio
1347 1315 1368 1354 i.
1632 1314 1733 1365 Cap.
1758 1315 1793 1351 3.

1073 1375 1312 1446 pfl
1338 1388 1497 1417 sermo:
1534 1376 1579 1418 Si
1606 1376 1702 1429 quis
1730 1377 1896 1430 episco-

1073 1436 1083 1453 ³—
1103 1440 1106 1453 ⁵
1121 1432 1137 1466 A
1154 1433 1175 1470 2¹2<
1197 1434 1349 1485 patum
1364 1432 1596 1483 desiderat,
1606 1432 1770 1475 bonum
1785 1447 1897 1487 opus

1198 1489 1430 1531 desiderat.
1464 1489 1653 1542 Oportet
1677 1503 1782 1541 ergo
1810 1493 1896 1544 epi-

1069 1558 1254 1599 scopum
1305 1546 1733 1599 irreprehensibilem
1789 1560 1896 1600 esse,

1068 1605 1194 1644 unius
1217 1603 1366 1644 uxoris
1385 1603 1536 1653 virum,
1565 1603 1770 1654 sobrium,
1797 1618 1896 1658 pru-

1068 1658 1254 1710 dentem,
1283 1661 1496 1710 omatum‚
1514 1660 1733 1713 pudicum,
1751 1661 1896 1714 hospi-

1066 1715 1211 1766 talem,
1239 1716 1479 1767 doctorem,
1506 1730 1594 1758 non
1618 1717 1896 1770 vinolentum,

1066 1785 1154 1814 non
1178 1775 1499 1826 percussorem,
1527 1773 1607 1815 sed
1631 1774 1895 1826 modestum,

1066 1842 1153 1871 non
1172 1830 1424 1881 litigiosum,
1452 1843 1540 1872 non
1562 1830 1786 1883 cupidum,
1815 1831 1894 1874 sed

1066 1899 1157 1927 suae
1173 1886 1322 1928 domui
1335 1886 1447 1928 bene
1462 1887 1760 1939 praepositum,
1779 1887 1894 1930 filios

1065 1942 1299 1985 habentem
1324 1942 1526 1985 subditos
1552 1956 1651 1985 cum
1680 1944 1798 1985 omni
1826 1957 1892 1986 ca-

1066 1999 1224 2041 stitate.
1261 2000 1306 2041 Si
1332 2000 1428 2052 quis
1453 2005 1601 2042 autem
1626 1999 1777 2042 domui
1801 2014 1892 2043 suae

1064 2058 1256 2108 praeesse
1271 2056 1421 2107 nescit,
1443 2056 1667 2109 quomodo
1682 2057 1892 2099 Ecclesiae

1064 2113 1149 2154 Dei
1163 2112 1434 2164 diligentiam
1446 2112 1649 2155 habebit?
1670 2113 1772 2155 Non
1790 2117 1892 2156 neo-

1064 2168 1263 2222 phytum:
1298 2182 1353 2211 ne
1383 2170 1428 2210 in
1460 2169 1711 2223 superbiam
1741 2171 1892 2217 elatus,

1063 2226 1106 2266 in
1120 2225 1326 2278 judicium
1339 2226 1504 2268 incidat
1520 2226 1694 2268 diaboli.
1703 2227 1893 2280 Oportet

1063 2288 1210 2324 autem
1224 2282 1346 2324 illum
1361 2287 1405 2325 et
1417 2283 1715 2325 testimonium
1729 2283 1891 2326 habere

1063 2338 1228 2380 bonum
1247 2339 1302 2381 ab
1322 2339 1374 2381 iis
1391 2339 1465 2393 qui
1483 2340 1590 2381 foris
1610 2345 1720 2390 sunt,
1738 2345 1787 2382 ut
1802 2353 1890 2382 non

1062 2395 1106 2436 in
1139 2395 1426 2449 opprobrium
1459 2396 1638 2447 incidat,
1681 2401 1725 2439 et
1756 2397 1800 2438 in
1831 2396 1890 2438 la-

1064 2465 1224 2505 queum
1243 2452 1418 2495 diaboli.

1117 2511 1167 2561 R.
1200 2510 1325 2562 Euge
1356 2522 1482 2552 serve
1513 2508 1628 2551 bone
1662 2514 1706 2551 et
1736 2508 1888 2558 fidelis,

1063 2565 1166 2618 quia
1189 2566 1234 2607 in
1257 2579 1398 2619 pauca
1421 2565 1539 2607 fuisti
1564 2565 1722 2616 fidelis,
1756 2578 1888 2618 supra

1061 2622 1198 2665 multa
1231 2628 1276 2665 te
1309 2625 1589 2665 constituam:
1628 2624 1649 2646 *
1688 2623 1808 2663 Intra
1843 2621 1886 2661 in

1060 2679 1269 2731 gaudium
1306 2679 1471 2722 domini
1505 2679 1580 2720 tui.
1627 2673 1676 2724 V.
1699 2677 1886 2719 Domine

1062 2736 1253 2789 quinque
1298 2736 1461 2778 talenta
1507 2734 1727 2777 tradidisti
1770 2733 1886 2783 mihi,
