2080 2990
585 210 655 243 Die
682 210 708 242 1.
734 210 841 242 Febr.
890 208 924 243 S.
951 208 1091 250 Ignatii
1116 207 1243 249 Episc.
1270 214 1304 240 ct
1331 207 1436 240 Mart.

153 306 234 342 tur.
281 301 479 351 Cumque
512 301 722 350 navigans
755 300 982 352 Smyrnam

152 359 360 406 venisset,
398 356 473 397 ubi
505 357 777 408 Polycarpus
809 356 983 398 auditor

152 413 350 462 10011015,
388 414 625 465 episcopus
662 417 772 462 erat,
808 413 984 465 scripsit

152 481 283 509 unam
303 467 535 520 epistolam
553 467 610 509 ad
628 467 859 520 Ephesios,
880 467 982 509 alte-

152 537 246 564 ram
274 523 331 565 ad
357 524 685 573 Magnesianos,
725 523 899 565 tertiam
927 523 984 565 ad

153 580 420 630 Trallenses,
446 585 647 631 quartam
666 578 723 620 ad
741 580 983 620 Romanos:

154 641 198 677 et
214 635 316 677 inde
337 634 565 686 egrediens
582 635 757 687 scripsit
772 634 829 676 ad
843 635 983 676 Phila-

155 691 373 744 delphios,
400 696 443 732 et
462 690 519 732 ad
537 691 802 742 Smymaeos,
823 695 867 732 et
884 693 984 743 pro-

153 748 296 800 priam
330 746 388 789 ad
419 747 731 799 Polycarpum,
769 749 984 788 commen-

155 802 265 844 dans
288 803 351 844 illi
373 802 718 844 Antiochensem
741 802 986 844 ecclesiam:

154 859 199 900 in
225 871 312 911 qua
338 864 382 901 et
406 858 461 900 de
480 858 738 909 Evangelio,
768 857 889 910 quod
911 872 984 899 nu-

154 928 236 967 per
271 928 298 956 a
332 927 402 956 me
439 915 698 964 translatum
735 919 817 964 est,
854 927 987 967 super

155 973 347 1023 persona
363 970 524 1012 Christi
537 970 662 1022 ponit
678 970 986 1012 testimonium.

209 1043 258 1093 Rv.
285 1044 533 1084 Honestum
560 1043 662 1084 fecit
689 1042 811 1083 illum
837 1043 985 1083 Domi-

156 1112 256 1149 11115,
278 1103 321 1140 et
340 1097 579 1140 custodivit
598 1111 697 1139 eum
716 1098 771 1139 ab
791 1098 986 1147 inimicis,

158 1160 202 1196 et
229 1168 255 1195 a
283 1154 589 1196 seductoribus
616 1154 775 1196 tutavit
801 1153 938 1194 illum:
961 1151 983 1173 *

155 1211 213 1252 Et
247 1209 369 1252 dedit
400 1210 463 1251 illi
497 1210 740 1252 claritatem
768 1212 986 1251 aeternam.

156 1262 207 1315 V.
241 1265 572 1317 Descenditque
608 1279 707 1307 cum
740 1265 815 1306 illo
850 1266 894 1306 in
925 1266 985 1307 fo-

156 1335 299 1372 veam,
320 1327 363 1363 et
382 1322 427 1362 in
445 1321 629 1363 vinculis
648 1334 736 1362 non
755 1320 988 1374 dereliquit

156 1390 266 1420 eum.
306 1378 364 1421 Et
384 1376 506 1420 dedit
524 1377 597 1418 1111.

416 1466 419 1468 ’
468 1464 617 1504 Lectio
640 1476 675 1501 v,

159 1528 398 1632 Dignum
447 1533 594 1569 autem
644 1527 833 1577 videtur,
888 1526 989 1578 quia

266 1584 376 1626 tanti
401 1584 483 1625 viri
508 1584 687 1625 fecimus
712 1582 988 1633 mentionem,

158 1646 203 1684 et
228 1640 283 1682 de
309 1639 499 1692 epistola
527 1641 635 1690 ejus,
669 1651 801 1690 quam
826 1637 883 1679 ad
902 1639 988 1680 Ro-

158 1699 312 1738 manos
340 1695 507 1745 scribit,
534 1708 678 1748 pauca
703 1697 881 1747 ponere.
921 1695 990 1736 De

158 1753 282 1805 Syria
306 1764 448 1803 usque
471 1751 529 1793 ad
547 1751 737 1793 Romam
759 1763 909 1803 pugno
934 1750 990 1792 ad

158 1809 323 1852 bestias
351 1808 395 1848 in
421 1807 530 1849 mari
557 1812 601 1849 et
625 1807 670 1848 in
693 1812 828 1856 terra,
860 1812 990 1848 nocte

160 1864 319 1916 dieque
342 1863 503 1914 ligatus
528 1876 628 1904 cum
647 1861 802 1904 decem
818 1862 989 1915 leopar-

161 1920 244 1971 dis,
275 1919 363 1961 hoc
388 1924 455 1960 est
477 1918 704 1967 militibus,
738 1917 812 1969 qui
830 1930 900 1959 me
920 1931 990 1959 cu-

161 1974 372 2025 stodiunt3
400 1974 558 2027 quibus
581 1978 625 2016 et
648 1987 748 2015 cum
765 1973 990 2015 benefece-

159 2031 236 2082 ris,
263 2032 436 2084 pejores
456 2030 576 2071 fiunt.
612 2029 826 2081 Iniquitas
846 2034 992 2071 autem

161 2089 315 2129 eorum
340 2099 440 2127 mea
466 2084 666 2127 doctrina
692 2090 773 2126 est:
801 2084 880 2126 sed
904 2098 992 2126 non

161 2141 327 2184 idcirco
363 2141 622 2194 justificatus
659 2154 765 2181 sum.
817 2141 993 2182 Utinam

162 2198 281 2240 fruar
302 2197 472 2247 bestiis,
502 2209 601 2249 quae
626 2196 732 2237 mihi
757 2201 856 2237 sunt
881 2209 990 2248 prae-

162 2256 345 2307 paratae:
375 2266 484 2305 quas
511 2258 555 2295 et
581 2265 659 2294 oro
687 2252 793 2293 mihi
816 2252 992 2293 veloces

164 2322 262 2352 esse
281 2309 339 2352 ad
356 2309 592 2359 interitum,
617 2314 661 2350 et
688 2307 745 2350 ad
768 2307 992 2360 supplicia,

166 2371 210 2407 et
236 2366 351 2407 allici
377 2365 435 2407 ad
462 2364 783 2407 comedendum
808 2376 895 2414 me,
922 2376 993 2414 ne,

166 2421 280 2463 sicut
313 2426 356 2463 et
391 2421 575 2462 aliorum
606 2421 865 2472 Martyrum,
906 2432 995 2460 non

166 2476 357 2519 audeant
376 2489 537 2530 corpus
557 2479 779 2527 attingere.
809 2475 939 2526 Quod
958 2476 994 2516 si

165 2535 314 2574 venire
339 2533 574 2583 noluerint,
607 2545 688 2583 ego
715 2533 803 2574 vim
828 2532 993 2581 faciam,

167 2602 250 2639 ego
269 2601 339 2630 me
357 2588 542 2639 urgebo,
567 2595 616 2631 ut
635 2589 831 2630 devorer.
867 2589 993 2638 Igno-

168 2645 276 2686 scite
294 2643 398 2685 mihi
422 2644 559 2685 filioli:
585 2645 690 2696 quid
713 2644 818 2685 mihi
843 2643 994 2696 prosit,

168 2713 251 2751 ego
271 2700 375 2742 scio.

1798 206 1864 241 463

1090 304 1140 355 R.
1168 300 1446 343 Desiderium
1481 305 1635 344 animae
1668 305 1759 355 ejus
1790 304 1862 345 tri-

1034 357 1170 399 buisti
1197 357 1237 398 ei
1264 357 1467 408 Domine,
1500 360 1521 381 *
1554 360 1611 401 Et
1638 360 1863 401 voluntate

1035 413 1252 454 labiorum
1278 414 1369 465 ejus
1396 427 1484 455 non
1516 415 1727 457 fraudasti
1755 429 1864 456 eum.

1038 466 1088 518 V.
1106 469 1323 519 Quoniam
1341 471 1595 522 praevenisti
1612 484 1711 512 eum
1729 472 1773 512 in
1791 472 1863 513 be-

1036 525 1357 567 nedictionibus
1387 525 1647 568 dulcedinis:
1676 528 1865 580 posuisti

1036 582 1080 621 in
1109 582 1252 633 capite
1281 583 1373 634 ejus
1401 584 1609 624 coronam
1636 582 1690 624 de
1718 582 1865 636 lapide

1036 637 1245 689 pretioso.
1272 638 1340 679 Et.

1343 716 1494 756 Lectio
1516 716 1566 754 vi.

1134 797 1220 825 unc
1243 784 1405 837 incipio
1434 785 1593 826 Christi
1620 798 1718 827 0550
1743 784 1867 826 disci-

1141 839 1283 892 pulus,
1303 841 1408 882 nihil
1428 840 1483 882 de
1502 840 1580 891 his,
1601 854 1700 892 quae
1719 840 1865 882 viden-

1038 901 1118 946 tur,
1136 895 1403 946 desiderans,
1420 902 1468 938 ut
1483 897 1507 937 J
1510 910 1632 938 esum
1650 897 1868 938 Christum

1038 951 1265 992 inveniam.
1296 953 1425 1003 Ignis,
1445 966 1562 1001 crux,
1581 952 1747 1002 bestiae,
1768 965 1866 993 con-

1039 1007 1194 1048 fractio
1222 1008 1405 1057 ossium,
1438 1008 1734 1050 membrorum
1762 1007 1867 1050 divi-

1041 1063 1122 1113 sio,
1143 1068 1186 1104 et
1206 1065 1342 1104 totius
1363 1064 1560 1116 corporis
1581 1064 1801 1114 contritio,
1826 1069 1869 1105 et

1038 1123 1134 1159 tota
1169 1121 1388 1161 tormenta
1423 1118 1588 1161 diaboli
1619 1120 1663 1160 in
1695 1132 1763 1160 me
1798 1122 1867 1160 ve-

1040 1174 1172 1215 niant:
1217 1180 1385 1216 tantum
1430 1180 1478 1216 ut
1521 1175 1695 1216 Christo
1741 1176 1869 1216 fruar.

1043 1230 1240 1282 Cumque
1274 1232 1359 1282 jam
1393 1230 1623 1272 damnatus
1660 1236 1777 1272 esset
1813 1230 1870 1272 ad

1039 1285 1218 1335 bestias,
1246 1291 1290 1328 et
1309 1285 1467 1328 ardore
1487 1285 1682 1339 patiendi
1701 1287 1867 1337 rugien-

1039 1347 1106 1382 tes
1126 1341 1296 1383 audiret
1314 1342 1475 1392 leones,
1495 1343 1568 1383 ait:
1587 1343 1871 1383 Frumentum

1042 1396 1204 1439 Christi
1240 1411 1353 1448 sum,
1391 1397 1594 1440 dentibus
1630 1398 1871 1440 bestiarum

1040 1452 1199 1503 molar,
1232 1458 1280 1494 ut
1303 1453 1430 1506 panis
1454 1453 1641 1495 mundus
1666 1454 1871 1494 inveniar.

1040 1508 1203 1550 Passus
1224 1514 1290 1551 est
1310 1522 1423 1550 anno
1438 1509 1670 1551 undecimo
1686 1509 1872 1561 Traiani.

1041 1565 1258 1616 Reliquiae
1284 1566 1483 1618 corporis
1508 1566 1598 1617 ejus
1624 1565 1871 1606 Antiochiae

1041 1622 1183 1673 jacent
1207 1627 1331 1663 extra
1354 1626 1530 1674 portam
1552 1620 1872 1673 Daphniticam,

1041 1677 1086 1717 in
1105 1677 1369 1719 coemeterio.

1096 1752 1144 1801 Rg.
1169 1746 1292 1787 Stola
1311 1745 1592 1798 jucunditatis
1611 1745 1753 1786 induit
1773 1758 1873 1786 eum

1042 1802 1275 1843 Dominus:
1310 1807 1331 1828 *
1363 1802 1420 1842 Et
1449 1803 1658 1842 coronam
1684 1801 1871 1853 pulchri-

1043 1857 1208 1899 tudinis
1243 1858 1393 1909 posuit
1431 1870 1563 1909 super
1602 1862 1734 1909 caput
1770 1858 1872 1908 ejus.

1044 1914 1092 1964 Y.
1131 1913 1304 1955 Cibavit
1345 1913 1468 1954 illum
1504 1913 1718 1954 Dominus
1758 1925 1872 1965 pane

1043 1970 1146 2011 vitae
1166 1974 1210 2010 et
1228 1969 1490 2010 intellectus:
1510 1973 1553 2010 et
1572 1981 1686 2020 aqua
1705 1969 1872 2021 sapien-

1044 2025 1119 2066 tiae
1162 2025 1366 2066 salutaris
1408 2026 1580 2078 potavit
1621 2024 1753 2065 illum.
1817 2025 1874 2065 Et

1046 2083 1265 2147 coronam.
1330 2081 1482 2122 Gloria
1515 2081 1646 2122 Patri.
1707 2081 1765 2122 Et
1800 2092 1869 2121 co-

1045 2149 1210 2177 ronam.

1269 2218 1317 2256 In
1336 2217 1407 2256 111.
1427 2216 1649 2255 Nocturno.

1048 2288 1201 2330 Lectio
1225 2288 1365 2330 sancti
1383 2287 1610 2339 Evangelii
1634 2286 1873 2329 secundum

1348 2344 1372 2384 J
1375 2346 1573 2387 oannem.

1147 2405 1298 2445 Lectio
1322 2404 1388 2444 vii.
1536 2402 1638 2452 Cap.
1656 2402 1710 2439 12.
1727 2400 1765 2439 d.

1094 2490 1123 2516 n
1141 2475 1216 2517 illo
1235 2476 1450 2527 tempore:
1467 2473 1590 2515 Dixit
1603 2473 1628 2513 J
1630 2485 1730 2514 esus
1747 2471 1871 2513 disci-

1047 2479 1222 2584 Ipulis
1241 2531 1345 2572 suis:
1364 2531 1516 2579 Amen,
1536 2541 1661 2570 amen
1681 2527 1780 2570 dico
1799 2539 1872 2568 vo-

1046 2587 1134 2638 bis,
1168 2587 1251 2628 nisi
1277 2599 1459 2638 granum
1485 2584 1686 2626 frumenti
1714 2582 1872 2625 cadens

1046 2643 1091 2684 in
1109 2648 1287 2693 terram,
1314 2645 1535 2684 mortuum
1558 2640 1704 2690 fuerit,
1730 2640 1873 2691 ipsum

1048 2699 1190 2741 solum
1208 2703 1365 2740 manet.
1393 2698 1450 2739 Et
1467 2697 1645 2748 reliqua.
