2080 2990
567 242 635 274 lm·
664 240 710 273 17.

218 338 424 386 bulantis,
451 341 495 377 et
517 335 660 377 mittet
682 335 744 375 eis
763 334 1046 375 Salvatorem.

219 394 275 435 Et
295 394 571 443 cognoscent.

526 478 678 518 Lectio
700 478 752 516 vi.

310 560 363 588 oc
396 558 502 587 vero
530 545 756 595 Virginem
788 544 930 596 ipsam
961 554 1048 583 non

331 601 612 643 mediocriter
647 600 807 641 claram
841 598 973 639 efficit
1007 602 1050 638 et

221 659 443 700 illustrem.
479 657 593 698 Nam
621 654 740 707 quod
766 659 885 696 totus
910 656 1049 706 popu-

221 715 288 755 lus
314 713 500 755 encomii
523 712 624 753 loco
647 711 855 760 habebat,
884 710 968 750 hoc
986 710 1048 761 ip-

221 783 316 811 sum
344 768 506 810 habere
535 767 682 820 potuit
705 772 748 808 et
771 766 878 818 ipsa.
920 764 1050 815 Quod

222 826 337 867 enim
354 825 490 865 altum
507 823 736 875 sapiebant
751 827 795 863 et
809 834 905 862 sese
921 822 1049 873 jacta-

222 882 328 923 bant
356 880 413 921 ob
443 879 630 920 reditum
659 891 713 919 ex
740 878 958 929 AEgypto,
990 876 1050 927 (id

224 935 343 989 quod
374 934 652 976 subindicans
685 933 905 986 propheta
936 932 1049 974 dice-

222 993 312 1033 bat.
338 992 494 1032 Nonne
522 990 785 1040 alienigenas
810 988 974 1029 adduxi
996 988 1050 1029 de

224 1047 517 1100 Cappadocia,
535 1050 578 1087 et
595 1046 710 1097 Assy
712 1046 800 1086 rios
817 1058 870 1085 ex
885 1045 959 1085 ἰόν
963 1043 1051 1095 ea?)

222 1102 357 1144 illud'
347 1116 491 1155 ipsum
510 1103 850 1154 praerogativam
859 1101 1052 1150 Virginis

223 1159 335 1200 facit.
369 1160 463 1199 Imo
484 1170 589 1199 vero
614 1163 658 1199 et
680 1156 888 1209 pepulus,
915 1161 959 1197 et
978 1169 1051 1208 pa-

222 1215 411 1256 triarcha
427 1214 745 1255 descendentes
761 1219 804 1254 et
819 1212 1051 1254 ascenden-

223 1276 306 1318 tes,
331 1269 431 1311 inde
458 1270 584 1311 istius
605 1272 828 1319 ascensus,
854 1281 931 1309 seu
957 1268 1051 1309 red-

223 1326 309 1366 itus
327 1331 481 1378 typum
499 1325 756 1377 implebant:
775 1337 875 1365 nam
899 1324 961 1364 illi
981 1323 1051 1365 de-

225 1381 502 1430 scenderunt,
541 1386 590 1422 ut
625 1386 813 1422 mortem
849 1393 903 1421 ex
939 1380 1053 1421 fame

224 1437 518 1478 imminentem
547 1436 804 1486 effugerent3
837 1436 907 1477 hic
935 1448 1052 1485 vero,

225 1497 272 1533 ut
308 1492 466 1533 vitaret
501 1498 688 1534 mortem
723 1491 891 1533 insidiis
928 1494 1052 1543 para-

225 1554 326 1589 tam.
361 1548 420 1589 At
445 1548 506 1588 illi
531 1560 584 1588 eo
610 1548 834 1589 venientes
860 1560 915 1588 ex
940 1547 1054 1587 fame

226 1609 330 1644 tunc
352 1603 524 1644 liberati
545 1608 660 1653 sunt;
688 1603 761 1644 ille
780 1615 901 1652 vero,
929 1608 977 1644 ut
1001 1615 1053 1643 eo

228 1658 465 1708 descendit,
486 1659 710 1709 regionem
728 1664 869 1700 totam
885 1671 965 1710 per
980 1658 1053 1699 ad-

227 1716 404 1755 ventum
429 1727 555 1755 suum
575 1714 871 1755 sanctificavit.
907 1714 1054 1754 Consi-

229 1769 355 1810 deres
375 1772 522 1821 itaque
539 1770 679 1820 velim,
701 1769 925 1821 quomodo
944 1770 1056 1810 inter
1111 1795 1123 1820 „5
1147 1777 1197 1793 ’
1221 1776 1235 1801 ‘1

227 1825 417 1874 humilia,
441 1838 540 1877 quae
559 1825 616 1866 ad
637 1825 906 1867 divinitatem
925 1826 1055 1877 perti·

227 1886 340 1929 nent,
360 1881 616 1922 revelentur.
640 1881 814 1922 Etenim
833 1894 932 1922 cum
947 1881 1057 1922 dixit

227 1936 437 1985 Angelus,
470 1937 570 1986 fuge
602 1937 645 1976 in
678 1938 936 1989 AEgyptum‚
969 1949 1057 1977 non

227 1993 444 2044 promisit,
470 2005 516 2033 se
536 1992 701 2033 itineris
722 1992 927 2033 comitem
946 1992 1056 2033 futu-

228 2060 339 2096 rum,
366 2047 435 2088 vel
456 2046 838 2098 descendentibus,
867 2047 937 2089 vel
962 2047 1056 2089 red-

229 2102 447 2152 euntibus,
492 2103 788 2153 subindicans‚
834 2103 933 2144 illos
970 2116 1056 2144 ma-

228 2170 361 2208 gnum
379 2158 541 2199 habere
561 2159 783 2208 comitem,
813 2171 966 2200 recens
985 2172 1056 2200 na-

231 2219 323 2255 tum
340 2214 545 2263 Puerum,
574 2215 646 2266 qui
666 2214 813 2255 statim
833 2220 965 2267 atque
985 2228 1057 2267 ap-

229 2270 384 2321 paruit,
404 2270 549 2310 emnia
568 2270 762 2311 mutavit.

283 2338 331 2388 l}
363 2337 523 2378 Sancta
549 2342 593 2379 et
616 2338 893 2380 immaculata
918 2340 1058 2389 Virgi-

229 2393 358 2440 nitas,
387 2393 548 2447 quibus
570 2397 615 2434 te
640 2392 843 2434 laudibus
869 2394 1058 2444 efferam,

229 2448 393 2489 nescio:
422 2448 442 2470 *
473 2448 584 2498 Quia
615 2461 745 2499 quem
773 2449 872 2490 coeli
900 2452 1058 2502 cepere

230 2515 317 2544 non
337 2506 556 2555 poterant,
581 2508 657 2545 tuo
676 2504 874 2570 gremio
864 2518 906 2544 m
926 2506 1059 2557 AEgy-

230 2564 355 2622 ptum
389 2559 620 2600 contulisti.
663 2557 711 2603 Υ-
744 2559 983 2601 Benedicta
1011 2566 1058 2601 tu

230 2614 273 2654 in
308 2614 578 2663 mulieribus,
611 2619 655 2655 et
686 2614 944 2656 benedictus
976 2616 1059 2656 fru-

231 2674 327 2710 ctus
351 2669 515 2710 ventris
539 2670 611 2711 tui.
649 2670 771 2719 Quia.
807 2670 958 2711 Gloria
981 2671 1059 2711 Pa-

230 2725 297 2766 tri.
330 2725 452 2774 Quia.

738 239 843 272 Febr.
892 237 1010 279 Fuga:
1036 236 1077 269 Ι),
1104 235 1147 268 N.
1173 235 1205 267 .1.
1232 234 1270 266 (ἶ,
1300 233 1334 265 in
1361 233 1580 275 Aigyptum.

1327 329 1376 367 In
1394 328 1465 366 111.
1484 328 1709 367 Nocturno.

1156 400 1253 438 Ant.
1291 395 1518 437 Defuncto
1555 398 1703 435 autem
1738 391 1932 442 Herode,

1101 464 1203 493 ecce
1231 451 1427 501 Angelus
1451 449 1630 491 Demini
1657 448 1862 501 apparuit
1889 448 1933 488 in

1101 507 1266 548 somnis
1285 507 1309 548 J
1313 506 1454 559 oseph
1470 506 1516 546 in
1535 506 1746 557 AEgypto.

1156 565 1251 603 Ant.
1283 563 1419 613 Surge
1444 566 1487 603 et
1507 561 1661 613 accipe
1679 560 1871 601 Puerum
1890 563 1935 600 et

1101 618 1287 659 Matrem
1307 619 1408 669 ejuS‚
1432 623 1476 659 et
1495 617 1610 659 vade
1629 617 1673 657 in
1692 622 1855 658 terram
1872 616 1934 656 Is-

1102 674 1204 715 rael

1153 733 1252 772 Ant.
1291 729 1494 771 Defuncti
1519 734 1635 779 sunt,
1667 729 1741 781 qui
1769 729 1934 780 quaere-

1103 784 1210 825 bant
1230 785 1418 825 animam
1437 785 1578 827 Pueri.

1155 834 1205 885 V.
1248 841 1528 891 Consurgens
1562 841 1587 881 J
1590 839 1731 892 oseph
1764 838 1935 891 accepit

1102 896 1294 937 Puerum
1314 901 1357 937 et
1375 896 1561 937 Matrem
1581 897 1683 947 ejus.
1714 896 1763 947 R».
1788 895 1845 937 Et
1863 907 1934 936 ve-

1105 952 1168 993 nit
1186 952 1230 992 in
1249 957 1412 993 terram
1430 952 1578 993 Israel.

1105 1031 1262 1073 Lectio
1283 1032 1422 1073 sancti
1441 1032 1670 1083 Evangelii
1694 1029 1937 1072 secundum

1386 1088 1655 1130 Matthaeum.

1194 1147 1360 1193 ,Lectio
1382 1146 1450 1186 vii.
1676 1145 1780 1196 Cap.
1795 1146 1831 1185 2.

1104 1205 1181 1311 In
1203 1207 1278 1248 illo
1303 1208 1518 1260 tempore:
1543 1207 1739 1257 Angelus
1759 1206 1938 1247 Domini

1171 1264 1377 1316 apparuit
1403 1264 1448 1304 in
1474 1263 1640 1304 somnis
1665 1262 1848 1315 Joseph,
1875 1260 1936 1303 di-

1107 1334 1223 1363 cens:
1255 1320 1392 1370 Surge
1425 1324 1469 1361 et
1497 1320 1650 1372 accipe
1675 1319 1867 1360 Puerum
1894 1322 1939 1359 et

1105 1378 1291 1418 Matrem
1311 1377 1414 1427 ejus,
1437 1380 1480 1417 et
1499 1375 1600 1426 fuge
1618 1376 1664 1415 in
1682 1375 1938 1427 AEgyptum,

1106 1438 1150 1474 et
1170 1438 1266 1474 esto
1285 1432 1363 1481 ibi,
1386 1444 1527 1483 usque
1552 1431 1656 1472 dum
1681 1430 1824 1472 dicam
1846 1429 1938 1471 tibi.

1106 1489 1163 1530 Et
1182 1488 1361 1539 reliqua.

1134 1564 1325 1606 Homilia
1345 1564 1486 1605 sancti
1502 1564 1622 1604 Petri
1643 1562 1916 1616 Chryselogi.

1210 1627 1343 1660 Sermo
1364 1625 1434 1658 151.
1454 1624 1500 1658 de
1518 1625 1609 1667 fuga
1627 1623 1774 1658 Christi
1794 1623 1833 1657 in

1410 1672 1633 1715 ιΈὲξγρῒιιιη

1114 1749 1119 1764 ι
1155 1748 1201 1770 ,η
1228 1723 1423 1765 odierna
1453 1723 1586 1764 lectio
1618 1722 1756 1763 movit
1789 1720 1938 1771 corda,

1222 1806 1231 1810 ff
1259 1780 1483 1821 concussit
1525 1781 1715 1827 viscera,
1760 1779 1938 1830 stupere

1117 1829 1234 1865 94ὲὲ
1259 1836 1361 1877 fecit
1385 1834 1593 1876 auditum.
1629 1835 1762 1884 Ecce,
1788 1834 1940 1885 inquit,

1107 1892 1303 1943 Angelus
1330 1891 1510 1932 Demini
1541 1890 1747 1943 apparuit
1772 1889 1797 1930 J
1799 1889 1942 1943 oseph

1107 1950 1151 1989 in
1183 1947 1366 1996 somnis,
1399 1946 1568 1988 dicens:
1599 1947 1755 1997 Surge,
1789 1945 1941 1998 accipe

1107 2005 1299 2045 Puerum
1319 2007 1363 2044 et
1380 2003 1568 2043 Matrem
1588 2003 1696 2054 ejus,
1715 2006 1759 2042 et
1777 2001 1879 2051 fuge
1897 2001 1942 2041 in

1109 2061 1364 2112 AEgyptum.
1402 2058 1482 2099 Cui
1499 2058 1696 2099 nascenti
1714 2057 1941 2108 virginitas

1108 2129 1196 2157 non
1215 2115 1392 2163 resistit,
1414 2127 1504 2155 non
1523 2114 1675 2155 obviat
1692 2114 1817 2163 ratio,
1841 2125 1940 2154 con-

1109 2171 1285 2213 tradicit
1304 2174 1471 2212 natura:
1490 2172 1690 2223 potestas
1711 2182 1821 2221 quae,
1842 2180 1943 2220 quae

1109 2227 1193 2275 vis,
1238 2225 1359 2279 quod
1396 2226 1630 2267 discrimen
1666 2224 1942 2277 praevaleret,

1110 2289 1158 2325 ut
1178 2282 1517 2334 compelleretur
1541 2281 1598 2322 ad
1618 2280 1787 2331 fugam?
1816 2281 1941 2322 Acci-

1110 2352 1167 2403 pe
1181 2340 1373 2379 Puerum
1393 2342 1437 2379 et
1451 2338 1638 2378 Matrem
1660 2337 1762 2387 erS,
1783 2341 1827 2378 et
1842 2336 1943 2387 fuge

1110 2395 1153 2435 in
1172 2395 1428 2446 AEgthum.
1455 2393 1745 2434 Reverentius
1763 2392 1944 2434 diceret:

1110 2450 1237 2491 Vade
1264 2450 1308 2489 in
1334 2450 1592 2501 AEgyptum3
1623 2453 1672 2489 ut
1700 2452 1817 2489 esset
1843 2460 1943 2500 pro-

1112 2506 1259 2555 fectio,
1278 2518 1367 2546 non
1386 2505 1503 2554 fuga,
1522 2504 1741 2554 voluntas,
1764 2516 1853 2544 non
1872 2515 1942 2544 ne-

1112 2561 1309 2602 cessitas:
1334 2559 1556 2611 judicium,
1581 2572 1669 2600 non
1688 2564 1848 2609 metus,
1867 2558 1942 2599 hu-

1111 2618 1287 2657 manum
1306 2615 1476 2664 saltem,
1504 2615 1541 2655 si
1559 2627 1648 2656 non
1667 2614 1876 2655 divinum:
1900 2619 1944 2655 at

1112 2684 1226 2712 nunc
1240 2670 1471 2712 mandatur
1486 2670 1599 2720 fuga,
1614 2670 1847 2711 mandatur
1857 2673 1943 2711 co'e-

1112 2727 1232 2777 litus,
1263 2725 1494 2767 mandatur
1522 2738 1603 2778 per
1630 2726 1862 2777 Angelum,
1895 2729 1943 2766 ut
