2080 2990
624 208 667 243 In
691 208 816 243 Festis
840 207 881 242 B.
906 207 1038 242 Mariae
1061 207 1105 243 V.
1130 217 1198 249 per
1223 217 1372 241 annum.

147 310 341 357 thronus»,
377 305 586 348 Ecclesiae
621 309 784 346 nostrae
822 303 970 352 decusa,

149 365 287 418 gleria
329 368 373 406 et
412 362 751 410 firmamentum,
797 358 970 401 assidue

148 434 230 475 pro
263 420 390 463 nobis
421 419 603 472 precare
633 417 658 457 J
661 429 782 458 esum
815 415 970 457 Filium

147 483 281 527 tuum,
297 482 339 519 et
353 475 590 517 Deminum
604 478 815 514 nostrum:
829 477 877 513 ut
890 484 969 524 per

148 540 192 577 te
225 531 570 575 misericerdiam
600 530 792 571 invenire
823 529 866 569 in
899 527 969 569 die

148 590 310 644 judicii,
342 594 386 631 et
419 600 517 640 quae
550 586 744 639 reposita
776 590 875 626 sunt
900 585 969 633 ijs,

150 648 223 700 qui
242 646 424 697 diligunt
442 645 599 693 Deum,
624 642 742 684 bona
760 640 970 693 censequi

148 705 377 756 possimus
391 700 532 752 gratia
547 704 590 741 et
603 698 872 750 benignitate
881 697 968 737 Do-

148 760 253 800 mini
275 758 414 800 nostri
432 758 455 798 J
459 770 536 798 esu
560 755 732 797 Christi:
758 767 858 795 cum
883 765 968 805 quo

148 816 268 858 Patri
293 814 420 856 simul
445 817 487 855 et
511 817 662 854 sancto
681 810 858 863 Spiritui
880 809 969 860 glo-

148 872 227 922 ria,
258 876 302 913 et
323 871 480 920 honor,
507 874 556 910 et
581 867 824 921 imperium,
856 879 969 907 nunc

150 933 193 970 et
223 940 396 980 semper
426 927 471 967 in
506 925 667 967 saecula
698 923 969 965 saeculorum.

149 986 301 1026 Amen.

201 1051 253 1103 R!-
276 1050 486 1091 Ornatam
500 1047 733 1090 monilibus
752 1046 886 1087 filiam
904 1045 928 1086 J
931 1058 970 1087 e-

149 1106 339 1153 rusalem
357 1106 571 1147 Dominus
594 1102 858 1155 concupivit:
875 1107 898 1133 *
917 1102 972 1142 Et

150 1163 348 1206 videntes
377 1175 473 1204 eam
500 1161 602 1202 filiae
631 1161 750 1209 Sion,
777 1158 972 1200 beatissi-

150 1233 266 1261 mam
300 1218 667 1272 praedicaverunt,
703 1215 917 1258 dicentes:
947 1219 970 1243 *

151 1277 427 1327 Unguentum
451 1274 636 1316 effusum
657 1285 816 1314 nomen
840 1276 973 1313 tuum.

149 1327 199 1380 V.
228 1332 382 1374 Astitit
406 1334 556 1382 regina
580 1343 605 1371 a
631 1330 795 1372 dextris
819 1328 906 1370 tuis
931 1328 974 1368 in

150 1391 312 1431 vestitu
343 1388 575 1437 deaurato,
608 1384 877 1428 circumdata
904 1397 972 1425 va-

152 1445 317 1487 rietate.
353 1445 410 1486 Et
428 1444 637 1486 videntes.
672 1442 827 1485 Gloria
844 1440 973 1482 Patri.

150 1501 437 1552 Unguentum.

369 1579 418 1618 In
435 1578 507 1618 ΠΙ.
526 1578 748 1618 Nocturno.

206 1640 305 1680 Ant.
333 1637 485 1679 Gaude
504 1638 642 1680 Maria
659 1638 809 1689 Virgo,
827 1638 851 1663 *
874 1650 972 1678 cun-

152 1700 244 1738 ctas
284 1695 474 1736 haereses
513 1694 607 1736 sola
643 1694 899 1736 interemisti
929 1694 972 1733 in

150 1752 355 1794 universo
373 1749 547 1792 mundo.

414 1811 611 1852 Psalmus
639 1812 712 1854 95,
768 1816 771 1826 ⁸

157 1878 414 1939 Qantate
439 1876 630 1917 Demino
658 1875 874 1916 canticum
901 1887 973 1916 no-

280 1946 396 1974 vum:
405 1933 429 1959 *
441 1933 614 1974 cantate
627 1931 818 1972 Domino
834 1931 974 1972 omnis

173 1999 195 2011 ᾖ
204 1998 228 2014 ³³
279 1994 407 2031 terra.

205 2045 387 2087 Cantate
418 2044 623 2093 Domino,
656 2047 700 2084 et
729 2042 975 2084 benedicite

153 2102 317 2144 nemini
345 2102 452 2154 ejus:
479 2102 504 2128 *
531 2099 782 2141 annuntiate
815 2098 870 2140 de
903 2098 973 2141 die

153 2159 198 2199 in
225 2158 341 2200 diem
368 2157 557 2199 salutare
585 2157 686 2208 ejus.

205 2214 473 2260 Annuntiate
487 2214 599 2254 inter
613 2212 778 2253 Gentes
792 2212 976 2263 gluriam

156 2271 261 2323 ejus,
292 2272 316 2298 *
347 2270 391 2311 in
419 2269 621 2311 omnibus
648 2268 823 2321 populis
851 2269 975 2309 mira-

155 2326 259 2368 bilia
287 2328 387 2379 ejus.

208 2383 424 2434 Quoniam
454 2394 637 2433 magnus
667 2381 898 2432 Dominus,
934 2385 977 2422 et

156 2438 386 2480 laudabilis
422 2438 567 2479 nimis:
604 2439 628 2466 *
665 2436 872 2479 terribilis
912 2442 977 2478 est

158 2507 289 2547 super
316 2507 465 2536 omnes
494 2494 613 2536 deos.

210 2550 426 2601 Quoniam
440 2563 590 2592 omnes
605 2550 665 2592 dii
675 2550 882 2591 Gentium
892 2549 976 2591 dae-

158 2607 319 2704 imenia:
352 2608 376 2634 *
411 2606 626 2648 Deminus
662 2611 807 2648 autem
842 2605 977 2648 coelos

176 2663 272 2705 ecit.

212 2719 448 2770 Confessio,
463 2724 506 2761 et
525 2718 806 2772 pulchritudo
820 2718 863 2759 in
879 2731 978 2760 con-

1023 302 1176 353 spectu
1202 300 1307 351 ejus:
1332 300 1356 326 *
1381 298 1666 340 sanctimonia
1690 301 1732 338 et
1755 309 1840 337 ma-

1023 357 1270 409 gnificentia
1297 356 1340 396 in
1373 354 1713 396 sanctificatione
1741 354 1842 405 ejus.

1070 412 1237 454 Afferte
1252 412 1441 453 Demino
1456 411 1611 464 patriae
1628 410 1842 458 Gentium,

1023 469 1175 510 afferte
1202 469 1392 509 Domino
1419 467 1604 518 gloriam
1636 470 1679 507 et
1707 465 1841 507 hono-

1023 539 1129 567 rem:
1149 527 1172 553 *
1191 524 1341 566 afferte
1360 524 1549 565 Demino
1569 522 1752 574 gloriam
1768 524 1842 563 no-

1023 583 1128 623 mini
1157 582 1257 633 ejus.

1076 638 1238 679 Tollite
1277 637 1462 687 hostias,
1499 642 1542 678 et
1584 637 1760 677 introite
1800 635 1843 675 in

1025 695 1135 736 atria
1159 695 1263 746 ejus:
1286 695 1309 721 *
1335 694 1516 735 adorate
1537 693 1773 734 Deminum
1800 692 1843 732 in

1024 751 1135 792 atrio
1163 754 1314 791 sancto
1343 751 1443 802 ejus.

1077 808 1414 848 Commoveatur
1444 819 1470 847 a
1500 806 1610 847 facie
1640 806 1729 856 ejus
1757 804 1843 845 uni-

1024 866 1150 905 versa
1176 867 1309 904 terra:
1336 864 1360 890 *
1392 862 1524 904 dicite
1555 862 1600 902 in
1632 860 1844 903 Gentibus

1025 920 1126 972 quia
1152 919 1365 960 Deminus
1392 918 1598 970 regnavit.

1075 976 1250 1018 Etenim
1289 975 1480 1016 correxit
1521 974 1674 1016 orbem
1714 978 1843 1015 terrae

1027 1034 1101 1085 qui
1131 1045 1219 1074 non
1246 1031 1605 1073 commovebitur:
1636 1032 1660 1058 *
1688 1029 1844 1081 judicu-

1024 1089 1089 1130 bit
1114 1088 1304 1141 populos
1331 1088 1375 1128 in
1403 1087 1620 1139 aequitate.

1076 1145 1299 1187 Laetentur
1318 1144 1428 1194 coeli,
1449 1148 1492 1185 et
1510 1143 1698 1185 exsultet
1715 1147 1845 1184 terra:

1026 1203 1352 1243 commoveatur
1378 1213 1512 1249 mare,
1548 1205 1591 1241 et
1616 1198 1844 1252 plenitudo

1026 1259 1133 1310 eius:
1152 1259 1176 1285 *
1194 1256 1445 1308 gaudebunt
1467 1256 1620 1308 campi,
1638 1260 1681 1297 et
1701 1255 1845 1296 omnia

1027 1327 1125 1366 quae
1153 1314 1197 1354 in
1225 1314 1286 1355 eis
1314 1318 1424 1354 sunt.

1077 1371 1202 1411 Tunc
1236 1369 1512 1412 exsultabunt
1548 1369 1691 1410 omnia
1730 1368 1846 1419 ligna

1027 1427 1235 1468 silvarum
1258 1439 1283 1466 a
1303 1426 1414 1467 facie
1435 1426 1622 1475 Domini,
1651 1425 1753 1476 quia
1776 1436 1846 1465 ve-

1025 1483 1102 1524 nit:
1127 1485 1150 1511 *
1178 1482 1383 1535 queniam
1406 1482 1525 1524 venit
1548 1481 1737 1534 judicare
1762 1485 1844 1522 ter-

1025 1552 1128 1580 ram.

1076 1595 1298 1637 Judicabit
1324 1595 1476 1637 orbem
1500 1599 1631 1636 terrae
1653 1594 1698 1634 in
1717 1592 1847 1644 aequi-

1025 1654 1126 1703 tate,
1144 1653 1169 1679 *
1195 1656 1238 1693 et
1265 1652 1456 1704 populos
1482 1651 1525 1691 in
1548 1650 1732 1691 veritate
1760 1661 1848 1689 sua.

1077 1711 1176 1751 Ant.
1214 1708 1370 1751 Gaude
1397 1708 1535 1748 Maria
1561 1707 1716 1757 Virgo,
1748 1718 1847 1746 cun-

1004 1769 1120 1820 ,ctas
1155 1763 1345 1806 haereses
1382 1764 1475 1805 sola
1514 1761 1770 1804 interemisti
1804 1761 1847 1801 in

1026 1821 1228 1861 universo
1247 1819 1421 1861 mundo.

1079 1880 1178 1920 Ant.
1216 1876 1408 1927 Dignare
1435 1888 1505 1916 me
1532 1875 1556 1901 *
1582 1873 1760 1915 laudare
1787 1877 1848 1921 te,

1027 1933 1164 1983 Virgo
1197 1934 1382 1974 sacrata:
1419 1931 1476 1973 da
1505 1930 1613 1972 mihi
1644 1929 1847 1971 virtutem

1028 1993 1181 2030 eontra
1199 1988 1349 2030 hostes
1367 1993 1479 2030 tuos.

1295 2045 1492 2086 Psalmus
1512 2046 1578 2085 96.

1116 2101 1286 2142 ominus
1300 2099 1506 2151 regnavit,
1518 2099 1705 2141 exsultet
1719 2103 1848 2141 terra:

1138 2157 1162 2183 *
1181 2157 1381 2198 laetentur
1399 2155 1551 2197 insulae
1568 2155 1728 2197 multae.

1078 2213 1241 2262 Nubes,
1260 2218 1303 2254 et
1321 2212 1461 2263 caligo
1481 2212 1524 2252 in
1543 2212 1725 2253 circuitu
1745 2211 1847 2262 ejus:
1926 2232 1930 2236 ·

1027 2269 1243 2367 {justitim
1271 2274 1314 2310 et
1330 2268 1534 2320 judicium
1553 2268 1766 2310 correctio
1784 2279 1846 2308 se-

1058 2339 1095 2366 1s
1115 2338 1216 2377 ejus.

1079 2382 1197 2433 Ignis
1221 2386 1321 2423 ante
1339 2381 1483 2434 ipsum
1501 2379 1736 2434 praecedet,
1754 2379 1778 2405 *
1805 2384 1849 2421 et

1028 2437 1268 2480 inflaffiebit
1281 2438 1325 2478 in
1339 2438 1522 2480 circuitu
1535 2437 1733 2478 inimicos
1748 2436 1848 2487 ejus.

1078 2494 1320 2536 Illuxerunt
1342 2494 1511 2545 fulgura
1533 2494 1622 2545 ejus
1647 2491 1743 2534 orbi
1764 2497 1847 2533 ter-

1028 2563 1104 2591 rae:
1122 2551 1146 2577 *
1164 2550 1282 2601 vidit,
1311 2555 1354 2592 et
1373 2552 1592 2592 commeta
1611 2553 1677 2590 est
1695 2553 1822 2590 terra.

1078 2607 1271 2657 Montes,
1309 2607 1420 2648 sicut
1448 2618 1548 2647 cera
1579 2605 1795 2646 fluxerunt
1822 2616 1847 2644 a

1029 2663 1140 2705 facie
1158 2663 1349 2705 Demini:
1372 2663 1396 2689 *
1420 2675 1446 2704 a
1468 2662 1579 2704 facie
1603 2660 1779 2703 Domini
1803 2671 1846 2700 o-

1029 2720 1140 2760 mnis
1158 2724 1285 2761 terra.
