2080 2990
540 207 609 241 Dic
637 208 684 241 11.
711 208 815 241 Febr.
864 209 897 241 S.
925 207 1082 240 Anthcri
1109 207 1226 250 I’upzc
1253 215 1287 242 ct
1311 208 1416 242 Muri.

129 321 210 350 nus
225 307 338 349 enim
352 319 449 348 mea
463 304 738 347 auxiliabitur
756 304 806 345 ei.
820 299 869 350 v.
883 302 950 344 Ni-

129 364 190 405 hil
205 363 408 417 proficiet
420 362 617 403 inimicus
631 361 675 401 in
689 372 753 410 eo,
775 364 819 401 et
835 359 949 400 filius

129 420 368 473 iniquitatis
391 431 479 460 non
503 417 679 459 nocebit
700 417 750 458 ei.
785 415 948 456 Manus.

439 482 588 522 Lectio
611 495 646 519 v.

131 526 496 633 Ecclesiasticae
516 529 756 582 disciplinae
768 531 947 570 tenacis-

229 591 362 632 simus
376 588 465 638 fuit,
474 585 770 639 compluribus
785 584 840 626 ad
855 597 950 625 eam

130 647 291 700 ubique
311 646 401 687 sive
421 641 694 691 servandam,
720 641 809 682 sive
828 640 948 682 resti-

131 702 353 751 tuendam,
380 699 606 743 destinatis
634 696 837 750 gravibus
862 698 948 748 epi-

132 760 266 802 stolis.
321 757 517 804 Definiit,
563 756 681 806 juxta
717 753 950 807 probatum

130 816 342 857 Ecclesiae
360 826 541 862 morem,
567 816 615 853 ut
638 811 674 852 si
699 811 794 862 quis
818 809 872 850 ab
890 809 950 849 in-

131 873 265 914 santia
284 868 590 913 ecclesiasticis
612 866 858 908 ministeriis
877 878 949 906 no-

131 942 231 970 men
250 928 458 976 dedisset,
477 926 588 966 inter
606 924 794 965 lectores
812 934 951 973 usque

133 985 189 1026 ad
207 984 461 1036 vigesimum
484 980 625 1023 aetatis
649 992 822 1027 annum,
852 990 950 1019 con-

132 1042 298 1083 tinuata
330 1037 634 1081 observatione
668 1035 854 1077 duraret.
907 1034 952 1074 Si

132 1109 236 1139 vero
255 1097 390 1148 maior
409 1095 492 1147 jam
511 1099 554 1135 et
572 1091 831 1145 grandaevus
849 1094 952 1142 post

132 1153 410 1206 baptismum,
434 1151 525 1192 sive
544 1150 655 1191 inter
672 1148 877 1196 lectores,
900 1146 951 1187 si-

133 1223 186 1251 ve
217 1210 328 1251 inter
364 1209 619 1256 exorcistas,
660 1203 951 1257 quinquennio

132 1267 368 1316 teneretur,
401 1269 444 1306 et
475 1262 575 1305 inde
610 1261 852 1313 acolythus,
883 1259 952 1301 vel

134 1322 440 1370 subdiaconus,
460 1322 647 1372 quetuor
666 1318 802 1366 annis,
829 1321 873 1358 et
891 1316 952 1357 sic
1016 1339 1020 1355 ι

134 1379 191 1420 ad
205 1378 483 1421 diaconatum
496 1377 549 1428 (si
561 1375 813 1424 mereretur)
832 1374 950 1414 acce·
1011 1390 1012 1413 3

135 1434 268 1485 deret,
286 1435 330 1476 in
350 1447 436 1487 quo
457 1431 608 1475 erdine
624 1431 813 1483 quinque
832 1429 952 1470 annis

133 1491 299 1533 haerere
319 1490 508 1539 deberet,
527 1494 571 1531 et
589 1488 700 1538 inde,
720 1486 951 1537 suffragan-

133 1548 250 1591 tibus
263 1547 389 1596 votis,
408 1544 700 1588 sacerdOtium
714 1541 954 1596 promereri

134 1609 297 1656 posset.
348 1604 398 1654 Ru
423 1601 555 1644 Posui
579 1600 849 1652 adiutorium.
867 1598 952 1638 20*

434 1659 585 1700 Lectio
606 1659 657 1698 vi.

203 1715 362 1758 ancivit
379 1719 427 1757 ut
445 1713 618 1756 diaconi
639 1712 773 1754 laevas
791 1710 953 1752 linosti-

210 1773 292 1814 mis
308 1771 435 1825 pallis
449 1773 656 1822 tegerent,
674 1769 952 1822 potestatem-

137 1842 221 1882 que
239 1829 341 1871 fecit
357 1833 406 1870 ut
424 1840 504 1880 per
526 1825 756 1880 parochias
774 1823 952 1877 pascha-

135 1886 188 1927 lis
233 1888 383 1928 cereus
431 1883 771 1926 benediceretur.
831 1880 954 1923 Cavit

135 1944 349 1996 praeterea
370 1954 425 1983 ne
451 1939 608 1982 clerico
631 1937 837 1991 poculum
854 1948 952 1989 pro-

137 1999 359 2052 pinaretur
382 1998 427 2038 in
443 1995 636 2050 publico,
662 1995 955 2047 praeterquam

136 2056 180 2096 in
197 2054 390 2097 fidelium
407 2053 542 2102 ceIIiS,
568 2056 611 2093 et
628 2050 815 2091 maxime
835 2048 954 2090 cleri-

138 2114 298 2154 corum.
351 2111 434 2161 Qui
466 2122 564 2151 cum
596 2105 864 2149 sanctissime
890 2117 953 2146 re-

137 2170 273 2210 xisset
319 2166 561 2209 Ecclesiam
605 2175 762 2205 annum
805 2174 954 2209 unum,

138 2237 310 2267 menses
331 2226 528 2277 quatuor,
549 2220 641 2263 dies
661 2222 840 2270 septem,
865 2216 954 2268 qui-

140 2281 226 2323 evit
242 2280 287 2321 in
303 2293 427 2333 pace,
451 2277 735 2331 sepultusque
755 2279 820 2316 est
839 2274 956 2325 juxta

140 2349 300 2390 corpus
330 2336 467 2378 sancti
497 2331 717 2376 Laurentii
742 2329 955 2381 Martyris,

139 2394 210 2435 via
239 2392 482 2442 Tiburtina,
516 2389 703 2443 septimo
734 2384 956 2427 Kalendas

139 2450 164 2490 J
166 2449 346 2498 anuarii,
386 2447 584 2490 Honorio
626 2449 669 2486 et
704 2440 956 2484 Theod6sio

138 2506 303 2557 juniere
338 2502 662 2558 imperentibus.
715 2499 811 2541 Una
845 2495 955 2538 ordi-

139 2562 313 2604 natione
349 2572 497 2602 mense
528 2555 760 2600 Decembri
795 2552 957 2595 creavit

140 2617 423 2671 presbyteros
443 2614 609 2664 decem,
628 2612 838 2654 diaconos
856 2614 956 2657 tres,

141 2677 372 2727 episcopos
390 2685 469 2725 per
489 2670 660 2713 diversa
677 2668 774 2709 loca
794 2670 906 2707 octo.

193 2732 243 2782 R.
268 2730 357 2771 Iste
381 2733 447 2771 est
466 2727 549 2779 qui.

192 2864 282 2895 Propr.
298 2870 344 2894 pro
361 2862 435 2886 clero
452 2861 525 2884 Rom.
560 2859 622 2882 I’ars
639 2857 768 2881 Hiemalis.

1747 207 1813 241 21*-

1057 303 1098 337 In
1125 304 1185 338 111.
1208 305 1403 339 Nocturno
1427 307 1589 339 Homiliu
1617 307 1650 339 in
1679 306 1816 345 Evung.

1006 351 1127 384 Homo
1146 351 1313 394 peregre.
1336 354 1381 387 dc
1405 355 1535 387 codem
1556 356 1659 388 Com.
1683 355 1706 386 1.
1723 354 1816 386 loco.

1058 403 1186 456 Lectio
1214 405 1259 438 ix.
1284 407 1317 438 S.
1345 407 1560 449 Apolloniu-
1587 406 1685 446 Virg.
1713 406 1816 438 Mart.

1007 455 1044 484 ut
1070 462 1104 484 ln
1131 451 1339 489 Breviario.
1371 465 1452 487 cum
1480 465 1610 487 comni.
1639 454 1673 486 in
1702 453 1816 486 Luud.

1056 504 1096 536 In
1136 504 1323 546 (ῥυ-μιάνῃς.
1362 511 1483 539 uutcm
1523 506 1650 539 Lectio
1691 506 1735 538 ix.
1772 505 1816 538 dc

1006 550 1170 585 Homiliu
1199 558 1234 585 ct
1259 563 1389 586 comm.
1421 554 1549 587 Ferizc.

1210 630 1292 671 Die
1311 631 1362 670 11.
1380 629 1612 671 Februarii.

1087 696 1129 736 S.
1152 694 1367 735 Antheri
1389 697 1519 747 Papae
1545 700 1586 735 ct
1612 696 1732 734 Mart.

1334 757 1493 799 Duplex,

1058 811 1191 845 Omnia
1215 812 1260 845 dc
1282 813 1481 846 Communi
1507 813 1617 846 unius
1644 811 1819 853 Martyris

1006 864 1143 901 practer
1167 870 1270 902 scqu.

1057 906 1196 940 Oratio.
1224 906 1487 941 Infirmitatem.

1060 952 1101 985 In
1133 953 1157 986 I.
1189 954 1384 987 Nocturno
1416 954 1616 988 Lectiones
1649 953 1693 986 dc
1727 951 1821 985 Scri-

1006 1004 1115 1041 ptura
1140 1008 1368 1035 occurrente.

1058 1048 1099 1081 In
1126 1049 1358 1091 Quadi-ages.
1389 1051 1419 1083 Α
1450 1048 1588 1083 Mileto.
1616 1049 1662 1082 dc
1689 1048 1820 1081 codem

1006 1095 1205 1130 Communi
1231 1098 1257 1131 1.
1285 1099 1379 1131 loco.

1230 1163 1277 1201 In
1305 1163 1354 1201 II.
1383 1162 1602 1201 Nocturno.

1301 1227 1452 1267 Lectio
1475 1227 1526 1266 iv.

1007 1293 1138 1349 scs*
1153 1285 1341 1334 ntherus,
1357 1284 1530 1325 natione
1546 1283 1737 1333 Graeeus,
1751 1295 1818 1335 pa-

1011 1341 1140 1382 wlssfnflss‘
1170 1348 1235 1384 tre
1260 1341 1462 1390 Remulo,
1497 1345 1599 1392 post
1623 1344 1817 1380 sanctum

1048 1422 1053 1426 2
1170 1397 1429 1440 Pontianum
1461 1397 1614 1437 Romae
1650 1394 1817 1436 ordina-

1004 1462 1074 1498 tus
1094 1461 1160 1497 est
1179 1457 1422 1507 episcopus.
1454 1453 1498 1493 Is
1519 1457 1641 1503 gesta
1660 1451 1816 1502 Marty-

1004 1526 1099 1553 rum
1119 1511 1344 1562 diligenter
1367 1522 1391 1550 a
1410 1508 1587 1550 notariis
1607 1507 1818 1559 conquisi-

1005 1569 1076 1617 vit,
1096 1581 1146 1609 ac
1163 1567 1207 1607 in
1224 1566 1419 1608 Ecclesia
1437 1563 1690 1606 recondidit.
1716 1563 1818 1603 Pro·-

1005 1630 1102 1678 pter
1129 1636 1224 1665 eam
1250 1634 1424 1664 causam
1452 1634 1476 1661 a
1497 1619 1687 1661 Maximo
1710 1631 1818 1671 prae-

1005 1681 1119 1722 fecto
1138 1678 1342 1731 martyrio
1367 1678 1599 1719 coronatus
1623 1681 1705 1724 est,
1738 1676 1818 1716 ter-

1005 1737 1066 1778 tio
1085 1736 1235 1777 Nonas
1254 1735 1278 1775 J
1280 1733 1458 1781 anuarii,
1478 1731 1758 1784 sepultusque
1777 1730 1819 1770 in

1007 1791 1256 1835 coemeterio
1279 1789 1453 1838 Callisti,
1472 1789 1541 1829 via
1561 1787 1714 1839 Appia,
1733 1786 1818 1826 Ma-

1005 1849 1165 1889 ximino
1188 1846 1392 1899 principe.
1429 1844 1563 1886 Unica
1589 1841 1819 1884 ordinatio-

1005 1917 1058 1945 ne
1077 1915 1225 1944 mense
1243 1900 1476 1943 Decembri
1499 1898 1715 1940 ordinavit
1734 1899 1819 1949 epi-

1006 1972 1188 2012 scopum
1202 1957 1424 1999 Fundanae
1443 1954 1628 1997 civitatis
1641 1954 1683 1994 in
1700 1953 1819 1994 Cam-

1005 2016 1144 2069 pania.
1195 2013 1315 2056 Sedit
1345 2013 1388 2053 in
1418 2011 1673 2065 pontificatu
1704 2021 1817 2050 men-

1007 2085 1098 2113 sem
1115 2083 1257 2119 unum‚
1277 2069 1372 2111 dies
1391 2066 1631 2110 duedecim.

1061 2130 1111 2181 R.
1134 2127 1377 2168 Honestum
1396 2123 1496 2165 fecit
1513 2122 1633 2163 illum
1650 2121 1752 2170 Dfis,
1777 2124 1820 2161 et

1008 2182 1243 2226 custodivit
1257 2194 1356 2223 eum
1370 2180 1425 2222 ab
1440 2178 1632 2227 inimicis,
1654 2182 1696 2218 et
1717 2189 1741 2217 a
1757 2188 1819 2216 se-

1009 2238 1260 2282 ductoribus
1274 2236 1431 2280 tutavit
1444 2234 1578 2276 illum:
1601 2235 1622 2259 *
1631 2233 1687 2274 Et
1701 2230 1820 2273 dedit

1007 2296 1069 2336 illi
1088 2295 1326 2337 claritatem
1342 2294 1555 2334 aeternam.
1572 2286 1620 2338 V.
1634 2289 1818 2329 Descen-

1010 2351 1159 2403 ditque
1194 2363 1292 2391 cum
1323 2349 1398 2390 illo
1434 2347 1476 2388 in
1510 2347 1694 2393 feveam,
1716 2347 1759 2384 et
1776 2342 1820 2382 in

1009 2407 1190 2449 vinculis
1207 2419 1294 2447 non
1313 2402 1542 2455 dereliquit
1560 2413 1667 2443 eum.
1695 2399 1760 2440 Et.

1019 2484 1172 2524 Sermo
1192 2478 1326 2520 sancti
1346 2474 1574 2527 Augustini
1592 2471 1806 2525 Episcopi.

1107 2549 1221 2582 Scrm.
1242 2545 1314 2579 138.
1339 2544 1394 2577 Dc
1414 2543 1550 2578 Verbis
1568 2539 1730 2575 Domini.

1316 2600 1465 2640 Lectio
1486 2613 1522 2637 v.

1095 2666 1214 2702 astor
1232 2659 1372 2701 bonus
1389 2655 1595 2698 Christus
1617 2651 1729 2703 Quid
1743 2651 1819 2693 Pe-

1103 2715 1217 2759 trus?
1232 2726 1372 2756 nonne
1382 2712 1522 2754 bonus
1532 2706 1702 2763 pastor?
1718 2720 1819 2748 non-

1575 2832 1618 2862 2*
