2080 2990
604 230 673 263 Die
697 230 749 263 23.
776 230 860 263 Jan.
908 231 943 264 S.
969 230 1195 274 ildephonsi
1221 230 1348 272 Episc.
1374 235 1410 264 ct
1435 230 1543 264 Conf.

272 322 320 371 Χ
356 326 654 378 Desponsatio
688 331 755 367 est
787 324 920 366 hodie
953 338 1047 366 san-

219 387 302 422 ctae
322 381 472 421 Mariae
492 381 696 431 Virginis.
725 382 775 432 Rv.
811 380 941 433 Cujus
960 380 1049 421 vita

218 436 380 488 inclyta
407 442 587 478 cunctas
614 436 803 478 illustrat
831 436 1049 477 ecclesias.

275 495 337 534 ,id
384 496 538 535 Heneti.
591 498 684 535 Ληῐ.
735 495 1048 548 Desponsatio-

217 563 316 592 nem
335 550 592 592 hodiernam
610 552 838 604 perpetuae
856 550 1049 601 Virginis

219 606 452 648 Genitricis
489 607 572 648 Dei
610 608 760 648 Mariae
798 606 1050 647 solemniter

218 662 509 710 celebremus,
546 675 633 714 qua
660 661 875 704 celsitudo
903 661 1050 703 throni

217 718 445 769 processit,
465 717 648 769 alleluja.

552 785 714 822 Oratio.

299 841 454 882 amulis
468 841 565 891 tuis,
585 843 836 894 quaesumus
850 841 1050 891 Domine,

311 897 503 939 coelestis
531 897 684 948 gratiae
709 910 866 938 munus
891 897 1048 949 imper-

218 955 315 995 tire:
334 959 392 1002 ut,
413 953 570 1004 quibus
585 952 729 994 beatae
743 953 937 1003 Virginis
953 966 1049 1006 par-

218 1014 289 1050 tus
318 1008 483 1050 exstitit
510 1008 664 1050 salutis
692 1008 937 1058 exordium,
964 1009 1050 1050 De-

219 1064 514 1116 sponsationis
549 1065 640 1115 ejus
668 1066 816 1105 votiva
848 1064 1048 1105 solemni-

219 1124 287 1160 tas
306 1120 428 1171 pacis
442 1119 606 1160 tribuat
619 1120 945 1162 incrementum.
966 1121 1051 1161 Per

218 1175 455 1216 Daminum
474 1180 683 1217 nostrum.

269 1237 417 1271 Deinde
443 1238 483 1271 fit
508 1248 640 1271 comm.
667 1240 700 1271 S.
727 1239 875 1281 ‚loseph
902 1239 1045 1281 Sponsi

218 1285 257 1317 13.
283 1286 415 1318 Mariae
444 1286 543 1325 Virg.

270 1338 367 1377 Ant.
416 1338 518 1389 Ipse
553 1337 680 1379 Jesus
713 1343 806 1379 erat
837 1338 1050 1390 incipiens

220 1392 345 1443 quasi
364 1395 576 1434 annorum
593 1394 781 1444 triginta,
799 1399 848 1436 ut
866 1393 1049 1447 putaba-

219 1453 291 1489 tur
310 1448 426 1489 filius
445 1448 469 1489 J
471 1449 622 1501 oseph

271 1504 320 1553 Χ
358 1508 420 1549 Os
446 1509 546 1560 justi
570 1508 855 1551 meditabitur
880 1510 1049 1563 sapien-

220 1564 337 1604 tiam.
376 1565 423 1614 Ru
459 1564 517 1605 Et
547 1564 695 1616 lingua
727 1566 818 1617 ejus
844 1566 1051 1618 loquetur

220 1607 437 1670 judicium.

555 1675 718 1716 Oratio.

293 1735 555 1777 anctissimae
568 1735 801 1778 Genitricis
816 1742 904 1779 tuae
914 1737 1051 1790 Spon-

319 1790 366 1840 si,
388 1793 639 1843 quaesumus
659 1792 863 1843 D6mine,
883 1793 1051 1835 meritis

222 1845 494 1898 adjuvemur:
534 1852 583 1889 ut
625 1848 745 1900 quod
780 1849 1052 1901 possibilitas

221 1906 372 1942 nostra
395 1915 484 1943 non
511 1902 692 1954 obtinet,
718 1905 809 1956 ejus
833 1905 963 1946 nobis
991 1905 1051 1946 in-

221 1957 490 2000 tercessione
510 1958 710 2001 donetur.

272 2016 410 2051 Postea
442 2027 573 2052 comm.
599 2019 634 2053 S
659 2019 948 2055 Emerentianae.
975 2025 1050 2060 447

430 2098 491 2138 Ι11
514 2098 572 2139 Π.
597 2099 850 2150 vesperis.

273 2159 358 2191 .Χ.η1
389 2159 435 2192 dc
464 2159 494 2193 1
497 2161 582 2195 z.1ud
620 2164 726 2208 [271];
755 2163 827 2205 Ps„

222 2204 283 2248 H)
287 2215 358 2238 mn
386 2211 423 2240 ut
449 2207 486 2240 in
512 2208 636 2242 lestis
661 2209 701 2243 B.
728 2211 841 2244 Χ1.Χ
873 2213 963 2257 [145]

273 2255 322 2305 Χ
342 2263 639 2316 Desponsatio
657 2273 724 2308 est
738 2267 871 2309 hodie
886 2275 1050 2311 sanctae

222 2318 372 2359 Mariae
395 2319 600 2370 Virginis.
635 2321 685 2371 R
713 2322 843 2375 Cujus
871 2325 961 2367 vita
988 2327 1048 2366 in-

222 2373 338 2425 clyta
356 2380 536 2417 cunctas
554 2375 743 2420 illustrat
762 2379 980 2421 ecclesias.

276 2433 345 2473 Ad
384 2435 552 2481 magnit.
603 2438 701 2478 Χ.η1
750 2440 1047 2492 Desponsatio

221 2492 311 2538 tua,
336 2489 420 2530 Dei
445 2490 643 2533 Genitrix
662 2493 817 2545 Virgo,
842 2495 1051 2545 gaudium

222 2544 456 2586 annuntiav
459 2546 492 2586 it
510 2547 714 2589 universo
733 2550 914 2592 mundo.
933 2564 988 2592 ex
1006 2557 1050 2593 te

222 2599 336 2639 enim
365 2604 488 2641 ortus
517 2608 584 2644 est
612 2603 679 2644 sol
706 2604 898 2656 justitiae,
932 2607 1049 2647 Chri-

223 2659 316 2694 stus
335 2654 457 2696 Deus
481 2662 644 2699 noster:
670 2660 744 2710 qui
768 2660 944 2702 solvens
962 2675 1049 2703 ma-

220 2707 517 2760 ledictionem,
543 2711 664 2755 dedit
686 2714 1050 2758 benedictionem:

858 2164 981 2206 Capit.
1011 2170 1047 2198 ct
1126 2158 1142 2169 ”

1102 330 1145 366 et
1164 323 1436 365 confundens
1449 326 1648 372 mortem,
1667 321 1850 364 donavit
1863 334 1933 363 no-

1100 380 1168 422 bis
1186 380 1321 421 vitam
1340 379 1663 432 sempiternam.

1156 440 1302 474 Deinde
1328 441 1369 473 iit
1394 449 1589 473 commem.
1615 442 1650 473 S.
1675 440 1835 484 Joscph.

1158 492 1254 532 Ant.
1287 492 1399 532 Ecce
1422 489 1567 532 fidelis
1591 502 1746 532 servus
1769 495 1814 533 et
1830 502 1931 543 pru-

1102 545 1221 596 dens,
1241 559 1373 598 quem
1392 546 1619 588 constituit
1633 546 1849 587 Dominus
1864 559 1932 587 su-

1101 615 1181 654 per
1199 602 1407 644 familiam
1425 616 1559 644 suam.

1156 654 1203 704 Y.
1219 658 1373 699 Gloria
1387 664 1431 700 et
1446 658 1610 701 divitiae
1624 659 1669 700 in
1684 657 1818 700 domo
1830 658 1933 710 ejus.

1104 715 1151 765 Ra
1177 714 1235 755 Et
1260 714 1424 766 justitia
1449 716 1541 767 ejus
1563 719 1712 757 manet
1732 714 1779 755 in
1797 716 1932 755 saecu-

1101 769 1191 810 lum
1211 770 1372 811 saeculi.

1380 855 1550 898 Eadem
1567 856 1662 898 Die.

1147 924 1191 965 S.
1214 924 1510 975 Ildephonsi
1530 923 1675 975 Episc.
1701 927 1745 963 et
1768 920 1888 964 Co'nf.

1387 986 1647 1031 Semiduplex.

1154 1041 1291 1075 Omnia
1310 1041 1356 1075 de
1376 1041 1579 1076 Communi
1598 1043 1706 1078 Conf.
1724 1043 1832 1078 Pont.
1854 1041 1937 1085 [49],

1102 1094 1242 1131 practer
1263 1099 1368 1133 sequ.

1155 1140 1318 1182 Oratio.
1348 1139 1534 1181 Exaudi.
1558 1140 1648 1192 [50]

1156 1200 1226 1233 Vel
1252 1199 1334 1232 haec
1362 1199 1438 1232 alia

1434 1251 1598 1290 Oratio.

1192 1325 1280 1361 euS,
1301 1312 1375 1364 qui
1391 1324 1473 1365 per
1491 1311 1853 1364 gloriosissimam
1865 1312 1933 1353 Fi-

1204 1368 1250 1409 lii
1283 1369 1348 1410 tui
1382 1369 1570 1410 Matrem
1607 1368 1788 1411 beatum
1822 1367 1935 1410 Ilde-

1102 1425 1323 1478 phonsum
1339 1424 1650 1466 Confessorem
1665 1429 1789 1466 tuum
1803 1430 1936 1477 atque

1102 1481 1363 1522 Pontificem
1380 1481 1516 1522 misso
1537 1480 1592 1522 de
1611 1480 1830 1522 thesauris
1849 1494 1935 1522 coe-

1102 1536 1287 1579 lestibus
1308 1540 1490 1578 manere
1517 1536 1755 1579 decorasti:
1782 1538 1934 1579 conce—

1104 1591 1160 1634 de
1178 1593 1412 1645 propitius3
1438 1597 1487 1634 ut
1505 1605 1586 1646 per
1604 1594 1697 1646 ejus
1714 1605 1871 1646 preces
1890 1597 1936 1634 et

1103 1649 1274 1698 me‘rita,
1301 1652 1484 1690 munera
1509 1649 1734 1702 capiamus
1760 1649 1936 1690 aeterna.

1103 1705 1187 1745 Per
1206 1703 1411 1746 eumdem
1429 1704 1677 1746 Dominum.

1158 1775 1198 1809 In
1231 1775 1257 1809 Ι.
1288 1775 1487 1810 Nocturno
1517 1776 1722 1811 Lectiones
1756 1777 1803 1812 de
1834 1776 1933 1811 Scri·

1104 1828 1215 1865 ptura
1239 1828 1473 1858 occurrente.

1327 1883 1375 1922 In
1403 1883 1453 1922 II.
1483 1883 1707 1923 Nocturno.

1155 1946 1213 1980 Ex
1237 1946 1350 1980 Surio
1375 1952 1464 1982 tom.
1491 1948 1530 1990 1.,
1555 1952 1591 1982 et
1615 1948 1780 1982 aliunde.

1406 1999 1441 2039 Ι
1445 1975 1559 2040 eeti'o
1579 2000 1631 2039 iv.

1111 2050 1504 2104 *ssjtldephonsus
1525 2054 1600 2104 qui
1618 2058 1663 2095 et
1678 2053 1934 2107 Alphonsus

1173 2102 1211 2161 *³ng
1238 2106 1408 2158 dicitur,
1418 2108 1594 2151 natione
1604 2109 1842 2163 Hispanus,
1858 2110 1936 2151 To

1236 2163 1313 2205 leti
1334 2140 1617 2206 nobilissimis
1639 2165 1864 2234 Stephano
1890 2170 1934 2208 et

1101 2218 1237 2260 Lucia
1263 2219 1519 2271 parentibus
1549 2226 1688 2271 ortus,
1726 2224 1934 2274 omnique

1102 2287 1206 2315 cura
1229 2277 1433 2326 nutritusn
1460 2276 1716 2319 liberalibus
1742 2277 1931 2331 discipli-

1100 2329 1166 2370 nis
1184 2330 1423 2372 instructus
1447 2337 1525 2373 est.
1560 2332 1756 2374 Primum
1779 2333 1933 2375 habuit

1100 2388 1423 2438 praeceptorem
1466 2387 1711 2438 Eugenium
1755 2389 1932 2431 Toleta-

1100 2454 1205 2482 num
1232 2442 1486 2492 antistitem,
1517 2456 1544 2484 a
1578 2457 1666 2496 quo
1693 2445 1848 2486 miram
1875 2445 1932 2487 ob

1099 2495 1293 2560 indolem
1336 2473 1555 2550 Hispalim
1600 2498 1658 2541 ad
1701 2499 1933 2551 Isidorum,

1100 2545 1212 2593 mira'
1254 2557 1359 2594 tunc
1395 2553 1640 2596 eruditidne
1675 2556 1932 2608 pollentem,

1101 2613 1168 2649 est
1185 2608 1355 2649 missus.
1385 2608 1634 2651 Duodecim
1657 2611 1776 2664 apud
1793 2611 1932 2654 Isido-

1100 2675 1197 2704 rum
1229 2667 1527 2706 commoratus
1557 2679 1713 2717 annos,
1753 2667 1933 2709 tandem

1099 2718 1224 2769 fruge
1251 2719 1368 2761 bona
1401 2719 1689 2773 doctrinaque
1721 2736 1828 2765 sana
1855 2723 1931 2764 im-
