2040 2990
717 213 914 247 Dominica
938 213 1247 255 septuagesimae.

144 320 276 359 gnum
293 306 522 359 pulchrum
538 307 644 356 visu,
663 311 706 348 et
719 307 775 348 ad
790 309 963 348 vescen-

146 363 248 405 dum
275 365 422 414 suave3
449 363 612 414 lignum
641 363 771 404 etiam
794 364 895 404 vitae
919 363 963 404 in

143 419 288 461 medio
307 419 509 472 paradisi.
536 420 588 460 In
608 432 705 472 quo.

423 480 574 521 Lectio
598 481 678 520 viii.

143 532 278 637 Hic
302 534 450 585 itaque
475 532 784 585 paterfamilias
812 532 868 574 ad
893 546 962 574 ex-

248 588 476 630 colendam
490 591 660 630 vineam
675 601 807 637 suam,
825 602 962 639 mane,

143 644 254 686 hora
275 645 417 694 tertia,
445 650 583 701 sexta,
610 657 739 694 nona,
767 650 810 686 et
831 645 961 687 unde-

144 701 255 743 cima
287 702 511 754 operarios
544 701 766 743 conducit:
805 702 906 754 quia
937 715 963 743 a

142 757 294 799 mundi
316 758 439 809 hujus
462 758 584 800 initio
608 771 747 810 usque
771 759 813 799 in
832 759 962 800 finem

143 813 200 856 ad
236 813 517 856 erudiendam
550 814 725 867 plebem
760 815 962 864 fidelium,

141 870 455 923 praedicatores
483 873 749 922 congregare
775 884 863 913 non
891 871 960 912 de-

142 927 265 968 sistit.
302 927 430 968 Mane
454 927 614 968 etenim
636 927 786 969 mundi
809 928 888 968 fuit
907 927 960 969 ab

141 982 284 1024 Adam
314 995 452 1035 usque
483 983 540 1024 ad
571 983 682 1024 Noe:
716 983 825 1025 hora
856 997 960 1026 vero

140 1040 269 1080 tertia
295 1052 321 1080 a
343 1040 441 1081 Noe
471 1052 610 1091 usque
641 1040 697 1081 ad
723 1040 960 1081 Abraham:

141 1100 264 1138 sexta
292 1108 467 1148 quoque
495 1096 548 1137 ab
573 1096 796 1137 Abraham
822 1110 960 1148 usque

140 1151 197 1194 ad
219 1152 416 1204 Moysen:
443 1165 558 1194 nona
585 1157 731 1194 autem
759 1166 783 1193 a
808 1153 960 1205 Moyse

140 1221 279 1261 usque
298 1208 355 1250 ad
373 1208 608 1251 adventum
621 1209 810 1250 Domini:
828 1209 960 1250 unde-

141 1265 253 1306 cima
276 1278 380 1307 vero
406 1265 461 1306 ab
485 1265 675 1306 adventu
692 1266 870 1307 Demini
893 1279 959 1307 us-

141 1334 226 1374 que
244 1321 301 1363 ad
321 1322 452 1364 finem
473 1321 632 1363 mundi.
667 1323 717 1362 In
743 1335 828 1374 qua
851 1335 959 1374 prae-

141 1377 359 1420 dicatores
408 1378 547 1419 sancti
591 1378 795 1431 Apestoli
840 1379 959 1419 missi

140 1439 256 1483 sunt,
305 1435 378 1487 qui
420 1434 668 1476 mercedem
704 1434 878 1487 plenam
918 1440 960 1476 et

139 1489 265 1532 tarde
283 1491 507 1533 venientes
532 1492 806 1543 acceperunt.

191 1551 241 1603 R.
279 1548 394 1589 Ecce
426 1547 571 1589 Adam
607 1548 732 1600 quasi
762 1561 873 1589 unus
905 1561 959 1589 ex

139 1603 266 1645 nobis
291 1604 431 1646 faetus
459 1609 525 1645 est
551 1604 691 1645 sciens
719 1603 883 1646 bonum
915 1609 959 1646 et

138 1659 315 1702 malum:
339 1664 362 1689 *
390 1660 564 1709 Videte,
595 1673 650 1702 ne
676 1660 789 1702 forte
817 1665 959 1702 sumat

139 1715 194 1758 de
211 1715 330 1768 ligno
345 1716 458 1766 vitae,
478 1721 522 1758 et
537 1717 655 1758 vivat
673 1717 717 1757 in
735 1718 958 1758 aeternum.

140 1770 189 1822 V.
224 1772 346 1814 Fecit
382 1785 557 1825 quoque
593 1773 806 1814 Dominus
837 1774 957 1815 Deus
1062 1784 1109 1808 *ww-²

139 1828 250 1870 Adae
268 1829 462 1870 tunicam
484 1829 726 1881 pelliceam,
752 1834 796 1870 et
819 1829 957 1870 induit

139 1897 247 1935 eum,
267 1890 311 1926 et
329 1885 447 1927 dixit.
474 1885 645 1926 Videte.

438 1944 587 1986 Lectio
606 1946 660 1985 ix.

216 1997 245 2039 d
282 1996 565 2039 erudiendam
601 2009 705 2048 ergo
742 1997 955 2038 Dominus

238 2054 413 2107 plebem
439 2067 576 2104 suam,
603 2054 727 2106 quasi
751 2052 808 2094 ad
831 2065 955 2094 exco-

139 2109 311 2152 lendam
338 2113 509 2152 vineam
536 2122 675 2159 suam,
707 2109 826 2150 nullo
851 2110 955 2150 tem-

139 2179 246 2218 pore
290 2166 456 2208 destitit
501 2166 726 2219 operarios
770 2164 956 2206 mittere:

141 2223 241 2275 quia
265 2228 309 2264 et
333 2223 453 2275 prius
477 2236 556 2275 per
576 2223 745 2272 Patres,
772 2226 815 2263 et
838 2223 955 2274 post-

139 2279 318 2320 modum
335 2292 414 2332 per
432 2279 539 2330 legis
555 2279 773 2320 Doctores
793 2282 835 2319 et
854 2278 955 2319 Pro-

138 2335 303 2387 phetas,
318 2335 374 2378 ad
390 2337 629 2377 extremum
638 2347 743 2376 vero
753 2347 832 2386 per
839 2335 955 2386 Apo-

139 2391 295 2442 stolos,
322 2391 424 2433 dum
447 2391 590 2444 plebis
614 2404 703 2432 suae
722 2403 867 2431 mores
886 2403 955 2431 ex-

140 2447 289 2497 coluit,
324 2448 447 2499 quasi
471 2461 550 2500 per
575 2448 800 2500 operarios
829 2447 872 2487 in
897 2447 954 2486 vi-

140 2515 234 2543 neae
253 2503 422 2544 cultura
443 2503 673 2545 laboravit:
699 2502 894 2555 quamvis
912 2501 955 2541 in

142 2558 336 2610 quelibet
345 2559 523 2601 modulo
537 2559 604 2601 vel
613 2562 824 2603 mensura,
844 2557 955 2609 quis-

142 2614 237 2666 quis
265 2626 363 2655 cum
389 2614 476 2656 fide
503 2620 622 2656 recta
648 2615 776 2656 bonae
800 2612 954 2666 praedi-

141 2672 264 2711 cator
283 2670 464 2712 actionis
484 2671 658 2720 exstitit,
677 2671 801 2722 hujus
818 2672 954 2710 vineae

141 2726 366 2778 operarius
384 2726 473 2767 fuit.
511 2727 729 2779 Operator
746 2738 849 2777 ergo
869 2737 954 2765 ma-

1014 319 1079 356 ne,
1102 306 1212 348 hora
1229 308 1368 358 tertia,
1393 313 1525 358 sexta,
1550 313 1593 350 et
1611 322 1736 358 nona,
1762 322 1831 350 an-

1013 365 1160 415 tiquus
1191 363 1262 405 ille
1296 368 1338 405 et
1368 364 1610 406 Hebraicus
1643 365 1832 417 populus

1015 418 1280 470 designatur:
1313 421 1385 471 qui
1416 420 1459 460 in
1487 421 1634 462 electis
1662 421 1750 462 suis
1776 421 1831 462 ab

1013 475 1110 527 ipso
1129 475 1279 517 mundi
1299 476 1498 526 exordio,
1527 477 1629 518 dum
1647 482 1766 518 recta
1786 478 1830 518 fi-

1015 531 1069 572 de
1083 531 1226 572 Deum
1243 531 1410 574 studuit
1429 533 1583 582 colere,
1604 534 1726 585 quasi
1743 547 1830 575 non

1014 586 1181 629 destitit
1204 588 1248 628 in
1266 590 1405 630 vineae
1429 589 1596 630 cultura
1619 589 1830 631 laborare.

1013 642 1085 684 Ad
1109 643 1382 685 undecimam
1408 658 1513 686 vero
1539 646 1733 687 Gentiles
1758 659 1829 687 vo-

1014 702 1179 749 cantur,
1200 700 1357 752 quibus
1375 706 1418 742 et
1437 701 1607 743 dicitur:
1628 701 1742 752 Quid
1760 702 1830 743 hic

1014 756 1138 797 statis
1157 761 1252 798 tota
1271 757 1341 798 die
1360 758 1511 799 otiesi?

1065 817 1116 868 R.
1145 812 1228 854 Ubi
1248 819 1314 855 est
1331 814 1445 855 Abel
1467 814 1599 856 frater
1622 813 1743 856 tuus?
1772 814 1830 856 di-

1013 869 1077 910 xit
1096 869 1308 911 Deminus
1334 870 1389 912 ad
1410 871 1525 912 Cain.
1557 871 1718 912 Nescio
1743 872 1830 912 Do-

1012 926 1143 975 mine,
1174 926 1383 978 numquid
1408 932 1555 968 custos
1579 927 1723 968 fratris
1746 929 1831 969 mei

1012 995 1107 1023 sum
1134 982 1236 1033 ego?
1272 983 1329 1023 Et
1353 983 1462 1024 dixit
1489 982 1545 1025 ad
1570 997 1681 1025 eum:
1717 984 1830 1034 Quid

1012 1037 1174 1079 fecisti?
1200 1043 1221 1066 *
1248 1040 1362 1080 Ecce
1390 1052 1475 1080 vox
1503 1041 1722 1091 sanguinis
1750 1041 1830 1081 fra-

1012 1095 1089 1136 tris
1112 1096 1173 1136 tui
1192 1095 1305 1137 Abel
1330 1095 1487 1137 clamat
1512 1095 1568 1137 ad
1586 1110 1654 1138 me
1674 1096 1728 1137 de
1748 1102 1830 1138 ter-

1011 1164 1070 1192 ra.
1118 1149 1164 1199 V.
1191 1150 1448 1193 Maledictus
1477 1153 1561 1193 eris
1589 1165 1720 1205 super
1748 1158 1829 1194 ter-

1011 1220 1120 1257 ram,
1141 1221 1238 1260 quae
1257 1209 1427 1260 aperuit
1447 1221 1496 1250 os
1515 1222 1655 1258 suum,
1676 1214 1719 1250 et
1740 1223 1828 1250 sus-

1012 1265 1127 1316 cepit
1147 1266 1397 1315 sanguinem
1417 1265 1559 1306 fratris
1582 1266 1644 1306 tui
1669 1265 1723 1306 de
1743 1279 1828 1306 ma-

1011 1333 1070 1361 nu
1092 1326 1177 1362 tua.
1208 1321 1333 1362 Ecce.
1367 1321 1516 1363 Gloria
1539 1321 1668 1362 Patri.
1703 1322 1828 1363 Ecce.

1062 1384 1214 1418 Nonum
1240 1383 1283 1426 R.
1309 1384 1447 1418 dicitur
1471 1384 1509 1417 in
1533 1383 1745 1417 Dominicis
1771 1393 1829 1416 us-

1012 1442 1084 1474 que
1110 1432 1159 1466 ad
1183 1432 1332 1466 Pascha
1356 1433 1440 1466 loco
1467 1431 1606 1474 Hymni
1631 1429 1686 1463 Te
1706 1429 1829 1463 Deum

1010 1476 1221 1511 laudamus.
1257 1480 1321 1523 qui
1355 1490 1429 1514 non
1468 1479 1606 1513 dicitur
1638 1479 1711 1513 hoc
1740 1483 1828 1512 tem-

1010 1537 1114 1570 pore,
1139 1528 1213 1561 nisi
1240 1528 1277 1561 in
1303 1528 1419 1562 festis.

1264 1592 1341 1632 Ad
1366 1592 1571 1633 Laudes.

1062 1658 1160 1698 Ant.
1180 1659 1208 1697 1.
1236 1654 1441 1697 Miserere
1461 1654 1557 1694 mei.

1278 1717 1475 1758 Psalmus
1494 1718 1564 1757 50.

1012 1811 1019 1822 ,,
1065 1806 1123 1827 W„
1152 1771 1325 1812 ’serere
1353 1771 1437 1812 mei
1463 1771 1600 1819 Deus,
1627 1771 1650 1795 *
1679 1773 1825 1811 secun-

1036 1820 1125 1884 (Νὴ
1152 1826 1159 1879 {3
1190 1826 1294 1868 dum
1343 1839 1544 1878 magnam
1587 1826 1825 1867 misericor-

1015 1882 1019 1893 ⁷
1058 1880 1113 1901 ³*
1152 1866 1159 1903 ²¹
1189 1883 1304 1924 diam
1331 1888 1460 1924 tuam.

1058 1940 1114 1980 Et
1139 1938 1377 1981 secundum
1404 1938 1724 1980 multitudinem
1750 1938 1824 1979 mi-

1008 1993 1272 2036 serationum
1297 1997 1484 2044 tuarum,
1503 1995 1526 2020 *
1550 1994 1646 2036 dele
1673 1994 1824 2046 iniqui-

1006 2054 1142 2093 tatem
1159 2063 1310 2092 meam.

1058 2107 1258 2159 Amplius
1286 2106 1383 2147 lava
1409 2119 1479 2148 me
1511 2106 1564 2148 ab
1596 2107 1823 2159 iniquitate

1006 2176 1117 2205 mea:
1127 2164 1150 2189 *
1162 2168 1206 2204 et
1220 2176 1246 2204 a
1258 2165 1442 2215 peccato
1457 2175 1555 2204 meo
1569 2162 1731 2204 munda
1744 2175 1823 2203 me.

1059 2220 1272 2269 Queniam
1290 2219 1563 2271 iniquitatem
1580 2232 1722 2260 meam
1741 2231 1822 2270 ego

1008 2277 1238 2327 cognesco:
1274 2275 1297 2300 *
1335 2281 1379 2317 et
1415 2278 1643 2328 peccamm
1678 2287 1823 2316 meum

1008 2337 1159 2373 contra
1177 2345 1246 2373 me
1266 2336 1332 2372 est
1351 2344 1533 2384 semper.

1059 2387 1159 2430 Tibi
1178 2387 1259 2429 soli
1283 2388 1477 2440 peccavi,
1503 2392 1546 2428 et
1568 2386 1728 2428 malum
1753 2398 1821 2427 co-

1006 2457 1098 2485 ram
1115 2449 1160 2485 te
1178 2444 1274 2485 feci:
1293 2445 1316 2470 *
1335 2448 1382 2485 ut
1405 2443 1645 2494 justificeris
1667 2443 1711 2483 in
1737 2454 1821 2482 ser-

1006 2499 1207 2542 monibus
1229 2500 1332 2549 tuis,
1361 2504 1404 2541 et
1426 2500 1572 2540 vincas
1598 2511 1695 2539 cum
1717 2497 1820 2549 judi-

1007 2556 1129 2597 caris.

1056 2612 1171 2653 Ecce
1198 2612 1311 2653 enim
1334 2612 1376 2652 in
1402 2610 1697 2663 iniquitatibus
1721 2622 1819 2650 con-

1006 2669 1160 2720 ceptus
1178 2681 1289 2710 sum:
1313 2667 1337 2693 *
1362 2672 1405 2708 et
1431 2667 1474 2707 in
1501 2666 1693 2719 peccatis
1721 2676 1818 2705 con-

1007 2724 1123 2775 cepit
1140 2736 1210 2764 me
1226 2728 1364 2764 mater
1381 2735 1488 2763 mea.
