2080 2990
518 215 589 248 Die
618 216 648 250 9.
675 216 782 248 Febr.
828 217 862 249 S.
889 215 1025 258 Cyrilli
1049 215 1186 258 Episc„
1213 216 1320 251 Conf.
1346 222 1381 250 ct
1406 218 1512 251 Doct.

157 309 222 350 cie
253 307 509 349 redimentis
540 310 739 360 captivos
768 307 982 360 apparuit.

157 365 254 415 Quo
281 364 377 404 viso
404 364 608 405 Pentifex
634 364 882 405 institatum
909 376 982 415 ap-

155 419 376 472 probavit,
404 424 448 460 et
474 432 638 460 novum
664 419 862 460 erdinem
888 431 983 459 san-

158 476 366 516 ctissimae
393 475 621 516 Trinitatis
648 474 983 527 Redemptienis

158 531 443 584 Captivorum
466 532 616 572 vocari
637 531 777 582 jussit,
806 531 983 582 ejusque

154 586 481 640 professeribus
527 586 649 628 albas
692 591 838 627 vestes
885 599 984 627 cum

156 655 285 684 cruce
336 642 462 684 rubei
512 647 556 684 et
601 642 778 684 caerulei
823 641 984 683 coleris

154 698 356 750 praebuit.

214 758 264 808 R».
299 754 479 795 Amavit
525 767 624 795 eum
662 755 895 803 Deminus,
942 758 985 795 et

158 811 329 852 ornavit
349 823 462 851 eum:
486 810 646 851 stolam
669 811 822 861 gleriae
844 810 986 851 induit

157 879 272 916 eum,
304 869 325 893 *
352 866 410 907 Et
437 866 494 907 ad
521 870 673 918 portas
701 866 895 918 paradisi
916 879 984 907 co-

155 922 329 963 ronavit
357 935 467 963 eum.
507 921 565 970 V.
595 922 743 963 Induit
771 935 871 963 eum
896 922 984 962 Do-

155 978 297 1018 minus
338 977 521 1018 loricam
560 977 684 1027 fidei,
730 982 773 1019 et
814 978 986 1019 ornavit

158 1046 268 1074 eum.
308 1033 366 1074 Et
389 1033 445 1074 ad
467 1038 631 1085 portas.

461 1088 613 1131 Lectio
634 1092 686 1131 vi.

228 1145 269 1186 ic
297 1144 489 1186 stabilito
518 1143 689 1194 erdine,
731 1145 870 1185 sancti
896 1145 986 1185 fun-

249 1200 427 1242 dat6res
458 1200 502 1240 in
535 1199 723 1241 Galliam
754 1201 986 1250 redierunt,

157 1256 389 1308 prim6que
407 1255 611 1297 coenebio
634 1256 762 1297 Cervi
779 1256 925 1307 frigidi
943 1256 988 1296 in

159 1311 341 1353 dioecesi
373 1311 589 1352 Meldensi
621 1313 892 1362 constructo,
931 1311 988 1352 ad

159 1369 250 1420 ejus
287 1368 482 1418 regimen
517 1367 641 1408 Felix
677 1368 900 1417 remansit,
943 1372 988 1409 et

158 1424 351 1465 Joannes
377 1425 566 1464 Romam
596 1436 695 1464 cum
724 1424 893 1475 aliquot
921 1426 987 1464 se-

160 1479 237 1520 ciis
266 1481 469 1520 reversus
495 1483 577 1528 est,
606 1479 682 1520 ubi
706 1479 987 1520 Innocentius

161 1535 355 1584 domum,
401 1535 645 1584 ecclesiam,
690 1540 734 1576 et
768 1535 988 1587 hospitale

160 1591 300 1632 sancti
314 1591 499 1632 Thomae
519 1590 574 1632 de
589 1591 761 1631 Formis
780 1591 824 1631 in
838 1595 988 1632 monte

161 1647 303 1688 Co'elio
332 1647 394 1688 eis
422 1647 604 1688 donavit
629 1659 729 1687 cum
754 1646 900 1688 multis
924 1659 988 1687 re-

151 1703 324 1745 ditibus
362 1707 406 1744 et
444 1698 811 1755 possessie‘nibus.
862 1703 988 1743 Datis

163 1771 339 1811 quoque
379 1759 536 1800 litteris
575 1757 632 1799 ad
667 1758 990 1799 Miramolinum

161 1828 311 1866 regem
328 1814 558 1863 Marechii,
587 1826 699 1866 opus
724 1813 988 1866 redemptie-

161 1871 229 1911 nis
255 1870 371 1912 felici
398 1870 594 1923 auspicio
623 1869 875 1910 inchoatum
899 1870 990 1911 fuit.

162 1927 277 1967 Tum
296 1926 353 1967 ad
371 1926 625 1978 Hispanias,
644 1925 725 1966 sub
746 1927 846 1976 jugo
867 1926 989 1966 Sara-

164 1984 373 2023 cenerum
395 1995 553 2033 magna
579 1994 633 2022 ex
656 1986 783 2033 parte
810 1982 989 2033 oppres-

164 2050 246 2087 sas,
264 2038 289 2078 J
291 2039 455 2079 oannes
473 2037 699 2090 profectus
720 2041 801 2086 est,
821 2039 990 2086 regum-

165 2105 267 2145 que,
294 2093 561 2146 principum,
589 2097 721 2144 atque
741 2092 925 2133 alierum
943 2092 990 2132 fi-

165 2149 327 2190 delium
359 2149 527 2190 animos
559 2148 617 2189 ad
645 2149 920 2200 captiverum
948 2152 992 2188 et

163 2207 409 2257 pauperum
431 2204 857 2246 commiseratienem
876 2216 990 2244 com-

164 2261 313 2302 mevit.
349 2261 615 2302 Monasteria
639 2259 889 2308 aedificavit,
916 2259 991 2299 ho-

166 2317 339 2368 spitalia
380 2317 532 2365 erexit,
577 2317 825 2367 magnoque
869 2314 991 2355 lucro

166 2373 407 2413 animarum
419 2372 569 2424 plures
585 2373 783 2423 captivos
798 2370 992 2411 redemit.

165 2427 355 2468 Romam
372 2427 551 2468 tandem
569 2428 789 2475 reversus,
814 2428 992 2466 sanctis-

169 2495 253 2534 que
277 2483 483 2535 operibus
505 2482 779 2531 incumbens,
806 2480 993 2522 assiduis

167 2538 393 2580 laboribus
420 2541 606 2588 attritus,
636 2543 680 2579 et
706 2537 861 2579 morbo
893 2549 992 2577 con-

168 2594 324 2643 fectus,
351 2593 656 2635 ardentissimo
676 2594 760 2634 Dei
785 2598 827 2634 et
850 2592 993 2644 prexi-

168 2650 229 2690 mi
243 2643 391 2690 amore
407 2651 664 2699 exaestuans,
680 2649 738 2690 ad
753 2649 995 2690 extremum

170 2705 357 2747 devenit.
392 2705 536 2755 Quare
554 2705 763 2747 fratribus
783 2705 993 2746 convoca-

1034 306 1110 355 tis,
1142 308 1291 358 eisque
1319 307 1377 348 ad
1406 320 1516 359 opus
1544 308 1861 360 redemptienis

1035 362 1208 403 co'elitus
1226 366 1612 415 praemonstratum
1628 364 1862 404 efficaciter

1036 417 1293 468 cohortatis,
1319 418 1588 460 obdormivit
1605 420 1649 459 in
1668 419 1859 460 Demino

1036 474 1336 531 sextodecimo
1385 475 1609 516 Kalendas
1653 475 1862 524 Januarii,

1036 543 1151 570 anno
1179 530 1332 571 salutis
1358 531 1589 572 millesimo
1621 531 1861 571 ducentesi-

1035 598 1108 626 mo
1130 585 1301 627 decimo
1325 587 1471 636 tertio;
1497 587 1675 638 ejusque
1701 599 1862 638 corpus

1035 643 1080 683 in
1104 643 1202 694 ipsa
1226 643 1413 684 ecclesia
1437 643 1576 684 sancti
1600 643 1783 683 Thomae
1808 641 1862 684 de

1036 699 1208 739 Formis
1238 698 1456 749 condigno
1485 698 1652 740 honere
1680 698 1862 740 tumula-

1036 759 1129 795 tum
1147 754 1237 795 fuit.
1295 758 1344 808 R.
1368 756 1458 796 Iste
1477 755 1622 796 homo.
1642 754 1721 806 [72]

1092 822 1134 855 ln
1155 822 1218 855 HI.
1240 822 1438 856 Nocturno
1464 823 1634 857 Homilia
1660 824 1697 856 in
1722 824 1865 864 Evang.

1040 869 1124 904 sint
1137 870 1268 904 lumbi.
1298 870 1343 903 dc
1370 871 1505 904 codem
1523 871 1725 905 Communi
1743 872 1866 914 primo

1042 919 1138 952 loco.
1164 917 1231 960 [74]

1092 971 1278 1013 Vespera]
1308 980 1328 1002 a
1360 969 1540 1013 Capitulo
1571 971 1617 1003 dc
1649 981 1753 1013 sequ.
1784 980 1867 1003 curn

1041 1028 1174 1051 comm.
1209 1028 1341 1060 price„
1375 1022 1410 1051 ct
1441 1018 1475 1051 S.
1509 1018 1730 1060 Apolloniae
1764 1018 1866 1059 Yirg.

1042 1070 1077 1099 ct
1102 1066 1208 1099 Mart.

1254 1150 1337 1191 Die
1356 1151 1394 1190 9.
1414 1149 1650 1191 Februarii.

1091 1214 1134 1254 S.
1156 1212 1332 1263 Gyrilli
1357 1214 1501 1265 Episc.
1523 1212 1816 1253 Alexandrini.

1222 1269 1340 1308 Conf.
1362 1274 1404 1309 ct
1424 1269 1539 1308 Eccl.
1560 1269 1687 1307 Doct.

1376 1334 1540 1376 Duplex.

1095 1388 1231 1422 Omnia
1263 1388 1309 1421 dc
1343 1388 1487 1422 Comm.
1518 1388 1626 1422 Conf.
1655 1388 1763 1421 Pont.
1795 1383 1865 1426 [49]

1042 1442 1183 1479 praeter
1206 1447 1310 1478 sequ.
1334 1431 1393 1474 (m.
1417 1435 1441 1465 t.
1465 1432 1514 1473 V.)
1792 1435 1796 1439 ’

1094 1488 1137 1521 In
1160 1489 1333 1531 utrisque
1356 1487 1472 1531 Vesp.
1498 1488 1546 1521 ad
1571 1488 1725 1530 Magnis.

1094 1539 1192 1579 Ant.
1219 1538 1255 1577 O
1272 1537 1441 1577 Doctor
1461 1535 1636 1587 optime,
1656 1533 1867 1574 Ecclesiae

1041 1598 1203 1634 sanctae
1223 1593 1385 1641 lumen,
1409 1591 1538 1632 beate
1560 1589 1736 1641 Cyrille,
1762 1589 1866 1630 divi-

1040 1662 1109 1690 nae
1140 1649 1249 1699 legis
1284 1650 1468 1696 amator,
1509 1645 1746 1698 deprecare
1785 1657 1866 1697 pro

1041 1705 1168 1746 nobis
1187 1704 1345 1744 Filium
1364 1702 1459 1743 Dei.

1377 1764 1540 1804 Oratio.

1128 1828 1220 1864 eus,
1242 1814 1315 1865 qui
1332 1814 1510 1865 beatum
1530 1812 1737 1864 Cyrillum
1757 1812 1866 1852 Con-

1150 1871 1362 1911 fessorem
1389 1875 1512 1910 tuum
1539 1874 1669 1919 atque
1689 1867 1864 1908 Pontifi-

1042 1940 1137 1968 cem
1165 1925 1324 1966 divinae
1351 1923 1637 1965 maternitatis
1670 1922 1866 1963 beatissi-

1041 1995 1124 2022 mae
1143 1980 1335 2031 Virginis
1354 1980 1504 2020 Mariae
1526 1980 1789 2019 assertorem
1807 1977 1866 2016 in-

1040 2039 1205 2078 victum
1257 2035 1454 2076 effecisti:
1508 2032 1715 2083 concede,
1768 2033 1866 2084 ipso

1040 2090 1352 2140 intercedente;
1378 2095 1426 2131 ut
1450 2089 1524 2140 qui
1542 2101 1644 2130 vere
1669 2101 1766 2129 eam
1784 2088 1866 2128 Ge-

1040 2148 1239 2189 nitricem
1272 2146 1357 2187 Dei
1398 2145 1630 2193 credimus,
1674 2145 1869 2184 materna

1042 2202 1236 2255 ejusdem
1249 2201 1523 2254 protectione
1537 2199 1764 2240 salvemur.
1785 2199 1868 2238 Per

1042 2257 1244 2300 eumdem
1262 2257 1507 2298 Deminum.

1095 2319 1245 2354 Deinde
1259 2319 1301 2353 fit
1315 2328 1448 2353 comm.
1464 2317 1499 2351 S.
1513 2315 1650 2351 Joafiis
1667 2314 1713 2348 de
1727 2313 1867 2347 Matha.

1096 2373 1196 2412 Ant.
1216 2370 1300 2410 Hic
1318 2369 1384 2410 vir
1401 2367 1645 2420 despiciens
1660 2363 1869 2406 mundum

1044 2431 1087 2467 et
1130 2427 1317 2474 terrena,
1362 2422 1648 2475 triumphans,
1694 2420 1868 2461 divitias

1044 2481 1157 2523 coelo
1178 2479 1374 2522 cendidit
1394 2492 1481 2529 ore,
1499 2491 1640 2519 manu.

1098 2536 1148 2585 V.
1164 2537 1188 2577 J
1190 2541 1337 2577 ustum
1356 2534 1537 2576 deduxit
1556 2531 1769 2573 Dominus
1789 2541 1867 2582 per

1043 2592 1136 2633 vias
1155 2597 1309 2633 rectas.
1348 2592 1398 2642 Ra.
1422 2590 1479 2630 Et
1504 2586 1694 2629 ostendit
1718 2585 1779 2626 illi
1803 2596 1866 2624 re-

1043 2660 1176 2698 gnum
1194 2647 1288 2688 Dei.

1097 2707 1261 2747 Oratio.
1288 2706 1420 2749 Deus,
1446 2699 1529 2751 qui.
1557 2700 1644 2739 481.
