2080 2990
641 241 710 275 Dic
740 241 786 274 19.
815 240 899 274 Dec.

254 334 376 384 losae‚
394 334 584 383 Parisiis,
604 333 844 381 Avenione‚
862 333 906 374 in
925 333 1073 374 Monte

253 390 513 439 Pessulano,
553 390 728 432 decreta
769 402 935 431 summa
975 402 1073 431 cum

253 446 380 488 laude
398 447 764 500 interpretaretur.
799 445 949 488 Abbas
974 444 1073 487 dein

253 503 391 545 sancti
410 503 615 545 Germani
633 502 1029 544 Autissiodorensis
1049 514 1074 541 a

253 559 472 601 Clemente
510 565 652 609 sexto,
697 558 978 612 postmodum
1019 557 1072 598 ab

251 616 504 658 Innocentio
546 621 670 658 sexto
707 616 846 657 sancti
882 613 1073 656 Victoris

252 672 533 714 Massiliensis
578 686 743 726 praeses
788 671 1073 720 renuntiatus,

252 733 341 770 tam
390 729 590 781 imperio,
645 741 774 780 quam
826 726 1073 770 obedientia

254 794 446 826 summus
465 790 508 826 et
526 785 717 833 eximius,
736 783 791 825 ad
809 784 972 835 majora
990 783 1074 834 jam

253 843 451 894 paratus,
488 840 591 883 dum
627 839 774 882 arduis
810 840 995 891 negotiis
1031 844 1074 880 et

253 896 541 949 legationibus
560 910 640 949 pro
659 896 855 938 Ecclesia
879 896 1072 947 fungere-

253 959 338 1002 tur,
382 954 425 994 in
460 954 577 995 Petri
621 952 771 995 sedem
815 955 1074 1005 assumptus,

254 1010 479 1052 Avenione
511 1010 595 1052 ritu
626 1009 809 1051 solemni
841 1011 1074 1051 coronatus

256 1072 331 1109 est.

312 1121 357 1171 R:-
382 1123 534 1164 Inveni
555 1121 699 1164 David
723 1135 897 1164 servum
922 1134 1075 1171 meum,

256 1179 353 1221 oleo
380 1184 530 1221 sancto
554 1191 652 1221 meo
675 1179 779 1220 unxi
804 1191 915 1220 eum:
946 1177 966 1200 *
987 1178 1074 1219 Ma-

255 1249 334 1276 nus
350 1235 464 1277 enim
477 1248 574 1277 mea
588 1234 863 1277 auxiliabitur
878 1235 928 1276 ei.
951 1228 998 1279 Υ.
1009 1234 1076 1275 Ni-

255 1291 314 1332 hil
332 1291 534 1345 proficiet
548 1292 745 1333 inimicus
764 1291 807 1332 in
823 1303 887 1342 eo,
903 1296 945 1333 et
962 1290 1075 1332 filius

255 1348 492 1400 iniquitatis
511 1361 598 1390 non
616 1347 791 1390 nocebit
810 1348 860 1390 ei.
886 1348 1050 1390 Manus.

562 1402 713 1444 Lectio
733 1417 770 1442 v.

258 1452 391 1559 Vix
425 1461 532 1503 inito
568 1461 841 1515 pontificatu,
885 1460 1076 1502 animum

368 1516 562 1560 admovit
593 1517 650 1560 ad
681 1517 839 1560 Sedem
871 1515 1075 1570 apostoli-

257 1587 352 1615 cam
386 1574 430 1614 in
463 1574 628 1617 Urbem
663 1573 972 1623 reducendam,
1021 1571 1077 1614 ad

256 1643 400 1672 mores
436 1630 630 1673 fidelium
666 1629 979 1677 emendandos,
1021 1627 1077 1670 ad

258 1686 513 1729 clericorum
536 1686 864 1730 restaurandam
889 1685 1077 1739 discipli-

257 1756 369 1793 nam,
404 1742 460 1785 ad
487 1743 675 1786 claustra
698 1742 989 1793 reformanda,
1021 1741 1078 1784 ad

258 1798 517 1841 catholicam
562 1799 694 1842 fidem
738 1775 1078 1854 propagandam.

257 1856 535 1909 Apostolicas
559 1857 672 1898 enim
693 1856 920 1898 missiones
939 1855 1076 1897 fratri-

257 1911 338 1954 bus
362 1912 602 1955 Minoribus
626 1915 880 1955 commissas
904 1914 1076 1966 promo-

257 1969 318 2010 vit
344 1982 482 2021 usque
510 1969 566 2012 ad
591 1970 800 2012 Tartaros
829 1974 871 2011 et
899 1969 1076 2011 ultimos

260 2024 516 2076 Orientales;
559 2026 807 2079 multosque
845 2025 1077 2067 haereticos

259 2094 313 2122 ex
335 2082 536 2132 Albania,
560 2082 771 2125 Valachia
795 2087 840 2124 et
861 2082 1077 2134 Bulgaria,

259 2136 316 2179 ad
340 2138 578 2180 Ecclesiam
611 2138 869 2181 catholicam
894 2138 1077 2180 reduxit.

259 2193 377 2235 Nihil
409 2194 539 2236 etiam
570 2195 715 2237 omisit
745 2201 794 2237 ut
822 2195 1077 2237 Graecorum

260 2250 575 2292 contumaciam
593 2254 799 2300 vinceret,
818 2253 995 2304 recepta
1014 2263 1077 2292 se-

259 2307 344 2348 mel
363 2311 407 2349 et
425 2309 581 2348 iterum
599 2306 653 2349 ab
672 2307 934 2360 imperatore
952 2307 977 2348 J
979 2309 1079 2349 oan-

260 2375 314 2404 ne
339 2362 443 2405 fidei
466 2362 749 2416 professione.
789 2364 967 2406 Sacrum
990 2363 1078 2406 bel-

260 2418 350 2460 lum
368 2424 519 2461 contra
535 2419 733 2461 infideles
755 2419 923 2470 indixit,
947 2433 999 2462 ac
1017 2432 1079 2461 re-

262 2487 315 2526 ge
334 2475 467 2528 Cypri
487 2475 625 2529 copiis
643 2452 1078 2528 praefect0‚A1exan-

261 2530 399 2573 driam
411 2531 593 2584 AEgthi
610 2532 791 2574 feliciter
805 2533 1078 2585 expugnavit.

313 2587 363 2637 }i-
392 2588 526 2629 Posui
557 2588 817 2641 adiutorium
844 2601 975 2641 super
1002 2601 1078 2642 po—

261 2645 441 2694 tentem,
486 2649 531 2686 et
571 2645 759 2687 exaltavi
788 2644 985 2687 electum
1025 2645 1080 2687 de

261 2700 391 2753 plebe
407 2706 518 2743 mea:
536 2701 559 2725 *
579 2701 733 2743 Manus
756 2701 871 2743 enim
892 2714 989 2743 mea
1007 2714 1077 2743 au-

262 2756 484 2799 xiliabitur
502 2756 552 2798 ei.
587 2751 635 2802 Y.
658 2757 808 2799 Inveni
826 2757 969 2799 David
993 2770 1078 2799 ser-

948 240 986 273 B.
1018 239 1158 273 L'rbani
1188 239 1227 272 Y.
1257 239 1371 281 I'apae
1395 243 1431 272 et
1456 238 1563 272 (lons.

1125 335 1227 372 vum
1244 343 1407 381 meum,
1435 331 1533 373 oleo
1554 336 1706 374 sancto
1724 344 1823 374 meo
1842 332 1945 373 unxi

1126 400 1234 429 eum.
1262 388 1426 429 Manus.

1429 448 1575 488 Lectio
1597 449 1647 488 vi.

1175 501 1329 543 nterim
1353 501 1524 542 civilem
1543 500 1668 543 Sedis
1692 500 1946 554 apostolicae

1190 557 1482 610 principatum
1500 569 1612 610 pene
1632 559 1848 607 eversum,
1873 558 1946 598 AE-

1125 613 1243 665 gidio
1276 613 1504 655 Cardinale
1535 613 1796 655 Albomotio
1829 615 1946 665 egre-

1125 671 1238 722 giam
1255 683 1385 723 opem
1400 670 1660 720 conferente,
1676 670 1736 712 ita
1750 670 1947 717 restituit,

1126 733 1173 769 ut
1201 727 1283 769 sibi
1311 733 1355 769 et
1382 726 1708 769 successoribus
1736 726 1842 777 suis,
1879 739 1947 768 ne-

1128 784 1315 825 cessaria
1350 783 1528 826 tandem
1565 783 1766 825 libertate
1807 788 1948 836 parta,

1126 840 1279 882 lubens
1308 845 1351 882 et
1379 853 1513 882 ovans
1538 840 1582 880 in
1606 839 1763 881 almam
1786 839 1950 882 Urbem

1128 910 1227 938 cum
1262 897 1423 948 ingenti
1455 897 1754 938 Romanorum
1788 895 1948 948 gaudio
2005 920 2013 930 ι

1127 953 1313 995 redierit.
1365 953 1576 994 Basilicas
1607 953 1725 994 Petri
1757 957 1800 994 et
1826 952 1950 994 Pauli

1128 1010 1392 1059 instauravit,
1412 1023 1463 1051 ac
1483 1012 1807 1052 sacrosanctam
1825 1009 1949 1051 Late-

1127 1069 1354 1108 ranensem
1386 1066 1614 1108 ecclesiam
1645 1065 1844 1108 incendio
1878 1067 1949 1119 pe-

1128 1124 1242 1165 nitus
1275 1123 1552 1176 absumptam
1578 1123 1745 1174 magnis
1773 1122 1950 1175 sumpti-

1128 1179 1210 1222 bus
1228 1180 1427 1222 restituit.
1453 1181 1504 1221 In
1526 1192 1612 1232 qua
1630 1179 1776 1232 capita
1791 1179 1950 1220 Princi-

1128 1250 1232 1289 pum
1251 1236 1578 1289 Apostolorum,
1597 1235 1827 1278 retroactis
1846 1240 1950 1277 tem—

1128 1292 1309 1345 poribus
1327 1293 1372 1334 in
1387 1293 1593 1335 sacellum
1610 1292 1749 1334 sancti
1762 1292 1950 1334 Lauren-

1128 1349 1177 1391 tii
1195 1350 1417 1399 translata,
1437 1349 1705 1400 recognovit3
1727 1350 1865 1401 eaque
1885 1361 1951 1390 so-

1129 1405 1327 1448 lemniter
1349 1406 1516 1459 populo
1540 1406 1741 1448 Romano
1766 1406 1951 1455 ostensa,

1130 1469 1173 1504 et
1199 1463 1242 1503 in
1269 1463 1420 1505 thecas
1446 1462 1607 1504 inserta
1634 1475 1740 1504 auro
1769 1467 1812 1503 et
1836 1473 1951 1513 gem-

1130 1519 1211 1560 mis
1256 1519 1478 1569 distincta,
1521 1518 1724 1561 fidelibus
1769 1517 1953 1560 colenda

1129 1576 1371 1629 proposuit.
1403 1575 1715 1617 Monasterium
1737 1575 1781 1615 in
1802 1574 1952 1616 Monte

1130 1632 1369 1674 Pessulano
1387 1632 1586 1682 instituit3
1604 1633 1819 1685 praeterea
1831 1630 1951 1672 Mon-

1130 1689 1186 1730 tis
1214 1688 1380 1730 Cassini
1413 1687 1661 1730 coenobium
1691 1688 1736 1728 in
1761 1687 1953 1740 priscum

1131 1744 1279 1794 decus,
1304 1745 1413 1786 alter
1431 1745 1556 1797 quasi
1575 1744 1790 1794 conditor,
1812 1742 1952 1786 redin-

1131 1802 1328 1853 tegravit.
1389 1802 1574 1843 Demum
1611 1800 1665 1843 ab
1700 1799 1818 1843 Urbe
1854 1812 1953 1842 cum

1133 1858 1275 1900 animo
1307 1861 1463 1900 iterum
1494 1857 1756 1907 revertendi,
1788 1855 1846 1899 ob
1872 1856 1951 1898 Ec-

1133 1915 1276 1956 clesiae
1307 1915 1482 1966 negotia
1513 1914 1728 1964 discessit,
1766 1918 1810 1956 et
1840 1913 1952 1955 Ave-

1132 1972 1306 2013 nionem
1319 1972 1526 2025 pervenit,
1545 1971 1619 2014 ubi
1635 1970 1783 2013 lethali
1798 1969 1953 2012 morbo

1133 2030 1379 2081 correptus,
1407 2028 1644 2081 pretiosam
1667 2032 1853 2069 mortem
1878 2039 1953 2079 op-

1132 2084 1258 2137 petiit
1276 2097 1388 2126 anno
1406 2084 1635 2126 millesimo
1650 2083 1953 2126 tercentesimo

1134 2141 1467 2193 septuagesimo.
1506 2140 1725 2182 Miraculis
1753 2144 1855 2192 post
1879 2138 1953 2181 ob-

1133 2196 1240 2238 itum
1259 2197 1411 2247 clarus,
1431 2196 1658 2250 depositus
1673 2201 1740 2238 est
1756 2195 1800 2236 in
1818 2195 1955 2237 sancti

1133 2252 1324 2295 Victoris
1343 2253 1536 2303 ecclesia,
1554 2252 1629 2295 ubi
1647 2251 1789 2294 adhuc
1804 2251 1955 2293 vivens

1133 2309 1411 2362 sepulchrum
1428 2309 1509 2351 sibi
1524 2311 1744 2351 statuerat.
1772 2307 1954 2358 Cultum,

1133 2364 1188 2407 ab
1220 2365 1551 2407 immemorabili
1581 2367 1778 2417 tempore
1813 2363 1955 2406 eidem

1133 2421 1387 2471 exhibitum,
1414 2427 1516 2475 post
1540 2421 1736 2474 quintum
1759 2419 1813 2463 ab
1833 2419 1955 2462 obitu

1132 2477 1378 2520 revolutum
1410 2477 1634 2527 saeculum,
1669 2477 1771 2519 Pius
1803 2488 1954 2525 nonus,

1129 2534 1332 2576 Pontifex
1357 2534 1586 2583 Maximus,
1613 2533 1778 2586 praevio
1803 2533 1953 2575 Sacro-

1132 2603 1229 2631 rum
1260 2591 1438 2632 Rituum
1467 2589 1824 2642 Congregationis
1855 2601 1953 2630 con-

1135 2647 1232 2688 silio
1278 2647 1538 2700 approbavit
1582 2652 1625 2689 et
1669 2645 1954 2695 confirmavit;

1133 2703 1311 2756 ejusque
1344 2703 1545 2745 Officium
1581 2708 1624 2745 et
1659 2703 1838 2745 Missam
1873 2701 1954 2744 sub

1134 2759 1218 2801 ritu
1243 2759 1405 2812 duplici
1431 2773 1456 2801 a
1483 2759 1611 2801 Clero
1636 2760 1904 2802 Romanoet
1929 2771 1954 2800 a
