2040 2990
192 211 260 247 318

191 310 380 363 primum
406 309 582 362 quidem
607 309 680 362 qui
704 308 1014 361 interpretatur

193 379 269 408 rex
292 366 481 418 justitiae:
512 365 668 408 deinde
697 370 841 406 autem
870 370 913 406 et
937 377 1013 406 rex

191 422 349 472 Salem,
386 422 505 475 quod
530 427 610 472 est,
646 434 723 464 rex
748 421 883 474 pacis,
920 421 1012 462 sine

191 483 330 531 patre,
350 479 442 521 sine
460 484 616 528 matre,
638 479 730 520 sine
747 477 1012 529 genealegia,

190 548 332 588 neque
347 536 515 577 initium
530 535 707 584 dierum,
726 531 867 586 neque
882 534 1012 575 finem

190 592 292 633 vitae
311 591 488 643 habens,
508 592 770 634 assimilatus
786 595 932 632 autem
946 591 1012 630 Fi-

190 648 248 690 lio
267 649 367 699 Dei,
395 654 541 691 manet
563 648 770 690 sacerdos
794 648 836 688 in
859 648 1012 700 perpe-

190 710 324 747 tuum.

244 772 293 822 R
318 763 438 804 Deus
457 763 500 804 in
518 768 572 804 te.
591 763 678 804 291.

495 826 645 865 Lectio
667 826 705 864 ii.

190 876 445 984 Intuemini
470 881 614 917 autem
640 879 827 928 quantus
851 875 907 917 sit
931 875 1011 926 hic,

250 934 318 974 cui
348 938 391 974 et
418 932 609 974 decimas
637 932 759 974 dedit
783 931 838 973 de
860 935 1011 984 praeci-

188 991 286 1043 puis
306 989 530 1031 Abraham
548 988 806 1041 patriarcha.
841 989 897 1030 Et
922 989 1010 1042 qui-

189 1046 288 1089 dem
308 1046 363 1088 de
381 1046 483 1087 filiis
502 1046 609 1087 Levi
632 1045 925 1087 sacerdetium
945 1059 1011 1087 ac-

189 1104 413 1156 cipientes,
437 1101 692 1143 mandatum
713 1101 876 1144 habent
898 1102 1010 1144 deci-

188 1173 281 1201 mas
314 1163 486 1201 sumere
519 1171 544 1199 a
577 1159 743 1211 populo
772 1159 1011 1201 secundum

187 1216 345 1267 legem,
390 1215 435 1257 id
470 1220 553 1265 est,
597 1228 622 1256 a
662 1215 869 1257 fratribus
907 1216 1011 1257 suis:

190 1285 453 1325 quamquam
473 1276 517 1314 et
532 1272 616 1324 ipsi
637 1272 819 1313 exierint
837 1271 892 1313 de
906 1272 1010 1314 lum-

187 1329 255 1370 bis
278 1328 480 1371 Abrahae.
514 1328 643 1381 Cujus
667 1333 811 1370 autem
834 1331 1010 1380 genera-

187 1386 249 1427 tio
272 1399 360 1427 non
385 1387 692 1427 annumeratur
721 1385 764 1426 in
792 1385 870 1434 eis,
900 1385 1011 1427 deci-

188 1455 281 1483 mas
301 1442 486 1495 sumpsit
501 1441 555 1483 ab
571 1441 806 1491 Abraham,
827 1447 871 1483 et
887 1441 1011 1492 hunc,

190 1499 263 1551 qui
280 1498 470 1540 habebat
489 1498 863 1550 repromissiones,
882 1497 1010 1540 bene-

189 1555 307 1596 dixit.

240 1622 291 1673 R„
317 1611 567 1664 Repleatur.
590 1612 677 1652 291.

488 1676 639 1717 Lectio
660 1677 711 1716 iii.

256 1725 326 1766 ine
358 1725 446 1766 ulla
477 1729 622 1766 autem
653 1725 1010 1774 contradictione,

266 1782 385 1833 quod
407 1781 549 1822 minus
574 1787 655 1831 est,
684 1794 709 1822 a
734 1782 914 1824 meliere
938 1781 1010 1823 be-

188 1838 413 1880 nedicitur.
448 1838 506 1879 Et
529 1838 600 1879 hic
624 1838 801 1890 quidem
821 1838 1010 1880 decimas

188 1895 423 1936 morientes
455 1894 654 1936 hemines
686 1895 918 1948 accipiunt:
949 1895 1011 1937 ibi

189 1956 334 1992 autem
359 1953 648 2001 contestatur,
674 1952 776 2004 quia
800 1952 918 1993 vivit.
953 1952 1010 1993 Et

189 2009 251 2058 (ut
278 2008 339 2049 ita
367 2007 532 2049 dictum
564 2008 633 2058 sit)
669 2021 748 2060 per
776 2008 1009 2058 Abraham,

190 2069 234 2106 et
252 2064 369 2114 Levi,
390 2065 463 2116 qui
484 2064 674 2106 decimas
696 2066 878 2118 accepit,
898 2065 1010 2107 deci-

189 2123 333 2162 matus
358 2126 438 2162 est:
472 2120 615 2162 adhuc
645 2122 760 2163 enim
784 2123 827 2162 in
852 2122 1011 2164 lumbis

189 2177 327 2230 patris
367 2182 476 2227 erat,
521 2178 694 2230 quando
734 2179 927 2221 obviavit
972 2180 1011 2221 ei

189 2233 522 2276 Melchisedech.
552 2235 595 2276 Si
620 2247 723 2286 ergo
744 2238 1010 2277 consumma-

189 2291 252 2333 tio
302 2303 381 2343 per
429 2291 723 2332 sacerd6tium
769 2292 1011 2334 Leviticum

190 2352 283 2389 erat
303 2346 506 2400 (populus
525 2347 638 2389 enim
658 2347 738 2389 sub
755 2348 852 2400 ipso
868 2349 1010 2400 legem

190 2404 375 2456 accepit)
409 2403 514 2456 quid
545 2403 688 2445 adhuc
719 2406 1011 2446 necessarium

190 2460 270 2501 fuit
299 2459 538 2501 secundum
566 2460 761 2502 Ordinem
786 2461 1010 2504 Melchise-

191 2516 318 2565 dech,
353 2516 483 2557 alium
515 2519 693 2567 surgere
726 2517 1010 2568 sacerdetem,

191 2577 234 2614 et
259 2585 347 2614 non
376 2572 614 2614 secundum
640 2572 837 2614 ordinem
863 2574 1011 2615 Aaron

190 2628 298 2671 dici?
337 2629 570 2670 Translato
604 2630 718 2670 enim
752 2629 1010 2680 sacerdotio,

190 2687 368 2727 necesse
402 2690 469 2727 est
501 2691 548 2727 ut
580 2691 623 2727 et
650 2686 757 2737 legis
784 2686 1010 2728 translatio

190 2742 277 2784 fiat.
330 2749 375 2799 R„
408 2742 681 2784 Gaudebunt.
699 2744 785 2783 291.

591 215 690 247 Infra
720 214 1007 247 llebdomadam
1035 214 1082 246 vi.
1107 219 1194 256 post
1220 214 1485 256 Epiphaniam.

1269 308 1302 344 F
1320 319 1343 344 e
1361 319 1380 344 r
1395 308 1407 344 i
1425 319 1450 344 a
1485 308 1513 344 S
1531 319 1554 345 6
1572 321 1598 345 x
1614 313 1630 345 t
1647 319 1683 345 a.

1162 367 1228 407 De
1256 360 1455 413 Epistola
1482 360 1539 403 ad
1565 361 1790 403 Hebraeos.

1220 427 1371 467 Lectio
1394 427 1415 466 i.
1563 427 1664 478 Cap.
1684 427 1733 466 11.

1075 491 1141 541 1³7³
1152 483 1192 519 st
1233 483 1378 520 autem
1419 478 1529 520 fides
1571 477 1887 530 sperandarum

1075 534 1140 574 iti-:5²
1168 534 1412 576 substantia
1457 547 1620 584 rerum,
1664 536 1886 585 argumen-

1064 596 1157 631 tum
1201 604 1288 632 non
1333 591 1647 644 apparentium.
1706 590 1758 631 In
1803 590 1886 631 hac

1065 648 1178 688 enim
1204 648 1503 690 testimonium
1534 647 1759 689 consecuti
1787 651 1887 688 sunt

1064 717 1201 746 senes.
1259 704 1368 746 Fide
1412 703 1690 755 intelligimus
1736 705 1887 756 aptata

1064 774 1161 803 esse
1189 761 1350 803 saecula
1375 761 1511 803 verbo
1538 761 1634 802 Dei:
1670 765 1718 801 ut
1746 773 1800 801 ex
1825 759 1885 800 in-

1065 817 1305 860 visibilibus
1341 817 1527 860 visibilia
1563 817 1728 859 fierent.
1778 815 1886 857 Fide

1063 874 1296 927 plurimam
1339 874 1527 916 hostiam
1572 873 1703 923 Abel,
1755 885 1886 925 quam

1064 931 1188 981 Cain,
1223 931 1381 973 obtulit
1407 931 1522 976 Deo,
1555 943 1634 983 per
1667 942 1797 982 quam
1824 934 1884 970 te-

1064 988 1314 1030 stimonium
1338 990 1598 1030 consecutus
1622 991 1689 1029 est
1712 998 1808 1028 esse
1826 986 1884 1038 ju-

1064 1049 1174 1094 stus,
1198 1045 1496 1087 testimenium
1519 1042 1775 1097 perhibente
1795 1056 1884 1084 mu-

1062 1101 1237 1144 neribus
1258 1103 1348 1154 ejus
1367 1102 1478 1153 Deo,
1505 1105 1549 1142 et
1571 1113 1651 1153 per
1672 1099 1791 1141 illam
1813 1098 1884 1141 de—

1063 1158 1235 1200 functus
1255 1158 1398 1200 adhuc
1415 1158 1619 1210 loquitur.

1117 1221 1167 1273 R.
1192 1215 1443 1257 Confitebor
1460 1214 1551 1256 tibi.
1568 1215 1655 1255 291.

1376 1279 1525 1319 Lectio
1546 1279 1584 1318 ii.

1065 1329 1216 1436 Fide
1247 1328 1433 1370 Henoch
1463 1327 1699 1370 translatus
1732 1331 1799 1369 est
1829 1339 1884 1369 ne

1154 1386 1322 1427 videret
1349 1390 1550 1434 mortem,
1586 1389 1630 1426 et
1654 1396 1743 1425 non
1769 1383 1885 1425 inve-

1063 1443 1276 1485 niebatur:
1301 1442 1402 1495 quia
1420 1441 1641 1483 transtulit
1660 1440 1783 1482 illum
1800 1439 1885 1482 De-

1064 1514 1129 1542 us:
1154 1504 1254 1541 ante
1279 1498 1607 1541 translationem
1631 1498 1745 1539 enim
1767 1497 1885 1538 testi-

1062 1557 1257 1598 menium
1276 1556 1429 1597 habuit
1447 1555 1663 1608 placuisse
1679 1554 1788 1595 Deo.
1824 1553 1885 1595 Si-

1062 1627 1116 1656 ne
1140 1614 1227 1656 fide
1251 1618 1397 1655 autem
1420 1610 1692 1664 impossibile
1711 1615 1778 1652 est
1795 1609 1884 1663 pla-

1063 1673 1162 1712 cere
1192 1671 1300 1712 Deo.
1341 1668 1529 1710 Credere
1561 1667 1675 1709 enim
1708 1668 1886 1719 opertet

1062 1726 1345 1768 accedentem
1371 1725 1428 1767 ad
1446 1725 1589 1766 Deum
1613 1723 1715 1776 quia
1734 1727 1817 1772 est,
1841 1727 1885 1765 et

1062 1783 1378 1836 inquirentibus
1409 1795 1456 1824 se
1488 1782 1787 1824 remunerator
1819 1780 1884 1821 sit.

1063 1840 1170 1882 Fide
1189 1840 1298 1890 Noe,
1316 1841 1528 1892 respenso
1549 1838 1731 1890 accepto
1751 1836 1806 1878 de
1821 1835 1884 1885 iis,

1064 1910 1161 1949 quae
1194 1896 1336 1939 adhuc
1368 1908 1456 1937 non
1488 1893 1766 1942 videbantur,
1798 1894 1883 1933 me-

1062 1958 1189 1995 tuens
1231 1952 1398 2006 aptavit
1438 1964 1584 1992 arcam
1621 1950 1666 1991 in
1699 1948 1884 1991 salutem

1063 2009 1218 2052 domus
1251 2022 1360 2058 suae,
1393 2021 1470 2062 per
1502 2020 1631 2060 quam
1662 2005 1885 2048 damnavit

1061 2066 1286 2108 mundum:
1314 2071 1357 2108 et
1383 2064 1575 2117 justitiae,
1605 2076 1703 2115 quae
1730 2075 1809 2115 per
1837 2061 1883 2102 fi-

1063 2122 1163 2164 dem
1181 2127 1258 2172 est,
1277 2122 1418 2164 haeres
1438 2125 1505 2163 est
1524 2121 1758 2162 institutus.

1115 2185 1164 2236 R.
1190 2177 1490 2220 Misericerdia
1506 2181 1591 2218 tua.
1611 2177 1704 2218 292.

1362 2240 1512 2281 Lectio
1533 2240 1586 2279 iii.

1140 2292 1210 2333 ide
1236 2291 1309 2344 qui
1333 2293 1515 2333 vocatur
1538 2289 1759 2332 Abraham
1783 2288 1883 2331 obe-

1154 2348 1263 2390 divit
1281 2349 1324 2388 111
1342 2347 1487 2389 10611111
1508 2349 1640 2397 exire,
1668 2359 1797 2399 quem
1816 2359 1882 2387 ac-

1063 2408 1269 2458 cepturus
1297 2409 1390 2446 erat
1416 2404 1460 2444 in
1488 2402 1804 2444 haereditatem:
1840 2406 1883 2443 et

1063 2462 1184 2511 exiit,
1211 2461 1407 2502 nesciens
1433 2472 1520 2511 quo
1546 2459 1637 2500 iret.
1677 2458 1785 2500 Fide
1811 2458 1882 2500 de-

1062 2519 1258 2559 moratus
1283 2522 1349 2558 est
1375 2517 1418 2557 in
1443 2522 1561 2557 terra
1586 2515 1881 2568 repromissio-

1062 2575 1146 2623 nis,
1172 2579 1396 2625 tamquam
1414 2573 1457 2613 in
1476 2571 1633 2620 aliena,
1660 2572 1704 2612 in
1722 2570 1882 2613 casulis

1062 2629 1300 2672 habitando
1324 2642 1422 2670 cum
1440 2629 1564 2669 Isaac
1588 2633 1631 2670 61
1649 2627 1786 2669 Jacob
1811 2639 1881 2668 co-

1062 2685 1308 2728 haeredibus
1318 2684 1668 2738 repromissionis
1680 2683 1881 2735 ejfisdem.

1061 2742 1360 2796 Exspectabat
1379 2742 1492 2783 enim
1510 2741 1791 2782 fundamenta
1809 2739 1881 2780 ha-
