2080 2990
221 210 265 244 4*
870 218 982 251 Festa
1011 218 1219 252 Februarii.
1244 218 1299 259 (5.)

222 307 337 351 Nam
370 307 579 351 saeviente
611 308 655 349 in
682 308 869 361 Japonia
902 310 1054 354 adver-

223 377 298 405 sus
318 363 568 406 christianae
587 363 692 407 fidei
710 368 941 418 praecenes
958 380 1053 419 per-

223 420 461 471 secutione,
480 420 637 463 beatus
651 421 883 476 Philippus
902 424 945 467 in
964 426 1054 466 vin·

224 477 322 519 cula
341 479 581 530 conjectus,
610 483 654 521 et
680 491 780 522 cum
804 479 901 521 aliis
922 481 1053 522 sociis

223 533 304 577 fuit
321 539 465 578 morte
486 533 731 578 damnatus.

279 595 328 645 R*-
354 590 635 634 Desiderium
654 591 822 635 animae.

528 652 678 694 Lectio
700 654 751 693 vi.

309 703 518 748 erductus
541 706 689 756 itaque
714 716 813 746 cum
832 704 990 747 ceteris
1009 705 1053 746 in

298 759 608 813 triumphalem
623 773 837 813 campum,
851 763 1053 813 paratam

223 817 306 859 sibi
335 830 512 860 crucem
539 817 697 870 positis
722 817 843 859 humi
868 817 1053 868 genibus

224 874 511 927 amplexatus,
540 874 584 915 in
611 874 708 918 haec
733 874 935 927 prorupit
959 887 1053 918 ver-

222 930 292 972 ba:
326 930 364 972 O
394 930 661 973 fortunatam
687 930 858 972 navem!
896 931 933 972 Ο
963 931 1052 973 feli·

224 1000 319 1029 cem
348 987 487 1029 sancti
509 986 703 1040 Philippi
729 987 975 1038 galeonem!
1014 987 1052 1030 O

1330 317 1377 355 In
1397 317 1467 356 ΙΙΙ.
1488 318 1710 359 Nocturno.

1113 372 1262 415 Lectio
1282 373 1422 415 sancti
1442 373 1670 425 Evangelii
1691 375 1934 419 secundum

1387 429 1658 492 Matthaeum.

1188 493 1337 536 Lectio
1361 498 1426 536 vii.

1676 499 1779 550 Cap.
1799 501 1857 540 16.

1105 543 1180 651 In
1201 549 1277 591 illo
1294 552 1511 603 tempore:
1529 551 1652 594 Dixit
1665 553 1690 593 J
1693 565 1793 594 esus
1809 553 1934 596 disci-

1170 605 1287 658 pulis
1312 607 1416 648 suis:
1442 607 1488 649 Si
1513 608 1612 660 quis
1630 609 1724 651 vult
1743 615 1847 662 post
1865 624 1935 653 me

1106 664 1265 713 venire,
1279 663 1468 715 abneget
1483 667 1780 718 semetipsum,
1797 672 1842 708 et
1854 668 1935 709 tol-

1106 718 1167 760 lat
1186 731 1361 761 crucem
1386 733 1525 771 suam,
1553 726 1597 763 et
1621 724 1832 775 sequatur
1854 736 1935 766 me.

1106 775 1162 816 Et
1180 775 1359 828 reliqua.

1222 856 1411 899 Homilia
1439 859 1579 902 sancti
1608 859 1825 903 Bernardi

1421 913 1623 956 Abbatis.

1107 974 1148 1007 In
1167 973 1322 1015 vigilia,
1350 979 1385 1009 et
1408 975 1445 1008 in
1469 975 1531 1009 die
1554 974 1588 1009 S.
1605 975 1776 1010 Andreae
1796 976 1933 1020 Apost.

1114 1039 1115 1042 ¹
1177 1034 1207 1061 iv
1251 1026 1375 1073 erito
1413 1027 1554 1069 crucis
1591 1032 1831 1074 amatorem
1864 1045 1934 1074 ve-

222 1045 433 1096 jacturam
458 1043 564 1084 mihi
588 1044 764 1085 minime
785 1044 1053 1094 damnesam,
1251 1058 1254 1084 J

223 1100 302 1142 sed
323 1100 441 1141 omni
460 1100 582 1142 lucro
599 1101 981 1153 quaestuosiorem!
1000 1102 1052 1142 Ei

223 1157 360 1206 cruci,
381 1156 484 1199 dum
503 1158 869 1202 transversarium
887 1157 1052 1209 lignum

222 1214 436 1264 inseritur,
458 1214 527 1256 cui
545 1214 620 1266 qui
633 1214 800 1267 pendet
814 1217 1053 1270 utcumque

222 1270 426 1321 insideat,
458 1270 634 1314 fauente
666 1274 888 1321 mensura,
923 1284 1053 1324 quam

224 1328 321 1370 solo
354 1328 542 1371 fortasse
576 1328 735 1371 intuitu
768 1328 891 1370 faber
923 1328 1052 1370 colle-

222 1390 364 1435 gerat,
402 1384 634 1428 demissius
671 1385 898 1437 aliquanto
935 1385 1052 1438 posi·

222 1446 316 1483 tum
354 1446 436 1492 est,
485 1455 615 1494 quam
650 1447 700 1484 ut
735 1442 859 1485 inniti
894 1442 1051 1485 beatus

222 1497 388 1551 Martyr
401 1503 565 1550 posset.
594 1499 891 1549 Quamebrem
905 1501 1053 1542 erecta

225 1567 372 1604 cruce,
401 1555 470 1596 cui
497 1555 637 1597 sancti
661 1555 744 1596 viri
769 1555 947 1606 alligata
972 1555 1052 1597 fer·

224 1611 310 1654 reis
343 1612 527 1653 vinculis
559 1612 753 1662 brachia,
803 1612 965 1655 collum
1001 1625 1053 1655 ac

224 1667 344 1709 tibiae
370 1673 511 1718 erant,
545 1668 607 1710 ita
631 1667 831 1711 subsedit
854 1669 1053 1721 pendere

225 1736 305 1766 suo
346 1737 525 1777 corpus,
562 1731 611 1767 ut
643 1738 695 1768 ea
730 1725 920 1768 numella
953 1739 1052 1778 quae

224 1786 373 1832 guttur
396 1781 655 1833 stringebat,
683 1795 796 1835 pene
821 1782 1052 1826 suffocare·

224 1843 311 1879 tur:
349 1851 509 1890 magno
542 1839 675 1891 igitur
705 1839 879 1883 fervere
911 1840 1053 1888 animi,

224 1895 248 1935 J
251 1894 342 1937 esu!
361 1895 386 1936 J
389 1895 481 1937 esu!
499 1896 715 1939 inclamat.
744 1898 841 1948 Quo
861 1896 1052 1940 animad-

225 1953 355 1993 verso
375 1952 516 2004 judex,
535 1953 794 2006 priusquam
812 1954 1052 2005 strangula-

224 2010 363 2057 retur,
394 2009 555 2060 configi
576 2009 740 2052 lanceis
759 2010 892 2063 jubet:
919 2016 1052 2063 atque

224 2064 284 2106 ita
302 2065 468 2117 primus
493 2067 685 2109 omnium
707 2067 868 2120 triplici
886 2067 1053 2111 lanceae

223 2121 313 2163 ictu
332 2122 523 2174 palmam
541 2123 736 2176 martyrii
755 2123 958 2174 obtinuit,
979 2125 1053 2178 qui

225 2180 477 2230 postremus
513 2180 556 2221 in
594 2180 618 2221 J
621 2181 826 2233 apeniam
862 2183 1052 2224 venerat.

225 2234 293 2276 De
321 2234 497 2286 eedem,
530 2242 574 2280 et
601 2236 656 2280 de
682 2237 833 2289 viginti
860 2239 1051 2296 quinque

225 2292 423 2344 martyrii
460 2293 591 2335 seciis
627 2294 831 2337 Urbanus
869 2298 1052 2339 octavus

224 2347 426 2391 Pentifex
451 2348 686 2400 Maximus,
716 2350 919 2394 Officium
944 2353 1051 2396 reci-

224 2404 309 2445 tari
328 2409 372 2449 et
386 2405 566 2448 Missam
580 2410 826 2459 respective
840 2408 1053 2452 celebrari

226 2462 453 2504 concessit.
483 2463 628 2515 Ipsius
650 2469 798 2506 autem
816 2464 935 2508 beati
954 2466 1051 2508 Phi·

226 2516 335 2570 lippi
359 2518 500 2569 gloria
523 2532 679 2571 magna
705 2520 941 2564 devoti6ne
964 2523 1051 2565 Me-

226 2573 311 2617 xici
330 2574 503 2626 colitur,
533 2575 680 2619 dicato
707 2577 750 2618 in
775 2577 891 2620 illius
916 2579 1050 2622 hone-

226 2642 318 2672 rem
336 2631 518 2683 temp10,
538 2638 582 2675 et
602 2633 950 2686 Capuecinarum
969 2639 1051 2678 vir—

226 2686 374 2736 ginum
393 2687 549 2739 insigni
569 2689 784 2732 coenobio.

277 2745 326 2796 Rg.
355 2743 478 2787 Stola
495 2745 785 2797 jucunditatis.

1112 1076 1223 1144 {iil-51
1251 1088 1255 1143 ξ
1281 1085 1505 1134 nerantur,
1539 1086 1804 1140 quicumque
1836 1094 1937 1132 sunt

1113 1144 1115 1146 ’
1149 1144 1191 1154 ’·’
1281 1140 1397 1183 servi
1417 1141 1574 1193 erucis3
1594 1142 1674 1185 sed
1691 1143 1746 1186 ab
1764 1143 1831 1186 his
1847 1158 1933 1187 am-

1104 1196 1291 1249 pliorem
1328 1198 1418 1249 jure
1462 1197 1745 1242 devotiOnem
1783 1201 1934 1252 exigit,

1107 1253 1181 1305 qui
1217 1253 1452 1306 specialius
1490 1258 1818 1308 proposuerunt
1853 1258 1933 1300 tol·

1105 1309 1195 1353 lere
1224 1323 1399 1352 crucem
1425 1324 1559 1354 suam.
1594 1312 1739 1356 Vobis
1767 1313 1863 1356 haec
1891 1320 1935 1357 et

1106 1365 1161 1408 de
1180 1366 1307 1409 vobis
1328 1367 1439 1419 dico,
1461 1368 1616 1412 fratres
1635 1371 1732 1421 mei,
1754 1371 1829 1423 qui
1847 1384 1935 1413 non

1105 1422 1239 1465 surda
1265 1436 1370 1466 aure
1398 1424 1582 1468 audistis
1608 1426 1728 1483 illam
1752 1430 1933 1480 evange-

1105 1480 1235 1521 licam
1254 1480 1421 1523 tubam:
1447 1482 1532 1532 Qui
1551 1496 1639 1524 non
1658 1483 1823 1535 bajulat
1841 1497 1934 1527 cru-

1107 1549 1203 1578 cem
1222 1550 1346 1578 suam
1365 1543 1408 1580 et
1424 1539 1623 1592 sequitur
1637 1553 1719 1591 me,
1738 1553 1826 1583 non
1839 1547 1934 1595 pot-

1105 1598 1174 1635 est
1203 1606 1328 1635 meus
1362 1607 1459 1636 esse
1491 1595 1744 1650 discipulus.
1787 1598 1936 1641 Parati

1106 1652 1265 1700 estete,
1309 1656 1450 1693 totam
1494 1652 1627 1694 animi
1668 1652 1935 1706 diligentiam

1105 1706 1207 1749 huic
1231 1707 1450 1760 adhibete*
1463 1709 1747 1761 solemnitati,
1775 1716 1820 1754 et
1841 1725 1935 1755 cor—

1107 1763 1162 1806 de
1181 1777 1341 1815 magno
1361 1765 1582 1808 celebrate
1601 1779 1712 1808 eam:
1733 1769 1834 1820 quia
1847 1782 1935 1811 ma-

1105 1833 1216 1871 gnus
1237 1823 1414 1864 omnino
1430 1823 1745 1866 consolationis
1760 1824 1933 1867 thesau-

1106 1890 1180 1919 rus
1208 1878 1430 1931 repositus
1459 1884 1529 1921 est
1560 1880 1604 1921 in
1633 1893 1701 1932 ea,
1740 1881 1777 1923 si
1804 1882 1935 1925 fuerit

1107 1934 1181 1987 qui
1200 1934 1339 1977 fediat
1360 1940 1403 1977 et
1422 1938 1652 1979 scrutetur.

1157 2000 1208 2051 R.
1234 1995 1410 2039 Corena
1428 2000 1571 2040 aurea.

1392 2066 1545 2108 Lectio
1567 2068 1649 2109 viii.

1106 2119 1276 2228 Certe
1313 2133 1357 2170 et
1393 2141 1501 2171 crux
1532 2129 1731 2182 pretiosa
1763 2135 1846 2181 est,
1891 2136 1935 2174 et

1204 2197 1310 2226 crux
1334 2186 1470 2227 amari
1489 2191 1653 2238 potest,
1674 2191 1717 2228 et
1735 2199 1843 2229 crux
1862 2187 1934 2229 ha-

1104 2239 1180 2283 bet
1205 2241 1554 2284 exsultationem.
1591 2243 1661 2284 Ita
1686 2248 1764 2285 est.
1802 2244 1846 2286 Si
1871 2244 1933 2286 fii-

1106 2298 1188 2339 erit
1229 2298 1303 2350 qui
1339 2299 1519 2350 celligat
1558 2311 1733 2352 semper
1770 2300 1934 2351 lignum

1106 2355 1265 2403 crucis,
1288 2355 1424 2397 vitam
1442 2356 1674 2406 germinat,
1700 2356 1935 2399 fructificat

1105 2411 1430 2462 jucunditatem,
1445 2412 1590 2454 eleum
1604 2412 1771 2455 laetitiae
1786 2413 1934 2464 stillat,

1104 2467 1349 2510 balsamum
1374 2468 1504 2511 sudat
1523 2469 1817 2522 spiritualium
1835 2469 1933 2511 cha-

1104 2527 1342 2567 rismatum.
1395 2525 1496 2567 Non
1529 2531 1596 2568 est
1626 2526 1840 2570 silvestris
1868 2539 1932 2568 ar-

1104 2580 1198 2630 bor,
1217 2580 1382 2632 lignum
1395 2582 1500 2623 vitae
1520 2588 1588 2624 est
1602 2581 1932 2635 apprehenden-

1104 2637 1222 2679 tibus
1242 2650 1350 2680 eam.
1378 2638 1527 2681 Arbor
1547 2639 1781 2688 fructifera,
1801 2639 1933 2681 arbor

1104 2694 1329 2738 salutifera
1361 2701 1442 2738 est:
1479 2695 1674 2748 alioquin
1706 2695 1931 2748 quemodo

1104 2750 1283 2794 Demini
1324 2765 1421 2795 eam
1463 2755 1704 2805 occuparet
1744 2752 1931 2795 terram?
