2040 2990
165 197 235 233 188

163 294 282 334 ῒεὶεεε
302 291 432 332 etiam
450 290 524 332 ille
544 290 601 332 sit
619 295 784 342 pastor,
805 290 875 331 cui
892 289 995 331 dici-

163 353 249 389 tur:
295 347 404 388 Esto
445 346 648 397 vigilans,
691 351 735 388 et
772 346 996 387 confirma.

164 404 276 453 Quia
290 415 377 444 non
391 402 535 444 solum
553 405 789 455 episcopos
804 401 862 443 ad
874 403 995 443 tuen-

164 460 267 501 dum
299 471 480 510 gregem
511 459 727 500 Dominus
761 458 996 507 ordinavit,

163 515 242 558 sed
262 515 395 556 etiam
414 515 611 566 Angelos
632 514 878 557 destinavit.

216 581 266 632 Rg.
294 575 494 617 Verbum
519 588 622 617 caro
648 575 812 616 factum
839 580 923 624 est,
952 579 996 615 et

162 632 378 674 habitavit
410 632 455 672 in
486 631 630 673 nobis:
663 638 686 662 *
718 632 776 672 Et
806 630 996 672 vidimus

162 689 349 740 gloriam
369 688 470 740 ejus,
490 687 677 738 gloriam
698 687 823 739 quasi
839 687 996 738 Unige-

164 745 245 786 niti
264 757 289 785 a
307 744 458 794 Patre,
485 744 664 796 plenum
688 743 842 795 gratiae
863 747 907 784 et
925 755 996 784 ve-

164 800 318 842 ritatis.
352 798 402 849 Y.
433 800 592 841 Omnia
613 812 695 852 per
717 799 864 852 ipsum
881 799 997 840 facta

164 861 281 907 sunt,
306 861 350 898 et
374 857 468 898 sine
490 856 589 909 ipso
609 856 773 897 factum
793 859 860 897 est
878 854 997 895 nihil.

164 913 231 955 Et.
262 913 413 955 Gloria
431 912 561 954 Patri.
589 913 656 953 Et.

215 971 264 1021 Y,
288 969 400 1011 Jube
421 969 580 1011 domne
599 967 877 1010 benedicere.

217 1034 379 1074 Bened.
423 1029 568 1073 Verba
602 1029 743 1070 sancti
770 1028 997 1080 Evangelii

166 1086 326 1128 doceat
367 1099 450 1128 nos
492 1085 691 1127 Christus
731 1085 867 1126 Fflius
903 1085 997 1126 Dei.

163 1149 212 1200 R»,
239 1143 393 1184 Amen.

162 1212 317 1255 Lectio
341 1211 482 1253 sancti
502 1210 731 1261 Evangelii
755 1210 997 1252 secundum

468 1267 494 1308 J
496 1269 695 1309 oannem.

269 1330 420 1371 Lectio
444 1331 498 1370 ix.
738 1331 840 1381 Cap.
861 1331 890 1370 1.

214 1402 242 1430 n
260 1388 476 1441 principio
492 1392 587 1430 erat
600 1387 811 1438 Verbum,
831 1392 876 1430 et
889 1387 998 1429 Ver-

233 1445 338 1486 bum
363 1449 457 1486 erat
480 1443 599 1497 apud
623 1444 782 1494 Deum,
809 1449 854 1486 et
876 1445 999 1486 Deus

168 1506 262 1543 erat
279 1501 489 1542 Verbum.
517 1500 575 1542 Et
593 1500 772 1552 reliqua.

274 1573 465 1618 Homilia
493 1573 634 1614 sancti
661 1573 896 1625 Augustini

473 1630 698 1682 Episcopi.

208 1695 333 1729 Truct.
358 1695 384 1729 1.
408 1694 446 1727 in
467 1694 622 1737 Joann.‚
648 1694 748 1728 circa
772 1694 950 1728 medium.

200 1777 208 1792 λ
236 1755 269 1798 521.
294 1755 327 1788 e
353 1742 439 1783 vile
468 1741 633 1794 aliquid
661 1744 843 1794 putares
872 1741 1000 1794 quale

200 1799 263 1857 ζέει-[ἰ
294 1798 586 1840 consuevisti
630 1798 843 1849 cogitare,
902 1810 1001 1839 cum

206 1852 289 1877 '2⁷ss
316 1854 452 1897 verba
476 1854 667 1896 humana
689 1854 856 1896 soleres
882 1854 1001 1896 audi-

168 1925 233 1962 re,
267 1911 370 1952 audi
402 1911 508 1963 quid
535 1911 715 1961 cogites.
754 1911 878 1952 Deus
907 1915 1001 1952 erat

168 1967 378 2010 Verbum.
412 1968 553 2009 Exeat
580 1980 696 2008 nunc
724 1967 873 2009 nescio
903 1967 1001 2019 quis

169 2023 357 2065 infidelis
393 2023 599 2073 ArianuS,
643 2028 686 2065 et
722 2023 856 2074 dicat,
899 2024 1001 2076 quia

169 2079 370 2122 Verbum
383 2079 468 2121 Dei
481 2080 647 2121 factum
664 2085 742 2121 est.
764 2080 999 2130 Quomodo

169 2140 319 2189 potest
333 2135 439 2185 fieri,
458 2140 507 2176 ut
522 2135 722 2177 Verbum
737 2136 821 2178 Dei
836 2136 1001 2178 factum

168 2192 243 2242 sit,
271 2191 448 2243 quando
473 2192 596 2232 Deus
620 2204 701 2244 per
718 2192 918 2234 Verbum
940 2193 1000 2234 fe-

169 2249 230 2290 cit
258 2245 428 2290 omnia?
465 2247 511 2288 Si
538 2252 582 2289 et
604 2248 804 2290 Verbum
827 2249 912 2290 Dei
936 2249 1000 2302 ip·

169 2317 267 2345 sum
298 2304 462 2346 factum
496 2308 579 2354 est3
615 2316 695 2356 per
728 2304 849 2356 quod
881 2305 1000 2347 aliud

169 2360 353 2403 verbum
378 2360 543 2401 factum
570 2359 661 2401 est?
697 2359 742 2401 Si
767 2360 853 2402 hoc
878 2361 999 2412 dicis,

170 2417 272 2469 quia
301 2416 388 2458 hoc
422 2421 490 2458 est
517 2415 701 2457 verbum
728 2416 882 2467 Verbi,
918 2430 999 2470 per

170 2472 290 2525 quod
309 2473 473 2513 factum
498 2476 565 2513 est
583 2472 706 2513 illud:
728 2473 873 2525 ipsum
898 2473 999 2515 dico

169 2542 251 2580 ego
276 2528 453 2569 unicum
475 2527 634 2569 Filium
654 2528 747 2570 Dei.
784 2529 828 2570 Si
853 2535 999 2572 autem

169 2597 257 2627 non
281 2584 392 2626 dicis
416 2583 600 2625 verbum
622 2584 777 2635 Verbi,
806 2585 999 2627 concede

169 2654 256 2683 non
284 2641 464 2690 factum,
499 2653 579 2692 per
609 2640 729 2693 quod
756 2641 872 2682 facta
899 2647 999 2683 sunt

170 2698 325 2739 omnia.
351 2696 452 2737 Non
469 2696 583 2739 enim
598 2709 678 2749 per
692 2699 887 2749 seipsum
902 2698 998 2739 fieri

789 198 830 231 In
854 196 1067 231 Nativitatc
1091 196 1256 230 Domini.

1048 288 1208 341 potuit,
1228 301 1310 341 per
1329 289 1451 341 quod
1470 289 1586 330 facta
1604 293 1705 330 sunt
1724 288 1882 330 omnia.

1051 344 1192 386 Crede
1213 357 1319 396 ergo
1338 345 1643 396 Evangeh'stae.

1103 406 1251 440 Deinde
1278 405 1419 439 dicitur
1442 405 1620 448 Hymnus

1101 460 1167 500 Te
1186 458 1331 499 Deum
1352 457 1597 499 laudamus.
1623 458 1683 498 14.

1103 525 1187 564 Quo
1227 524 1351 561 finito,
1393 523 1534 556 dieitur
1573 513 1624 565 V.
1666 517 1882 558 Dominus

1050 574 1291 616 vobiscum.
1332 576 1383 628 R.
1407 574 1465 615 Et
1489 586 1590 615 eum
1616 573 1775 626 spiritu
1793 578 1883 614 tuo.

1103 632 1266 672 Oratio.
1289 629 1506 672 Concede.
1521 635 1570 672 ut
1580 629 1637 670 ad
1647 628 1783 670 Laud.
1794 630 1884 670 189.

1102 693 1148 726 Et
1181 692 1285 726 dicto
1311 690 1594 726 Benedicamus
1616 690 1795 726 Domino.
1824 699 1882 723 ce-

1050 742 1221 775 lebratur
1261 740 1385 783 prima
1424 740 1545 773 Missa
1585 743 1675 782 post
1714 737 1882 771 mediam

1050 792 1216 822 noctem.
1254 794 1294 821 ut
1326 788 1363 821 in
1394 787 1617 821 Ordinario:
1658 796 1734 830 qua
1763 785 1882 828 finita,

1051 837 1229 870 dicuntur
1255 835 1416 869 Laudes.

1317 909 1397 951 Ad
1418 909 1616 951 Laudes
1671 947 1675 950 .

1258 976 1309 1005 et
1345 980 1443 1015 per
1482 970 1677 1003 Horas.

1103 1031 1203 1070 Ant.
1234 1032 1262 1070 1.
1310 1032 1453 1080 Quem
1480 1027 1656 1069 vidistis
1682 1028 1706 1055 *
1734 1029 1884 1081 pasto-

1050 1083 1146 1126 res?
1189 1084 1344 1135 dicite,
1377 1084 1630 1126 annuntiate
1661 1084 1808 1134 nobis,
1839 1085 1884 1126 in

1050 1141 1179 1183 terris
1205 1141 1303 1192 quis
1329 1138 1558 1194 apparuit?
1589 1140 1756 1182 Natum
1777 1139 1885 1182 vidi-

1050 1210 1163 1247 mus,
1188 1202 1231 1239 et
1250 1196 1412 1239 choros
1431 1196 1706 1248 Angelorum
1724 1196 1884 1238 collau-

1052 1253 1208 1296 dantes
1226 1253 1477 1303 Dominum,
1497 1252 1681 1305 alleluja,
1702 1252 1885 1306 alleluja.

1104 1316 1261 1356 Psalm.
1294 1313 1513 1355 Dominus
1537 1313 1750 1365 regnavit.
1777 1313 1837 1354 15.

1102 1379 1139 1418 2.
1160 1374 1323 1416 Genujt
1340 1376 1563 1427 puerpera
1576 1375 1600 1402 *
1614 1374 1796 1425 Regem,
1816 1374 1886 1416 cui

1052 1443 1213 1472 nomen
1233 1432 1462 1480 aeternum,
1489 1434 1534 1472 et
1552 1429 1714 1481 gaudia
1731 1430 1884 1472 matris

1052 1486 1221 1528 habens
1263 1499 1364 1528 cum
1396 1486 1659 1538 virginitatis
1699 1485 1886 1528 honore:

1052 1556 1134 1585 nec
1156 1543 1344 1595 primam
1368 1542 1554 1584 similem
1571 1542 1666 1585 visa
1690 1546 1775 1593 est,
1804 1554 1886 1584 nec

1052 1598 1217 1640 habere
1236 1600 1506 1651 sequentem,
1527 1598 1712 1651 alleluja.

1103 1662 1140 1702 3.
1161 1659 1358 1710 Angelus
1375 1659 1432 1700 ad
1446 1660 1652 1712 pastores
1666 1659 1691 1687 ²*
1706 1659 1780 1700 ait:
1797 1659 1886 1700 An-

1053 1715 1208 1756 nuntio
1245 1715 1373 1756 vobis
1413 1714 1624 1766 gaudium
1659 1727 1887 1766 magnum:

1055 1772 1157 1824 quia
1181 1775 1310 1813 natus
1337 1775 1405 1813 est
1429 1771 1557 1813 vobis
1581 1770 1716 1813 hodie
1740 1770 1886 1813 Salva-

1052 1832 1125 1869 tor
1142 1827 1305 1878 mundi,
1322 1827 1503 1880 alleluia.

1105 1890 1142 1928 4.
1166 1888 1303 1930 Facta
1327 1893 1394 1930 est
1420 1901 1521 1930 cum
1539 1887 1712 1940 Angelo
1731 1888 1756 1914 *
1779 1886 1886 1929 mul-

1053 1944 1198 1987 titudo
1231 1945 1426 1986 coelestis
1461 1944 1681 1987 exercitus
1707 1943 1886 1986 laudau-

1053 2002 1162 2043 tium
1189 2002 1350 2052 Deum,
1380 2006 1424 2044 et
1451 2000 1705 2044 dicentium:
1733 1999 1887 2042 Gloria

1053 2057 1097 2098 in
1113 2058 1299 2100 excelsis
1313 2058 1424 2108 Deo,
1443 2062 1487 2100 et
1505 2058 1549 2098 in
1568 2062 1687 2099 terra
1703 2069 1793 2110 pax
1809 2056 1885 2098 ho-

1052 2114 1242 2157 minibus
1264 2114 1395 2156 bonae
1421 2113 1677 2163 voluntatis,
1705 2112 1886 2165 alleluia.

1104 2178 1143 2217 5.
1171 2173 1385 2216 Parvulus
1410 2173 1525 2215 filius
1549 2174 1574 2200 *
1597 2173 1732 2215 hodie
1757 2177 1886 2215 natus

1053 2236 1122 2273 est
1146 2230 1291 2272 nobis:
1321 2235 1366 2271 et
1384 2229 1616 2271 vocabitur
1634 2230 1773 2280 Deus,
1800 2229 1885 2270 for-

1052 2288 1118 2337 tis,
1137 2286 1320 2339 alleluja,
1341 2285 1524 2338 alleluja.

1158 2353 1418 2406 Capitulum.

1070 2426 1078 2455 ’.
1100 2426 1135 2464 2..
1154 2415 1420 2503 'ultifariam‚
1466 2415 1703 2467 multisque
1738 2415 1884 2457 modis

1596 2350 1731 2393 Hebr.
1751 2351 1780 2390 l.

1187 2472 1291 2513 olim
1319 2472 1441 2514 Deus
1466 2472 1653 2523 loquens
1681 2471 1884 2524 petribus

1051 2530 1095 2570 in
1108 2528 1353 2582 prophetis:
1367 2528 1606 2569 novissime
1621 2527 1778 2570 diebus
1787 2527 1884 2569 istis

1051 2585 1226 2627 locutus
1258 2589 1330 2627 est
1356 2583 1486 2626 nobis
1518 2584 1562 2624 in
1590 2583 1718 2633 Filio,
1753 2595 1883 2635 quem

1052 2641 1281 2683 constituit
1313 2639 1536 2682 haeredem
1566 2640 1883 2688 universorum,

1051 2710 1132 2750 per
1151 2710 1282 2750 quem
1300 2696 1403 2739 fecit
1423 2701 1467 2739 et
1485 2696 1659 2738 saecula.
