2080 2990
189 195 263 230 402

542 199 709 239 Septima
738 200 799 232 <iic
828 200 919 232 inira
949 202 1027 233 Uei.
1057 201 1203 233 immac.
1231 200 1344 232 (tone,
1374 199 1410 231 13,
1436 199 1479 232 w.
1506 199 1543 232 Υ.

242 295 278 327 δι’
301 294 413 326 hodic
437 301 610 327 occurrat
629 294 739 327 Furia
762 294 819 327 lv,
847 299 1018 334 (juatuor

190 343 331 385 Temp..
360 342 496 374 llomil.
525 342 557 375 in
583 342 724 382 Evang.
752 343 863 383 hujus
887 344 1016 378 Feriam.

190 401 272 425 cum
300 391 346 423 sit
376 390 489 426 idem,
516 391 716 424 omittitur:
750 391 796 424 dc
822 404 863 425 cu
892 398 1014 426 tamen

191 439 299 472 Furia
328 440 362 471 m
391 449 584 472 commem.
614 439 647 471 in
678 439 790 473 Laud,

423 505 470 543 In
491 505 539 543 II.
561 504 783 544 Nocturno.

191 565 258 604 Ex
271 560 398 602 Bulla
413 559 663 612 dogmatica
675 561 742 601 Pii
755 560 890 613 Papae
905 560 1019 602 noni.

494 633 645 674 Lectio
667 633 717 672 iv.

195 688 246 740 ,³3ny
276 692 428 724 mnes
469 686 630 724 norunt
667 687 832 734 quanto
870 681 1018 723 studio

194 776 203 792 ,ι
218 785 220 790 X
234 747 279 790 „1³2
299 747 301 790 f
323 739 420 780 haec
439 738 494 781 de
514 739 800 780 Immaculata
814 739 1020 791 Deiparae

206 800 224 814 *²⁷
324 796 517 847 Virginis
538 796 838 849 Conceptione
861 794 1018 837 doctri-

190 865 247 893 na
265 866 290 893 a
310 853 643 906 spectatissimis
665 853 881 905 religiosis
901 852 1018 893 fami-

190 908 261 950 liis
307 915 350 950 et
397 908 712 951 celebrioribus
758 909 1019 959 theologicis

191 965 437 1017 academiis,
457 979 508 1007 ac
526 966 898 1019 praestantissimis
916 964 1020 1006 divi-

190 1024 343 1064 narum
375 1036 521 1064 rerum
553 1022 735 1064 scientia
764 1022 1020 1065 doctoribus

190 1078 322 1120 fuerit
353 1078 537 1129 tradita,
574 1081 742 1120 asserta
775 1092 827 1120 ac
859 1091 1021 1132 propu-

190 1138 332 1187 gnata.
352 1135 516 1177 Omnes
531 1136 697 1188 pariter
712 1140 874 1177 norunt
889 1148 1021 1187 quan-

189 1194 345 1245 topere
387 1192 562 1234 solliciti
598 1192 758 1234 fuerint
797 1194 1022 1234 sacrorum

190 1250 422 1291 Antistites
437 1249 507 1290 vel
526 1249 569 1290 in
586 1249 694 1302 ipsis
711 1249 1022 1291 ecclesiasticis

191 1306 480 1348 conventibus
493 1306 639 1359 palam
652 1306 917 1358 publiceque
932 1318 1025 1358 pro-

190 1363 313 1413 fiteri,
327 1363 648 1405 sanctissimam
658 1363 742 1404 Dei
756 1363 1026 1405 Genitricem

190 1420 417 1472 Virginem
429 1421 614 1461 Mariam
629 1420 685 1461 ob
701 1422 891 1472 praevisa
905 1418 1023 1461 Chri-

191 1477 247 1518 sti
287 1477 467 1518 Domini
507 1476 823 1530 Redemptoris
868 1476 1023 1518 merita

191 1547 429 1586 numquam
441 1534 639 1585 originali
653 1533 922 1586 subjacuisse
933 1546 1026 1586 pec-

191 1593 303 1640 cato,
329 1589 408 1632 sed
427 1592 744 1643 praeservatam
765 1592 941 1631 omnino
962 1590 1023 1630 fu-

190 1650 277 1689 isse
293 1646 348 1689 ab
365 1647 544 1698 originis
559 1646 669 1696 labe,
685 1646 909 1688 etidcirco
926 1646 1023 1688 sub-

190 1703 350 1745 limiori
373 1703 508 1745 modo
533 1702 818 1756 redemptam.
856 1703 1023 1754 Quibus

191 1760 299 1802 illud
309 1760 511 1814 profecto
522 1760 829 1812 gravissimum
839 1765 883 1802 et
897 1762 1025 1801 omni-

191 1831 248 1860 no
273 1818 514 1859 maximum
538 1816 725 1867 accedit,
752 1818 894 1870 ipsam
918 1829 1023 1869 quo-

193 1888 278 1926 que
311 1874 615 1916 Tridentinam
651 1873 887 1926 synodum,
926 1886 1024 1915 cum

192 1931 493 1983 dogmaticum
522 1930 577 1973 de
605 1933 790 1984 peccato
825 1930 1023 1981 originali

193 1988 345 2030 ederet
366 1987 607 2038 decretum,
634 2001 720 2041 quo
741 1989 859 2041 juxta
883 1989 1023 2029 sacra-

193 2058 290 2086 rum
322 2045 648 2097 Scripturarum
683 2048 1023 2096 sanctorumque

193 2101 374 2143 Patrum
402 2114 452 2143 ac
485 2101 898 2154 probatissimorum
926 2113 1024 2142 con-

194 2158 395 2200 ciliorum
420 2158 673 2200 testimonia
699 2159 854 2200 statuit
878 2171 930 2200 ac
953 2157 1024 2199 de-

194 2215 350 2257 finivit:
381 2215 544 2257 Omnes
570 2215 769 2256 homines
795 2215 917 2257 nasci
942 2215 1025 2256 ori-

194 2272 328 2324 ginali
354 2272 484 2325 culpa
507 2272 710 2321 infectos,
739 2276 888 2313 tamen
915 2271 1025 2312 sole-

194 2329 352 2371 mniter
381 2327 647 2370 declarasse:
678 2329 781 2370 Non
809 2341 906 2370 esse
934 2341 1026 2369 suae

195 2386 463 2435 intentionis,
492 2385 536 2426 in
561 2384 741 2427 decreto
766 2385 862 2437 ipso
887 2386 1026 2427 tanta-

196 2455 281 2495 que
308 2441 572 2484 definitionis
598 2440 886 2494 amplitudine
911 2454 1026 2482 com-

195 2498 470 2552 prehendere
498 2498 674 2539 beatam
702 2502 746 2539 et
772 2498 1026 2539 Immacula-

196 2561 286 2597 tam
303 2555 529 2606 Virginem
548 2554 632 2596 Dei
652 2554 919 2596 Genitricem
938 2554 1026 2595 Ma-

197 2615 316 2654 riam.
353 2612 449 2653 Hac
475 2611 588 2652 enim
615 2610 911 2652 declaratione
933 2611 1026 2651 Tri-

198 2668 363 2711 dentini
382 2668 546 2717 Patres,
567 2669 708 2721 ipsam
728 2667 1027 2709 beatissimam

196 2726 424 2778 Virginem
457 2724 511 2767 ab
546 2725 745 2776 originali
778 2724 877 2766 labe
911 2723 1026 2765 solu-

1070 296 1175 340 tam,
1200 303 1281 343 pro
1299 303 1445 332 rerum
1465 294 1803 343 temporumque
1824 291 1896 333 ad-

1070 346 1236 398 junctis,
1257 346 1362 388 satis
1376 346 1619 397 innuerunt,
1636 352 1767 399 atque
1784 347 1897 389 adeo

1071 405 1304 455 perspicue
1319 403 1629 454 significarunt,
1646 403 1752 445 nihil
1766 417 1821 446 ex
1836 403 1896 446 di-

1071 460 1181 500 vinis
1213 459 1389 509 litteris,
1426 459 1531 500 nihil
1563 472 1618 501 ex
1650 459 1897 511 traditione,

1070 516 1339 569 Patrumque
1363 517 1623 558 auctoritate
1647 517 1730 558 rite
1753 516 1897 558 afferri

1071 585 1215 625 posse,
1237 572 1356 626 quod
1374 578 1509 615 tantae
1526 573 1718 624 Virginis
1735 587 1898 626 praero-

1071 632 1231 680 gativae
1252 630 1407 682 quovis
1425 628 1560 671 modo
1580 630 1833 681 refragetur.

1129 693 1176 744 R».
1194 687 1291 737 Ego
1313 699 1366 728 ex
1387 699 1464 728 ore
1480 686 1695 727 Altissimi
1713 685 1899 739 prodivi,

1073 742 1364 795 primogenita
1395 748 1496 784 ante
1529 755 1703 784 omnem
1734 746 1900 784 creatu-

1074 812 1182 840 ram:
1210 812 1292 851 ego
1318 800 1401 841 feci
1424 800 1469 840 in
1494 799 1617 841 coelis
1640 804 1689 842 ut
1713 799 1901 841 oriretur

1073 856 1219 898 lumen
1233 856 1500 898 indeficiens.
1518 865 1539 887 *
1556 855 1765 898 Nondum
1779 861 1902 898 erant

1075 912 1236 965 abyssi,
1262 918 1310 955 et
1326 926 1408 964 ego
1427 914 1512 966 jam
1535 915 1749 966 concepta
1772 926 1902 955 eram.

1076 970 1125 1022 V,
1149 970 1270 1011 Deus
1295 970 1411 1012 enim
1437 970 1600 1012 creavit
1623 982 1694 1011 me
1719 970 1763 1010 in
1786 971 1901 1022 justi-

1074 1026 1149 1077 tia,
1174 1032 1217 1068 et
1241 1026 1533 1080 apprehendit
1555 1039 1730 1068 manum
1749 1039 1902 1077 meam,

1074 1089 1118 1125 et
1138 1085 1331 1126 servavit
1347 1096 1428 1125 me.
1456 1083 1674 1125 Nondum.

1384 1146 1536 1187 Lectio
1558 1159 1594 1185 V.

1161 1197 1179 1235 t
1203 1206 1250 1234 re
1278 1192 1455 1245 quidem
1482 1206 1587 1235 vera
1603 1192 1716 1234 hanc
1741 1191 1797 1234 de
1819 1194 1901 1234 Im-

1169 1250 1390 1292 maculata
1415 1250 1682 1292 beatissimae
1709 1249 1902 1301 Virginis

1076 1308 1376 1361 Conceptione
1420 1307 1665 1350 doctrinam
1707 1306 1902 1358 quotidie

1073 1365 1212 1416 magis
1240 1365 1497 1416 gravissimo
1523 1363 1734 1406 Ecclesiae
1762 1376 1903 1415 sensu,

1074 1421 1342 1473 magisteriO,
1370 1420 1533 1471 studio,
1562 1420 1743 1462 scientia
1766 1433 1818 1462 ac
1841 1433 1904 1462 sa-

1074 1479 1238 1531 pientia
1261 1483 1351 1520 tam
1377 1477 1607 1531 splendide
1632 1477 1905 1530 explicatam,

1075 1534 1357 1586 declaratam,
1382 1535 1700 1585 confirmatam,
1725 1539 1769 1576 et
1787 1533 1906 1588 apud

1076 1605 1228 1634 omnes
1256 1591 1461 1633 catholici
1489 1590 1608 1633 orbis
1636 1590 1828 1644 populos
1854 1603 1906 1632 ac

1074 1649 1275 1690 nationes
1293 1647 1540 1690 mirandum
1554 1648 1598 1688 in
1612 1646 1793 1689 modum
1806 1660 1906 1700 pro-

1075 1707 1297 1758 pagatam,
1324 1705 1367 1745 in
1393 1704 1491 1757 ipsa
1508 1703 1707 1746 Ecclesia
1732 1716 1907 1757 semper

1076 1762 1319 1804 exstitissse
1354 1761 1491 1803 veluti
1522 1774 1548 1802 a
1575 1759 1811 1813 majoribus
1839 1773 1906 1802 ac-

1077 1820 1260 1871 ceptam,
1281 1831 1332 1860 ac
1350 1817 1556 1860 revelatae
1577 1817 1790 1859 doctrinae
1808 1817 1907 1859 cha-

1076 1877 1246 1917 ractere
1273 1875 1540 1926 insignitam,
1569 1873 1754 1916 illustria
1780 1887 1906 1916 vene-

1077 1931 1227 1974 randae
1247 1931 1519 1983 antiquitatis
1535 1930 1747 1972 Ecclesiae
1769 1931 1907 1972 orien-

1077 1988 1177 2030 talis
1220 1994 1264 2031 et
1305 1987 1590 2030 occidentalis
1627 1989 1908 2028 monumenta

1078 2045 1344 2087 validissime
1397 2046 1626 2086 testantur.
1689 2042 1907 2095 Equidem

1077 2102 1232 2143 Patres
1243 2101 1543 2153 Ecclesiaeque
1557 2100 1806 2152 scriptores,
1822 2112 1907 2142 coe-

1077 2157 1260 2200 lestibus
1281 2157 1427 2200 edocti
1450 2157 1652 2209 eloquiis,
1677 2155 1783 2196 nihil
1803 2158 1907 2197 anti-

1080 2215 1207 2268 quius
1233 2214 1442 2264 habuere,
1472 2226 1602 2265 quam
1628 2213 1673 2253 in
1700 2211 1825 2254 libris
1851 2211 1908 2254 ad

1079 2270 1363 2324 explicandas
1374 2270 1634 2323 Scripturas,
1646 2268 1908 2311 vindicanda

1079 2327 1309 2379 dogmata,
1355 2325 1709 2378 erudiendosque
1754 2324 1907 2367 fideles

1080 2384 1357 2434 elucubratis,
1377 2396 1589 2424 summam
1602 2382 1797 2433 Virginis
1814 2395 1908 2424 san-

1080 2442 1288 2490 ctitatem,
1300 2439 1567 2491 dignitatem,
1580 2444 1712 2491 atque
1724 2438 1778 2480 ab
1791 2439 1908 2480 omni

1078 2497 1251 2551 peccati
1272 2496 1371 2538 labe
1395 2495 1704 2546 integritatem,
1729 2496 1909 2547 ejusque

1079 2553 1338 2607 praeclaram
1375 2551 1430 2594 de
1467 2551 1693 2593 teterrimo
1730 2551 1909 2592 humani

1079 2610 1252 2662 generis
1266 2609 1394 2651 hoste
1414 2609 1652 2658 victoriam,
1670 2607 1819 2649 multis
1833 2607 1908 2648 mi-

1080 2670 1228 2719 risque
1256 2665 1399 2707 modis
1433 2665 1634 2707 certatim
1666 2663 1908 2718 praedicare

1080 2729 1212 2775 atque
1232 2722 1397 2764 efferre.
