2080 2990
195 210 266 244 48ss

424 323 471 360 In
500 323 549 361 II.
578 323 612 361 N
615 324 801 362 octurno.

247 399 308 437 lix
333 395 446 436 libro
476 394 671 436 secundo
700 394 988 445 Dialogorum

353 452 490 494 sancti
507 452 709 502 Gregorii
727 451 874 504 Papae.

305 523 923 573 lecti‹›1v(]t·1p..'.'.33

215 586 539 642 Vxscholastica
584 585 847 628 venerabilis
892 585 1030 638 patris

199 644 291 700 ἶ,
316 642 545 685 Benedicti
572 656 713 691 soror,
740 641 1031 694 omnipotenti

209 704 241 728 *ἒ
242 706 262 716 ²
259 694 291 728 ⁴¹
315 701 506 742 Domino
523 699 605 742 ab
595 712 693 752 lpso
715 699 911 740 infantiae
926 700 1030 739 tem-

196 770 306 810 pore
333 757 549 806 dedicata,
578 756 635 798 ad
664 769 764 798 eum
791 754 927 796 Semel
951 767 1031 807 per

197 828 356 855 annum
410 816 559 855 venire
615 814 923 861 consueverat,
975 810 1031 852 ad

200 884 331 924 quam
354 870 419 912 vir
443 870 527 911 Dei
551 882 640 911 non
666 869 795 919 longe
825 874 948 910 extra
976 869 1031 920 ja—

198 941 328 969 nuam
368 927 411 967 in
454 926 740 979 possessiene
779 925 1033 967 monasterii

199 983 509 1026 descendebat.
530 982 731 1034 Quadam
747 995 853 1023 vero
875 981 946 1023 die
963 994 1033 1023 ve-

199 1042 262 1083 nit
278 1054 332 1083 ex
352 1053 487 1089 more,
507 1045 639 1091 atque
660 1038 716 1081 ad
737 1052 834 1080 eam
854 1051 953 1080 cum
973 1037 1033 1080 di-

198 1098 379 1151 scipulis
402 1096 663 1139 venerabilis
690 1097 781 1148 ejus
806 1095 1034 1137 descendit

199 1155 344 1204 frater,
365 1154 440 1206 qui
459 1158 603 1195 totum
628 1151 745 1194 diem
769 1153 812 1193 in
839 1152 923 1194 Dei
944 1151 1032 1193 lau—

198 1210 338 1261 dibus,
364 1213 591 1262 sacrisque
617 1209 852 1261 collequiis
877 1207 1033 1250 ducen-

198 1274 276 1317 teS,
305 1266 659 1309 incumbentibus
688 1266 773 1317 jam
802 1265 946 1307 noetis
974 1267 1034 1306 te-

199 1324 366 1373 nebriS,
408 1323 536 1365 simul
574 1324 841 1375 acceperunt
878 1321 1034 1363 cibum.

201 1382 399 1433 Cumque
428 1379 573 1422 adhuc
601 1378 659 1421 ad
687 1391 884 1420 mensam
913 1377 1034 1420 Sede-

199 1443 307 1487 rent,
337 1444 379 1479 et
407 1438 520 1479 inter
547 1449 673 1478 Sacra
702 1435 924 1488 colloquia
950 1438 1035 1477 tar-

201 1495 298 1536 dior
333 1507 380 1536 Se
413 1494 524 1536 hora
552 1493 845 1546 protraheret,
882 1491 1036 1534 eadem

200 1550 545 1594 sanctimonialis
583 1550 743 1591 femina
779 1562 907 1591 soror
945 1550 1036 1601 ejus

202 1622 301 1650 eum
321 1608 505 1659 rogavit,
525 1607 691 1649 dicens:
729 1607 891 1657 Quaeso
911 1611 965 1655 te,
990 1611 1036 1647 ut

202 1666 284 1707 ista
312 1670 444 1706 nocte
470 1677 540 1706 me
566 1676 654 1705 non
681 1662 872 1712 deseraS‚
896 1667 944 1704 ut
968 1675 1035 1703 uS-

202 1734 287 1774 que
306 1733 434 1762 mane
455 1720 510 1762 de
530 1719 724 1762 coelestis
743 1719 846 1760 vitae
865 1718 1037 1770 gaudiis

201 1779 445 1830 loquamur.
470 1777 550 1818 Cui
566 1776 637 1818 ille
651 1774 897 1829 respendit:
922 1774 1038 1825 Quid

202 1841 269 1877 est
296 1835 417 1887 quod
444 1834 655 1886 loqueris,
681 1832 833 1874 soror?
862 1833 1038 1874 manere

203 1897 327 1934 extra
365 1891 521 1933 cellam
558 1889 807 1932 nullatenus
845 1902 1039 1942 possum.

203 1949 347 1990 Tanta
373 1961 479 1990 vero
506 1952 598 1989 erat
624 1947 726 1989 coeli
745 1946 971 1996 serenitas,
992 1951 1040 1987 ut

205 2005 322 2046 nulla
341 2006 384 2046 in
401 2007 502 2046 aere
518 2004 657 2047 nubes
673 2006 918 2057 appareret.
937 2003 1039 2045 San-

205 2062 468 2104 ctimonialis
484 2066 632 2103 autem
648 2061 819 2110 femina,
835 2073 935 2102 cum
949 2072 1041 2102 ver-

205 2119 261 2160 ba
291 2119 437 2160 fratris
466 2118 665 2170 negantis
694 2117 950 2165 audivisset,
982 2116 1041 2157 in-

206 2178 346 2217 sertas
363 2175 512 2226 digitis
527 2188 681 2216 manus
697 2187 831 2226 super
845 2186 1041 2215 mensam

206 2232 366 2284 pesuit,
394 2237 438 2274 et
464 2237 598 2284 caput
621 2231 664 2271 in
683 2230 887 2272 manibus
907 2229 1042 2271 omni-

207 2291 434 2342 potentem
461 2287 700 2329 Dominum
732 2290 940 2338 rogatura
971 2285 1042 2328 de-

208 2345 397 2387 clinavit.
427 2345 626 2397 Cumque
641 2344 809 2386 levaret
823 2342 878 2386 de
893 2355 1044 2384 mensa

209 2407 354 2455 caput,
373 2407 496 2444 tanta
516 2400 845 2450 coruscatiOniS,
870 2405 914 2441 et
933 2401 1043 2441 toni-

209 2459 295 2501 trui
315 2459 466 2508 virtus,
481 2460 692 2510 tantaque
708 2457 935 2498 inundatio
950 2456 1043 2510 plu-

210 2516 293 2557 viae
332 2515 478 2568 erupit
516 2519 563 2556 ut
600 2526 743 2565 neque
782 2513 1046 2555 venerabilis

211 2571 492 2621 Benedictus,
507 2582 651 2622 neque
670 2570 838 2618 fratres,
856 2569 929 2621 qui
947 2582 1046 2610 cum

211 2642 265 2670 eo
295 2627 489 2677 aderant,
519 2633 642 2669 extra
671 2626 757 2668 loci
785 2626 928 2675 limen,
957 2637 1046 2677 quo

212 2685 522 2733 consederant,
559 2683 719 2737 pedem
757 2685 935 2724 movere
970 2695 1046 2734 po-

214 2742 388 2784 tuerint.

666 209 735 242 Die
763 210 819 243 Ἠ),
847 209 954 243 Febr.
1002 211 1036 243 S.
1063 208 1315 243 Scholastica:
1342 209 1444 251 Virg.

1139 305 1188 356 R.
1223 301 1413 354 Propter
1440 301 1688 350 veritatem,
1721 307 1765 343 et
1797 314 1914 342 man-

1084 357 1377 406 suetudinem,
1406 362 1450 399 et
1475 358 1696 409 justitiam:
1720 366 1741 387 ⁸
1760 358 1815 399 Et
1843 357 1914 399 de-

1084 414 1216 456 ducet
1250 420 1295 456 te
1330 413 1587 456 mirabiliter
1621 413 1803 456 dextera
1829 420 1916 456 tua.

1089 471 1135 523 V.
1153 471 1310 523 Specie
1330 476 1405 513 tua
1425 476 1469 513 et
1493 470 1820 523 pulchritudine
1839 477 1914 513 tua

1084 527 1278 577 intende,
1306 530 1520 580 prespere
1546 527 1753 580 procede,
1783 533 1827 570 et
1852 541 1915 569 re-

1085 597 1181 634 gna.
1209 585 1266 626 Et
1286 584 1487 626 deducet.

1398 668 1546 708 Lectio
1569 681 1603 706 v.

1088 735 1479 843 sanctimonialis
1495 740 1660 793 quippe
1677 740 1836 781 femina
1851 752 1918 782 ca-

1170 804 1250 851 put
1265 798 1307 838 in
1328 797 1529 838 manibus
1546 796 1780 847 declinans,
1796 796 1918 838 lacri-

1086 857 1255 896 marum
1284 855 1466 896 fluvium
1497 854 1540 894 in
1574 866 1771 895 mensam
1799 853 1919 895 fude-

1088 916 1164 961 rat,
1190 924 1270 964 per
1296 924 1405 963 quas
1431 910 1714 952 serenitatem
1733 910 1847 951 aeris
1864 909 1920 952 ad

1087 968 1281 1020 pluviam
1300 967 1444 1009 traxit.
1480 967 1575 1009 Nec
1598 966 1732 1019 paulo
1751 964 1921 1008 tardius

1087 1030 1191 1077 post
1225 1024 1471 1066 orationem
1498 1022 1727 1065 inundatio
1756 1022 1829 1063 illa
1857 1035 1920 1064 se—

1089 1085 1189 1124 cuta
1209 1086 1290 1123 est:
1315 1079 1394 1123 sed
1421 1085 1544 1122 tanta
1563 1079 1644 1120 fuit
1664 1079 1921 1121 convenien-

1088 1138 1148 1179 tia
1169 1137 1392 1186 orati6nis‚
1412 1141 1456 1178 et
1474 1135 1784 1186 inundatienis,
1798 1140 1847 1177 ut
1867 1134 1923 1176 de

1088 1207 1240 1236 mensa
1260 1198 1392 1246 caput
1416 1194 1502 1245 jam
1526 1206 1626 1234 cum
1650 1194 1846 1233 tonitruo
1864 1190 1923 1232 le-

1089 1253 1226 1292 varet:
1269 1252 1486 1302 quatenus
1528 1262 1676 1298 unum,
1717 1246 1923 1300 idemque

1089 1313 1207 1350 esset
1231 1309 1514 1356 momentum,
1541 1311 1585 1348 et
1607 1306 1755 1348 levare
1779 1310 1924 1357 caput,

1089 1370 1133 1407 et
1169 1364 1363 1418 pluviam
1399 1363 1634 1416 deponere.
1696 1361 1822 1403 Tunc
1858 1361 1924 1402 vir

1088 1422 1172 1463 Dei
1207 1421 1320 1462 inter
1356 1422 1584 1468 coruscOS,
1619 1424 1662 1461 et
1695 1419 1924 1467 tonitruos,

1089 1483 1222 1531 atque
1256 1477 1444 1529 ingentis
1478 1475 1645 1528 pluviae
1680 1473 1923 1516 inundatio-

1088 1547 1207 1584 nem,
1243 1533 1398 1576 videns
1432 1545 1479 1574 se
1516 1531 1573 1574 ad
1608 1530 1924 1573 monasterium

1089 1604 1176 1633 non
1203 1603 1348 1656 ‘posse
1390 1591 1607 1638 remeare,
1649 1587 1786 1641 coepit
1825 1589 1924 1629 con—

1091 1648 1214 1700 queri
1245 1646 1543 1695 contristatus,
1570 1621 1739 1687 dicens·
1767 1644 1926 1685 Pareat

1090 1705 1169 1747 tibi
1193 1705 1474 1756 omnipotens
1494 1702 1626 1752 Deus,
1651 1713 1793 1742 soror:
1818 1699 1926 1767 quid

1091 1767 1158 1803 eSt
1185 1759 1305 1813 quod
1329 1758 1493 1801 fecisti?
1540 1758 1621 1799 Cui
1645 1757 1720 1798 illa
1745 1758 1925 1809 respon-

1092 1818 1170 1861 dit:
1202 1818 1319 1859 Ecce
1347 1815 1503 1867 rogavi
1530 1820 1586 1865 te,
1613 1819 1657 1856 et
1683 1813 1835 1855 audire
1855 1825 1926 1854 me

1091 1874 1286 1917 noluisti:
1324 1872 1479 1924 rogavi
1511 1871 1655 1913 Deum
1687 1883 1850 1919 meum,
1883 1873 1927 1910 et

1093 1930 1260 1974 audivit
1287 1942 1372 1971 me:
1404 1927 1540 1970 modo
1569 1940 1691 1979 ergo,
1719 1927 1756 1969 si
1786 1931 1927 1980 poteS‚

1094 1986 1316 2040 egredere,
1342 1991 1386 2028 et
1409 1998 1479 2027 me
1502 1984 1684 2030 dimissa
1703 1983 1760 2025 ad
1778 1994 1926 2024 mona-

1094 2045 1275 2087 sterium
1302 2042 1471 2085 recede.
1508 2042 1611 2094 Ipse
1638 2045 1783 2082 autem
1807 2041 1927 2081 exire

1095 2107 1218 2144 extra
1236 2105 1403 2143 tectum
1416 2111 1505 2140 non
1524 2097 1687 2146 valens,
1703 2096 1777 2150 qui
1791 2108 1927 2137 rema-

1094 2160 1197 2200 nere
1221 2161 1381 2210 sponte
1407 2155 1548 2196 neluit
1565 2154 1609 2195 in
1633 2153 1746 2203 loco,
1769 2152 1928 2193 mansit

1095 2216 1266 2256 invituS.
1304 2212 1408 2264 Sicq
1409 2224 1464 2253 ue
1492 2211 1656 2252 factum
1684 2214 1763 2259 est,
1790 2214 1839 2250 ut
1865 2214 1928 2250 to-

1095 2278 1187 2314 tam
1214 2225 1408 2311 noctemq
1418 2266 1677 2321 pervigilem
1706 2265 1929 2313 ducerent,

1096 2333 1229 2380 atque
1248 2338 1329 2379 per
1348 2337 1473 2367 Sacra
1489 2323 1700 2377 spiritalis
1720 2323 1822 2364 vitae
1842 2321 1928 2363 col-

1097 2384 1263 2437 loquia,
1299 2394 1396 2424 sese
1430 2380 1595 2422 vicaria
1622 2379 1836 2422 relatione
1865 2391 1929 2419 sa-

1096 2442 1267 2484 tiarent.

1150 2513 1201 2564 Rt.
1232 2507 1437 2551 Dilexisti
1471 2506 1688 2559 justitiam,
1727 2511 1771 2548 et
1799 2505 1929 2547 odisti

1099 2567 1390 2620 iniquitatem·
1414 2566 1436 2590 *
1466 2564 1710 2616 Propterea
1734 2562 1857 2604 unxit
1888 2567 1931 2602 te

1101 2626 1238 2672 Deus,
1284 2623 1405 2663 Deus
1449 2626 1566 2668 tuus,
1613 2620 1713 2661 oleo
1755 2619 1931 2660 laetitiae

1099 2678 1149 2730 V.
1180 2681 1367 2732 Propter
1392 2677 1638 2726 veritatem,
1667 2682 1710 2718 et
1735 2687 1931 2717 mansue·

1101 2737 1314 2784 tudinem,
1335 2740 1377 2776 et
1398 2733 1617 2785 justitiam.
1645 2734 1898 2785 Propterea.
