2080 2990
771 206 921 247 Septem
949 202 1090 237 l'salini
1116 202 1413 236 l‘oenitentiales.

237 303 261 329 *
303 314 435 354 super
473 303 618 356 ipsum
659 305 803 342 autem
844 297 1061 340 efflorebit

238 358 526 401 sanctificatio
545 371 653 399 mea.

290 413 442 456 Gloria
460 415 590 457 Patri.

511 469 703 510 Psalmus
725 471 806 509 132.

242 519 400 624 Ecce
421 540 551 580 quam
578 527 757 575 bonum,
786 531 829 568 et
852 538 982 577 quam
1004 524 1062 575 iu-

340 584 530 627 cundum
557 586 580 611 *
610 582 807 624 habitare
836 581 991 623 fratres
1018 580 1062 620 in

236 655 386 683 unum:

284 698 404 740 Sicut
413 699 679 749 unguentum
689 696 732 737 in
743 695 897 747 capite,
907 696 930 721 *
943 692 1062 746 quod

237 753 463 797 descendit
488 755 531 795 in
553 752 752 801 barbam,
777 750 959 793 barbam
977 751 1060 791 Aa·

236 824 327 861 ron,

289 866 419 918 Quod
451 865 676 909 descendit
707 865 751 905 in
783 876 906 905 oram
933 863 1060 905 vesti-

237 925 371 966 menti
388 925 492 975 eius:
508 925 531 950 *
546 923 658 964 sicut
674 934 747 962 ros
762 921 969 970 Hermon,
989 919 1062 972 qui

237 978 462 1022 descendit
481 980 525 1020 in
542 983 735 1020 montem
754 977 869 1019 Sion.

289 1036 503 1087 Quoniam
536 1035 623 1077 illic
657 1033 879 1077 mandavit
914 1032 1060 1074 Domi-

237 1106 317 1134 nus
341 1092 705 1142 benedictionem,
724 1091 747 1116 *
768 1095 811 1132 et
837 1090 970 1131 vitam
994 1102 1061 1130 us-

239 1162 323 1201 que
341 1150 385 1191 in
405 1149 623 1191 saeculum.

292 1206 443 1247 Gloria
462 1206 589 1247 Patri.

504 1260 700 1301 Psalmus
723 1261 805 1300 133.

240 1311 400 1416 Ecce
419 1331 534 1361 nunc
551 1317 798 1360 benedicite
817 1316 1063 1366 Dominum,

332 1376 355 1401 *
376 1388 526 1417 omnes
547 1375 660 1417 servi
679 1373 870 1416 Domini:

290 1431 373 1483 Qui
397 1432 519 1473 statis
543 1432 586 1472 in
611 1431 743 1472 domo
764 1429 959 1479 Domini,
978 1429 1002 1454 *
1021 1429 1063 1469 in

239 1487 358 1530 atriis
378 1487 535 1530 domus
554 1488 638 1529 Dei
657 1487 806 1536 nostri,

288 1545 338 1585 In
366 1544 568 1586 noctibus
594 1543 789 1586 extollite
812 1555 966 1584 manus
991 1554 1061 1583 ve-

239 1605 350 1642 stras
369 1601 412 1641 in
432 1606 592 1651 sancta,
610 1601 633 1626 *
654 1605 698 1641 et
713 1598 958 1642 benedicite
975 1598 1061 1639 Do-

238 1670 411 1698 minum.

1166 294 1405 338 Benedicat
1431 300 1475 338 te
1500 295 1713 337 Dominus
1742 309 1796 338 ex
1821 296 1935 346 Sion,

1114 355 1137 380 ²⁸¹
1157 353 1230 404 qui
1249 352 1350 394 fecit
1370 352 1530 394 coelum
1549 357 1592 394 et
1611 357 1783 394 terram.

1167 413 1318 456 Gloria
1334 413 1463 454 Patri.

1171 486 1317 520 Deinde
1344 487 1483 520 dicitur
1506 486 1616 520 flexis
1642 486 1804 529 genibus

1170 538 1299 591 Kyrie
1331 538 1505 580 eleison.
1557 538 1728 582 Christe
1762 539 1936 582 eleison.

1120 596 1247 649 Kyrie
1268 596 1443 638 eleison.

1170 660 1293 699 Pater
1311 661 1471 698 noster.
1494 666 1675 701 secreto.

1171 714 1219 764 Y.
1234 717 1291 759 Et
1309 730 1362 758 ne
1382 730 1463 758 nos
1482 716 1664 759 inducas
1681 718 1724 758 in
1737 717 1937 760 tentatio·

1114 786 1224 815 nem.
1255 775 1303 827 R.
1320 772 1408 814 Sed
1426 772 1563 815 libera
1581 786 1661 815 nos
1681 787 1706 815 a
1723 773 1851 816 malo.

1172 829 1218 881 V.
1233 833 1387 876 Salvos
1406 834 1474 875 fac
1494 846 1646 875 servos
1659 840 1771 876 tuos.
1794 834 1936 889 &De-

1114 904 1165 933 us
1184 903 1306 932 meus
1325 892 1552 944 sperantes
1571 891 1614 931 in
1633 896 1687 932 te.

1172 944 1217 995 V·
1265 951 1452 993 Domine
1495 950 1652 993 exaudi
1697 952 1939 994 orationem

1114 1020 1266 1050 meam.
1310 1010 1357 1060 Ra
1383 1007 1441 1049 Et
1469 1007 1633 1050 elamor
1659 1021 1782 1050 meus
1812 1007 1869 1050 ad
1895 1012 1938 1050 te

1115 1065 1270 1106 veniat.

1171 1121 1217 1172 V.
1251 1124 1465 1166 Dominus
1502 1125 1740 1168 vobiscum.
1799 1125 1849 1178 R.
1883 1123 1940 1166 Et

1116 1193 1215 1223 cum
1234 1181 1388 1234 spiritu
1406 1186 1495 1223 tuo.

1221 1252 1416 1293 oremus.
1675 1252 1837 1293 Oratio.

1200 1311 1393 1354 raetende
1413 1311 1600 1353 Domine
1623 1311 1794 1353 famulis
1819 1315 1863 1353 et
1882 1311 1940 1353 fa-

1209 1367 1409 1410 mulabus
1440 1368 1526 1410 tuis
1559 1366 1785 1410 dexteram
1813 1367 1940 1410 coele-

1117 1425 1194 1467 stis
1222 1424 1383 1466 auxilii:
1416 1430 1464 1467 ut
1490 1430 1534 1467 te
1561 1429 1656 1466 toto
1685 1424 1818 1466 corde
1845 1437 1940 1478 per-

1118 1484 1306 1533 quirant,
1339 1486 1382 1523 et
1415 1494 1514 1534 quae
1547 1481 1676 1533 digne
1707 1481 1941 1534 postulant,
2002 1522 2008 1527 ,

1117 1538 1326 1590 cOnsequi
1341 1541 1599 1580 mereantur.
1621 1538 1706 1579 Per
1722 1537 1942 1580 Christum

1116 1594 1351 1636 Dominum
1369 1600 1577 1636 nostrum.

1168 1659 1217 1709 R.
1238 1655 1389 1697 Amen.

830 1723 1352 1759 -Ἣφμ-

523 1797 790 1847 SEPTEM
816 1796 1068 1846 PSALMI
1094 1793 1654 1844 POENITENTIALES

907 1866 1015 1903 CUM
1036 1867 1270 1904 LITANIIS.

298 1941 482 1974 Dicuntur
507 1940 615 1973 flexis
642 1939 803 1981 genibus
826 1938 862 1971 in
885 1939 1062 1972 omnibus

244 1989 302 2022 VI.
329 1989 450 2022 Feriis
476 1989 680 2029 (madrag,
707 1987 861 2030 quando
887 1986 1063 2022 Officium

243 2037 280 2070 fit
307 2037 352 2070 de
380 2037 501 2070 Feria.

297 2089 455 2122 Litaniae
473 2095 607 2123 autern.
628 2088 782 2121 omissis
800 2092 946 2130 septem
960 2087 1063 2120 Psal-

244 2136 330 2171 mis,
357 2136 532 2170 dicuntur
556 2137 590 2169 in
612 2136 772 2170 Litaniis
797 2136 1006 2177 majoribus
1026 2136 1062 2169 in

245 2184 356 2218 Festo
376 2185 496 2218 sancti
516 2185 649 2222 Marci,
676 2190 710 2218 et
732 2185 767 2217 in
785 2185 907 2218 tribus
926 2184 1063 2218 diebus

244 2232 508 2273 liouationum.

294 2284 480 2318 Dicuntur
520 2288 644 2317 autern
682 2284 718 2317 in
754 2283 989 2326 Ouadrages.
1027 2283 1063 2316 in

243 2331 371 2365 Choro
394 2336 482 2375 post
500 2331 725 2365 Matutinum
750 2338 785 2365 et
805 2332 954 2365 Laudes
977 2331 1064 2373 diei,

245 2379 347 2413 dieto
363 2377 640 2414 Benedicamus
650 2376 831 2420 Domino;
847 2385 953 2413 extra
967 2379 1065 2414 Cho-

241 2437 323 2460 rum
343 2437 411 2470 pro
434 2427 722 2470 opportunitate
740 2427 933 2470 temporis.

294 2479 393 2519 Ant.
422 2479 490 2520 Ne
509 2477 808 2520 reminiscaris.

532 2548 726 2589 Psalmus
747 2550 782 2587 6.

350 2611 527 2669 omine,
559 2624 614 2653 ne
645 2611 688 2652 in
721 2611 868 2652 furore
896 2617 972 2653 tuo
1001 2614 1064 2652 ar-

391 2681 498 2719 guas
520 2680 605 2716 me,
628 2670 652 2695 *
675 2680 817 2719 neque
840 2667 882 2707 in
906 2667 970 2708 ira
991 2673 1066 2709 tua

393 2724 601 2777 corripias
619 2737 700 2766 me.

1165 1934 1373 1976 Miserere
1405 1934 1491 1976 mei
1518 1933 1705 1976 Domine
1735 1932 1940 1986 quoniam

1114 1990 1311 2032 infirmus
1339 2004 1451 2032 sum:
1475 1992 1499 2019 *
1523 2004 1628 2033 sana
1653 2003 1724 2032 me
1750 1990 1939 2033 Domine

1117 2047 1323 2100 quoniam
1334 2047 1593 2090 conturbata
1603 2052 1703 2090 sunt
1718 2059 1819 2089 ossa
1831 2059 1940 2088 mea.

1165 2104 1222 2146 Et
1241 2104 1384 2146 anima
1402 2117 1499 2146 mea
1516 2104 1691 2146 turbata
1712 2108 1779 2145 est
1798 2101 1940 2145 valde:

1115 2161 1139 2186 *
1158 2159 1237 2202 sed
1255 2166 1304 2202 tu
1322 2161 1508 2203 Domine
1527 2159 1780 2214 usquequo?

1169 2216 1434 2259 Convertere
1478 2217 1683 2267 Domine,
1735 2221 1779 2258 et
1820 2215 1941 2269 eripe

1118 2273 1306 2314 animam
1336 2285 1492 2315 meam:
1518 2274 1543 2300 *
1571 2273 1739 2314 salvum
1771 2285 1841 2314 me
1873 2273 1942 2314 fac

1116 2334 1299 2383 propter
1316 2329 1660 2371 misericordiam
1677 2334 1807 2371 tuam.

1169 2386 1384 2437 Quoniam
1414 2398 1502 2427 non
1535 2391 1602 2428 est
1629 2387 1672 2427 in
1698 2391 1841 2428 morte
1870 2385 1943 2438 qui

1117 2455 1285 2484 memor
1311 2443 1365 2484 sit
1389 2442 1467 2484 tui:
1490 2444 1514 2469 *
1536 2443 1579 2483 in
1603 2443 1771 2484 inferno
1797 2447 1943 2484 autem

1120 2500 1216 2551 quis
1235 2498 1515 2542 confitebitur
1532 2498 1634 2541 tibi?

1169 2555 1388 2598 Laboravi
1405 2555 1449 2596 in
1467 2555 1630 2606 gemitu
1647 2569 1764 2605 meo,
1783 2555 1941 2598 lavabo

1118 2625 1197 2665 per
1219 2612 1408 2663 singulas
1430 2617 1583 2653 noctes
1601 2612 1762 2654 lectum
1784 2625 1943 2654 meum:

1118 2670 1141 2693 *
1167 2668 1354 2710 lacrimis
1379 2668 1487 2709 meis
1514 2673 1697 2710 stratum
1721 2681 1865 2710 meum
1891 2667 1942 2708 ri-

1119 2725 1245 2779 gabo.
