2080 2990
859 216 1068 249 Commune
1097 215 1304 257 Virginurn.

230 317 356 357 versa
382 320 515 356 terra:
542 315 566 342 *
597 313 730 355 dicite
761 314 805 354 in
838 312 1052 355 Gontibus

230 372 330 424 quia
358 372 571 412 Dominus
598 370 805 422 regnavit.

280 428 454 469 Etenim
494 427 685 469 correxit
726 426 878 480 orbem
919 431 1049 467 terrae

229 485 301 537 qui
334 497 421 526 non
449 483 809 525 commovebitur:
841 485 864 510 *
893 482 1049 534 judica-

228 540 292 582 bit
319 540 508 593 populos
536 541 579 581 in
607 540 826 592 aequitaite.

278 597 502 639 Laetontur
522 597 631 647 coeli,
653 602 697 638 et
714 595 902 637 exsultet
920 599 1050 636 terra:

227 656 555 695 commoveatur
582 665 716 702 mare,
752 658 795 694 et
820 651 1048 705 plenitudo

228 711 335 762 ejus:
355 712 378 737 *
396 709 657 761 gaudebunt
671 709 824 761 campi,
843 713 886 750 et
905 708 1050 749 omnia

229 779 328 818 quae
356 767 399 807 in
427 767 489 808 eis
517 772 627 807 sunt.

278 824 404 865 Tunc
438 823 715 865 exsultabunt
751 823 894 864 omnia
934 822 1051 873 ligna

227 880 435 921 silvarum
459 892 484 920 a
505 879 615 921 facie
637 879 824 929 Domini,
854 879 955 930 quia
979 891 1049 919 ve-

227 937 303 978 nit:
329 938 352 963 *
380 936 585 989 quoniam
609 936 727 977 venit
751 935 940 987 judicare
966 939 1048 976 ter-

226 1006 330 1034 ram.

278 1049 302 1090 J
304 1049 499 1091 udicabit
525 1050 677 1092 orbem
702 1054 832 1090 terrae
855 1049 899 1089 in
919 1048 1049 1101 aequi-

226 1107 326 1156 tote,
344 1108 368 1133 ¹⁸¹
395 1111 438 1147 et
464 1106 655 1159 populos
682 1106 725 1147 in
749 1106 933 1147 veritate
961 1117 1049 1145 sua.

282 1164 379 1202 Ant.
423 1163 554 1214 Nigra
585 1176 696 1211 sum,
734 1162 813 1204 sed
846 1162 1048 1212 formosa,

226 1218 327 1260 fssiae
360 1219 617 1261 Jerusalem:
653 1219 754 1261 ideo
792 1218 946 1260 dilexit
978 1230 1049 1259 me

227 1276 341 1325 Rex,
370 1281 413 1317 et
437 1275 681 1318 introduxit
706 1288 776 1317 me
802 1276 847 1316 in
876 1274 1048 1316 cubicu-

224 1331 314 1372 lum
333 1345 469 1374 suum.

283 1392 378 1430 Ant.
399 1390 541 1431 Trahe
561 1403 630 1431 me
650 1395 753 1442 post
774 1395 829 1439 te,
843 1391 867 1416 *
881 1389 925 1429 in
944 1387 1048 1430 odo-

225 1457 317 1486 rem
350 1448 573 1487 curremus
604 1448 926 1498 unguentorum
955 1447 1049 1487 tuo-

225 1514 335 1542 rum:
363 1502 507 1543 oleum
532 1503 717 1545 effusum
735 1516 893 1545 nomen
915 1507 1048 1544 tuum.

494 1562 690 1602 l'salmus
720 1562 787 1601 96.

229 1613 485 1719 Dominus
500 1617 708 1667 regnavit,
721 1616 910 1658 exsultet
918 1621 1049 1658 terra:

348 1674 371 1699 *
400 1673 602 1714 laetentur
630 1672 783 1714 insulae
811 1673 972 1715 multae.

277 1729 439 1779 Nubes
459 1735 503 1771 et
522 1730 662 1781 caligo
679 1730 723 1770 in
742 1729 926 1771 circuitu
944 1731 1050 1782 ejus:

226 1788 250 1812 *
285 1786 463 1838 justitia,
505 1792 550 1828 et
590 1786 795 1838 judicium
833 1786 1049 1828 corroctio

228 1842 345 1883 sedis
374 1844 476 1895 ejus.

280 1899 398 1950 Ignis
436 1903 534 1940 ante
574 1899 717 1951 ipsum
752 1899 994 1952 praecodet,
1028 1901 1051 1925 *

230 1960 273 1996 et
300 1955 539 1997 inflamabit
570 1956 614 1996 in
641 1956 824 1997 circuitu
851 1956 1051 1997 inimicos

230 2012 330 2062 ejus.

280 2067 520 2109 Illuxerunt
542 2067 713 2119 fulgura
737 2069 826 2121 ejus
851 2068 947 2110 orbi
968 2074 1051 2110 ter-

230 2137 305 2164 rae:
326 2126 350 2150 *
372 2124 492 2173 vidit,
517 2130 560 2166 et
584 2126 803 2166 commota
831 2130 898 2166 est
925 2130 1052 2167 terra.

281 2180 469 2230 Montes,
503 2181 615 2222 sicut
649 2194 749 2222 cera
781 2181 1001 2224 fluxerunt
1028 2195 1053 2223 a

231 2236 340 2278 facie
375 2237 566 2278 Domini:
603 2240 626 2264 *
664 2251 689 2278 a
724 2238 834 2279 facie
874 2239 1054 2280 Domini

231 2293 372 2334 omnis
399 2299 527 2335 terra.

281 2349 659 2391 Annuntiaverunt
703 2350 803 2391 coeli
848 2352 1054 2403 justitiam

231 2407 335 2458 ejus:
367 2407 390 2433 *
423 2411 467 2447 et
495 2405 695 2447 viderunt
724 2419 873 2448 omnes
901 2407 1055 2460 populi

229 2461 413 2514 gloriam
440 2463 540 2513 ejus.

283 2518 612 2560 Confundz'mtur
653 2530 818 2568 omnes,
865 2520 939 2571 qui
981 2520 1053 2562 ad·

231 2577 357 2616 orant
381 2575 615 2628 sculptilia:
647 2577 671 2602 *
699 2581 742 2616 et
769 2576 842 2627 qui
869 2576 1053 2627 glorian-

230 2636 300 2672 tur
328 2632 371 2672 in
399 2632 641 2673 simulacris
670 2632 769 2673 suis.

282 2687 478 2730 Adorate
495 2701 593 2729 eum
611 2701 761 2730 omnes
776 2689 933 2739 Angeli
950 2691 1054 2742 ejus:

230 2746 254 2771 *
282 2744 459 2794 audivit,
488 2750 531 2786 et
558 2745 707 2786 laeteita
735 2750 801 2786 est
829 2745 943 2786 Sion.

1155 313 1212 353 Et
1245 312 1573 355 exsultaverunt
1603 314 1706 356 ffliae
1732 315 1875 367 Judae,
1903 317 1927 343 *

1103 374 1287 421 propter
1315 368 1472 420 judicia
1498 374 1575 411 tua
1601 370 1802 414 Domine:

1156 425 1371 474 Quoniam
1387 431 1435 467 tu
1448 426 1661 468 Dominus
1676 428 1926 470 Altissimus

1103 494 1233 533 super
1261 495 1436 523 omnem
1458 487 1633 524 terram:
1657 486 1680 511 *
1703 484 1830 526 nimis
1855 498 1925 527 ex-

1103 537 1262 579 altatus
1291 551 1337 579 es
1366 551 1498 591 super
1525 552 1675 581 omnes
1704 539 1823 582 deos.

1155 594 1238 644 Qui
1254 594 1432 646 dih'gitis
1447 595 1693 647 Dominum,
1707 596 1828 639 odite
1838 610 1925 638 ma-

1102 650 1205 691 lum:
1233 653 1257 678 *
1289 651 1483 693 custodit
1514 652 1727 694 Dominus
1760 654 1925 695 {mimas

1102 710 1352 749 sanctorum
1379 711 1568 759 suorum,
1596 708 1652 751 de
1676 722 1807 751 manu
1827 722 1925 762 pec-

1102 765 1262 805 catoris
1289 764 1492 806 liberabit
1520 778 1607 807 eos.

1153 820 1249 862 Lux
1277 826 1374 863 orta
1407 827 1473 863 est
1498 823 1630 874 justo,
1663 823 1687 849 *
1719 826 1763 864 et
1794 822 1943 865 rectis·

1103 877 1237 919 corde
1264 878 1427 920 laetitia.

1153 933 1382 976 Laeteimini
1409 935 1510 987 justi
1538 935 1581 975 in
1606 935 1812 976 Domino:
1837 937 1861 963 *
1884 939 1927 977 et

1102 991 1368 1032 confitemini
1394 989 1618 1033 memoriae
1651 992 1925 1034 sanctificati-

1102 1047 1197 1088 onis
1226 1049 1326 1100 ejus.

1160 1108 1258 1147 Ant.
1286 1104 1428 1146 Trahe
1450 1117 1520 1146 me
1543 1109 1647 1157 post
1669 1109 1729 1155 te,
1757 1105 1801 1146 in
1821 1104 1925 1147 odo—

1101 1174 1193 1202 rem
1223 1162 1448 1202 curromus
1483 1163 1805 1212 unguentorum
1831 1163 1926 1203 tuo-

1101 1230 1211 1259 rum:
1240 1217 1384 1259 oleum
1411 1217 1595 1259 effusum
1614 1230 1774 1259 nomen
1792 1223 1927 1259 tuum.

1154 1277 1249 1316 Ant.
1280 1275 1386 1316 Veni
1415 1287 1577 1327 sponsa
1605 1273 1783 1325 Christi,
1807 1275 1831 1300 *
1857 1276 1924 1316 zic-

1101 1331 1198 1383 cipe
1219 1333 1442 1381 coronam‚
1464 1344 1594 1383 quam
1613 1330 1694 1372 tibi
1711 1331 1926 1372 Dominus

1100 1388 1366 1440 praeparavit
1385 1388 1429 1428 in
1451 1389 1675 1429 aetornum.

1377 1446 1576 1486 Psalmus
1598 1446 1662 1486 97.

1108 1496 1336 1605 Cantate
1368 1501 1560 1542 Domino
1595 1501 1813 1542 canticum
1853 1512 1926 1541 no-

1196 1570 1312 1598 vum:
1331 1558 1354 1583 *
1375 1557 1477 1609 quia
1495 1557 1711 1598 mirabilia
1730 1557 1844 1599 fecit.

1153 1613 1346 1655 Salvavit
1374 1613 1458 1655 sibi
1491 1613 1674 1655 dextera
1701 1614 1806 1666 ejus:
1830 1613 1854 1639 *
1882 1618 1928 1654 et

1101 1669 1328 1711 brachium
1350 1675 1548 1711 sanctum
1570 1671 1670 1722 ejus.

1152 1731 1320 1772 Notum
1351 1731 1455 1772 fecit
1482 1731 1697 1772 Dominus
1734 1730 1926 1771 salutare

1103 1801 1242 1828 suum:
1261 1787 1285 1813 *
1304 1787 1348 1828 in
1368 1789 1610 1840 conspectu
1630 1787 1837 1829 Gontium
1862 1799 1927 1828 re—

1103 1843 1265 1885 velavit
1283 1843 1492 1896 justitiam
1511 1857 1645 1885 suam.
1812 1891 1814 1894 ἵ

1154 1900 1430 1942 Βεοοτᾰέιῒιιε
1490 1905 1557 1942 est
1609 1898 1925 1942 misericordiae

1104 1970 1209 2008 suae,
1230 1957 1255 1983 *
1275 1962 1318 1998 et
1340 1956 1543 1999 >veritatis
1572 1970 1663 1998 suae
1692 1956 1843 2002 domui
1865 1955 1926 1997 Is-

1104 2013 1206 2055 raeL

1155 2069 1374 2112 Vide'runt
1392 2082 1544 2112 omnes
1566 2068 1739 2111 tormini
1757 2072 1888 2109 terrae
1902 2067 1927 2094 *

1105 2127 1295 2168 salutare
1313 2127 1397 2168 Dei
1415 2126 1564 2167 nostri.

1155 2183 1178 2224 J
1181 2183 1345 2225 ubilote
1361 2184 1459 2224 Deo
1479 2181 1620 2223 omnis
1642 2186 1772 2222 terra:
1791 2181 1815 2206 *
1831 2193 1927 2221 can·

1105 2242 1207 2290 tate,
1228 2244 1272 2281 et
1293 2239 1519 2288 exsultate,
1538 2243 1582 2280 et
1597 2237 1782 2290 psallite.

1156 2295 1336 2337 Psallite
1362 2295 1553 2337 Domino
1586 2294 1630 2335 in
1665 2293 1847 2344 cithara,
1884 2293 1927 2333 in

1105 2352 1272 2395 cithara
1300 2356 1343 2393 et
1369 2364 1479 2393 voce
1506 2350 1678 2404 psalmi:
1697 2350 1720 2375 *
1746 2350 1789 2390 in
1808 2349 1928 2391 tubis

1106 2408 1353 2457 ductilibus,
1374 2412 1418 2449 et
1436 2419 1546 2448 voce
1564 2406 1683 2448 tubae
1702 2408 1885 2447 corneae.

1156 2464 1346 2506 Jubilate
1371 2464 1415 2505 in
1439 2465 1679 2516 conspectu
1704 2462 1820 2514 regis
1839 2463 1927 2503 Do-

1106 2522 1224 2563 mini:
1243 2522 1266 2547 *
1286 2522 1513 2562 moveatur
1531 2532 1662 2569 mare,
1682 2524 1725 2560 et
1743 2519 1928 2571 plenitu-

1106 2578 1163 2620 do
1183 2579 1287 2630 ejus:
1311 2576 1430 2618 orbis
1449 2578 1678 2625 terrarum,
1697 2580 1740 2616 et
1761 2575 1835 2627 qui
1853 2574 1926 2615 hei-

1105 2634 1246 2676 bitant
1266 2634 1311 2674 in
1330 2645 1394 2675 eo.

1156 2690 1357 2731 Flumina
1382 2688 1593 2741 plaudent
1620 2701 1761 2737 manu,
1799 2685 1927 2727 simul

1105 2752 1278 2788 montes
1312 2745 1593 2787 exsultabunt
1629 2757 1655 2785 a
1687 2744 1928 2796 conspectu
