2040 2990
775 188 976 222 Dominica
1003 188 1064 223 ΙΙΙ.
1091 188 1303 222 Adventus.

457 283 525 319 Ad
549 282 737 321 Sextarn.

233 347 332 386 Ant.
368 343 491 385 Dabo
511 343 555 384 in
573 344 691 386 Sion.

644 412 874 481 Philippsl.
886 412 925 452 b.

254 410 512 461 Capitulum.

179 466 274 573 N
289 528 497 578 oratione,
512 533 556 570 et
572 505 890 577 obsecratione,
910 540 1009 569 cum

178 584 418 635 gratiarum
447 585 637 635 actione,
669 585 905 637 petitiones
937 596 1007 625 ve-

180 644 284 681 strae
303 640 580 681 innotescant
599 640 718 692 apud
736 641 890 682 Deum.

228 705 277 755 151.
308 705 369 745 br.
420 703 615 746 Ostende
652 703 782 745 nobis
819 703 1007 744 Domine

175 760 198 783 *
235 758 583 801 Misericordiam
614 764 745 801 tuam.
801 758 1007 800 Ostende.

176 810 226 862 V.
250 814 309 855 Et
329 815 519 857 salutare
538 820 662 856 tuum
682 814 739 856 da
757 814 897 856 nobis.
930 814 1007 854 Mi-

179 870 663 912 sericordiam.(116ria.
697 870 904 912 Ostende.

228 933 277 983 Nus
313 935 535 976 Memento
567 935 709 976 nostri
737 935 927 976 Domine
962 934 1007 975 in

179 990 458 1043 beneplacito
486 990 640 1043 populi
667 991 740 1032 tui.
779 997 828 1046 li·
862 990 1007 1032 Visita

178 1059 260 1088 nos
279 1047 323 1087 in
343 1046 524 1088 salutari
542 1052 631 1111 tuo.

457 1131 526 1168 Ad
545 1132 729 1168 Nonam.

229 1195 328 1235 Ant.
356 1195 477 1235 Juste
496 1196 540 1233 et
559 1191 642 1244 pie.

254 1258 512 1309 Capitulum.
638 1260 824 1312 Philipp.
836 1262 872 1301 4.
884 1261 923 1302 b.

259 1321 279 1358 t
309 1330 397 1369 pax
427 1316 522 1366 Dei,
561 1329 661 1368 quae
695 1319 932 1368 exsuperat
963 1328 1006 1357 o-

272 1386 418 1415 mnem
433 1385 620 1422 sensum,
636 1371 856 1414 custodiat
871 1371 1007 1413 corda

179 1433 342 1478 vestra,
369 1433 413 1470 et
435 1428 746 1479 intelligentias
768 1433 940 1470 vestras
963 1427 1007 1468 in

179 1484 352 1526 Christo
370 1485 395 1525 J
398 1497 476 1526 esu
493 1484 687 1526 Domino
706 1488 872 1525 nostro.

226 1548 277 1599 R.
294 1548 353 1589 br.
376 1549 517 1601 Super
532 1554 577 1590 te
590 1549 867 1591 Jerusalem*
886 1547 1006 1590 Orie-

178 1608 249 1646 tur
267 1604 494 1646 Dominus.
525 1605 666 1657 Super
684 1610 739 1647 te.
770 1607 821 1656 V,
841 1604 899 1646 Et
917 1603 1006 1655 glo-

178 1660 243 1701 ria
274 1661 364 1712 ejus
396 1660 440 1701 in
471 1665 515 1702 te
547 1660 779 1702 videbitur.
819 1659 1006 1702 Orietur.

175 1716 331 1757 Gloria
348 1716 480 1758 Patri.
514 1717 655 1769 Super
674 1721 729 1758 te.

227 1775 277 1826 V.
307 1781 498 1822 Domine
521 1781 644 1822 Deus
666 1781 877 1822 virtutum
904 1793 1005 1822 con-

178 1838 300 1878 verte
327 1849 420 1878 nos,
454 1838 505 1888 Rz.
541 1837 598 1880 Et
632 1836 816 1878 ostende
848 1836 1006 1878 faciem

178 1896 313 1943 tuam,
341 1897 385 1934 et
405 1894 516 1935 salvi
535 1893 708 1935 erimus.

410 1989 489 2030 Ad
511 1990 777 2041 vesperas.

230 2060 318 2095 Ant
350 2061 396 2096 de
423 2062 555 2105 Laud&
584 2064 645 2098 Ps.
671 2065 718 2099 de
742 2066 851 2101 Dom.
876 2067 1000 2112 Capit.

177 2111 213 2141 et
237 2107 300 2151 ΙΙ)
303 2119 375 2143 mn.
400 2114 440 2144 ut
464 2122 591 2154 supra.
617 2110 688 2146 151.

228 2162 278 2214 V.
307 2169 474 2211 Rorate
499 2170 600 2211 coeli
626 2170 834 2224 desuper,
864 2177 908 2215 et
930 2186 1004 2215 nu-

177 2224 257 2266 bes
285 2224 440 2277 pluant
467 2227 639 2277 justum.
683 2228 733 2279 R.
766 2227 1005 2280 Aperiatur

177 2284 306 2331 terra,
326 2286 370 2323 et
387 2281 601 2332 germinet
618 2282 902 2326 Salvatorem.

230 2342 301 2383 Ad
328 2343 501 2393 Magnis.
538 2345 637 2386 Ant.
674 2348 816 2388 Beata
842 2360 889 2389 es
916 2349 1004 2390 Ma-

178 2401 253 2449 rIa,
271 2400 296 2426 *
316 2412 415 2452 quae
434 2400 661 2443 credidisti
678 2402 886 2445 Domino:
908 2418 1004 2457 per-

177 2455 379 2497 ficientur
398 2456 442 2496 in
461 2461 520 2506 te,
545 2469 644 2508 quae
668 2458 786 2500 dieta
805 2465 906 2502 sunt
924 2461 1004 2502 tibi

178 2523 205 2552 a
223 2511 427 2561 Domino,
446 2512 629 2564 alleluja

230 2566 393 2608 Oratio.
438 2571 597 2614 Aurem
625 2577 755 2614 tuam.
781 2575 870 2615 155.

231 2626 323 2660 Post
334 2627 368 2660 V
370 2638 527 2671 esperas
540 2630 617 2664 diei
630 2630 807 2665 dicuntur
817 2632 852 2665 V
855 2643 1001 2677 esperae

180 2674 234 2708 De
228 2675 464 2710 functorum.

1113 287 1200 319 Ant.
1225 283 1346 319 Beata
1362 292 1414 318 es·
1435 285 1749 328 praetermittitur,
1766 286 1801 320 si
1818 287 1885 321 ho·

1058 334 1120 367 die
1146 334 1227 373 eius
1252 333 1339 367 loeo
1360 332 1543 375 ponenda
1564 333 1615 367 sit
1637 344 1712 368 una
1737 344 1785 367 ex
1808 334 1884 368 An-

1059 381 1231 424 tiphonis
1263 381 1491 422 maioribus,
1523 386 1563 414 ut
1597 381 1710 415 infra:
1743 382 1884 424 quibus

1058 439 1209 472 semper
1256 429 1395 463 cedunt
1435 428 1674 471 Antiphonae
1714 430 1884 473 propria:

998 472 1007 480 ⁵
1058 477 1144 510 aliis
1164 476 1301 510 dicbus
1320 476 1369 509 ud
1386 476 1607 518 Magnificat
1628 477 1847 520 assignatae.

1108 528 1321 571 chuentes
1344 528 1431 562 Ant.
1455 529 1620 570 majores
1643 529 1693 563 ad
1711 528 1884 573 Magnifi-

1058 580 1118 609 cat
1143 576 1372 610 inchoantur
1393 576 1454 610 die
1476 576 1568 610 xvii.
1586 576 1827 619 Decembris,
1848 580 1885 612 et

1057 623 1222 665 singulae
1236 628 1322 657 ante
1340 628 1478 667 etpost
1491 624 1885 667 Magnificatintegrae

1058 671 1157 705 sicut
1184 671 1223 705 in
1247 672 1361 714 Dupl.
1394 672 1573 706 dicuntur
1599 682 1670 715 per
1699 672 1884 715 ordinem,

1057 729 1179 762 usque
1204 719 1254 753 ud
1278 719 1379 753 diem
1405 724 1492 754 ante
1508 719 1624 763 vigil.
1647 719 1884 755 Nativitatis.

1056 767 1097 800 Si
1124 777 1216 800 vero
1245 767 1402 801 Festum
1431 767 1561 810 fuerit,
1592 767 1772 802 dicuntur
1795 771 1886 811 post

1057 813 1279 848 Orationem
1288 814 1403 857 Festi,
1418 825 1487 858 pro
1500 815 1706 850 Commem.
1718 815 1884 851 Advent.

1108 870 1191 910 Die
1218 866 1274 906 17.
1294 870 1564 913 Decembris.
1604 872 1705 914 Ant.
1746 871 1783 912 O
1816 867 1889 908 Sa·

1057 921 1243 973 pientia,
1302 933 1401 973 quae
1455 933 1510 963 ex
1554 933 1632 963 ore
1673 921 1890 963 Altissimi

1056 976 1270 1029 prodiisti,
1286 979 1505 1028 attingens
1525 989 1550 1017 a
1568 976 1655 1018 fine
1672 989 1812 1029 usque
1831 977 1890 1020 ad

1056 1032 1205 1082 finem,
1256 1033 1428 1074 fortiter
1476 1032 1756 1085 suaviterque
1805 1033 1890 1075 dis-

1057 1090 1227 1140 ponens
1271 1089 1434 1130 omnia:
1486 1088 1588 1130 veni
1628 1088 1685 1130 ad
1731 1088 1889 1131 docen-

1059 1143 1164 1185 dum
1182 1157 1263 1186 nos
1283 1145 1399 1185 viam
1417 1144 1676 1197 prudentiae.

1108 1204 1168 1245 18.
1199 1210 1299 1250 Ant.
1337 1209 1374 1249 O
1399 1204 1590 1254 Adonai,
1619 1208 1663 1245 et
1686 1204 1789 1246 Dux
1814 1204 1889 1247 do-

1057 1272 1155 1300 mus
1169 1260 1318 1310 Israel,
1339 1260 1414 1312 qui
1426 1259 1572 1312 Moysi
1588 1259 1634 1300 in
1652 1259 1753 1310 igne
1769 1260 1889 1302 flam-

1058 1328 1142 1356 mae
1167 1315 1266 1357 rubi
1291 1315 1553 1368 apparuisti,
1582 1320 1627 1357 et
1653 1315 1693 1357 ei
1717 1315 1762 1356 in
1786 1316 1890 1358 Sina

1058 1370 1200 1422 legem
1233 1371 1412 1413 dedisti:
1453 1371 1555 1413 veni
1587 1371 1645 1413 ad
1676 1371 1889 1414 redimen-

1058 1426 1164 1468 dum
1181 1439 1264 1469 nos
1282 1427 1328 1468 in
1346 1427 1529 1469 brechio
1549 1428 1740 1469 extento.

1112 1487 1172 1528 19.
1196 1493 1295 1534 Ant,
1323 1493 1361 1534 Ο
1386 1487 1513 1528 radix
1530 1487 1671 1537 Jesse,
1699 1487 1775 1539 qui
1797 1491 1890 1529 stas

1058 1544 1102 1584 in
1121 1543 1294 1595 signum
1311 1543 1591 1596 populorum,
1611 1556 1743 1596 super
1759 1556 1891 1596 quem

1058 1599 1344 1641 continebunt
1366 1611 1494 1650 reges
1518 1611 1569 1641 os
1589 1611 1731 1650 suum,
1759 1611 1890 1652 quem

1060 1656 1226 1697 Gentes
1246 1655 1616 1708 deprecabuntur:
1640 1655 1743 1697 veni
1766 1655 1824 1698 ad
1842 1655 1889 1697 li-

1057 1711 1302 1754 berandum
1320 1723 1419 1761 nos,
1437 1711 1523 1763 jam
1540 1710 1632 1752 noli
1649 1711 1838 1754 tardare.

1108 1773 1180 1813 20.
1207 1774 1308 1816 Ant.
1337 1775 1375 1816 O
1400 1771 1537 1813 clavis
1555 1771 1716 1821 David,
1737 1776 1781 1814 et
1799 1784 1890 1815 sce-

1057 1832 1207 1880 ptrum
1226 1827 1384 1869 domus
1400 1827 1553 1879 Israe13
1573 1827 1650 1879 qui
1667 1827 1826 1880 aperis,
1845 1833 1890 1870 et

1057 1896 1188 1925 nemo
1200 1883 1378 1934 claudit3
1394 1882 1574 1934 claudis,
1590 1888 1634 1926 et
1647 1896 1777 1926 nemo
1789 1886 1889 1937 epe-

1057 1940 1127 1981 rit:
1145 1939 1256 1989 veni,
1277 1944 1321 1982 et
1340 1939 1452 1981 educ
1466 1939 1661 1982 vinctum
1680 1939 1736 1982 de
1755 1939 1889 1982 domo

1059 1995 1265 2046 carceris,
1291 1995 1519 2038 sedentem
1540 1995 1586 2036 in
1607 1995 1818 2047 tenebris,
1845 2001 1891 2039 et

1058 2051 1214 2093 umbra
1230 2051 1398 2093 mortis,

1108 2112 1167 2152 21.
1194 2112 1294 2153 Ant.
1327 2113 1365 2153 O
1394 2110 1570 2161 Oriens,
1594 2111 1806 2164 splendor
1826 2111 1888 2154 lu-

1058 2167 1122 2209 cis
1141 2168 1331 2217 aeternae,
1352 2171 1396 2208 et
1414 2167 1483 2208 sol
1500 2167 1695 2219 justitiae:
1714 2167 1825 2218 veni,
1845 2173 1889 2210 et

1057 2222 1255 2264 illumina
1286 2223 1493 2264 sedentes
1523 2223 1567 2264 in
1598 2223 1810 2275 tenebris,
1844 2229 1889 2266 et

1057 2278 1214 2320 umbra
1231 2278 1398 2320 mortis.

1108 2339 1173 2380 22.
1199 2338 1299 2378 Ant.
1329 2339 1367 2379 O
1390 2339 1489 2380 Rex
1508 2338 1731 2389 Gentium,
1750 2342 1795 2380 et
1816 2339 1888 2381 de-

1057 2394 1276 2436 sideratus
1296 2396 1462 2443 earum,
1487 2394 1690 2447 lapisque
1714 2394 1888 2445 angula-

1058 2450 1134 2499 ris,
1164 2450 1239 2502 qui
1261 2449 1369 2491 facis
1392 2453 1580 2501 utraque
1602 2463 1751 2491 unum:
1778 2451 1888 2499 veni,

1058 2509 1102 2547 et
1126 2505 1249 2547 salva
1271 2505 1511 2556 hominem,
1541 2518 1672 2557 quem
1701 2505 1757 2548 de
1782 2505 1887 2547 limo

1058 2560 1266 2603 formasti.

1108 2621 1174 2662 23.
1207 2619 1309 2659 Ant.
1344 2619 1382 2660 O
1410 2621 1686 2671 Emmanuel,
1719 2622 1817 2663 Rex
1844 2626 1888 2664 et

1058 2676 1208 2727 legifer
1245 2680 1415 2726 noster,
1465 2677 1738 2729 exspectatio
1774 2677 1887 2719 Gen-
