2040 2990
111 128 204 248 [5ss

162 275 451 324 magnificavit
481 287 612 326 super
639 288 709 315 me
736 274 984 327 supplanta-

161 332 333 373 tienem.

212 388 279 428 Tu
299 393 443 429 autem
463 387 649 429 Demine
668 388 875 429 miserere
888 388 984 434 mei,

161 450 204 485 et
223 444 432 485 resuscita
450 457 535 485 me:
553 445 575 468 *
590 450 633 485 et
653 444 888 485 retribuam
911 444 983 485 eis.

212 500 261 540 In
281 500 365 541 hoc
385 500 571 550 cognovi
590 501 794 552 quoniam
809 500 983 542 voluisti

158 570 242 597 me:
271 558 293 581 ¹*
329 556 532 609 queniam
560 569 647 597 non
674 556 882 607 gaudebit
909 556 982 596 ini-

158 615 295 654 micus
323 626 445 654 meus
474 626 604 665 super
632 626 712 654 me.

211 669 281 710 Me
311 676 454 711 autem
484 675 665 722 propter
694 670 984 711 innocentiam

159 726 403 778 suscepisti:
431 727 453 750 *
478 731 520 767 et
549 726 816 767 confirmasti
843 739 913 767 me
941 726 982 766 in

159 784 398 834 conspectu
426 788 501 823 tuo
530 782 572 823 in
601 784 821 823 aeternum.

212 838 474 880 Benedictus
486 839 698 879 Dominus
714 839 834 880 Deus
848 839 983 880 Israel

159 908 183 936 a
212 895 373 936 saeeulo
403 900 445 936 et
473 908 611 947 usque
639 895 681 936 in
710 896 932 937 saeculum:
960 897 983 921 *

158 951 245 1001 fiat,
272 951 357 993 fiat.

431 1013 622 1053 l'salmus
652 1015 708 1053 41.

160 1063 582 1184 Quemadmodum
594 1077 814 1120 desiderat
829 1091 983 1119 cervus

263 1134 317 1176 ad
342 1135 482 1176 fontes
502 1137 727 1187 aquarum:
745 1136 767 1160 *
792 1136 851 1177 ita
874 1134 983 1176 desi-

159 1190 283 1232 derat
312 1192 452 1231 anima
480 1205 577 1232 mea
606 1191 661 1232 ad
690 1198 732 1233 te
761 1192 891 1233 Deus.

209 1252 350 1293 Sitivit
376 1252 517 1293 anima
537 1265 633 1293 mea
658 1252 713 1294 ad
732 1253 874 1294 Deum
900 1253 982 1294 for-

157 1314 245 1350 tem
274 1308 434 1349 vivum:
462 1309 484 1333 *
515 1308 690 1361 quando
719 1309 904 1359 veniam,
941 1315 984 1351 et

158 1364 382 1417 apparebo
411 1370 510 1406 ante
538 1365 694 1407 faciem
722 1365 827 1407 Dei?

208 1426 400 1467 Fuerunt
421 1425 525 1466 mihi
553 1426 745 1468 lacrimae
771 1440 881 1468 meae
909 1440 982 1479 pa-

156 1495 232 1522 nes
266 1481 336 1523 die
371 1495 421 1523 ac
454 1488 597 1524 nocte:
631 1484 654 1508 *
689 1482 791 1524 dum
826 1483 983 1525 dicitur

156 1537 259 1578 mihi
281 1538 489 1590 quotidie:
518 1539 600 1580 Ubi
629 1545 694 1581 est
718 1540 838 1581 Deus
858 1538 982 1582 tuus?

209 1599 318 1639 Haec
346 1598 602 1641 recordatus
630 1614 742 1649 sum,
778 1606 821 1642 et
851 1600 983 1642 effudi

158 1655 197 1695 in
227 1669 296 1696 mc
326 1656 511 1696 animam
540 1670 697 1697 meam:
726 1659 748 1682 *
780 1658 982 1710 queniam

157 1711 351 1752 transibo
380 1712 421 1752 in
445 1711 587 1753 locum
616 1713 884 1755 tabernaculi
910 1714 981 1755 ad-

157 1767 375 1816 mirabilis,
409 1782 545 1821 usque
574 1768 629 1810 ad
658 1769 836 1811 domum
864 1771 957 1812 Dei.

212 1829 258 1869 In
280 1842 388 1870 voce
414 1829 723 1879 exsultatic'mis,
748 1837 791 1873 ct
818 1832 982 1873 confes-

159 1884 305 1925 sionis:
334 1886 357 1910 *
386 1899 518 1927 sonus
545 1886 770 1939 epulantis.

212 1946 355 1995 Quare
388 1947 523 1988 tristis
557 1960 603 1988 es
638 1948 779 1989 anima
811 1947 931 1990 mea?
961 1950 983 1975 *

161 2006 203 2042 ct
233 2015 365 2054 quare
394 2003 629 2045 conturbas
657 2003 749 2045 me?

212 2062 350 2114 Spera
383 2063 424 2103 in
458 2063 571 2111 Deo,
606 2066 808 2117 queniam
842 2066 984 2109 adhuc

161 2118 403 2160 confitebor
413 2119 488 2160 illi:
499 2121 521 2145 *
534 2120 723 2163 salutare
735 2122 877 2164 vultus
888 2124 984 2174 mei,

161 2180 204 2216 et
231 2175 351 2216 Deus
379 2188 511 2217 meus.

214 2234 283 2276 Ad
304 2238 517 2289 meipsum
537 2238 677 2279 anima
696 2252 793 2279 mea
813 2245 983 2281 contur-

161 2290 262 2332 bata
292 2298 372 2334 est:
399 2294 422 2317 *
451 2296 684 2346 propterea
711 2308 878 2337 memor
908 2309 982 2337 ero

160 2348 222 2388 tui
251 2346 306 2389 de
333 2354 449 2390 terra
477 2349 696 2399 Jordimis,
730 2357 772 2393 et
801 2352 983 2393 Hermo-

161 2404 262 2444 niim
292 2417 316 2444 a
343 2411 490 2447 monte
518 2406 703 2448 medico.

213 2464 410 2516 Abyssus
439 2465 643 2518 abyssum
672 2470 862 2516 invocat,
890 2470 913 2493 *
942 2470 982 2509 in

161 2533 269 2562 voce
299 2524 614 2563 cataractarum
646 2526 828 2565 tuarum.

214 2582 368 2623 Omnia
388 2583 558 2623 excelsa
578 2589 662 2632 tua,
683 2590 726 2625 et
747 2585 903 2626 fluctus
922 2586 983 2627 tui

160 2639 183 2661 *
211 2651 342 2690 super
370 2652 439 2680 me
467 2640 740 2681 transierunt.

212 2699 262 2738 In
289 2697 358 2740 die
382 2699 603 2742 mandavit
622 2700 834 2742 Deminus
860 2702 982 2743 mise-

723 179 829 212 Furia
856 179 964 212 tertia
991 178 1037 211 acl
1067 178 1302 211 Matutinum.

1038 273 1271 315 ricordiam
1300 286 1437 314 suam:
1463 274 1486 298 *
1507 277 1550 314 et
1578 278 1708 315 nocte
1735 275 1867 316 canti-

1038 343 1135 371 cum
1164 330 1264 381 ejus.

1090 385 1222 439 Apud
1243 399 1312 427 me
1338 386 1480 427 oratio
1500 385 1597 427 Deo
1623 386 1726 428 vitae
1745 399 1867 437 meae,

1037 444 1059 468 *
1089 442 1230 484 dicam
1259 443 1371 483 Deo:
1399 443 1638 495 Susceptor
1661 455 1784 484 meus
1809 456 1867 485 es.

1090 501 1233 550 Quare
1254 499 1415 540 oblitus
1435 512 1482 540 es
1500 497 1609 540 mei?
1627 500 1651 524 *
1669 505 1713 542 et
1733 513 1867 552 quare

1038 556 1320 598 contristatus
1333 554 1501 605 incedo,
1517 554 1622 597 dum
1631 555 1786 607 affligit
1797 569 1868 598 me

1037 611 1257 654 inimicus?

1088 669 1204 710 Dum
1233 669 1564 719 confringuntur
1593 682 1695 711 ossa
1721 671 1868 719 mea‚·*

1038 725 1416 778 exprobraverunt
1436 725 1542 766 mihi
1562 726 1636 778 qui
1659 725 1869 768 tribulant

1036 795 1106 823 me
1134 795 1295 823 1n1mici
1323 795 1420 824 mei.

1089 839 1204 880 Dum
1240 838 1390 881 dicunt
1426 840 1532 882 mihi
1565 853 1646 892 per
1673 839 1868 891 singulos

1037 894 1145 937 dies:
1174 895 1260 938 Ubi
1289 902 1355 937 est
1383 896 1504 938 Deus
1532 895 1655 938 tuus?
1677 897 1701 922 *
1733 909 1867 949 quare

1036 952 1172 994 tristis
1195 966 1241 994 es
1263 953 1406 994 anima
1422 966 1530 1003 mea,
1551 958 1595 995 et
1612 966 1746 1006 quare
1767 966 1868 995 con-

1036 1008 1188 1051 turbas
1216 1009 1309 1051 me?

1088 1066 1227 1118 Spera
1260 1067 1303 1107 in
1336 1067 1450 1116 Deo,
1486 1067 1692 1120 queniam
1725 1065 1869 1109 adhuc

1037 1122 1282 1165 confitebor
1323 1123 1398 1164 illi:
1435 1125 1458 1149 *
1495 1124 1686 1166 salutare
1723 1123 1869 1166 vultus

1036 1179 1132 1229 mei,
1162 1186 1206 1222 et
1233 1180 1354 1221 Deus
1382 1193 1516 1222 meus.

1089 1237 1187 1278 Ant.
1199 1222 1313 1278 Saiia
1324 1237 1511 1279 Demine
1520 1238 1708 1279 animam
1714 1249 1868 1287 meam,

1039 1293 1139 1344 quia
1167 1294 1349 1345 peccavi
1376 1293 1467 1335 tibi.

1090 1351 1187 1392 Ant.
1214 1350 1453 1392 Eructavit.

1304 1408 1502 1449 psalmus
1532 1409 1595 1448 43.

1037 1459 1204 1564 Deus
1224 1464 1401 1506 auribus
1423 1464 1586 1506 nostris
1607 1463 1868 1506 audivimus:

1149 1521 1171 1545 *
1187 1526 1336 1572 patres
1352 1522 1492 1563 nostri
1505 1521 1869 1563 annuntiaverunt

1036 1575 1174 1617 nobis.

1089 1633 1224 1686 OpuS,
1254 1633 1373 1686 quod
1402 1635 1611 1686 operatus
1641 1646 1687 1675 es
1714 1633 1760 1674 in
1781 1632 1867 1675 die-

1036 1688 1117 1730 bus
1138 1692 1301 1739 eorum,
1321 1691 1343 1715 *
1364 1695 1407 1732 et
1428 1690 1470 1731 in
1494 1689 1648 1743 diebus
1667 1690 1868 1742 antiquis.

1090 1746 1244 1788 Manus
1259 1752 1334 1788 tua
1350 1747 1516 1788 Gentes
1536 1745 1808 1800 disperdidit,
1825 1751 1870 1788 et

1036 1802 1243 1854 plantasti
1272 1816 1365 1845 eos:
1394 1804 1417 1828 *
1445 1803 1639 1845 afflixisti
1666 1803 1868 1856 populos,

1037 1864 1079 1900 et
1109 1859 1313 1912 expulisti
1342 1873 1429 1902 eos.

1085 1915 1179 1957 Nec
1208 1917 1322 1957 enim
1357 1917 1400 1958 in
1429 1915 1577 1967 gladio
1607 1930 1687 1959 suo
1716 1929 1866 1970 posse-

1037 1970 1194 2014 derunt
1204 1978 1377 2023 terram,
1386 1974 1408 1999 *
1417 1978 1460 2015 et
1474 1972 1702 2015 brachium
1716 1975 1868 2015 eorum

1036 2041 1122 2069 non
1151 2029 1336 2071 salvavit
1365 2043 1457 2071 eos:

1086 2085 1174 2126 Sed
1212 2085 1393 2128 dextera
1429 2092 1521 2137 tua,
1560 2092 1603 2128 et
1639 2085 1868 2128 brachium

1035 2146 1173 2190 tuum,
1208 2147 1251 2183 et
1279 2142 1536 2186 illuminatio
1565 2143 1710 2185 vultus
1738 2143 1816 2184 tui:
1843 2143 1867 2168 *

1037 2198 1242 2249 queniam
1271 2199 1574 2252 complacuisti
1602 2200 1646 2240 in
1675 2199 1748 2241 eis.

1087 2254 1156 2295 Tu
1185 2267 1231 2295 es
1264 2255 1358 2307 ipse
1387 2257 1484 2297 Rex
1511 2269 1635 2298 meus
1669 2261 1712 2298 et
1745 2255 1867 2298 Deus

1035 2324 1172 2352 meus:
1191 2312 1215 2335 *
1237 2312 1309 2363 qui
1328 2312 1510 2354 mandas
1531 2313 1695 2354 salutes
1716 2311 1865 2354 Jacob.

1088 2367 1138 2407 In
1172 2372 1216 2408 te
1250 2368 1447 2410 inimicos
1476 2375 1653 2411 nostros
1687 2368 1865 2410 ventila-

1036 2422 1176 2464 bimus
1206 2436 1357 2473 cornu‚
1392 2426 1414 2450 *
1445 2431 1488 2467 et
1515 2427 1558 2466 in
1586 2426 1761 2467 nemine
1788 2430 1865 2467 tuo

1036 2481 1291 2531 spernemus
1319 2481 1592 2532 insurgentes
1620 2483 1664 2523 in
1690 2481 1828 2524 nobis.

1088 2536 1190 2577 Non
1212 2537 1325 2577 enirn
1345 2538 1387 2577 in
1412 2551 1516 2580 arcu
1539 2552 1639 2581 meo
1659 2537 1866 2592 sperabo:

1036 2594 1057 2616 *
1079 2598 1122 2633 et
1137 2592 1308 2643 gladius
1328 2607 1450 2635 meus
1471 2608 1557 2636 non
1579 2594 1766 2636 salvabit
1784 2607 1865 2636 me.

1087 2649 1272 2690 Salvasti
1285 2650 1398 2690 enim
1410 2663 1489 2692 nos
1503 2651 1558 2692 de
1572 2651 1864 2703 affligentibus

1036 2706 1224 2746 nos:*et
1253 2705 1450 2747 odientes
1479 2719 1559 2748 nos
1588 2707 1833 2750 confudisti.
