2040 2990
792 194 834 227 ln
859 196 1004 229 Octava
1032 195 1066 227 S.
1092 193 1287 236 Stephani.

485 293 634 334 Lectio
656 294 708 334 ix.

273 356 343 397 ico
372 356 486 397 enim
511 356 652 398 vobis:
679 356 782 397 Non
806 369 876 398 me
900 356 1015 398 vide-

283 412 386 454 bitis
402 412 574 462 amodo,
590 413 732 455 donec
748 412 919 454 dicatis:
936 413 1016 455 Be-

189 469 390 511 nedictus
417 470 491 521 qui
516 470 636 512 venit
661 471 704 511 in
728 470 903 511 nomine
929 470 1016 511 Do-

188 526 303 567 mini.
329 525 659 569 Ad¹Jers1salem
674 526 877 579 loquitur,
897 531 940 568 et
960 526 1016 569 ad

187 583 400 636 populum
432 582 698 625 Judaeorum.
738 583 1015 625 Versiculum

188 644 335 682 autem
356 640 503 690 istum,
524 653 611 693 quo
631 645 675 682 et
692 640 865 693 parvuli
884 645 1015 693 atque

186 696 399 738 lactentes
442 697 486 737 in
533 697 732 749 ingressu
772 696 1015 739 Jerusalem

186 753 365 795 Domini
384 753 624 795 Salvatoris
643 754 710 795 usi
736 758 856 803 sunt,
883 766 1015 806 quan-

188 809 245 852 do
265 809 482 852 dixerunt:
509 810 776 852 Benedictus
802 810 875 863 qui
898 810 1016 852 venit

186 866 231 907 in
251 867 425 908 n6mine
443 867 637 918 D6mini,
662 866 859 909 hosanna
881 867 925 908 in
945 880 1015 909 ex-

187 923 332 973 celsis,
357 924 543 976 sumpsit
568 923 623 966 de
643 924 882 966 centesimo
902 923 1014 965 deci-

187 992 259 1021 mo
280 980 467 1033 septimo
486 980 674 1030 Psalmo,
695 981 768 1033 qui
786 980 1015 1022 manifeste

188 1036 243 1079 de
263 1036 454 1078 adventu
470 1037 649 1078 Demini
667 1038 855 1090 scriptus
877 1043 953 1079 est.

242 1110 304 1150 Te
325 1106 468 1149 Deum
486 1107 726 1149 laudamus.
754 1109 813 1149 14.

235 1185 296 1219 Ad
320 1184 472 1218 Laudes
498 1188 534 1219 et
558 1194 627 1228 per
648 1183 791 1227 Horas,
817 1184 945 1218 omnia
970 1189 1010 1218 ut

184 1234 218 1266 in
254 1234 314 1267 die
347 1233 461 1266 Festi.
504 1230 584 1274 196,
613 1237 754 1275 praeter
788 1232 1007 1267 Orationem

183 1286 413 1325 sequentem.

519 1352 681 1394 Oratio.

272 1421 523 1472 mnipotens
569 1418 834 1471 sempiterne
878 1419 1017 1469 Deus,

289 1476 363 1529 qui
381 1475 597 1529 primitias
616 1475 861 1527 Martyrum
879 1476 923 1517 in
942 1475 1016 1518 be-

189 1534 249 1576 ati
275 1534 442 1575 Levitae
468 1532 679 1586 Stephani
707 1533 917 1584 sanguine
945 1533 1016 1576 de-

189 1590 359 1633 dicasti:
386 1589 530 1631 tribue
559 1591 824 1641 quaesmus3
860 1595 910 1632 ut
933 1603 1016 1643 pro

188 1647 316 1689 nobis
334 1647 598 1688 intercessor
617 1648 814 1696 exsistat,
839 1647 914 1699 qui
933 1660 1015 1700 pro

188 1705 279 1746 suis
298 1704 430 1746 etiam
445 1702 803 1756 persecutoribus
818 1704 1016 1746 exoravit

187 1761 426 1802 Dominum
433 1764 632 1802 nostrum
638 1760 663 1801 J
666 1772 788 1802 esum
795 1759 1015 1802 Christum

188 1818 345 1860 Filium
363 1822 501 1859 tuum:
521 1816 606 1868 Qui
623 1821 771 1859 tecum
789 1817 906 1859 vivit.

238 1892 280 1926 Et
307 1893 345 1926 fit
371 1901 567 1926 commem.
595 1893 639 1927 dc
667 1894 701 1927 S.
727 1893 886 1929 Joannc.

239 1954 337 1993 Ant.
366 1952 458 1991 Iste
477 1952 544 1990 est
563 1948 587 1988 J
590 1949 769 1999 oannes,
789 1948 864 2001 qui
883 1962 1015 2002 supra

188 2010 343 2058 pectus
371 2004 550 2046 Domini
576 2005 620 2045 in
647 2018 774 2047 coena
800 2005 1015 2048 recubuit:

188 2061 345 2104 beatus
362 2061 603 2114 Apostolus
622 2062 692 2103 eui
706 2062 901 2105 revelata
916 2067 1016 2105 sunt

190 2119 359 2160 secreta
379 2118 586 2160 coelestia.

237 2186 287 2238 X.
309 2187 394 2230 Hic
416 2192 484 2230 est
501 2187 743 2240 discipulus
763 2189 845 2240 ille,
865 2183 939 2241 qui
955 2194 1016 2231 te-

190 2244 442 2287 stimonium
467 2243 670 2297 perhibet
694 2244 750 2287 de
773 2245 852 2287 his.
884 2248 932 2299 Rv.
961 2247 1018 2288 Et

190 2301 350 2343 scimus
367 2301 468 2354 quia
478 2313 630 2343 verum
642 2306 709 2343 est
718 2302 1016 2344 testimonium

190 2370 291 2411 ejus.

519 2424 681 2466 Oratio.

188 2496 473 2605 Ecclesiam
499 2506 638 2552 tuam,
666 2502 871 2553 Domine,
898 2504 1015 2546 beni-

286 2571 396 2610 gnus
420 2558 605 2599 illustra:
630 2564 679 2600 ut
702 2558 821 2600 beati
837 2560 862 2600 J
864 2561 1015 2602 oannis

189 2615 394 2668 Apostoli
415 2614 477 2656 tui
497 2620 541 2657 et
555 2615 847 2666 Evangelistae
862 2616 1015 2658 illumi-

189 2674 292 2714 nata
316 2671 542 2722 doctrinis,
570 2671 626 2714 ad
650 2671 766 2714 dona
789 2674 1016 2725 perveniat

189 2729 466 2782 sempiterna.

1118 296 1259 330 Postea
1285 295 1332 330 de
1356 296 1413 330 Ss.
1438 296 1722 332 Innocentibus.

1120 349 1220 389 Ant.
1256 346 1314 387 Hi
1347 350 1449 388 sunt
1479 346 1554 398 qui
1580 359 1680 388 cum
1707 347 1894 390 mulieri-

1068 402 1151 444 bus
1170 415 1258 444 non
1277 407 1379 445 sunt
1398 402 1682 455 coinquinati:
1705 404 1895 455 virgines

1069 460 1183 502 enim
1216 465 1334 510 sunt,
1371 464 1416 502 et
1448 463 1690 512 sequnntur
1721 461 1895 513 Agnum

1070 520 1348 570 quocumque
1367 517 1476 559 ierit.

1120 570 1170 623 V.
1202 573 1406 616 Her6des
1434 574 1571 616 iratus
1599 574 1763 616 occidit
1788 575 1895 616 mul-

1068 635 1138 672 tos
1154 634 1328 684 pueros
1355 634 1406 685 R.
1427 631 1476 671 In
1498 631 1754 674 Bethlehem
1769 631 1894 674 Judae

1069 688 1246 730 civitate
1264 687 1420 729 David.

1404 747 1566 788 Oratio.

1067 799 1246 906 Deus,
1265 802 1386 854 cujus
1405 801 1618 844 hodierna
1637 801 1708 844 die
1727 803 1894 855 praeco-

1160 859 1279 900 nium
1297 858 1559 901 Innocentes
1576 859 1791 911 Martyres
1805 871 1895 900 non

1067 915 1307 969 loquendo,
1339 915 1419 958 sed
1445 915 1676 958 moriendo
1705 915 1895 957 confessi

1068 977 1183 1015 sunt:
1208 973 1355 1014 Omnia
1373 973 1416 1014 in
1435 972 1564 1014 nobis
1583 972 1790 1014 vitiorum
1807 985 1894 1013 ma-

1068 1030 1110 1073 la
1127 1029 1359 1081 mortifica;
1386 1034 1435 1071 ut
1451 1029 1585 1072 fidem
1603 1033 1738 1079 tuam,
1765 1041 1896 1081 quam

1067 1087 1213 1139 lingua
1235 1091 1387 1129 nostra
1411 1086 1620 1139 loquitur,
1649 1085 1781 1128 etiam
1804 1087 1895 1127 mo-

1068 1143 1189 1186 ribus
1210 1144 1300 1186 vita
1319 1143 1517 1186 fateatur.
1544 1144 1630 1185 Per
1647 1142 1896 1185 Dominum.

1266 1226 1328 1267 In
1353 1226 1416 1267 11.
1445 1224 1698 1277 vesperis.

1117 1291 1204 1325 Ant.
1236 1289 1282 1324 de
1307 1289 1426 1324 Laud.
1451 1290 1566 1324 Festi.
1595 1289 1670 1324 196.
1703 1289 1764 1325 Ps.
1788 1294 1831 1325 ut
1854 1291 1892 1325 in

1065 1339 1109 1373 II.
1135 1339 1251 1382 Vesp.
1282 1338 1329 1372 de
1360 1338 1504 1373 Comm.
1535 1339 1651 1373 unius
1681 1339 1789 1373 Mart.
1826 1336 1896 1381 [31]

1067 1392 1102 1422 et
1125 1388 1190 1422 ult.
1214 1388 1285 1422 loe.
1324 1387 1385 1422 Ps.
1414 1387 1485 1422 115.
1511 1385 1681 1421 Credidi.
1706 1387 1798 1423 ibid.

1216 1443 1366 1479 Deinde
1390 1444 1432 1479 fit
1456 1444 1503 1479 de
1527 1444 1563 1479 S.
1584 1444 1745 1479 Joanne.

1171 1505 1429 1557 Capitulum.
1581 1505 1712 1547 Eceli.
1732 1507 1790 1546 15.

1155 1566 1201 1607 ui
1218 1565 1342 1607 timet
1359 1565 1518 1615 Deum,
1544 1565 1675 1607 faciet
1697 1564 1829 1606 bona:
1854 1569 1898 1607 et

1175 1622 1248 1675 qui
1267 1622 1495 1664 continens
1518 1626 1586 1663 est
1607 1622 1798 1674 justitiae,
1823 1633 1896 1674 ap-

1069 1678 1313 1732 prehendet
1347 1678 1483 1728 illam,
1525 1683 1569 1720 et
1605 1677 1801 1720 obviabit
1835 1677 1898 1718 illi

1072 1736 1197 1789 quasi
1214 1740 1354 1778 mater
1373 1734 1673 1777 honorificam.

1376 1799 1587 1851 Hymnus.

1202 1853 1365 1896 xsultet
1384 1853 1504 1895 orbis
1522 1853 1707 1905 gaudiis:

1227 1910 1398 1954 Coelum
1416 1910 1599 1953 resultet
1617 1909 1837 1952 laudibus:

1174 1967 1495 2022 Apostolorum
1512 1967 1697 2019 gloriam

1172 2025 1323 2067 Tellus
1347 2029 1391 2067 et
1410 2029 1528 2066 astra
1548 2025 1793 2066 concinunt.

1127 2091 1215 2133 Vos
1234 2090 1497 2132 saeculorum
1515 2089 1691 2141 judices,

1172 2148 1230 2189 Et
1248 2159 1353 2189 vera
1370 2146 1522 2188 mundi
1540 2146 1717 2188 lumina:

1171 2203 1303 2246 Votis
1322 2205 1555 2256 precamur
1575 2202 1785 2251 cordium,

1172 2259 1336 2302 Audite
1355 2272 1488 2302 voces
1508 2259 1768 2312 supplicum.

1121 2326 1207 2375 Qui
1225 2324 1390 2378 templa
1410 2324 1510 2366 coeli
1529 2323 1742 2374 clauditis,

1171 2382 1390 2434 Serasque
1409 2381 1547 2424 verbo
1566 2380 1746 2430 solvitis,

1171 2438 1266 2480 Nos
1286 2451 1311 2479 a
1329 2439 1455 2480 reatu
1475 2437 1632 2479 noxios

1171 2494 1292 2537 Solvi
1310 2494 1466 2547 jubete,
1488 2496 1750 2547 quaesumus.

1123 2559 1350 2613 Praecepta
1370 2571 1555 2612 quorum
1574 2559 1775 2611 protinus

1173 2617 1378 2668 Languor
1398 2615 1603 2668 salusque
1623 2616 1824 2666 sentiunt,

1171 2674 1330 2716 Sanate
1349 2677 1518 2714 mentes
1537 2672 1776 2724 languidas,

1173 2731 1344 2781 Augete
1362 2742 1442 2771 nos
1461 2729 1705 2772 virtutibus.
