2080 2990
537 217 605 250 Die
630 217 659 250 13.
686 217 790 251 Febr.
838 217 871 251 S.
897 216 1075 260 Dionysii
1100 217 1215 259 Papae
1239 224 1273 251 ct
1299 217 1404 251 Cous.

1751 214 1814 249 19*

191 311 342 353 Sermo
362 311 499 353 sancti
519 310 717 362 Gregerii
736 311 881 363 Papae.

339 373 369 406 2.
394 372 494 407 Part.
518 372 630 413 Past„
654 382 681 406 c.
710 373 735 406 1.

428 425 577 465 Lectio
599 425 649 466 vi.

207 490 354 527 antum
388 484 518 527 debet
551 483 766 524 actionem
795 482 947 536 pepuli

221 542 335 584 actio
379 539 686 583 transcendere
732 539 946 589 Praesulis‚

129 603 335 653 quantum
354 596 516 640 distare
536 595 648 638 solet
668 609 693 637 a
711 608 842 648 grege
858 595 947 637 vita

126 655 328 710 pastoris.
366 654 553 707 Opertet
576 665 763 705 namque
788 657 836 694 ut
859 664 944 693 me-

127 714 198 755 tiri
217 725 263 754 se
283 711 466 754 sollicite
486 709 678 758 studeat,
706 714 865 760 quanta
886 714 945 750 te-

126 768 282 811 nendae
292 766 564 810 rectitudinis
575 766 836 807 necessitate
848 778 945 806 con-

128 826 368 877 stringitur,
406 824 485 866 sub
514 823 633 875 cujus
661 822 946 863 aestimatione

132 882 323 936 pupulus
360 894 466 932 grex
501 881 692 922 vocatur.
747 878 809 920 Sit
844 891 947 928 ergo

129 941 322 990 (necesse
351 938 431 988 est)
461 936 723 988 cogitatione
750 933 948 983 mundus,

129 995 298 1037 actione
318 995 584 1048 praecipuus,
604 991 816 1033 discretus
835 991 878 1031 in
897 990 948 1031 si-

129 1051 273 1101 lentio,
288 1050 405 1092 utilis
418 1050 463 1090 in
479 1048 626 1098 verbo,
641 1047 818 1099 singulis
834 1060 947 1088 com-

129 1107 334 1161 passiene
367 1106 609 1159 pr6ximus,
654 1117 746 1158 prae
783 1103 948 1145 cunctis

131 1162 497 1216 contemplatiene
543 1163 796 1214 suspensus,
839 1160 950 1202 bene

130 1220 359 1272 agentibus
381 1232 461 1272 per
481 1218 768 1260 humilitatem
791 1217 950 1267 secius,

132 1282 284 1319 contra
302 1275 644 1328 delinquentium
662 1274 768 1316 vitia
787 1286 866 1327 per
885 1286 950 1314 ze-

131 1333 223 1375 lum
252 1332 426 1385 justitiae
459 1334 646 1381 erectus,
684 1331 951 1372 internorum

133 1402 281 1432 curam
305 1389 349 1430 in
375 1388 640 1430 exterierum
665 1387 952 1440 occupatione

131 1459 220 1488 non
254 1447 466 1495 minuens,
510 1444 775 1486 exteriorum
809 1442 951 1496 provi-

133 1501 325 1545 dentiam
348 1502 391 1542 in
418 1500 673 1542 interierum
701 1498 952 1542 sollicitudi-

132 1572 186 1600 ne
204 1571 292 1600 non
309 1558 570 1609 relinquens.
595 1559 646 1610 R.
673 1557 764 1599 Iste
784 1561 850 1598 est
869 1555 953 1607 qui.

184 1622 227 1655 In
258 1621 322 1655 III.
352 1620 460 1654 Noct.
492 1619 632 1654 Homil.
666 1628 782 1660 super
812 1619 955 1661 Evang.

136 1668 311 1712 Vigilate.
344 1668 389 1702 de
417 1668 551 1702 codem
575 1666 776 1702 Communi
806 1668 835 1701 2.
860 1668 955 1702 loco.

391 1735 599 1764 -ψ-ῃεὲ-

208 1811 438 1873 FESTA
472 1809 885 1902 FEBRUARH.

352 1928 435 1970 Die
453 1930 490 1970 3.
509 1927 744 1970 Februarii.

212 1997 255 2039 S.
280 1996 507 2047 Dionysii
528 1998 661 2048 Papae
687 2002 730 2036 et
756 1995 874 2035 Conf.

467 2054 626 2098 Duplex.

187 2107 322 2143 Omnia
346 2106 391 2141 dc
417 2106 580 2141 Comuni
605 2105 778 2139 confess.
807 2104 956 2147 Pontis..

135 2160 275 2200 praeter
298 2155 507 2199 sequentia.
532 2156 590 2196 (m.
615 2157 639 2187 t.
661 2153 709 2194 v.)

188 2203 330 2238 Oratio.
354 2203 423 2246 Da,
448 2202 677 2246 quaesumus.

188 2251 392 2286 Commem.
424 2251 458 2285 S.
483 2251 603 2285 Blasii
634 2250 760 2293 Episc.
790 2253 826 2283 et
849 2248 955 2282 Mart.

136 2303 177 2333 ut
201 2300 239 2332 in
260 2299 471 2333 Breviurio.

188 2347 232 2381 In
260 2347 287 2380 I.
316 2346 513 2381 Nocturno
550 2346 751 2380 Lectiones
784 2345 830 2378 de
860 2342 957 2378 Scri-

138 2400 250 2439 ptura
274 2400 506 2429 occurrente.

366 2456 414 2495 In
439 2456 490 2495 II.
514 2455 734 2494 Nocturno.

439 2516 590 2557 Lectio
611 2515 662 2554 iv.

151 2579 249 2630 245
269 2572 462 2625 ionysius
498 2584 552 2612 ex
586 2567 817 2617 monacho,
856 2571 959 2619 post

286 2629 464 2671 beatum
490 2627 681 2679 Xystum
704 2622 959 2671 secundum,

239 2692 257 2711 ’ἐ
288 2686 500 2727 Κοωέιῑιεε
536 2682 746 2725 Ecclesiae
792 2681 958 2732 episco-

139 2756 223 2796 pus
247 2747 313 2784 est
338 2740 609 2784 constitutus
652 2740 696 2780 Is
720 2742 871 2779 contra
887 2736 959 2777 Sa·

996 313 1208 356 bellianos
1228 314 1416 366 scripsit,
1437 319 1479 356 et
1497 314 1706 357 adversus
1727 326 1815 364 eos,

999 370 1073 422 qui
1099 369 1256 411 Filium
1282 370 1365 412 Dei
1397 383 1508 423 opus
1544 376 1618 412 aut
1651 374 1814 412 creatu-

997 439 1091 467 ram
1109 426 1431 477 asseverabant,
1454 426 1579 479 plura
1597 426 1817 469 volumina

998 482 1145 524 edidit.
1185 482 1383 535 Dionysii
1416 482 1697 524 Alexandrini
1729 484 1815 535 epi-

999 539 1123 592 scopi
1147 538 1265 592 apud
1289 551 1335 580 se
1362 539 1567 589 accusati,
1597 538 1719 591 quasi
1745 539 1817 591 qui

998 596 1155 637 Filium
1169 595 1253 637 Dei
1267 595 1438 645 factum,
1458 601 1500 637 et
1517 608 1605 637 non
1623 594 1817 637 substan-

998 652 1145 694 tialem
1176 652 1293 694 Patri
1326 651 1508 701 diceret,
1546 652 1589 692 in
1620 653 1818 693 Romana

1000 708 1168 760 synodo
1189 721 1366 750 causam
1385 707 1599 758 discussit,
1618 708 1675 750 ad
1690 720 1818 760 quem

1002 765 1195 817 ejusdem
1213 764 1369 817 synodi
1386 764 1432 805 id
1452 763 1625 815 indigne
1644 764 1819 805 ferentis

1002 822 1258 864 sententiam
1293 821 1557 874 perscripsit.
1601 819 1687 861 Sed
1722 832 1820 861 cum

1002 877 1320 919 Alexandrinus
1348 879 1544 926 antistes,
1578 879 1734 918 iterum
1761 880 1819 917 at-

1002 947 1086 987 que
1123 937 1294 983 iterum,
1333 934 1476 974 missis
1508 933 1696 974 Romam
1732 932 1819 972 suis

1002 991 1193 1044 scriptiS,
1213 1003 1260 1032 se
1278 992 1508 1043 purgasset
1527 995 1657 1041 atque
1677 988 1819 1030 defen-

1005 1047 1154 1097 disset,
1172 1050 1343 1088 maturo
1363 1046 1536 1088 demum
1555 1045 1735 1087 consilio
1755 1049 1822 1086 est

1005 1104 1240 1146 absolutus.
1266 1102 1536 1155 Presbyteris
1556 1101 1762 1143 ecclesias
1778 1100 1822 1141 in

1003 1160 1120 1203 Urbe
1143 1159 1379 1212 Dionysius
1405 1158 1640 1207 distribuit,
1669 1162 1711 1199 et
1736 1169 1820 1198 coe-

1002 1217 1192 1267 meteria‚
1210 1215 1441 1269 parochias
1460 1220 1592 1267 atque
1611 1214 1822 1256 dioeceses

1004 1274 1159 1316 divisit.
1195 1273 1395 1325 Denique
1412 1272 1558 1313 multis
1575 1283 1655 1324 pro
1674 1269 1821 1311 Eccle-

1004 1331 1068 1372 sia
1093 1330 1347 1383 perfunctus
1374 1327 1613 1376 laboribus,
1641 1339 1692 1367 ac
1719 1324 1823 1367 fidei

1006 1386 1276 1428 documentis
1302 1385 1458 1434 clarus,
1487 1383 1721 1425 Aureliano
1748 1382 1822 1423 im-

1004 1445 1225 1497 peratere,
1256 1441 1458 1492 migravit
1490 1439 1546 1482 ad
1577 1438 1823 1488 Dominum,

1006 1499 1290 1552 sepultusque
1310 1503 1376 1539 est
1398 1498 1442 1538 in
1461 1496 1709 1538 coemeterio
1732 1494 1823 1536 Cal·

1005 1556 1094 1597 listi
1129 1556 1200 1597 via
1232 1555 1393 1607 Appia,
1440 1558 1564 1594 sexto
1601 1551 1824 1593 Kalendas

1007 1614 1031 1654 J
1033 1612 1209 1654 anuarii.
1239 1610 1407 1652 Habuit
1426 1621 1575 1651 mense
1593 1607 1826 1650 Decembri

1009 1668 1303 1711 ordinatienes
1329 1666 1453 1715 duas,
1482 1665 1638 1717 quibus
1664 1663 1826 1706 creavit

1007 1724 1289 1778 presb5⁷teros
1326 1722 1573 1771 duodecim,
1619 1719 1825 1762 diaconos

1008 1799 1101 1835 sex,
1142 1787 1375 1837 episcopos
1411 1795 1490 1835 per
1526 1781 1698 1823 diversa
1728 1779 1825 1821 loca

1009 1847 1189 1894 septem.
1255 1839 1375 1881 Sedit
1424 1851 1561 1880 annos
1608 1835 1825 1886 undecim,

1009 1910 1179 1939 menses
1197 1901 1302 1946 tres,
1322 1895 1414 1938 dies
1437 1892 1775 1946 quatuerdecim.

1062 1958 1113 2009 R.
1135 1957 1286 1999 Inveni
1307 1955 1450 1998 David
1473 1967 1646 1996 servum
1673 1965 1826 2002 meum,

1010 2013 1108 2055 oleo
1135 2018 1286 2055 sancto
1311 2025 1410 2054 meo
1435 2011 1539 2053 unxi
1569 2023 1680 2052 eum:
1698 2010 1720 2034 *
1737 2008 1824 2049 Ma-

1008 2083 1088 2111 nus
1105 2070 1218 2110 enim
1231 2082 1328 2111 mea
1342 2067 1617 2110 auxiliabitur
1632 2065 1682 2107 ei.
1704 2060 1828 2111 wNi-

1009 2128 1070 2169 hil
1087 2127 1289 2181 proficiet
1302 2125 1498 2166 inimicus
1512 2124 1557 2165 in
1574 2136 1638 2172 eo,
1656 2127 1699 2164 et
1714 2121 1826 2163 filius

1010 2183 1246 2236 iniquitatis
1270 2195 1359 2223 non
1383 2180 1559 2223 nocebit
1582 2179 1631 2221 ei.
1663 2178 1826 2219 Manus.

1012 2260 1160 2300 Sermo
1176 2255 1314 2298 saneti
1327 2256 1351 2296 J
1354 2254 1505 2297 oannis
1520 2249 1827 2304 Chrysestomi.

1011 2324 1052 2358 In
1078 2325 1196 2368 Epist.
1222 2324 1271 2358 ad
1294 2324 1400 2358 Rom.
1430 2333 1510 2365 cap.
1538 2322 1601 2358 15..
1630 2330 1737 2354 serm.
1762 2320 1826 2362 29„

1300 2371 1399 2405 circa
1424 2371 1543 2404 finem.

1318 2432 1468 2473 Lectio
1489 2444 1524 2469 v.

1089 2507 1272 2549 hristum
1295 2505 1492 2555 diligens,
1519 2506 1562 2544 et
1584 2512 1758 2552 gregem
1780 2498 1826 2539 il-

1110 2564 1192 2605 lius
1217 2563 1366 2614 utique
1397 2559 1550 2610 diligit:
1578 2562 1621 2599 et
1645 2556 1826 2607 Moysen

1011 2627 1106 2663 tum
1136 2620 1322 2673 primum
1355 2628 1486 2669 super
1515 2613 1727 2667 pupulum
1756 2611 1826 2652 Ju-

1013 2677 1208 2719 daeerum
1226 2674 1383 2728 posuit,
1403 2671 1588 2724 quando,
1610 2682 1694 2721 qua
1713 2671 1828 2709 esset

1012 2735 1056 2775 in
1073 2733 1192 2775 illum
1210 2728 1528 2778 benevolentia,
1556 2739 1602 2768 re
1626 2726 1721 2778 ipsa
1743 2724 1827 2776 jam
