2080 2990
635 240 810 273 Uilleium
839 239 1009 272 romum
1037 239 1081 272 dc
1108 238 1295 271 passione
1322 237 1363 270 Ι).
1386 238 1428 271 N.
1451 238 1484 270 J.
1506 238 1545 271 C.

292 336 335 384 lx'g.
348 334 442 384 Ego
458 338 640 385 propter
654 337 698 373 te
713 330 1060 372 Chananaeorum

232 403 357 440 reges
389 389 607 442 permissi,
645 393 688 429 et
720 386 823 429 dedi
857 387 937 428 tibi
969 399 1059 427 sce-

230 452 377 498 ptrum
396 445 558 495 regale:
581 451 599 469 *
612 445 670 485 Et
686 448 735 485 tu
751 443 912 485 dedisti
928 443 1059 495 capiti

230 514 329 543 meo
354 504 550 554 spineam
571 502 791 550 coronam,
815 504 859 541 et
882 511 1057 551 percus-

232 558 325 600 sisti
345 557 556 599 arundine
575 561 709 609 caput
724 569 879 597 meum.
911 555 954 602 ξ’.
978 555 1058 595 Ρό-

230 614 332 666 pule
360 627 502 663 meus,
537 612 643 665 quid
670 613 753 654 feci
779 612 879 661 tibi,
913 616 988 652 aut
1015 611 1058 650 in

231 682 319 722 quo
339 669 595 711 contristavi
614 667 680 711 te?
702 667 923 721 responde
942 666 1058 707 mihi.

229 727 286 767 Et
305 731 352 768 tu
372 725 542 768 dedisti.

543 813 691 852 Lectio
713 827 748 851 v.

339 881 473 922 odum
496 881 653 932 ipsum,
679 879 716 920 si
740 878 973 929 diligenter
997 883 1058 919 at-

359 936 525 986 tendas,
544 949 632 977 non
646 934 781 976 modo
798 935 958 984 mitem,
979 934 1059 975 sed

230 999 273 1034 et
287 993 493 1034 humilem
506 991 640 1033 corde
656 993 909 1042 cognosces.
927 990 1058 1032 Nem-

229 1061 286 1101 pe
305 1049 348 1088 in
362 1048 602 1089 humilitate
622 1047 829 1099 judicium
847 1048 939 1098 ejus
959 1046 1057 1087 sub-

229 1105 365 1146 latum
385 1110 462 1154 est,
486 1117 585 1146 cum
604 1116 686 1145 nec
708 1103 765 1144 ad
783 1108 926 1144 tantas
945 1102 1058 1144 blas-

228 1160 444 1213 phemias,
481 1173 563 1201 nec
590 1159 647 1201 ad
674 1159 926 1208 falsissima,
959 1172 1058 1211 quae

228 1216 312 1258 sibi
338 1216 651 1268 objiciebantur
675 1215 855 1256 crimina
878 1228 1058 1267 respon-

229 1272 362 1314 deret.
390 1272 602 1321 Vidimus,
622 1271 772 1323 inquit,
792 1283 892 1312 eum
910 1276 954 1312 et
970 1284 1058 1313 non

228 1333 321 1369 erat
355 1328 394 1369 ei
430 1330 654 1380 aspectus,
690 1340 771 1368 nec
808 1328 1058 1380 speciosum

228 1384 367 1424 forma
387 1396 480 1436 prae
504 1383 604 1424 filiis
623 1383 859 1431 hominum,
882 1383 962 1424 sed
982 1396 1058 1436 op-

228 1439 455 1491 probrium
491 1439 716 1480 hominum
755 1444 799 1480 et
834 1444 1060 1491 tamquam

227 1495 474 1547 leprosum,
524 1496 809 1537 novissimum
854 1495 1058 1546 virorum,

228 1551 357 1602 plane
385 1551 526 1592 virum
554 1551 758 1593 dolorum
786 1564 811 1592 a
837 1551 934 1592 Deo
962 1564 1058 1604 per-

230 1610 404 1647 cussum
424 1611 468 1648 et
485 1607 772 1657 humiliatum3
796 1607 857 1648 ita
875 1612 923 1648 ut
941 1607 1060 1648 nulla

229 1668 346 1703 esset
376 1662 415 1703 ei
444 1663 630 1715 species,
658 1675 800 1713 neque
829 1661 976 1704 decor.
1021 1663 1058 1704 O

228 1718 513 1759 novissimum
536 1723 580 1760 et
605 1717 880 1760 altissimum!
920 1718 958 1759 Ο
981 1718 1058 1760 hu-

227 1773 375 1814 milem
390 1779 433 1815 et
448 1773 694 1815 sublimem!
717 1774 755 1815 O
771 1773 1060 1826 opprobrium

227 1827 451 1870 hominum
483 1835 527 1871 et
559 1830 744 1880 gloriam
771 1829 1059 1880 Angelorum!

228 1885 370 1926 Nemo
394 1885 469 1926 illo
495 1885 731 1936 sublimior,
755 1898 899 1937 neque
922 1885 1058 1927 humi-

228 1940 321 1981 lior.
353 1941 552 1992 Denique
573 1942 712 1993 sputis
731 1941 866 1982 illitus
885 1946 963 1991 est,
983 1954 1058 1994 op-

229 1996 418 2047 probriis
446 1999 667 2038 saturatus
693 2002 777 2047 est,
805 2002 946 2039 morte
971 2002 1058 2039 tur-

229 2052 408 2102 pissima
427 2051 742 2094 condemnatus
758 2058 835 2102 est,
855 2065 955 2094 cum
970 2066 1059 2094 sce-

229 2105 377 2148 leratis
393 2106 628 2160 deputatus
646 2114 723 2150 est.
750 2107 958 2160 Nihilque
972 2121 1059 2150 me—

229 2161 394 2203 rebitur
409 2163 478 2204 vel
493 2163 576 2205 ista
591 2163 822 2213 humilitas,
835 2176 934 2216 quae
944 2164 1060 2206 hunc

229 2215 362 2259 habet
393 2217 591 2268 modum3
626 2219 714 2260 imo
744 2232 843 2271 quae
874 2225 966 2261 tam
994 2226 1060 2262 est

229 2272 343 2314 ultra
367 2272 570 2315 modum?
612 2275 731 2316 Sicut
757 2281 823 2317 est
848 2276 1060 2328 patientia

230 2328 469 2378 singularis,
492 2330 556 2371 sic
575 2336 618 2371 et
636 2330 856 2372 humilitas
875 2330 1059 2373 admira-

229 2382 342 2433 bilis;
363 2387 548 2436 utraque
568 2385 661 2426 sine
681 2386 894 2438 exemplo.

286 2451 335 2501 R·-
370 2453 465 2502 Ego
502 2452 606 2494 duxi
642 2459 686 2495 te
722 2467 802 2506 per
838 2454 1060 2496 desertum

231 2505 517 2558 quadraginta
533 2509 666 2558 annis,
687 2515 731 2551 et
744 2523 901 2551 manna
917 2510 1059 2552 cibavi
1119 2512 1122 2522 ε

230 2566 291 2602 te:
321 2560 342 2583 *
369 2562 425 2603 Et
452 2569 499 2604 tu
526 2577 595 2605 me
623 2564 822 2607 cecidisti
849 2566 989 2618 alapis
1015 2571 1059 2608 et

231 2617 424 2667 flagellis.
452 2610 501 2660 V.
519 2619 687 2671 Popule
702 2633 836 2671 meuS,
857 2621 962 2673 quid
976 2622 1060 2663 feci

229 2671 324 2721 tibi,
349 2678 423 2714 aut
445 2673 487 2712 in
513 2686 599 2725 quo
625 2677 879 2718 contristavi
902 2676 968 2718 te?
994 2690 1058 2719 re-

232 2727 401 2779 sponde
420 2729 536 2769 mihi.
564 2730 619 2772 Et
637 2737 695 2772 tu.

1418 332 1571 372 Lectio
1591 332 1644 371 vi.

1205 391 1407 441 tremque
1429 394 1576 431 tamen
1597 389 1827 441 magnifice
1848 401 1945 430 cau-

1230 458 1278 486 sa
1301 445 1399 498 ipsa
1423 443 1717 494 commendat,
1743 444 1946 486 nimirum

1114 501 1272 543 caritas
1298 506 1375 543 est.
1416 501 1604 554 Propter
1627 501 1806 542 nimiam
1831 501 1946 542 enim

1113 558 1341 599 caritatem
1377 570 1519 607 suam,
1557 570 1645 609 qua
1677 557 1830 599 dilexit
1863 570 1946 599 nos

1111 614 1254 663 Deus,
1289 619 1338 655 ut
1370 627 1546 655 servum
1576 612 1829 664 redimeret,
1864 626 1947 655 nec

1111 670 1243 711 Pater
1256 670 1381 720 Filio,
1398 683 1481 711 nec
1500 669 1584 711 sibi
1602 670 1738 711 Filius
1756 670 1852 722 ipse
1870 682 1944 723 pe-

1112 726 1263 778 percit.
1298 727 1418 768 Vere
1440 726 1633 776 nimiam,
1659 726 1762 778 quia
1785 731 1829 768 et
1849 725 1947 767 haec

1111 786 1363 824 mensuram
1407 781 1601 832 excedit,
1650 781 1834 824 modum
1876 785 1945 824 su-

1111 843 1248 891 perat,
1271 838 1402 891 plane
1426 838 1755 890 supereminens
1776 837 1945 879 univer-

1112 895 1182 935 sis.
1215 895 1436 947 Maiorem,
1455 895 1606 946 inquit,
1627 894 1856 936 caritatem
1873 907 1944 936 ne-

1111 963 1184 992 mo
1209 950 1357 1001 habet,
1383 964 1515 1004 quam
1537 955 1586 992 ut
1610 950 1799 992 animam
1821 963 1947 992 suam

1111 1012 1248 1059 ponat
1284 1007 1381 1059 quis
1415 1020 1498 1060 pro
1536 1007 1687 1048 amicis
1722 1007 1823 1048 suis.
1876 1007 1946 1048 Tu

1111 1063 1321 1115 majorem
1340 1063 1534 1105 habuisti
1552 1063 1752 1112 Domine,
1774 1075 1946 1116 ponens

1113 1131 1210 1160 eam
1229 1119 1360 1160 etiam
1376 1132 1459 1171 pro
1477 1119 1674 1160 inimicis.
1704 1119 1814 1160 Cum
1831 1119 1947 1161 enim

1112 1174 1257 1216 adhuc
1284 1175 1447 1217 inimici
1476 1177 1692 1225 essemus,
1725 1187 1806 1228 per
1832 1188 1946 1217 mor-

1111 1236 1202 1272 tem
1216 1236 1338 1272 tuam
1352 1236 1396 1273 et
1413 1231 1494 1273 tibi
1512 1231 1782 1273 reconciliati
1796 1244 1947 1273 sumus

1113 1292 1157 1328 et
1177 1287 1308 1328 Patri.
1349 1288 1564 1337 Quaenam
1589 1299 1695 1338 ergo
1720 1287 1806 1329 alia
1828 1286 1946 1337 vider

1111 1342 1229 1384 bitur
1251 1355 1359 1393 esse,
1383 1343 1454 1384 vel
1472 1343 1618 1394 fuisse,
1642 1343 1713 1384 vel
1731 1343 1826 1385 fore
1844 1342 1948 1385 huic

1112 1399 1264 1439 similis
1285 1397 1478 1441 caritati?
1507 1399 1596 1441 Vix
1614 1412 1697 1452 pro
1716 1400 1832 1451 justo
1848 1399 1947 1451 quis

1111 1455 1308 1496 moritur.
1335 1455 1405 1496 Tu
1421 1468 1504 1508 pro
1522 1455 1694 1507 injustis
1712 1467 1872 1508 passus
1887 1467 1947 1505 es,

1111 1511 1303 1553 moriens
1318 1516 1503 1564 propter
1518 1510 1679 1554 delicta
1692 1516 1855 1562 nostra,
1873 1511 1947 1564 qui

1112 1568 1270 1609 venisti
1306 1568 1541 1619 justificare
1575 1567 1713 1618 gratis
1743 1569 1947 1620 peccato-

1112 1635 1194 1673 reS,
1216 1636 1369 1665 servos
1389 1624 1534 1665 facere
1554 1624 1723 1673 fratreS,
1747 1625 1947 1676 captivos

1114 1678 1381 1730 cohaeredes,
1401 1679 1575 1721 exsules
1594 1692 1732 1731 reges.

1167 1736 1218 1788 R.
1248 1739 1345 1790 Ego
1379 1739 1570 1781 exaltavi
1600 1745 1645 1781 te
1675 1751 1835 1790 magna
1865 1739 1946 1781 vir-

1112 1797 1221 1836 tute:
1243 1796 1265 1819 *
1289 1795 1346 1836 Et
1365 1800 1413 1837 tu
1431 1807 1501 1836 me
1522 1794 1791 1848 suspendisti
1808 1795 1853 1836 in
1871 1808 1947 1848 pa-

1112 1850 1253 1892 tibulo
1291 1851 1452 1900 crucis,
1490 1851 1512 1874 *
1544 1851 1595 1891 In
1631 1863 1718 1903 qua
1755 1851 1948 1904 expendi

1112 1919 1266 1947 manus
1285 1919 1406 1948 meas
1430 1906 1488 1948 ad
1507 1906 1722 1959 populum
1744 1919 1834 1948 non
1857 1919 1947 1949 cre-

1113 1961 1289 2003 dentem
1309 1967 1353 2004 et
1375 1961 1761 2004 contradicentem.
1791 1955 1841 2006 V·
1865 1963 1947 2005 Po-

1113 2018 1216 2070 pule
1246 2031 1391 2068 meus,
1425 2018 1533 2070 quid
1559 2019 1643 2060 feci
1669 2018 1768 2069 tibi,
1801 2024 1876 2061 aut
1903 2019 1947 2060 in

1114 2086 1202 2125 quo
1223 2074 1480 2116 contristavi
1498 2072 1566 2116 te?
1589 2073 1811 2127 responde
1828 2074 1944 2116 mihi.

1112 2130 1169 2172 Et
1188 2135 1237 2172 tu
1254 2143 1336 2171 me.
1364 2130 1518 2172 Gloria
1533 2131 1666 2172 Patri.
1693 2131 1745 2171 In
1764 2143 1862 2182 qua.

1334 2210 1383 2250 In
1404 2210 1476 2250 111.
1498 2210 1722 2250 Nocturno.

1167 2275 1266 2316 Ant.
1295 2276 1394 2318 Filii
1411 2277 1647 2320 hominum.

1388 2340 1586 2381 Psalmus
1605 2340 1671 2380 56.

1165 2412 1229 2459 ξς)
1258 2401 1433 2443 iserere
1459 2402 1546 2443 mei
1570 2402 1710 2451 Deus,
1737 2401 1946 2444 miserere

1148 2471 1160 2512 ·.'
1182 2452 1229 2513 ἧς,
1288 2458 1388 2499 mei:
1411 2458 1435 2483 *
1456 2458 1664 2509 quoniam
1682 2458 1726 2498 in
1744 2463 1788 2500 te
1813 2458 1946 2500 confi-

1289 2512 1353 2554 dit
1371 2513 1515 2554 anima
1532 2527 1642 2555 mea.

1163 2569 1220 2610 Et
1238 2568 1282 2608 in
1300 2569 1455 2610 umbra
1472 2570 1640 2611 alarum
1657 2573 1833 2612 tuarum
1849 2582 1945 2623 spe-

1111 2623 1232 2674 rabo,
1251 2625 1275 2650 *
1296 2623 1438 2666 donec
1456 2627 1652 2667 transeat
1670 2626 1888 2678 iniquitas.

1165 2680 1376 2722 Clamabo
1395 2680 1453 2722 ad
1468 2681 1612 2722 Deum
1631 2682 1905 2724 altissimum:
1921 2682 1946 2709 *

1110 2735 1255 2777 Deum
1275 2735 1350 2787 qui
1368 2735 1585 2778 benefecit
1603 2737 1719 2778 mihi.
1870 2751 1873 2753 ·
