2080 2990
241 225 341 270 [208]

296 325 342 375 lx{·.
375 323 434 363 br.
478 322 608 364 Stetit
642 322 836 373 Angelus
872 327 894 350 *
933 323 1064 363 Juxta
1137 311 1140 315 ’

241 389 359 418 aram
394 377 556 429 templi.
601 378 740 420 Stetit.
799 375 846 425 V.
884 378 1063 420 Habens

239 432 505 475 thuribulum
537 437 716 476 aureum
747 435 790 475 in
818 448 948 476 manu
974 447 1062 475 sua.

239 490 380 531 Juxta.
416 490 561 532 (iloria
580 491 709 533 Patri.
735 492 875 533 Stetit.

298 551 340 599 Y.
365 554 577 597 Ascendit
595 555 737 597 fumus
757 558 1000 597 aromatum
1020 555 1062 595 in

241 614 481 664 conspectu
511 612 698 653 Domini.
754 615 799 663 Ιζι.
833 612 899 653 De
931 624 1063 652 manu

240 667 408 719 Angeli.

516 746 583 782 Ad
605 745 790 782 Sextam.

296 819 392 857 Ant.
424 815 577 866 Angeli
596 817 756 857 eorum.

344 887 600 939 Capitulum.
717 890 851 939 Apoc.
869 890 904 927 Γ).
924 900 956 927 c.

241 953 434 1061 Aidivi
452 971 606 1000 vocem
620 958 890 1008 Angelorum
906 957 1061 999 multo—

351 1028 445 1056 rum
463 1015 506 1055 in
526 1015 709 1056 circuitu
728 1014 891 1064 throni,
911 1019 955 1056 et
975 1014 1060 1055 ani-

240 1071 435 1120 malium,
462 1076 505 1113 et
530 1071 764 1113 seniorum:
799 1075 843 1112 et
868 1076 961 1112 erat
987 1074 1060 1111 nu-

239 1140 383 1168 merus
403 1130 554 1168 eorum
576 1127 709 1168 millia
727 1127 924 1176 millium,
952 1139 1061 1168 voce

240 1196 396 1235 magna
428 1183 676 1226 dicentium:
709 1184 834 1226 Salus
862 1184 959 1225 Deo
986 1195 1060 1225 no-

240 1245 343 1281 stro.

292 1314 341 1365 Ιζι.
375 1313 434 1354 br.
479 1312 692 1355 Ascendit
722 1314 864 1355 fumus
896 1316 1061 1356 aroma-

238 1373 331 1410 tum
342 1371 363 1393 *
375 1369 425 1409 In
441 1371 679 1422 conspectu
689 1370 878 1411 Domini.
897 1371 1061 1412 Ascen-

239 1426 314 1467 dit.
351 1421 398 1471 N.
428 1426 494 1467 De
523 1439 653 1468 manu
679 1427 846 1478 Angeli.
883 1428 934 1468 In
963 1440 1061 1469 con-

240 1483 405 1534 spectu.
436 1482 583 1524 Gloria
601 1483 732 1525 Patri.
759 1484 985 1526 Ascendit.

293 1545 341 1595 V.
355 1551 407 1591 In
418 1553 657 1604 conspectu
668 1553 937 1605 Angelorum
950 1554 1062 1607 psal-

239 1607 325 1647 lam
352 1606 430 1648 tibi
455 1607 576 1649 Deus
600 1622 735 1650 meus.
772 1610 820 1660 Ιζι.
849 1610 1061 1652 Adorabo

239 1662 295 1704 ad
309 1663 518 1716 templum
534 1670 732 1707 sanctum
745 1672 880 1717 tuum,
902 1672 945 1708 et
962 1680 1062 1709 con·

238 1719 398 1761 fitebor
415 1721 579 1762 nomini
596 1727 684 1763 tuo.

517 1824 584 1861 Ad
607 1825 790 1863 Nonam.

293 1895 388 1936 Ant.
422 1893 586 1944 Angeli,
606 1893 880 1945 Archangeli.

317 1972 572 2022 Capitulum.
721 1974 855 2025 Apoe.
871 1974 927 2013 12.
946 1973 984 2013 b.

241 2032 462 2137 Factum
487 2042 554 2078 est
577 2039 776 2090 praelium
793 2053 997 2092 magnum
1016 2041 1061 2081 in

337 2092 468 2134 coelo:
496 2093 683 2136 Michael
713 2101 756 2137 et
782 2097 940 2149 Angeli
971 2097 1061 2148 ejus

239 2148 551 2199 praeliabantur
570 2163 668 2192 cum
684 2151 887 2204 dracone,
907 2159 951 2195 et
966 2152 1060 2195 dra-

241 2216 293 2245 co
314 2204 546 2257 pugnabat,
566 2212 609 2249 et
628 2209 769 2259 angeli
789 2211 893 2262 ejus:
912 2216 956 2252 et
973 2223 1061 2252 non

242 2260 578 2313 praevaluerunt,
602 2277 743 2318 neque
770 2266 892 2308 locus
916 2267 1061 2308 inven-

240 2322 310 2358 tus
330 2321 396 2358 est
414 2319 564 2360 eorum
583 2321 767 2374 amplius
786 2323 829 2363 in
849 2323 974 2365 coelo.

294 2391 342 2442 Ru
363 2392 422 2433 br.
455 2392 505 2432 In
530 2396 769 2446 conspectu
792 2396 1061 2447 Angelorum

243 2447 265 2470 *
299 2447 488 2489 Psallam
527 2449 606 2491 tibi
641 2451 762 2493 Deus
803 2465 936 2494 meus.
998 2453 1060 2494 In.

244 2496 292 2547 V.
316 2502 526 2546 Adorabo
553 2506 609 2548 ad
632 2508 843 2561 templum
863 2514 1061 2551 sanctum

240 2562 376 2607 tuum,
422 2564 465 2601 et
501 2563 742 2605 confitebor
776 2566 938 2607 nomini
972 2571 1060 2607 tuo.

240 2613 438 2655 Psallam.
469 2617 617 2660 Gloria
635 2620 765 2662 Patri.
795 2622 855 2662 In.

296 2675 344 2726 V.
380 2679 575 2723 Adorate
610 2684 763 2726 Deum.
817 2688 866 2738 Ru
898 2687 1060 2729 Omnes

240 2734 397 2786 Angeli
423 2737 523 2788 ejus.

679 229 854 262 (mit-ium
880 230 1051 263 votivum
1077 230 1123 263 de
1147 228 1298 262 Sanctis
1324 229 1495 270 Angelis.

1319 325 1380 365 In
1401 324 1460 366 11.
1483 325 1734 375 vesperis.

1167 393 1254 426 Ant.
1271 394 1317 427 dc
1333 393 1453 427 Laud.
1469 390 1567 435 [207]
1591 393 1651 428 Ps.
1667 398 1707 428 ut
1724 394 1762 427 in
1779 394 1805 428 Ι.
1823 394 1938 437 Vesp.

1116 442 1162 475 dc
1184 441 1327 475 (Iomm,
1346 443 1482 485 Apost.
1498 438 1545 483 [2]
1565 446 1601 476 et
1615 442 1703 477 loco
1720 442 1842 476 ultimi

1383 503 1577 543 l‘sulmus
1597 503 1681 542 137.

1117 558 1408 665 Confitebor
1440 561 1520 603 tibi
1552 561 1739 603 Domine
1770 561 1814 602 in
1844 565 1940 603 toto

1209 616 1342 659 eorde
1365 631 1480 660 meo:
1502 619 1526 646 *
1551 618 1757 670 quoniam
1781 617 1942 660 audisti

1114 673 1249 715 verba
1271 674 1359 715 oris
1378 675 1475 716 mei.

1164 730 1216 771 In
1251 733 1493 783 conspectu
1524 730 1796 782 Angelorum
1826 729 1940 783 psal-

1113 786 1199 827 lam
1233 786 1328 829 tibi:
1357 788 1380 813 *
1408 787 1606 829 adorabo
1641 786 1698 829 ad
1727 786 1941 840 templum

1114 848 1312 885 sanctum
1344 848 1481 895 tuum,
1513 849 1556 886 et
1588 843 1833 886 confitebor
1866 845 1941 885 no-

1113 899 1217 940 mini
1235 905 1324 941 tuo.

1168 956 1309 1009 Super
1331 956 1634 1011 misericordia
1657 961 1746 1007 tua,
1770 961 1815 998 et
1832 955 1940 997 veri-

1112 1013 1203 1053 tate
1236 1018 1325 1054 tua:
1356 1014 1380 1039 *
1416 1013 1622 1066 quoniam
1652 1012 1941 1065 magnificasti

1113 1081 1245 1121 super
1261 1082 1399 1120 omne,
1418 1082 1578 1112 nomen
1593 1075 1793 1112 sanctum
1806 1074 1940 1112 tuum.

1163 1126 1214 1166 In
1254 1129 1529 1179 quacumque
1566 1126 1638 1168 die
1674 1127 1939 1168 invocavero

1112 1187 1172 1232 te,
1203 1182 1364 1224 exaudi
1390 1196 1475 1225 me:
1502 1183 1526 1209 *
1553 1182 1866 1236 multiplicabis
1896 1182 1941 1223 in

1113 1238 1256 1280 anima
1274 1252 1372 1281 mea
1390 1240 1607 1281 virtutem.

1166 1295 1466 1338 Confiteantur
1483 1295 1565 1338 tibi
1580 1296 1769 1338 Domine
1788 1307 1941 1337 omnes

1113 1364 1239 1403 reges
1272 1358 1417 1394 terrae:
1445 1353 1469 1378 *
1498 1353 1600 1405 quia
1632 1352 1863 1395 audierunt
1896 1353 1940 1394 o-

1112 1408 1229 1449 mnia
1247 1408 1383 1451 verba
1402 1409 1491 1451 oris
1509 1409 1590 1451 tui:

1165 1465 1223 1506 Et
1243 1470 1419 1507 cantent
1433 1465 1478 1506 in
1492 1465 1574 1507 viis
1588 1465 1781 1507 Domini:
1794 1465 1819 1492 *
1834 1466 1940 1518 quo-

1113 1521 1230 1562 niam
1248 1534 1406 1572 magna
1425 1526 1492 1563 est
1511 1521 1652 1573 gloria
1670 1521 1860 1563 Domini.

1167 1578 1383 1628 Quoniam
1411 1578 1609 1620 excelsus
1635 1578 1868 1628 Dominus,
1896 1582 1943 1620 et

1114 1632 1292 1675 humilia
1317 1634 1509 1687 respicit:
1531 1635 1556 1661 *
1580 1639 1623 1677 et
1650 1635 1740 1677 alta
1763 1647 1790 1676 a
1811 1633 1942 1686 longe

1114 1691 1352 1741 cognoscit.

1165 1747 1210 1787 Si
1229 1747 1512 1789 ambulavero
1531 1747 1574 1788 in
1597 1746 1744 1790 medio
1762 1747 1940 1790 tribula-

1113 1803 1261 1854 tionis,
1294 1803 1538 1846 vivificabis
1568 1817 1654 1846 me:
1682 1804 1706 1830 *
1734 1809 1779 1846 et
1809 1816 1942 1857 super

1113 1860 1221 1901 iram
1238 1861 1514 1902 inimicorum
1531 1863 1730 1903 meorum
1749 1859 1942 1903 extendi-

1114 1917 1171 1958 sti
1189 1930 1365 1958 manum
1383 1922 1519 1967 tuam,
1545 1922 1589 1959 et
1607 1917 1777 1960 salvum
1793 1930 1864 1960 me
1882 1917 1940 1959 fe-

1113 1973 1173 2015 cit
1192 1972 1373 2016 dextera
1390 1978 1476 2015 tua.

1156 2030 1371 2071 Dominus
1385 2030 1597 2073 retribuet
1610 2043 1692 2083 pro
1707 2043 1791 2073 me:
1804 2031 1828 2057 *
1842 2030 1940 2072 Dfie

1113 2086 1414 2128 misericordia
1422 2091 1500 2128 tua
1514 2087 1557 2128 in
1571 2086 1794 2129 saeculum:
1805 2089 1940 2140 opera

1112 2145 1319 2184 manuum
1337 2145 1511 2185 tuarum
1530 2156 1585 2186 ne
1604 2143 1835 2197 despicias.

1170 2210 1293 2254 Capit.
1315 2215 1352 2245 ct
1372 2210 1511 2254 Hymn.
1534 2214 1574 2245 ut
1594 2210 1632 2244 in
1655 2209 1681 2244 Ι.
1703 2209 1818 2254 Vesp.
1844 2211 1940 2257 [199]

1171 2257 1219 2308 V.
1229 2264 1279 2304 In
1294 2266 1535 2318 conspeetu
1547 2264 1817 2316 Angelorum
1826 2264 1940 2318 psal-

1113 2319 1200 2360 lam
1224 2319 1305 2361 tibi
1327 2320 1450 2362 Deus
1476 2333 1610 2362 meus.
1655 2319 1704 2371 R.
1726 2320 1939 2363 Adorabo

1114 2375 1170 2417 ad
1184 2376 1398 2429 templum
1412 2382 1611 2419 sanctum
1627 2372 1761 2428 tuum,
1781 2382 1825 2420 et
1840 2390 1939 2420 con-

1113 2431 1271 2474 fitebor
1289 2433 1453 2474 nomini
1471 2438 1560 2475 tuo.

1172 2499 1239 2540 Ad
1266 2500 1435 2547 Magnif.
1472 2499 1569 2540 Ant.
1604 2500 1748 2542 Sancti
1771 2500 1939 2552 Angeli‚

1113 2555 1136 2581 *
1156 2554 1229 2607 qui
1247 2555 1344 2596 Deo
1368 2555 1412 2596 in
1438 2555 1559 2597 coelis
1584 2569 1756 2610 semper
1778 2557 1939 2599 assisti·

1113 2611 1179 2661 tis,
1199 2610 1417 2653 defendite
1436 2625 1517 2654 nos
1535 2613 1578 2653 in
1597 2613 1767 2665 praelio,
1786 2618 1834 2656 ut
1851 2626 1939 2655 non

1112 2670 1344 2720 pereamus
1362 2669 1405 2709 in
1424 2668 1651 2711 tremendo
1670 2669 1843 2722 judicio.

1450 2752 1733 2780 -ο-Φ-ο--ῌ
