2040 2990
767 215 807 247 ln
834 215 1052 258 Epiphania
1075 215 1240 249 Domini.

181 309 342 351 Videre
361 314 596 362 postquam
615 309 736 351 illum
755 310 881 361 Magi,

227 366 322 408 an
340 371 549 419 promunt
567 369 764 408 munera:

226 422 448 475 Stratique
466 423 580 465 votis
601 422 789 464 Offerunt

229 478 368 529 Thus,
396 479 634 531 myrrham,
664 484 708 521 et
735 492 888 521 aurum
915 481 977 521 re-

459 536 588 587 gium.

180 608 345 657 Regem
363 606 595 659 Deumque
614 606 869 647 annuntiant

227 661 490 712 Thesaurus
510 667 554 704 et
572 663 768 714 fragrans
789 662 900 704 odor

227 718 387 760 Thuris
407 719 561 769 Sabaei,
580 732 631 760 ac
649 718 878 771 myrrheus

227 774 376 816 Pulvis
396 775 676 828 sepulchrum
694 775 930 828 praedocet.

175 845 288 894 Jesu‚
306 844 385 886 tibi
404 845 460 886 sit
477 844 627 895 gluria,

227 901 311 951 Qui
330 902 573 954 apparuisti
593 900 817 950 Gentibus,

227 957 336 1000 Cum
353 958 495 1007 Patre,
515 963 558 1000 et
577 957 691 999 almo
711 957 875 1010 Spiritu

224 1015 276 1055 In
295 1014 561 1067 sempiterna
580 1013 750 1056 saecula.

457 1071 610 1113 Amen.

194 1137 243 1188 V.
282 1139 480 1182 Adorate
507 1141 670 1190 Deum,
703 1139 884 1191 alleluia.
921 1142 968 1193 R„

149 1197 312 1239 Omnes
331 1197 490 1248 Angeli
509 1197 610 1249 ejus,
634 1195 815 1248 alleluia.

196 1267 267 1307 Ad
301 1267 457 1307 Bened.
486 1268 584 1306 Ant.
631 1265 770 1307 Hodie
805 1264 975 1306 coelesti

147 1335 311 1375 sponso
343 1323 489 1374 iuncta
520 1327 587 1364 est
617 1322 832 1371 Ecclesia,
871 1323 974 1373 quu-

146 1379 263 1420 niam
280 1379 324 1420 in
338 1379 363 1419 J
365 1378 530 1420 ordane
548 1379 654 1420 lavit
670 1378 867 1420 Christus
884 1378 975 1429 eius

147 1435 346 1477 crimina:
382 1440 562 1477 currunt
594 1448 694 1477 cum
723 1434 974 1476 muneribus

147 1491 264 1542 Magi
278 1491 335 1533 ad
349 1491 519 1543 regales
534 1492 720 1544 nuptias,
735 1495 779 1533 et
794 1504 848 1533 ex
862 1503 975 1543 aqua

146 1547 264 1645 facto
287 1548 390 1590 vino
411 1547 616 1590 laetantur
639 1550 850 1597 convivae,
874 1546 974 1588 alle·

163 1605 243 1655 uia.

477 1657 641 1699 Oratio.

235 1734 328 1772 8118,
355 1722 429 1775 qui
452 1721 664 1764 hodierna
684 1721 756 1764 die
774 1722 974 1773 Unigeni-

249 1783 343 1820 tum
356 1783 480 1820 tuum
492 1778 708 1820 Gentibus
723 1779 849 1821 stella
864 1778 974 1820 duce

147 1834 366 1876 revelasti:
381 1834 575 1877 concede
590 1835 822 1888 propitius;
837 1839 886 1876 ut
900 1835 975 1886 qui

146 1890 231 1942 iam
253 1895 298 1933 te
321 1903 377 1932 ex
398 1890 487 1933 fide
510 1891 810 1942 cognnvimus‚
835 1903 974 1943 usque

148 1946 204 1989 ad
241 1947 624 2000 contemplandam
661 1947 853 2000 speciem
886 1952 973 1988 tuae

147 2002 416 2046 celsitudinis
433 2003 735 2057 perducamur.
758 2004 843 2045 Per
858 2006 972 2045 eum-

147 2058 248 2101 dem
266 2060 514 2101 Duminum.

415 2133 483 2170 Ad
506 2134 707 2170 Primam.

194 2196 243 2235 In
259 2197 306 2247 R·.
321 2196 394 2241 br..
412 2191 462 2242 Y'.
477 2194 561 2245 Qui
576 2193 817 2246 apparuisti
831 2192 972 2235 hudie.

194 2256 240 2290 Et
264 2257 319 2291 sic
344 2258 484 2291 dicitur
508 2269 576 2301 per
599 2263 717 2292 totam
743 2260 935 2293 octauum.

415 2323 482 2360 Ad
506 2323 706 2360 Tertiam.

198 2382 297 2423 Ant.
324 2383 450 2426 Venit
468 2385 614 2426 lumen
634 2389 766 2426 tuum.

199 2447 335 2499 Capit.
361 2449 509 2501 Surge,
528 2449 780 2490 illuminare.
818 2448 912 2489 258.

198 2507 246 2558 Rv.
275 2507 336 2548 br.
369 2510 514 2561 Reges
538 2509 719 2550 Tharsis
749 2513 792 2550 et
819 2507 971 2549 insulae

148 2567 329 2606 munera
355 2565 558 2614 afferent,
587 2567 607 2590 *
640 2565 846 2616 Alleluia,
873 2563 972 2605 alle-

147 2619 244 2671 luja.
280 2621 436 2671 Reges.
472 2617 520 2667 Y.
544 2622 690 2672 Reges
710 2620 905 2662 Arabum
929 2624 972 2660 et

147 2675 262 2717 Saba
287 2675 402 2717 dona
425 2677 654 2719 adducent.
690 2676 891 2727 Alleluia,
915 2675 971 2716 al-

147 2731 286 2784 leluia.
313 2732 467 2774 ('}16ria
484 2734 615 2775 Patri.
643 2734 798 2784 Reges.

1079 308 1129 359 Υ.
1161 312 1324 354 Omnes
1345 312 1399 355 de
1417 314 1531 355 Saba
1551 315 1734 366 venient,
1756 316 1854 358 alle-

1030 367 1126 420 luia.
1158 371 1205 422 Rg.
1230 369 1399 410 Aurum
1418 375 1462 411 et
1480 370 1580 412 thus
1599 371 1855 422 deferentes,

1030 424 1212 477 alleluia.

1305 482 1372 518 Ad
1395 483 1580 520 Sextam.

1081 535 1178 575 Ant.
1211 535 1384 586 Apertis
1402 534 1617 577 thesauris
1636 537 1735 577 suis.

1129 601 1385 652 Capitulum.
1607 604 1655 642 Is.
1676 605 1745 643 (50.

1030 655 1188 761 Leva
1214 660 1257 700 in
1282 660 1465 702 circuitu
1491 660 1642 702 (iculos
1667 666 1783 712 tuos,
1812 667 1855 704 et

1134 716 1252 758 vide:
1298 729 1449 758 omnes
1488 717 1559 758 isti
1603 719 1855 770 congregati

1030 778 1145 822 sunt,
1166 774 1378 814 venerunt
1396 773 1489 814 tibi:
1514 773 1590 814 filii
1609 774 1672 815 tui
1691 774 1746 816 de
1765 775 1854 815 lon-

1027 842 1082 879 ge
1108 830 1299 879 vanient‚
1329 834 1372 871 et
1395 829 1498 871 fssiae
1524 835 1612 871 tuae
1639 829 1694 872 de
1719 831 1854 872 latere

1029 890 1217 937 surgent.

1014 976 1017 978 .
1081 942 1126 993 Rg.
1147 941 1207 981 br.
1238 942 1400 984 Omnes
1421 942 1476 984 de
1495 942 1609 984 Saba
1628 943 1811 992 venient,
1828 947 1848 969 *

1028 998 1231 1050 Alleluia,
1259 999 1440 1051 alleluia.
1477 999 1650 1040 Omnes.
1685 995 1733 1046 Y.
1768 999 1854 1040 Au-

1028 1068 1124 1096 rum
1153 1060 1196 1096 et
1223 1055 1324 1097 thus
1353 1055 1610 1098 deferentes.
1658 1057 1854 1107 Alleluia,

1027 1111 1208 1163 alleluja.
1244 1112 1395 1153 Gluria
1418 1113 1549 1153 Patri.
1586 1113 1759 1154 Omnes.

1077 1163 1126 1213 Y'.
1163 1168 1361 1210 Adorate
1388 1169 1642 1218 D6minum‚
1674 1169 1854 1221 alleluja.

1025 1224 1075 1264 R·
1106 1225 1156 1265 In
1176 1225 1274 1266 aula
1293 1230 1444 1266 sancta
1463 1226 1563 1277 eius,
1591 1226 1771 1278 alleluia.

1304 1294 1372 1330 Ad
1394 1295 1576 1330 Nonam.

1078 1346 1178 1385 Ant.
1207 1346 1341 1387 Stella
1359 1346 1453 1388 ista.

1129 1408 1385 1459 Capitulum.
1600 1407 1652 1446 Is.
1673 1408 1711 1446 6(
1724 1412 1743 1445 ).

1110 1481 1233 1510 mnes
1260 1468 1315 1510 de
1340 1468 1454 1510 Saba
1482 1468 1671 1517 venient,
1700 1480 1852 1508 aurum

1131 1529 1175 1566 et
1198 1525 1298 1566 thus
1323 1524 1585 1574 deferentes,
1613 1529 1656 1566 et
1679 1522 1852 1565 laudem

1026 1581 1218 1623 D6mino
1238 1581 1553 1623 annuntiantes.

1079 1638 1125 1689 Ιᾷ.
1150 1637 1212 1678 br.
1244 1637 1442 1680 Adorate
1461 1638 1714 1687 D6minum,
1738 1638 1759 1661 *
1780 1636 1852 1678 Al-

1027 1694 1166 1746 leluia,
1181 1694 1361 1746 alleluia.
1388 1694 1597 1736 Adorate.
1623 1688 1670 1737 Y'.
1687 1694 1738 1733 In
1754 1693 1851 1734 aula

1029 1755 1180 1792 sancta
1198 1751 1299 1802 eius.
1326 1750 1522 1801 Alleluia,
1543 1749 1723 1800 alleluia.
1750 1749 1851 1789 Glu-

1028 1807 1092 1848 ria
1109 1807 1239 1848 Patri.
1270 1806 1477 1848 Adorate.

1078 1857 1126 1908 Y.
1161 1862 1358 1904 Adorate
1386 1863 1547 1911 Deum,
1576 1861 1756 1912 alleluia.
1799 1861 1846 1912 R.

1028 1919 1191 1960 Omnes
1210 1918 1368 1970 Angeli
1387 1919 1488 1969 eiuS‚
1516 1917 1697 1969 alleluia.

1229 1999 1290 2039 In
1316 1999 1377 2040 11.
1397 1999 1646 2048 vesperis.

1076 2062 1311 2105 Antiphonae
1338 2062 1383 2096 de
1397 2062 1605 2102 Laudibus.
1631 2062 1774 2096 Psalmi
1799 2062 1845 2096 dc

1025 2110 1238 2143 Dominica.
1267 2108 1349 2143 108.

1074 2158 1120 2191 Et
1145 2157 1200 2191 sie
1225 2158 1364 2192 dieitur
1388 2168 1456 2201 per
1480 2162 1597 2207 totam
1623 2158 1815 2191 Octavam.

1078 2205 1210 2248 Capit..
1236 2206 1411 2249 Hymnus
1438 2211 1473 2240 et
1500 2207 1541 2247 Υ.
1567 2211 1607 2240 ut
1632 2206 1669 2239 in
1693 2205 1844 2247 LY'esp.

1079 2253 1146 2293 Ad
1168 2253 1340 2301 Magnis.
1363 2254 1459 2294 Ant.
1486 2252 1645 2294 Tribus
1668 2253 1847 2293 miracu-

1026 2309 1078 2349 lis
1094 2311 1296 2350 ornatum
1310 2308 1426 2350 diem
1441 2314 1639 2350 sanctum
1654 2308 1850 2350 e61imus:

1026 2364 1157 2406 hudie
1185 2365 1310 2407 stella
1333 2365 1486 2416 Magos
1513 2364 1636 2406 duxit
1661 2364 1717 2406 ad
1740 2378 1849 2417 prae-

1027 2421 1210 2473 sepium:
1239 2421 1370 2463 hodie
1398 2422 1545 2462 vinum
1573 2434 1626 2462 ex
1655 2434 1768 2473 aqua
1793 2420 1849 2461 fa-

1028 2482 1146 2518 ctum
1169 2482 1235 2519 est
1254 2477 1310 2519 ad
1329 2478 1516 2530 nuptias:
1543 2477 1675 2518 hudie
1694 2477 1738 2517 in
1757 2477 1781 2517 J
1784 2489 1849 2517 or-

1027 2533 1139 2575 dane
1167 2546 1192 2574 a
1217 2534 1385 2575 Joanne
1411 2533 1608 2574 Christus
1635 2532 1848 2585 baptizari

1025 2589 1172 2639 voluit,
1197 2595 1244 2631 ut
1263 2589 1453 2631 salvaret
1472 2602 1563 2639 nos,
1592 2589 1772 2639 alleluia.

1073 2644 1112 2679 Si
1131 2645 1350 2688 Epiphania
1372 2645 1519 2679 venerit
1544 2644 1580 2677 in
1598 2644 1776 2678 Sabbato.
1803 2642 1839 2675 in

1008 2692 1066 2726 ·Π.
1084 2693 1199 2736 Vesp.
1222 2694 1264 2727 fit
1287 2694 1491 2727 Commcm.
1509 2692 1720 2726 Dominicae
1744 2689 1838 2723 infra

1021 2740 1214 2774 Octavam.
