2080 2990
1769 192 1918 310 [2955]

507 244 575 276 Die
605 243 651 276 17.
676 242 783 275 Febr.
833 242 948 282 Fuga*
974 241 1016 274 D.
1044 241 1086 274 N.
1113 242 1143 274 ..l
1172 243 1209 274 (3,,
1239 243 1272 273 {11
1300 242 1519 283 „‘l·]3.¹,)‘]³st1111.

208 343 306 383 Ant.
349 342 524 383 Mittens
562 341 782 390 Herodes,
821 338 985 381 occidit
1012 313 1323 386 ¹exercituum,
1351 338 1471 378 Deus
1495 341 1596 377 tuus
1620 349 1719 377 cum
1741 339 1863 387 pote-

155 410 308 441 omnes
330 400 510 450 pueros,
539 397 614 449 qui
642 402 765 438 erant
787 397 831 436 in
853 395 983 437 Beth·
1038 396 1152 435 state
1169 407 1336 444 magna.
1365 393 1585 434 Liberare.

153 454 298 495 lehem
316 458 360 494 et
377 453 422 493 in
442 452 643 494 omnibus
660 452 821 494 finibus
841 452 943 502 ejus.

214 512 310 551 Ant.
348 511 386 550 A
418 509 586 550 bimatu
614 514 658 549 et
685 508 797 549 infra
824 506 986 548 occidit

154 567 316 608 multos
357 569 522 619 pueros
558 563 762 605 Herodes
802 568 986 615 propter

156 622 404 664 Dominum.

211 675 261 726 V.
313 678 418 719 Vox
461 676 505 716 in
541 677 682 716 Rama
723 674 873 716 audita
910 679 987 715 est.

158 738 209 788 R.
233 733 439 774 Ploratus
469 737 515 773 et
540 731 731 773 ululatus
754 730 928 771 multus.

220 812 374 852 Sermo
405 809 544 850 sancti
571 808 752 849 Joannis
781 807 915 858 Chry-

475 866 670 906 sestomi.

307 930 476 964 Homilia
498 930 530 961 Β.
551 928 585 960 in
607 927 839 960 Matthaeum.

463 988 614 1028 Lectio
635 987 686 1025 iv.

166 1064 270 1102 f
276 1070 327 1097 ur
341 1057 385 1096 in
399 1057 644 1108 AEgyptum
657 1067 767 1106 puer
782 1052 988 1095 mittitur?

163 1101 171 1160 ἶ,
193 1099 270 1170 L]
295 1113 483 1154 Causam
527 1112 572 1151 in
613 1110 765 1162 primis
805 1108 990 1162 protulit

167 1161 264 1193 ⁵³5³·
294 1167 576 1218 Evangelista
613 1166 778 1207 dicens:
822 1165 881 1206 Ut
913 1165 988 1204 im-

159 1224 354 1277 pleretur
376 1223 499 1264 illud:
526 1223 594 1263 Ex
613 1223 810 1273 AEgypto
834 1220 991 1261 vocavi

159 1280 318 1321 Filium
330 1292 491 1329 meum3
511 1278 728 1330 simulque
747 1277 877 1318 bonae
896 1276 990 1328 spei

158 1335 378 1388 proo'emia
403 1335 487 1376 toti
515 1333 612 1375 orbi
637 1331 989 1386 praenuntiaban-

158 1396 240 1433 tur.
278 1391 390 1440 Quia
419 1390 532 1431 enim
558 1388 761 1440 Babylon
789 1393 833 1429 et
858 1389 990 1439 AEgy-

158 1452 262 1499 ptus
289 1446 525 1499 plusquam
551 1444 745 1495 reliquus
771 1443 890 1485 orbis
914 1444 989 1484 im-

159 1503 337 1555 pietatis
366 1501 579 1542 ardebant
608 1500 798 1549 flamma,
836 1499 890 1540 ab
920 1512 990 1540 ex-

160 1557 288 1599 ordio
331 1557 578 1605 declarans,
619 1568 667 1596 se
705 1555 856 1596 ambas
894 1555 991 1596 illas

160 1614 362 1664 regiones
386 1612 733 1660 emendaturum,
760 1616 803 1652 et
827 1610 883 1652 ad
904 1623 990 1652 me-

160 1670 270 1710 liora
307 1669 614 1717 deducturum,
659 1666 875 1718 simulque
912 1679 992 1718 per

160 1725 257 1766 haec
283 1724 481 1766 indicans
510 1723 641 1765 etiam
669 1722 751 1764 toti
778 1724 993 1764 terrarum

161 1780 257 1823 orbi
270 1781 388 1823 bona
402 1777 702 1832 exspectanda
717 1790 825 1827 esse,
845 1782 889 1818 et
903 1777 991 1818 Ma-

160 1849 242 1887 gos
265 1836 399 1886 misit,
434 1841 478 1877 et
502 1836 598 1888 ipse
625 1847 725 1875 cum
747 1834 889 1875 Matre
915 1846 994 1874 sua

161 1893 386 1947 profectus
414 1896 492 1933 est.
527 1890 601 1931 Ad
623 1890 722 1931 haee
744 1901 850 1931 vero
875 1889 994 1929 aliud

162 1949 294 1991 etiam
310 1947 413 1990 inde
431 1947 653 1995 docemur,
673 1943 794 1996 quod
813 1957 902 1985 non
918 1957 991 1996 pa-

161 2018 259 2047 rum
285 2017 366 2045 nos
395 2003 452 2044 ad
478 2000 806 2054 philosophiam
834 2000 993 2041 incitet.

162 2061 395 2112 Quodnam
414 2057 547 2101 illud?
576 2055 706 2107 Quod
725 2056 780 2097 ab
799 2055 898 2108 ipso
918 2056 993 2095 ini-

161 2118 224 2159 tio
247 2116 513 2159 tentati6nes
537 2119 581 2155 et
603 2111 799 2165 pericula
818 2111 904 2152 sint
923 2124 993 2152 ex-

162 2171 414 2225 spectanda.
460 2169 577 2211 Vide
603 2179 810 2219 namque,
837 2165 883 2208 id
910 2167 995 2218 ipsi

164 2228 219 2270 ab
237 2226 511 2269 incunabulis
531 2223 754 2266 accidisse·
785 2222 901 2263 Nam
918 2222 994 2263 illo

164 2288 268 2325 nato
297 2283 399 2324 furit
425 2283 652 2333 tyrannus,
684 2278 786 2319 hinc
817 2278 920 2328 fuga
952 2284 995 2320 et

164 2338 489 2389 transmigratio
517 2337 561 2377 in
590 2334 730 2378 exsilii
756 2333 922 2383 locum,
952 2339 996 2375 et

164 2395 314 2436 insons
330 2394 470 2435 Mater
488 2394 532 2434 in
549 2391 838 2435 barbarorum
856 2390 994 2440 regio-

165 2463 266 2492 nem
285 2463 333 2491 se
350 2449 551 2502 proripit.

224 2518 274 2567 Rg.
295 2515 507 2565 AEgypte‚
531 2512 621 2554 noli
640 2512 763 2561 flere,
788 2511 889 2562 quia
907 2510 995 2550 Do-

166 2570 355 2611 minator
372 2574 474 2610 tuus
488 2568 636 2609 veniet
650 2567 740 2616 tibi,
760 2572 860 2608 ante
876 2566 996 2617 cujus

168 2627 455 2678 conspectum
479 2623 773 2665 movebuntur
792 2621 953 2674 abyssi,
978 2622 998 2643 *

167 2680 376 2722 Liberare
399 2679 615 2732 populum
639 2692 766 2720 suum
789 2678 844 2718 de
867 2689 997 2717 manu

167 2736 390 2788 potentiae.
420 2733 466 2782 ,Ψ
486 2735 603 2776 Ecce
621 2735 767 2776 veniet
782 2732 997 2774 Daminus

1356 455 1503 494 Lectio
1527 469 1561 493 v.

1042 508 1183 611 Hoc
1214 504 1416 556 exemplo
1442 504 1574 544 fultus
1606 504 1775 545 fortiter
1808 504 1864 545 fe-

1143 573 1230 609 raS,
1259 572 1436 609 gnarus,
1461 559 1574 600 hanc
1597 572 1696 600 cum
1714 560 1866 611 primis

1040 630 1136 659 esse
1161 615 1453 668 spiritualium
1475 615 1668 656 virorum
1691 620 1866 665 sortem,

1038 679 1087 714 ut
1120 672 1284 723 ubique
1314 670 1629 712 tentationibus
1656 671 1866 722 impetan-

1039 734 1120 770 tur.
1174 726 1488 768 Animadverte
1520 726 1667 776 igitur,
1704 725 1749 767 id
1780 738 1868 766 non

1041 784 1182 825 solum
1214 782 1346 823 Pueri
1377 782 1506 822 Matri
1538 780 1754 831 accidere,
1790 781 1869 822 sed

1042 840 1172 881 etiam
1209 838 1408 880 barbaris
1443 837 1544 886 illis3
1586 850 1686 877 nam
1729 842 1772 877 et
1807 837 1869 876 illi

1042 896 1154 936 clam
1186 893 1418 936 discedunt
1453 893 1578 944 quasi
1606 892 1789 942 fugitivi,
1827 898 1870 933 et

1040 951 1148 1000 haec,
1168 963 1267 1002 quae
1285 961 1523 1000 numquam
1538 961 1562 989 e
1578 948 1711 989 domo
1728 950 1869 998 egres-

1042 1020 1090 1047 sa
1110 1007 1268 1056 fuerat,
1287 1011 1377 1047 tam
1395 1005 1574 1055 longum
1594 1008 1638 1044 et
1657 1005 1869 1044 aerumno-

1043 1076 1140 1103 sum
1164 1063 1247 1103 iter
1272 1063 1497 1113 suscipere
1522 1059 1692 1111 jubetur
1718 1058 1775 1099 ob
1795 1058 1870 1098 mi-

1042 1118 1226 1159 rabilem
1257 1118 1372 1158 hunc
1407 1115 1572 1157 editum
1604 1115 1795 1155 Puerum
1829 1119 1871 1155 et

1044 1173 1314 1226 spiritualem
1342 1177 1529 1224 partum.
1573 1171 1686 1211 Rem
1715 1172 1872 1210 iterum

1044 1228 1305 1281 stupendam
1343 1226 1583 1268 considera.
1636 1225 1872 1266 Palaestina

1043 1284 1290 1334 insidiatur,
1319 1284 1540 1335 AEgyptus
1566 1294 1671 1323 vero
1699 1280 1871 1332 excipit,

1045 1346 1088 1381 et
1116 1345 1262 1381 servat
1294 1338 1460 1380 insidiis
1489 1338 1745 1390 impetitum.
1785 1335 1870 1376 Ne-

1045 1409 1130 1447 que
1158 1396 1272 1436 enim
1299 1400 1468 1436 tantum
1495 1394 1538 1433 in
1566 1393 1666 1433 filiis
1691 1392 1871 1444 patriar-

1045 1452 1156 1502 chae,
1185 1451 1265 1493 sed
1289 1451 1420 1492 etiam
1444 1451 1487 1490 in
1506 1449 1696 1490 Domino
1716 1448 1810 1499 typi
1830 1452 1873 1488 et

1044 1508 1196 1558 figurae
1225 1507 1509 1558 contigerunt.
1548 1506 1632 1546 Per
1666 1516 1717 1545 ea
1749 1503 1872 1551 enim,

1046 1576 1145 1615 quae
1164 1563 1218 1604 ab
1233 1564 1332 1615 ipso
1347 1566 1470 1612 gesta
1485 1566 1595 1610 sunt,
1614 1559 1750 1599 multa
1763 1570 1873 1610 prae-

1045 1619 1354 1660 nuntiabantur
1385 1620 1554 1666 eorum,
1589 1628 1688 1667 quae
1718 1617 1876 1666 postea

1046 1678 1255 1716 eventura
1285 1679 1420 1715 erant:
1454 1672 1574 1724 quod
1602 1677 1645 1713 et
1671 1671 1715 1710 in
1744 1670 1875 1718 asina⁷

1046 1736 1090 1772 et
1120 1731 1165 1771 in
1196 1730 1318 1783 pullo
1346 1730 1510 1770 factum
1537 1733 1614 1769 est.
1682 1726 1875 1776 Angelus

1046 1787 1194 1838 igitur,
1225 1787 1299 1837 qui
1326 1785 1547 1837 apparuit,
1574 1795 1662 1824 non
1681 1783 1876 1829 Mariam,

1046 1842 1127 1883 sed
1150 1841 1393 1893 Josephum
1419 1839 1673 1890 alldquitur:
1702 1843 1745 1878 et
1772 1835 1877 1888 quid

1047 1896 1174 1939 dicit?
1220 1897 1374 1946 Surge,
1419 1895 1570 1946 accipe
1604 1895 1797 1934 Pderum
1834 1896 1877 1932 et

1046 1954 1232 1994 Matrem
1258 1953 1359 2004 ejus.
1400 1951 1485 1991 Hic
1510 1963 1597 1990 non
1621 1949 1735 1990 ultra
1761 1947 1876 1996 dicit,

1047 2009 1274 2059 conjugem
1299 2013 1435 2056 tuam,
1464 2005 1543 2047 sed
1563 2006 1749 2046 Matrem
1775 2004 1876 2055 ejus.

1048 2065 1159 2114 Quia
1187 2064 1301 2105 enim
1327 2067 1479 2115 partus
1507 2060 1705 2110 contigit,
1738 2061 1875 2110 suspi-

1048 2121 1116 2161 cio
1144 2119 1288 2161 soluta
1313 2123 1395 2167 est,
1428 2122 1472 2158 et
1499 2117 1594 2158 viro
1623 2114 1734 2156 fides
1762 2114 1877 2155 facta

1049 2181 1131 2225 est,
1162 2175 1299 2216 libere
1332 2175 1416 2226 jam
1446 2172 1640 2224 loquitur
1671 2169 1877 2221 Angelus,

1047 2243 1190 2283 neque
1209 2230 1356 2280 filium,
1377 2241 1519 2281 neque
1540 2227 1767 2278 conjugem
1787 2226 1876 2276 ejus

1049 2286 1213 2336 dicens3
1259 2285 1353 2334 sed,
1390 2285 1582 2325 Puerum
1617 2287 1662 2323 et
1692 2281 1877 2322 Matrem

1048 2343 1153 2394 ejus:
1187 2347 1230 2383 et
1255 2341 1356 2391 fuge
1385 2341 1428 2381 in
1455 2340 1711 2391 AEgyptum3
1743 2336 1874 2386 fugae-

1049 2410 1133 2449 que
1176 2409 1352 2439 causam
1388 2394 1526 2437 addit:
1570 2394 1764 2434 futurum
1809 2396 1876 2432 est

1049 2454 1181 2502 enim,
1208 2452 1366 2504 inquit,
1400 2456 1448 2492 ut
1474 2447 1678 2491 Herodes
1707 2451 1876 2498 quaerat

1049 2509 1237 2549 animam
1254 2507 1396 2548 Pueri.

1114 2567 1158 2617 lx’g.
1206 2563 1507 2614 cognoscetur
1556 2558 1771 2599 Dominus
1820 2555 1875 2597 ab

1048 2620 1257 2672 AEgypto.
1298 2621 1318 2643 *
1348 2618 1404 2658 Et
1442 2617 1710 2666 cognoscent
1742 2612 1874 2662 AEgy-

1048 2676 1130 2727 ptii
1148 2674 1383 2716 D6minum
1408 2673 1452 2712 in
1478 2671 1548 2712 die
1573 2669 1656 2710 illa.
1705 2666 1752 2714 ,Ψ
1779 2666 1872 2708 Cla-

1048 2730 1230 2772 mabunt
1262 2728 1318 2770 ad
1344 2727 1581 2769 Dominum
1613 2738 1638 2766 a
1663 2724 1775 2764 facie
1802 2721 1874 2764 tri-
