2080 2990
210 209 302 254 [176]

822 212 997 245 Officium
1024 205 1310 244 Desunciorum.

259 305 564 346 Exaltationes
589 304 674 346 Dei
700 304 744 345 in
768 307 945 356 gutture
970 306 1039 345 eo-

207 375 319 402 rum:
338 362 361 387 *
382 365 426 402 et
451 360 586 412 gladii
611 360 826 413 ancipites
845 361 889 401 in
907 359 1040 400 mani-

206 418 289 459 bus
310 419 476 458 ebrum:

259 473 333 514 Ad
360 472 606 514 faciendam
632 472 872 515 vindictam
898 473 942 513 in
968 484 1039 512 na-

206 529 416 571 tienibus:
453 530 476 555 *
512 529 837 581 increpationes
878 529 921 569 in
962 530 1039 580 ρό-

206 586 333 638 pulis.

259 641 332 683 Ad
363 640 610 692 alligandos
647 654 774 692 reges
812 643 965 682 eerum
996 640 1040 681 in

208 697 511 750 compedibus:
525 698 548 723 *
569 702 613 738 et
632 697 802 738 nobiles
823 699 978 738 eorum
996 696 1040 736 in

207 754 390 795 manicis
409 754 573 795 ferreis.

260 811 318 852 Ut
346 811 508 851 faciant
535 810 578 850 in
613 810 675 851 eis
703 809 911 861 judicium
940 821 1040 850 con-

207 869 438 919 scriptum:
465 867 488 892 *
516 866 656 916 gloria
683 865 780 906 haec
808 870 876 906 est
906 865 1041 906 emni-

207 923 290 964 bus
309 923 471 964 sanctis
493 924 594 974 ejus.

264 981 345 1020 Hic
368 994 451 1019 non
475 979 633 1019 dicitur
650 978 880 1030 Requiem.

471 1036 667 1075 I'salmus
692 1037 781 1075 150.

209 1088 446 1192 Laudate
494 1092 732 1133 Dominum
782 1091 827 1131 in
875 1091 1039 1133 sanctis

313 1149 419 1200 ejus:
442 1150 465 1175 *
489 1148 667 1189 laudate
698 1161 796 1189 eum
825 1147 870 1187 in
897 1147 1039 1188 firma-

206 1206 355 1246 mento
376 1205 549 1245 virtutis
569 1205 671 1256 ejus.

258 1260 457 1302 Laudate
483 1273 583 1302 eum
606 1260 650 1300 in
675 1259 910 1301 virtutibus
936 1260 1041 1310 ejus:

206 1318 229 1343 *
254 1316 432 1358 laudate
458 1330 557 1358 eum
583 1316 826 1358 secundum
849 1316 1040 1357 multitu-

207 1373 353 1415 dinem
371 1372 683 1425 magnitudinis
704 1373 806 1424 ejus.

257 1429 458 1471 Laudate
491 1442 590 1470 eum
626 1430 670 1470 in
709 1441 819 1470 sono
851 1428 986 1469 tubae:
1017 1429 1040 1455 *

206 1485 382 1527 laudate
400 1498 499 1526 eum
517 1486 560 1526 in
575 1485 786 1537 psalterio
804 1490 847 1526 et
863 1485 1040 1526 cithara.

259 1541 458 1583 Laudate
501 1554 601 1582 eum
642 1542 686 1582 in
726 1541 955 1593 tympano,
997 1546 1041 1582 et

207 1598 359 1639 choro:
383 1597 608 1639 *laudate
644 1610 744 1638 eum
774 1597 818 1637 in
851 1597 1040 1647 chordis,

209 1659 252 1695 et
272 1656 450 1705 ergano.

259 1709 460 1751 Laudate
486 1723 585 1751 eum
609 1710 653 1750 in
679 1709 890 1761 cymbalis
911 1709 1040 1751 bene-

208 1766 483 1807 sonantibus:
519 1765 698 1807 laudate
727 1778 827 1807 eum
854 1766 897 1806 in
926 1767 1040 1817 cym-

206 1822 318 1864 balis
342 1822 623 1874 jubilationis:
646 1822 669 1847 *
694 1822 836 1863 omnis
861 1822 1041 1874 spiritus

207 1878 357 1920 laudet
375 1879 626 1919 Deminum.

259 1935 475 1986 Requiem
495 1937 715 1976 aete'rnam.

266 1995 363 2032 Ant.
394 1991 547 2032 Omnis
576 1992 755 2044 spiritus
779 1990 930 2032 laudet
953 1990 1041 2030 Do-

206 2060 381 2088 minum.

266 2097 313 2147 Y.
330 2102 492 2144 Audivi
513 2116 669 2144 vocem
690 2102 744 2144 de
763 2103 877 2144 coelo
894 2102 1039 2144 dice'n-

206 2164 296 2201 tem
321 2159 440 2200 mihi.
480 2162 530 2210 R.
555 2159 682 2200 Beati
706 2160 870 2200 mortui
897 2159 972 2211 qui
996 2159 1041 2199 in

207 2215 399 2256 Domino
417 2215 674 2256 moriuntur.

265 2270 334 2310 Ad
356 2271 518 2311 Bened.
557 2273 654 2311 Ant.
685 2272 778 2322 Ego
804 2284 901 2312 sum
927 2273 951 2298 *
978 2283 1041 2312 re-

208 2325 424 2369 surrectio
445 2331 489 2367 et
508 2326 611 2367 vita:
636 2326 710 2378 qui
734 2326 874 2368 credit
896 2327 940 2367 in
958 2339 1041 2376 me,

208 2383 340 2424 etiam
369 2383 406 2424 si
435 2384 635 2423 mortuus
663 2382 808 2431 fuerit,
837 2383 970 2423 vivet:
999 2388 1043 2423 et

208 2439 350 2480 omnis
383 2439 458 2490 qui
490 2438 598 2479 vivit
629 2443 672 2479 et
706 2437 846 2479 credit
876 2438 920 2478 in
952 2451 1042 2487 me,

207 2507 296 2536 non
314 2495 525 2535 morietur
546 2494 590 2534 in
610 2496 834 2535 aeternum.

266 2556 414 2589 Deinde¹
441 2556 621 2589 dicuntur
645 2556 755 2589 flexis
781 2556 944 2596 genibus

266 2608 391 2648 I'ater
410 2612 573 2647 noster.
597 2612 779 2647 secreto.

267 2658 316 2708 Y.
342 2663 400 2703 Et
427 2675 481 2703 ne
510 2674 592 2702 nos
620 2660 804 2702 inducas
832 2661 875 2700 in
904 2666 1041 2701 tenta-

207 2719 382 2760 tionem.
424 2720 473 2770 Rg.
493 2717 582 2758 Sed
606 2717 744 2758 libera
767 2729 848 2757 nos
872 2729 897 2756 a
915 2715 1041 2756 malo.

1360 304 1556 344 psalmus
1581 304 1664 343 129.

1181 371 1205 399 e
1230 357 1462 410 profundis
1487 357 1672 399 clamavi
1695 358 1752 400 ad
1774 363 1819 400 te
1838 359 1926 400 De-

1188 415 1319 455 mine:
1339 415 1363 442 *
1381 414 1572 456 Domine
1592 413 1752 456 exaudi
1770 427 1926 457 vocem

1095 483 1252 512 meam.

1146 527 1275 568 Fiant
1306 539 1436 568 aures
1468 530 1557 568 tuae
1585 526 1879 576 intendenteS‚
1903 527 1928 552 *

1094 584 1137 624 in
1157 596 1312 624 vocem
1333 583 1658 636 deprecatienis
1676 596 1799 625 meae.

1146 640 1191 681 Si
1219 640 1473 691 iniquitates
1506 639 1813 681 observaveris
1839 639 1928 680 De-

1094 696 1225 738 mine:
1243 698 1267 723 *
1286 696 1476 737 Demine
1498 696 1596 748 quis
1615 693 1868 738 sustinebit?

1148 752 1260 803 Quia
1289 752 1408 804 apud
1435 758 1480 794 te
1507 752 1764 805 propitiatio
1793 756 1877 793 est:
1904 753 1929 778 *

1096 814 1139 851 et
1162 814 1346 862 propter
1370 809 1512 860 legem
1535 815 1657 851 tuam
1680 808 1866 850 sustinui
1884 813 1929 850 te

1095 866 1296 907 Demine.

1146 922 1360 963 Sustinuit
1397 922 1543 963 anima
1578 934 1678 963 mea
1712 921 1756 962 in
1789 921 1928 963 verbo

1095 979 1202 1030 ejus:
1218 979 1242 1004 *
1258 979 1455 1031 speravit
1474 979 1619 1019 anima
1636 990 1736 1019 mea
1754 978 1799 1018 in
1817 978 1929 1019 Dfio.

1147 1036 1187 1075 A
1221 1035 1423 1077 custedia
1454 1037 1669 1076 matutina
1699 1046 1841 1086 usque
1872 1033 1930 1075 ad

1094 1096 1286 1132 noctem:
1300 1093 1324 1119 *
1340 1095 1490 1143 speret
1508 1090 1647 1131 Israel
1666 1091 1710 1131 in
1724 1090 1929 1132 Domino.

1151 1147 1263 1197 Quia
1288 1147 1408 1200 apud
1427 1147 1666 1188 Deminum
1683 1147 1930 1188 misericer-

1095 1202 1183 1245 dia:
1206 1205 1231 1231 *
1256 1209 1299 1245 et
1332 1203 1517 1256 copiesa
1549 1202 1669 1255 apud
1701 1215 1801 1244 eum
1834 1201 1930 1243 red-

1095 1260 1274 1312 emptio.

1146 1317 1203 1358 Et
1233 1317 1329 1369 ipse
1361 1315 1548 1357 redimet
1573 1315 1727 1365 Israel,
1749 1316 1774 1341 ¹⁸¹
1798 1328 1852 1357 ex
1886 1316 1929 1356 ό-

1093 1372 1268 1414 mnibus
1288 1372 1594 1424 iniquitatibus
1614 1372 1716 1424 ejus.

1149 1429 1367 1481 Requiem
1387 1430 1609 1470 aeternam.

1152 1495 1322 1537 Deinde
1334 1492 1384 1543 V.
1395 1495 1435 1535 A
1446 1499 1577 1547 porta
1590 1493 1727 1534 inferi.
1753 1495 1803 1547 R.
1813 1493 1930 1534 Erue

1094 1552 1283 1593 Domine
1305 1551 1472 1592 animas
1493 1552 1656 1592 eorum.

1153 1603 1510 1660 V.Requiescant
1520 1607 1565 1647 in
1574 1619 1696 1659 pace.
1714 1608 1766 1660 R.
1777 1605 1930 1646 Amen.

1151 1660 1202 1711 Y.
1241 1664 1431 1705 Domine
1478 1662 1639 1705 exaudi
1685 1662 1930 1704 orationem

1094 1733 1248 1762 meam.
1300 1723 1351 1775 R.
1378 1720 1436 1761 Et
1462 1719 1629 1760 clamor
1654 1731 1779 1760 meus
1805 1716 1863 1758 ad
1885 1722 1930 1758 te

1094 1778 1252 1819 veniat.
1838 1797 1842 1801 >

1153 1831 1201 1882 V.
1233 1833 1452 1874 Deminus
1487 1831 1729 1873 vobiscum.
1785 1832 1838 1884 R.
1874 1829 1931 1871 Et

1095 1902 1195 1931 cum
1219 1890 1376 1942 spiritu
1399 1894 1488 1930 tuo.

1435 1954 1600 1995 Oratio.

1099 2018 1280 2122 Deus,
1317 2020 1393 2073 qui
1422 2019 1536 2060 inter
1562 2017 1837 2071 apostelieos
1865 2028 1930 2057 sa-

1207 2076 1427 2125 cerdotes,
1447 2074 1633 2117 famulos
1657 2078 1759 2115 tuos
1786 2072 1929 2126 ponti-

1095 2133 1211 2174 ficali
1237 2145 1315 2174 seu
1334 2130 1599 2174 sacerdotali
1627 2129 1769 2171 fecisti
1793 2129 1929 2180 digni-

1096 2191 1189 2231 tate
1207 2189 1370 2240 vigere:
1393 2192 1573 2241 praesta,
1594 2188 1863 2239 quaesumus3
1881 2189 1931 2226 ut

1097 2248 1250 2287 eorum
1269 2257 1447 2297 quoque
1461 2245 1678 2296 perpetuo
1694 2242 1929 2293 aggregen-

1094 2306 1166 2343 tur
1186 2301 1425 2343 consertio.

1095 2375 1279 2481 Deus,
1299 2378 1439 2419 veniae
1459 2377 1642 2428 largitor
1662 2381 1707 2418 et
1724 2375 1929 2416 humanae

1198 2435 1350 2476 salutis
1366 2435 1553 2475 amator:
1575 2435 1827 2485 quaesumus
1846 2430 1930 2472 cle·

1094 2492 1304 2533 mentiam
1329 2495 1464 2539 tuam;
1491 2494 1540 2530 ut
1564 2494 1730 2530 nostrae
1750 2499 1929 2538 congre-

1094 2547 1285 2599 gationis
1303 2547 1478 2594 fratreS‚
1497 2547 1775 2598 propinquos
1795 2548 1839 2585 et
1857 2543 1930 2584 be-

1094 2604 1352 2651 nefactereS‚
1369 2602 1443 2654 qui
1457 2614 1512 2642 ex
1526 2600 1613 2642 hoc
1623 2599 1787 2641 saeculo
1798 2604 1932 2640 trans-

1094 2660 1247 2708 ierunt,
1261 2658 1392 2700 beata
1405 2658 1544 2698 Maria
1560 2669 1735 2709 semper
1745 2655 1930 2705 Virgine

1094 2713 1395 2756 intercedente
1414 2726 1514 2754 cum
1536 2712 1739 2753 Omnibus
1758 2710 1929 2752 Sanctis
