2040 2990
719 189 919 224 Dominicu
945 191 993 224 ud
1015 192 1250 227 Matutinum.

191 283 404 324 Dominus
436 283 635 334 regnabit
666 283 709 323 in
737 284 958 331 aeternum,

141 345 184 381 et
209 340 252 380 in
280 340 486 381 saeculum
514 339 676 380 saeculi:
708 340 730 364 *
762 339 958 392 peribitis

141 396 304 437 Gentes
325 396 379 437 de
398 401 513 437 terra
532 396 655 436 illius.

189 452 465 494 Desiderium
480 456 722 505 pauperum
739 452 958 493 exaudivit

138 509 366 550 Dominus:
386 510 408 534 *
429 509 792 562 praeparationem
813 508 957 550 cordis

139 568 289 607 eorum
309 565 472 607 audivit
491 565 606 606 auris
626 570 710 606 tua.

188 621 391 663 Judicare
415 621 582 674 pupillo
608 627 651 662 et
675 621 840 669 homili,
859 622 882 647 *
910 628 958 663 ut

139 691 224 719 non
251 680 444 730 apponat
471 677 584 719 ultra
609 678 886 727 magnificare
910 691 956 719 se

138 734 269 775 homo
290 747 420 787 super
439 739 611 776 terram.

406 824 601 864 l'salmus
631 827 693 865 10.

138 891 210 996 In
229 899 419 939 Domino
439 898 629 940 confido:
655 899 875 951 quomodo
897 899 955 941 di-
983 931 987 940 .

201 956 295 996 citis
315 955 470 996 animae
488 968 614 996 meae:
634 956 656 981 *
676 956 956 1006 Transmigra

135 1012 178 1052 in
196 1017 388 1054 montem
408 1012 519 1053 sicut
538 1010 712 1064 passer?

187 1073 400 1123 Quoniam
426 1085 528 1114 ecce
546 1075 802 1126 peccatores
821 1074 954 1114 inten-

137 1128 293 1170 derunt
311 1142 474 1178 arcum,
493 1131 757 1182 paraverunt
775 1133 954 1179 sagittas

135 1198 235 1227 suas
253 1186 296 1226 in
315 1185 535 1238 pharetra,
563 1186 585 1211 *
614 1191 661 1227 ut
685 1188 889 1236 sagittent
912 1187 953 1227 in
980 1161 985 1244 Ξ

135 1240 323 1283 obscuro
343 1247 487 1284 rectos
507 1241 651 1284 corde.

186 1303 399 1352 Quoniam
420 1316 517 1355 quae
537 1303 767 1355 perfecisti,
788 1303 953 1345 destru-

134 1360 303 1400 xerunt:
322 1360 345 1384 *
363 1359 500 1410 justus
519 1364 664 1400 autem
685 1360 788 1412 quid
807 1359 930 1402 fecit?

183 1419 397 1460 Dominus
416 1419 459 1460 in
477 1419 642 1472 templo
662 1426 813 1462 sancto
833 1423 952 1470 suo,*

133 1475 346 1516 Dominus
364 1476 408 1516 in
427 1476 540 1517 coelo
561 1476 688 1518 sedes
708 1477 811 1528 ejus:

184 1535 308 1577 Oculi
334 1537 424 1587 ejus
450 1537 494 1578 in
516 1540 755 1589 pauperem
779 1538 952 1590 respici-

132 1597 226 1633 unt:
258 1593 281 1618 *
311 1593 537 1645 palpebrae
566 1594 656 1644 ejus
683 1594 952 1646 interrogant
977 1619 982 1666 Ι

131 1647 245 1690 filios
263 1648 497 1690 hominum.
977 1668 981 1727 ι

181 1705 395 1747 Dominus
434 1706 674 1756 interrogat
714 1707 872 1758 justum
909 1714 952 1749 et
976 1728 981 1788 Ι

131 1762 326 1813 impium:
345 1762 368 1788 *
390 1762 462 1814 qui
481 1767 624 1804 autem
645 1762 783 1813 diligit
801 1765 950 1816 iniqui-

129 1819 275 1867 tatem,
295 1817 389 1860 odit
411 1819 597 1860 animam
616 1832 749 1860 suam.

182 1878 308 1920 Pluet
331 1892 462 1932 super
481 1883 736 1932 peccatores
754 1880 949 1933 laqueos:

129 1935 152 1960 ²*
170 1935 295 1985 ignis,
315 1940 358 1976 et
377 1935 572 1988 sulphur,
596 1942 638 1978 et
657 1937 833 1989 spiritus
852 1951 949 1990 pro-

130 1990 337 2032 cellarum
357 2005 458 2044 pars
479 1992 624 2034 calicis
644 1995 805 2034 eorum.

181 2052 395 2101 Quoniam
413 2053 549 2103 justus
568 2054 798 2102 Dominus,
824 2059 867 2095 et
891 2055 948 2105 ju—

129 2108 267 2148 stitias
300 2107 466 2150 dilexit:
498 2110 521 2135 *
560 2110 809 2162 aequitatem
842 2110 948 2152 vidit

129 2163 272 2205 vultus
292 2165 392 2216 ejus.

185 2227 230 2266 In
249 2228 462 2269 Adventu.
476 2231 571 2271 Ant.
590 2231 845 2272 (Ionfortate
861 2245 946 2272 ma-

128 2297 208 2325 nus
242 2284 493 2327 dissolutas:
531 2287 849 2337 confortamini,
887 2287 946 2329 di-

129 2340 231 2389 cite,
260 2341 372 2382 Ecce
397 2342 517 2383 Deus
543 2347 691 2384 noster
716 2344 876 2393 veniet,
904 2349 948 2385 et

129 2396 313 2452 salvabit
332 2410 423 2447 nos,
443 2398 622 2450 alleluja.

185 2460 279 2500 Ant.
301 2462 497 2504 Gaudete
517 2476 678 2504 omnes.

184 2525 261 2565 Per
282 2526 463 2566 Annum.
487 2526 584 2566 Ant.
607 2529 723 2568 Deus
742 2529 873 2579 judex
888 2529 945 2579 ju-

128 2585 230 2629 stus,
246 2582 369 2623 fortis
385 2587 428 2624 et
442 2583 717 2633 longanimis:
736 2585 945 2637 numquid

126 2636 338 2679 irascetur
355 2651 434 2691 per
453 2639 646 2689 singulos
666 2639 782 2682 dies?
972 2614 977 2703 Ι

181 2702 278 2742 Ant.
298 2703 364 2743 Tu
382 2703 578 2745 Domine.

1290 290 1485 330 psalmus
1515 293 1562 330 11.

1083 349 1226 390 alvum
1245 363 1314 391 me
1335 350 1401 391 fac
1414 350 1610 398 Domine,
1627 351 1830 402 quoniam

1103 405 1259 447 defecit
1283 411 1470 447 sanctus:
1494 408 1516 431 *
1542 407 1744 458 quoniam
1770 406 1829 448 di-

1010 462 1186 503 minutae
1216 468 1314 504 sunt
1340 463 1545 504 veritates
1578 476 1601 503 a
1629 463 1727 503 filiis
1755 463 1828 503 ho-

1010 519 1183 560 minum.

1062 576 1187 616 Vana
1228 576 1361 617 locuti
1399 581 1498 617 sunt
1534 578 1827 629 unusquisque

1011 631 1066 672 ad
1081 633 1327 684 proximum
1344 646 1482 673 suum:
1498 632 1648 673 *labia
1665 632 1826 677 dolosa,

1010 688 1051 728 in
1072 688 1204 730 corde
1226 694 1268 730 et
1288 689 1419 730 corde
1439 689 1571 729 locati
1591 695 1700 730 sunt.

1060 745 1297 797 Disperdat
1316 746 1528 786 Dominus
1554 746 1751 786 universa
1770 746 1826 786 la-

1008 800 1079 842 bia
1099 801 1268 851 dolosa,
1296 803 1319 827 *
1348 807 1391 843 et
1416 802 1603 852 linguam
1623 802 1827 852 magnilo-

1010 870 1150 909 quam.

1061 915 1142 964 Qui
1163 914 1377 956 dixerunt:
1401 915 1610 966 Linguam
1635 920 1826 955 nostram

1008 970 1389 1021 magnificabimus,
1409 971 1522 1013 labia
1541 977 1689 1012 nostra
1709 985 1734 1012 a
1753 985 1825 1012 no-

1007 1026 1074 1067 bis
1107 1032 1224 1075 sunt,
1254 1028 1276 1053 *
1310 1029 1404 1080 quis
1436 1033 1585 1069 noster
1612 1028 1826 1069 Dominus

1008 1082 1095 1124 est?

1058 1141 1243 1192 Propter
1258 1140 1473 1182 mise'riam
1488 1144 1677 1193 inopum,
1697 1145 1740 1181 et
1755 1142 1824 1190 ge—

1006 1196 1156 1237 mitum
1189 1200 1448 1249 pauperum,
1480 1199 1502 1223 *
1534 1210 1647 1238 nunc
1679 1200 1824 1238 exsur-

1005 1265 1115 1302 gam,
1136 1253 1239 1294 dicit
1258 1254 1481 1294 Dominus.

1056 1309 1221 1350 Ponam
1239 1310 1282 1349 in
1302 1310 1492 1351 salutari:
1516 1311 1538 1335 *
1567 1310 1823 1351 fiducialiter

1006 1378 1131 1416 agam
1149 1366 1193 1406 in
1212 1378 1275 1407 eo.

1056 1422 1240 1474 Eloquia
1255 1423 1440 1471 Domini,
1461 1423 1632 1475 eloquia
1652 1427 1784 1463 casta:
1799 1423 1821 1446 *

1005 1479 1230 1528 argentum
1258 1478 1354 1528 igne
1383 1480 1692 1527 examinatum,
1723 1491 1822 1530 pro-

1004 1534 1154 1575 batum
1172 1539 1301 1575 terrae
1317 1538 1549 1587 purgatum
1564 1535 1821 1587 septuplum.

1055 1591 1124 1631 Tu
1144 1591 1328 1633 Domine
1348 1591 1540 1633 servabis
1560 1604 1658 1632 nos:
1686 1597 1728 1632 et
1753 1604 1821 1631 cu-

1004 1647 1169 1688 stodies
1188 1659 1267 1688 nos
1290 1649 1313 1673 *
1339 1661 1362 1688 a
1381 1649 1659 1698 generatione
1678 1648 1759 1688 hac
1779 1648 1820 1687 in

1004 1705 1224 1744 aeternum.

1053 1761 1104 1800 In
1124 1760 1305 1801 circuitu
1324 1761 1443 1812 impii
1462 1760 1696 1801 ambulant:
1715 1762 1738 1786 *
1758 1773 1820 1801 se-

1003 1816 1191 1857 cundum
1225 1817 1494 1858 altitudinem
1527 1822 1643 1857 tuam
1680 1817 1818 1857 multi-

1001 1872 1170 1924 plicasti
1192 1873 1303 1913 filios
1322 1872 1554 1913 hominum.

1281 1962 1472 2001 I'salmus
1501 1963 1552 2001 12.

1090 2045 1286 2084 squequo
1327 2033 1511 2073 Domine
1553 2032 1818 2074 oblivisceris

1101 2101 1170 2130 me
1185 2089 1226 2129 in
1243 2087 1393 2130 finem?
1409 2090 1431 2114 *
1448 2089 1684 2141 Usquequo
1699 2091 1816 2130 aver-

999 2145 1054 2186 tis
1074 2145 1227 2186 faciem
1245 2151 1363 2186 tuam
1384 2159 1408 2186 a
1427 2143 1518 2187 me?

1051 2201 1266 2251 Quamdiu
1291 2214 1449 2254 ponam
1470 2201 1648 2243 consilia
1668 2202 1709 2241 in
1730 2202 1814 2241 ani-

998 2270 1068 2298 ma
1086 2270 1203 2307 mea,
1231 2259 1253 2283 *
1283 2258 1479 2299 dolorem
1504 2258 1545 2298 in
1565 2256 1698 2298 corde
1718 2269 1814 2298 meo

999 2326 1077 2365 per
1098 2313 1235 2355 diem?

1049 2370 1287 2422 Usquequo
1324 2369 1582 2411 exaltabitur
1619 2370 1814 2410 inimicus

997 2438 1119 2466 meus
1143 2438 1273 2478 super
1292 2424 1382 2467 me?
1410 2427 1432 2451 *
1461 2426 1646 2478 respice,
1675 2430 1718 2466 et
1745 2438 1813 2466 ex-

998 2481 1098 2522 au'di
1117 2495 1186 2522 me
1205 2482 1390 2523 Domine
1410 2482 1529 2522 Deus
1548 2495 1680 2523 meus.

1048 2537 1246 2578 Illumina
1286 2538 1436 2579 oculos
1472 2550 1594 2579 meos
1634 2550 1687 2578 ne
1725 2550 1811 2577 um-

998 2606 1125 2645 quam
1160 2594 1432 2635 obdormiam
1460 2595 1501 2634 in
1530 2599 1684 2634 morte:
1701 2594 1723 2618 *
1742 2605 1811 2633 ne-

998 2649 1172 2702 quando
1193 2650 1309 2691 dicat
1326 2651 1521 2691 inimicus
1540 2663 1674 2691 meus:
1698 2650 1809 2689 Prae-

972 2706 978 2762 J
996 2706 1110 2746 valui
1130 2706 1338 2747 adversus
1357 2719 1464 2748 eum.
