2040 2990
618 237 683 269 1)ic
708 238 739 270 S.
770 237 852 270 Dec.
904 238 1091 271 Immacul.
1118 239 1297 281 Concept.
1325 239 1362 272 B.
1389 239 1431 273 M.
1458 240 1497 273 Υ,

257 334 363 375 Dies
396 333 481 375 diei
514 337 682 375 eructat
711 332 907 382 verbum,
935 333 958 358 *
987 338 1030 374 et

206 403 293 431 nox
312 390 431 431 nocti
449 389 611 432 indicat
630 390 864 432 scientiam.

257 446 357 487 Non
377 452 476 488 sunt
494 446 693 498 loquelae,
712 459 852 498 neque
869 448 1028 487 sermo-

205 515 298 551 nes,
326 503 349 527 *
378 515 563 554 quorum
589 516 676 544 non
699 501 928 544 audiantur
955 515 1027 543 vo-

205 571 278 600 ces
306 561 466 601 eorum.

255 616 306 656 In
334 628 506 657 omnem
536 621 696 657 terram
730 614 862 656 exivit
896 627 1028 655 sonus

205 674 374 713 eorum:
407 673 430 699 ¹⁸¹
463 677 506 713 et
539 672 582 712 in
616 672 724 713 fines
753 671 871 713 orbis
898 676 1027 712 terrae

205 727 338 769 verba
366 730 528 769 eorum.

255 785 305 824 In
332 784 424 826 sole
443 784 591 837 posuit
613 783 941 826 tabernaculum
961 796 1027 824 su-

203 854 292 881 um:
325 841 348 866 *
384 846 426 882 et
458 841 553 893 ipse
585 846 807 892 tamquam
839 853 1027 892 sponsus

202 896 449 949 procedens
469 896 523 939 de
542 896 734 938 thalamo
756 909 852 938 suo:

254 958 500 1000 Exsultavit
532 963 579 1000 ut
611 959 732 1009 gigas
767 956 823 999 ad
858 959 1027 999 curren-

203 1012 303 1055 dam
324 1015 448 1064 viam,
467 1016 491 1040 '⁸¹
511 1028 535 1055 a
555 1028 723 1056 summo
748 1014 861 1056 coelo
886 1017 1027 1065 egres-

202 1070 267 1111 sio
296 1071 404 1122 ejus:

253 1127 310 1168 Et
330 1130 538 1169 occursus
563 1128 653 1179 ejus
678 1140 817 1179 usque
839 1127 895 1170 ad
915 1141 1026 1169 sum-

200 1196 318 1224 mum
338 1185 442 1235 ejus:
460 1185 484 1210 *
502 1197 583 1225 nec
603 1190 669 1226 est
689 1184 762 1236 qui
782 1197 828 1225 se
846 1184 1026 1226 abscon-

203 1238 278 1281 dat
298 1253 322 1281 a
343 1240 488 1282 calore
513 1242 614 1292 ejus.

252 1296 345 1337 Lex
361 1297 536 1338 Domini
556 1297 831 1339 immaculata
849 1299 1025 1339 conver-

200 1357 296 1393 tens
313 1352 490 1394 animas:
504 1354 528 1378 *
542 1353 836 1395 testimonium
850 1353 1026 1394 Domini

201 1407 347 1458 fidele,
389 1409 645 1462 sapientiam
680 1415 893 1463 praestans
929 1412 1023 1462 par-

201 1464 323 1505 vulis.

252 1521 276 1561 J
278 1522 437 1563 ustitiae
455 1523 629 1563 Domini
647 1528 790 1572 reetae,
803 1522 1025 1564 laetifican-

202 1582 268 1618 tes
306 1577 457 1619 corda:
490 1580 514 1606 *
548 1581 819 1632 praeceptum
850 1579 1026 1621 Domini

200 1632 408 1675 lucidum:
435 1634 679 1676 illuminans
708 1635 871 1677 oculos.

253 1689 404 1731 Timor
432 1691 607 1732 Domini
636 1698 826 1741 sanctus,
859 1694 1025 1744 perma-

201 1758 307 1786 nens
335 1746 377 1787 in
405 1747 614 1789 saeculum
640 1748 803 1789 saeculi:
822 1749 845 1774 *
870 1747 1026 1797 judicia

200 1802 286 1843 Dfii
305 1815 422 1853 vera,
443 1804 673 1856 justificata
691 1805 734 1845 in
754 1807 999 1857 semetipsa.

252 1859 571 1902 Desiderabilia
613 1874 744 1914 super
786 1874 937 1903 aurum
983 1867 1026 1903 et

199 1915 391 1968 lapidem
426 1917 667 1970 pretiosum
699 1918 895 1960 multum:
927 1918 950 1944 *
982 1923 1026 1960 et

202 1970 397 2014 dulciora
417 1986 548 2026 super
567 1973 652 2015 mel
672 1979 715 2016 et
734 1974 890 2015 favum.

252 2028 423 2069 Etenim
443 2042 594 2071 servus
621 2035 721 2071 tuus
747 2030 937 2073 custodit
963 2043 1024 2080 ea,

200 2086 223 2110 *
263 2083 307 2124 in
345 2084 642 2127 custodiendis
680 2086 763 2127 illis
796 2086 1024 2129 retributio

200 2139 345 2181 multa.

252 2195 423 2238 Delicta
448 2197 544 2248 quis
563 2197 782 2249 intelligit?
808 2199 861 2241 ab
883 2198 1025 2241 occul-

200 2252 256 2294 tis
274 2252 382 2293 meis
400 2252 562 2295 munda
579 2267 664 2295 me:
682 2255 705 2279 *
725 2261 768 2297 et
793 2255 848 2297 ab
875 2255 1025 2297 alienis

201 2321 333 2361 parce
353 2321 480 2350 servo
499 2315 587 2350 tuo.

253 2364 297 2406 Si
313 2365 398 2406 mei
412 2378 499 2406 non
514 2366 671 2407 fuerint
687 2366 907 2416 dominati,
922 2373 1026 2410 tunc

202 2420 503 2463 immaculatus
529 2434 619 2463 ero:
639 2422 662 2447 *
687 2429 730 2464 et
755 2423 1025 2466 emundabor

201 2489 227 2517 a
247 2475 408 2519 delicto
428 2477 628 2519 maximo.

253 2534 309 2575 Et
328 2539 452 2575 erunt
469 2539 516 2575 ut
532 2534 834 2586 complaceant
852 2536 1025 2588 eloquia

203 2590 290 2631 oris
308 2590 407 2631 mei:
426 2591 449 2615 '⁸‘
468 2595 511 2631 et
530 2589 755 2631 meditatio
777 2591 921 2632 cordis
940 2592 1024 2632 mei

201 2646 244 2686 in
264 2647 502 2698 conspectu
521 2651 597 2687 tuo
618 2659 800 2699 semper.

253 2702 438 2743 Domine
465 2701 635 2753 adjutor
660 2715 793 2752 meus5
812 2703 835 2726 *
861 2707 904 2743 et
930 2701 1023 2743 red-

203 2760 374 2811 emptor
402 2771 534 2799 meus.

1135 335 1232 374 Ant.
1265 335 1309 373 ln
1333 333 1425 374 sole
1446 333 1597 385 vposuit
1618 333 1738 374 Deus
1762 332 1901 374 taber-

1081 388 1283 430 naculum
1303 402 1439 430 suum.

1134 448 1231 487 Ant.
1260 447 1307 486 In
1326 445 1624 498 Conceptione
1643 458 1720 487 sua
1739 448 1761 473 *
1781 449 1901 488 acce-

1081 501 1147 554 pit
1168 501 1304 543 Maria
1331 501 1682 544 benedictionem
1707 515 1732 543 a
1754 503 1901 544 Domi-

1079 571 1154 607 no,
1182 563 1225 600 et
1252 558 1596 600 misericordiam
1623 571 1648 600 a
1670 559 1766 601 Deo
1791 560 1901 601 salu-

1080 615 1164 656 tari
1182 628 1272 656 suo.

1355 667 1549 707 Psalmus
1569 668 1632 707 23.

1080 721 1300 827 Domini
1333 732 1400 769 est
1431 732 1565 776 terra,
1600 732 1644 769 et
1675 727 1901 780 plenitudo

1184 785 1290 836 ejus:
1312 785 1335 809 *
1359 783 1478 826 orbis
1497 786 1727 834 terrarum,
1751 789 1794 826 et
1813 785 1901 826 uni-

1079 840 1194 881 versi
1214 841 1286 893 qui
1305 840 1503 882 habitant
1521 841 1564 881 in
1583 853 1647 882 eo.

1131 897 1241 948 Quia
1267 897 1362 949 ipse
1391 910 1522 950 super
1545 897 1681 938 maria
1705 897 1902 940 fundavit

1080 966 1194 995 eum:
1211 954 1235 979 *
1256 959 1299 995 et
1327 966 1458 1006 super
1482 953 1659 994 flumina
1683 956 1901 1006 praepara·
1936 952 1940 955 ’

1079 1010 1141 1051 vit
1160 1023 1269 1051 eum.

1131 1067 1237 1117 Quis
1271 1065 1477 1107 ascendet
1513 1065 1557 1106 in
1587 1070 1782 1107 montem
1813 1066 1899 1107 Do-

1078 1121 1204 1164 mini?
1222 1124 1246 1148 *
1266 1128 1340 1164 aut
1360 1123 1455 1175 quis
1475 1121 1607 1164 stabit
1625 1122 1668 1163 in
1686 1121 1786 1163 loco
1806 1135 1899 1163 san-

1079 1184 1151 1221 cto
1173 1177 1285 1231 ejus?

1130 1236 1345 1277 Innocens
1394 1234 1594 1276 manibus
1645 1239 1688 1276 et
1735 1233 1898 1276 mundo

1079 1292 1227 1342 corde,
1254 1292 1278 1318 *
1307 1291 1380 1344 qm·
1407 1303 1494 1332 non
1518 1291 1688 1344 accepit
1714 1290 1758 1331 in
1785 1303 1899 1332 vano

1079 1349 1267 1390 animam
1286 1361 1423 1398 suam,
1447 1360 1528 1389 nec
1551 1347 1707 1399 juravit
1729 1347 1772 1387 in
1796 1346 1899 1388 dolo

1078 1405 1280 1458 proximo
1301 1418 1392 1446 suo.

1129 1462 1214 1503 Hic
1254 1462 1439 1514 accipiet
1481 1459 1831 1502 benedictionem
1875 1471 1900 1500 a

1078 1518 1283 1560 Domino:
1297 1518 1321 1543 *
1337 1523 1381 1559 et
1398 1515 1741 1558 misericerdiam
1759 1528 1785 1556 a
1802 1515 1899 1557 Deo

1079 1574 1260 1616 salutari
1278 1587 1368 1615 suo.

1130 1631 1239 1672 Haec
1267 1636 1334 1672 est
1360 1629 1584 1681 generatio
1614 1628 1900 1681 quaerentium

1079 1700 1194 1737 eum,
1229 1687 1253 1712 *
1291 1686 1578 1739 quaerentium
1626 1684 1782 1726 faciem
1816 1684 1901 1725 Dei

1078 1743 1227 1784 Jacob.

1130 1798 1332 1841 Attollite
1377 1803 1530 1851 portas
1575 1797 1794 1850 principes
1830 1810 1899 1839 ve-

1079 1861 1208 1906 stras,
1238 1860 1281 1897 et
1306 1854 1534 1896 elevamini
1557 1858 1699 1906 portae
1719 1854 1899 1895 aeterna-

1078 1912 1156 1954 les:
1174 1913 1197 1938 *
1217 1916 1261 1953 et
1278 1910 1475 1953 introibit
1494 1911 1590 1952 Rex
1609 1909 1770 1961 gloriae.

1130 1969 1235 2020 Quis
1262 1973 1329 2010 est
1348 1968 1431 2009 iste
1450 1967 1546 2008 Rex
1564 1964 1738 2018 gloriae?
1762 1966 1786 1991 *
1811 1966 1899 2007 Do-

1077 2026 1218 2066 minus
1250 2024 1375 2066 fortis
1408 2028 1452 2065 et
1482 2028 1654 2076 potens:
1685 2022 1899 2064 Dominus

1078 2087 1236 2135 potens
1254 2081 1298 2122 in
1315 2079 1479 2133 praelio.

1130 2137 1332 2179 Attollite
1376 2140 1528 2189 portas
1574 2134 1793 2188 principes
1828 2147 1898 2176 ve-

1079 2199 1207 2244 stras,
1236 2198 1279 2235 et
1303 2192 1530 2234 elevamini
1552 2196 1694 2244 portae
1718 2192 1899 2232 aeterna-

1077 2250 1156 2292 les:
1174 2251 1198 2277 *
1217 2255 1260 2291 et
1279 2248 1475 2290 introibit
1495 2248 1590 2289 Rex
1608 2247 1769 2298 gloriae.

1130 2306 1235 2357 Quis
1260 2310 1327 2347 est
1350 2305 1433 2346 iste
1452 2304 1549 2345 Rex
1576 2301 1750 2354 gloriae?
1769 2303 1793 2328 *
1811 2303 1898 2344 Do-

1078 2363 1218 2404 minus
1242 2362 1451 2403 virtutum
1477 2360 1571 2412 ipse
1599 2364 1667 2400 est
1690 2359 1786 2400 Rex
1808 2359 1898 2410 glo-

1078 2432 1164 2460 r1ae.

1132 2475 1227 2514 Ant.
1251 2476 1297 2514 ln
1316 2472 1613 2525 Conceptione
1634 2484 1712 2512 sua
1731 2472 1899 2524 aceepit

1077 2532 1214 2572 Maria
1231 2529 1580 2571 benedictionem
1597 2541 1620 2569 a
1635 2529 1835 2577 Domino,
1855 2533 1898 2569 et

1077 2585 1422 2629 misericordiam
1445 2598 1470 2626 a
1488 2586 1585 2626 Deo
1609 2584 1785 2626 salutari
1807 2597 1897 2626 suo.

1132 2639 1178 2689 V.
1210 2643 1330 2684 Deus
1363 2644 1641 2693 omnipotens
1670 2641 1898 2694 praecinxit

1077 2713 1146 2741 me
1169 2699 1340 2741 virtute.
1382 2698 1425 2748 R„
1453 2698 1508 2739 Et
1527 2698 1676 2750 posuit
1695 2698 1896 2738 immacu-

1076 2757 1208 2798 latam
1229 2756 1343 2796 viam
1361 2767 1513 2795 meam.
