2040 2990
177 194 244 232 226

755 198 793 231 In
821 199 1124 232 ‹lix-cumcisionc
1153 198 1316 232 Domini.

178 296 304 346 dico.)
352 292 494 334 Absit.
538 291 747 343 Aliequin
780 291 1005 343 quomodo

179 350 387 404 judicabit
405 349 528 390 Deus
548 348 663 389 hunc
682 346 915 390 mundum?

232 409 281 459 R.
312 407 428 449 Ecce
462 406 614 456 Agnus
650 405 754 454 Dei,
792 417 896 447 ecce
933 406 1006 458 qui

175 465 291 507 tollit
310 466 494 517 peccata
517 461 684 503 mundi:
709 474 812 503 ecce
838 461 893 503 de
919 475 1005 514 quo

177 520 378 563 dicebam
394 519 538 562 vobis:
562 518 647 569 Qui
666 523 770 571 post
790 531 860 559 me
876 519 1007 569 venit,

177 583 277 619 ante
310 590 380 619 me
412 577 554 618 factus
589 580 674 617 est:
709 578 730 600 *
760 575 890 627 Cujus
919 588 1006 617 non

176 649 273 676 sum
294 634 450 685 dignus
471 633 706 684 corrigiam
724 632 1008 674 calceamenti

177 692 359 734 solvere.
404 686 453 738 Y.
496 690 581 740 Qui
609 689 664 730 de
692 694 810 730 terra
839 694 923 739 est,
953 689 1008 731 de

175 754 293 790 terra
316 747 528 800 loquitur:
556 746 630 799 qui
655 745 710 787 de
738 745 852 787 coelo
877 746 1006 795 venit,

176 818 309 858 super
329 817 481 846 omnes
502 808 580 845 est.
609 803 752 855 Cujus.

490 862 640 902 Lectio
663 862 699 901 ii.

178 915 283 1021 ΑΙ
331 917 588 959 Judaeerum
638 916 759 957 Deus
811 916 1007 957 tantum?

306 986 451 1016 nonne
484 978 528 1015 et
557 972 790 1015 Gentium?
836 973 932 1014 Imo
966 978 1009 1015 et

179 1032 397 1075 Gentium.
443 1030 661 1080 Queniam
688 1030 866 1081 quidem
896 1043 1008 1071 unus

177 1095 245 1132 est
263 1090 396 1137 Deus,
422 1087 497 1140 qui
523 1087 727 1139 justificat
747 1087 1008 1129 circumcisi-

177 1150 306 1188 6nem
335 1158 389 1187 ex
420 1144 523 1194 fide,
557 1150 600 1186 et
633 1144 899 1197 praeputium
931 1157 1010 1197 per

178 1203 321 1245 fidem.
347 1202 511 1252 Legem
527 1213 631 1253 ergo
648 1200 914 1242 destruimus
930 1214 1009 1253 per

178 1258 335 1302 fidem?
377 1258 525 1300 Absit:
567 1257 647 1299 sed
681 1257 824 1308 legem
857 1258 1007 1299 statui-

178 1330 286 1358 mus.
315 1315 432 1366 Quid
452 1327 557 1366 ergo
576 1314 771 1356 dicemus
791 1314 1009 1356 invenisse

178 1372 405 1415 Abraham
430 1376 602 1424 patrem
630 1376 829 1412 nostrum
857 1374 1009 1413 secun-

180 1430 284 1472 dum
313 1428 515 1470 carnem?
566 1428 611 1470 Si
641 1428 755 1469 enim
784 1428 1010 1471 Abraham

180 1500 233 1528 ex
259 1485 466 1539 operibus
490 1484 748 1538 justificatus
775 1491 853 1536 est,
877 1485 1011 1528 habet

178 1544 372 1594 gluriam,
389 1542 468 1584 sed
482 1555 569 1583 non
585 1542 704 1594 apud
719 1544 873 1584 Deum.
894 1543 1011 1593 Quid

180 1600 295 1641 enim
342 1599 449 1640 dicit
494 1598 749 1651 Scriptura?
813 1599 1012 1641 Credidit

179 1656 405 1698 Abraham
433 1656 549 1696 Deo:
583 1660 627 1696 et
659 1659 910 1708 reputatum
945 1662 1011 1698 est

179 1714 241 1754 illi
279 1712 335 1754 ad
374 1712 591 1765 justitiam.
644 1713 698 1753 Ei
734 1718 898 1764 autem,
937 1713 1010 1765 qui

181 1773 406 1823 operatur,
443 1781 612 1810 merces
649 1782 737 1810 non
770 1769 1011 1822 imputatur

181 1826 422 1869 secundum
445 1825 642 1876 gratiam,
669 1825 748 1867 sed
768 1826 1011 1867 secundum

182 1883 390 1925 debiturn.
429 1882 483 1923 Ei
508 1894 612 1923 vero
641 1883 715 1935 qui
742 1895 830 1924 non
857 1885 1010 1935 opera-

181 1946 271 1990 tur,
305 1939 503 1981 credenti
531 1943 676 1981 autem
710 1939 755 1980 in
784 1952 903 1990 eum,
938 1940 1010 1992 qui

182 1997 386 2048 justificat
414 1997 613 2049 impium,
642 1999 871 2049 reputatur
900 1996 1010 2038 fides

182 2054 273 2105 ejus
306 2052 362 2095 ad
395 2053 602 2104 justitiam
635 2053 877 2094 secundum
912 2066 1011 2106 pro·
1068 2089 1076 2105 ἴ,

182 2110 375 2162 pesitum
402 2110 554 2160 gratiae
581 2109 675 2150 Dei.
711 2110 832 2151 Sicut
859 2114 902 2151 et
927 2111 1011 2151 Da·
1066 2114 1081 2132 ·¹

183 2166 256 2208 vid
303 2165 410 2208 dicit
454 2165 770 2208 beatitudinem
812 2166 1011 2218 heminis,

183 2223 253 2265 cui
290 2223 411 2264 Deus
448 2225 633 2275 accepto
677 2223 761 2265 fert
803 2224 1011 2275 justitiam

183 2280 276 2322 sine
304 2279 534 2332 operibus:
563 2280 700 2329 Beati,
730 2292 919 2332 quorum
948 2294 1011 2323 re—

182 2339 328 2377 missae
349 2341 450 2378 sunt
475 2337 736 2389 iniquitates
764 2342 807 2378 et
827 2350 1012 2389 quorum

183 2398 299 2434 tecta
320 2398 421 2434 sunt
440 2395 635 2446 peccata.
757 2406 762 2410 ·

238 2450 282 2501 Rg.
312 2450 419 2491 Dies
448 2450 744 2491 sanctificatus
771 2449 913 2492 illuxit
939 2464 1011 2492 no-

183 2506 270 2548 bis:
289 2508 432 2548 venite
453 2506 630 2555 Gentes,
655 2511 699 2547 et
725 2507 906 2548 adorate
926 2508 1012 2548 De·

183 2564 366 2604 minum:
402 2564 422 2585 *
465 2563 577 2612 Quia
614 2562 748 2605 hedie
786 2563 1014 2604 descendit

184 2620 258 2661 lux
283 2631 442 2668 magna
467 2619 510 2659 in
536 2619 675 2660 terris.
703 2613 749 2664 Y.
783 2620 893 2660 Haec
920 2619 1012 2661 dies

185 2690 317 2729 quam
351 2676 452 2717 fecit
481 2676 714 2724 Deminus‚
746 2676 1012 2717 exsultemus

185 2739 228 2776 et
249 2733 448 2776 laetemur
468 2732 511 2773 in
533 2745 594 2774 ea.
621 2732 742 2782 Quia.

1366 294 1518 335 Lectio
1539 294 1592 334 iii.

1063 353 1339 460 Beatitudo
1362 367 1465 404 ergo
1486 354 1582 396 haec
1604 355 1648 396 in
1668 357 1891 400 circumci-

1165 410 1288 451 sione
1307 414 1478 451 tantum
1500 417 1659 462 manet,
1683 425 1739 454 an
1758 414 1890 456 etiam

1061 467 1104 507 in
1132 466 1379 519 praeputio?
1416 467 1616 509 Dicimus
1645 470 1759 511 enim
1788 471 1891 523 quia

1060 526 1265 576 reputata
1294 528 1362 565 est
1387 523 1580 565 Abrahae
1608 525 1719 567 fides
1748 527 1805 568 ad
1833 529 1892 579 ju-

1061 580 1235 622 stitiam.
1277 580 1513 631 Quemodo
1546 594 1651 633 ergo
1686 587 1892 636 reputata

1062 637 1152 678 est?
1187 637 1230 678 in
1257 638 1600 688 circumcisione,
1627 652 1682 680 an
1708 639 1752 681 in
1778 654 1889 694 prae-

1061 694 1210 747 putio?
1238 694 1339 736 Non
1366 695 1410 735 in
1437 695 1786 747 circumcisiene‚
1813 699 1893 740 sed

1062 752 1106 792 in
1141 752 1387 811 praeputio.⁸
1419 752 1476 793 Et
1512 753 1684 803 signum
1721 756 1894 808 accepit

1062 809 1417 855 circumcisionis,
1429 809 1700 860 signaculum
1715 811 1892 863 justitiae

1062 864 1177 915 fidei,
1204 878 1304 918 quae
1332 870 1398 907 est
1423 866 1467 906 in
1494 867 1731 919 praeputio:
1760 873 1808 910 ut
1835 869 1892 910 sit

1062 928 1188 974 pater
1241 922 1436 963 emnium
1487 922 1759 965 credentium
1811 939 1891 978 per

1061 979 1339 1031 praeputium,
1355 984 1404 1020 ut
1423 981 1652 1032 reputetur
1671 985 1714 1022 et
1732 980 1817 1022 illis
1836 982 1893 1024 ad

1062 1035 1287 1086 justitiam:
1323 1040 1366 1077 et
1394 1036 1451 1078 sit
1477 1041 1603 1088 pater
1629 1037 1892 1080 circumcisi-

1063 1092 1159 1133 enis
1192 1104 1281 1133 non
1313 1093 1365 1133 iis
1394 1097 1565 1134 tantum
1599 1094 1675 1145 qui
1704 1099 1806 1136 sunt
1839 1108 1894 1137 ex

1063 1149 1404 1199 circumcisione,
1423 1149 1502 1191 sed
1518 1154 1562 1192 et
1575 1149 1628 1191 iis
1644 1151 1719 1202 qui
1734 1154 1896 1193 sectan-

1061 1211 1132 1247 tur
1152 1205 1338 1257 vestigia
1361 1205 1478 1255 fidei,
1504 1219 1602 1259 quae
1628 1212 1696 1249 est
1717 1207 1762 1249 in
1784 1221 1893 1261 prae-

1063 1262 1187 1315 putio
1208 1262 1346 1315 patris
1366 1263 1505 1304 nostri
1526 1263 1730 1306 Abrahae.

1115 1329 1164 1379 R„
1201 1323 1468 1366 Benedictus
1498 1325 1574 1377 qui
1600 1325 1721 1367 venit
1747 1326 1791 1366 in
1818 1328 1893 1367 ne-

1062 1381 1178 1423 mine
1205 1381 1402 1431 Domini,
1430 1381 1552 1423 Deus
1579 1381 1815 1432 Deminus‚
1851 1387 1894 1424 et

1063 1437 1204 1479 illuxit
1235 1437 1381 1479 nobis:
1413 1442 1434 1463 *
1469 1437 1675 1490 Alleluia,
1712 1438 1894 1491 alleluja.

1064 1493 1113 1544 Y.
1142 1495 1252 1536 Haec
1272 1493 1368 1536 dies
1389 1506 1521 1546 quam
1541 1495 1645 1536 fecit
1663 1495 1893 1546 Dominus,

1064 1551 1331 1592 exsultemus
1352 1555 1395 1592 et
1409 1550 1608 1592 laetemur
1627 1552 1671 1592 in
1688 1564 1750 1594 ea.
1778 1551 1893 1594 Alle-

1064 1609 1160 1660 luja.
1191 1608 1341 1649 (ileria
1360 1607 1491 1649 Patri.
1520 1607 1715 1660 Alleluia.

1287 1689 1335 1727 In
1363 1689 1413 1727 11.
1442 1689 1665 1728 Nocturno.

1116 1757 1212 1796 Ant.
1248 1755 1486 1807 Speciesus
1512 1756 1654 1797 forma
1677 1756 1701 1782 *
1728 1768 1822 1809 prae
1848 1756 1894 1797 fi-

1063 1812 1132 1854 liis
1151 1813 1388 1862 huminum,
1414 1811 1573 1854 diffusa
1600 1818 1667 1854 est
1686 1812 1827 1864 gratia
1851 1813 1894 1853 in

1064 1869 1190 1911 labiis
1217 1870 1315 1911 tuis.

1337 1935 1533 1975 Psalmus
1552 1936 1618 1975 44.

1069 2000 1082 2051 ᾗ,
1108 2000 1128 2044 :5
1182 1997 1371 2038 ructavit
1412 2009 1489 2038 cor
1528 2008 1674 2038 meum
1711 1995 1894 2037 verbum

1139 2055 1170 2113 ᾖ
1198 2053 1379 2095 bonum:
1420 2055 1444 2080 ¹⁸¹
1486 2052 1586 2094 dico
1634 2064 1717 2103 ego
1758 2054 1895 2105 Opera

1198 2122 1297 2151 mea
1316 2110 1437 2161 Regi.

1113 2168 1283 2218 Lingua
1314 2179 1412 2208 mea
1445 2166 1639 2208 celamus
1668 2166 1842 2216 scribae,
1871 2167 1895 2193 *

1064 2223 1277 2266 velociter
1297 2222 1538 2264 scribentis.

1116 2280 1351 2333 Speciesus
1371 2279 1512 2320 forma
1531 2292 1625 2333 prae
1639 2279 1743 2320 filiis
1758 2279 1893 2320 hemi-

1064 2350 1178 2386 num‚
1198 2335 1355 2378 diffusa
1370 2340 1437 2377 est
1452 2336 1593 2387 gratia
1603 2336 1646 2377 in
1656 2335 1783 2377 labiis
1793 2335 1894 2376 tuis:

1065 2396 1088 2422 *
1117 2394 1355 2447 propterea
1382 2391 1607 2434 benedixit
1633 2397 1678 2434 te
1701 2392 1823 2433 Deus
1850 2392 1894 2432 in

1065 2451 1289 2492 aeternum.

1117 2507 1360 2557 Accingere
1390 2505 1535 2557 gladio
1568 2510 1646 2546 tuo
1675 2517 1809 2558 super
1836 2504 1894 2546 fe-

1064 2576 1162 2605 mur
1181 2568 1316 2611 tuum,
1335 2564 1358 2589 *
1377 2561 1694 2615 potentissime,

1116 2619 1272 2672 Specie
1299 2624 1375 2660 tua
1403 2623 1447 2660 et
1472 2617 1800 2671 pulchritudine
1819 2622 1894 2659 tua

1066 2679 1089 2705 *
1122 2675 1314 2726 intende,
1352 2677 1566 2728 prespere
1598 2674 1813 2727 procede,
1851 2678 1894 2716 et

1066 2746 1210 2785 regna.
