2080 2990
246 199 290 234 4*
845 205 901 239 Ss.
927 207 1079 249 Septem
1104 207 1366 241 Fundatorum

550 341 702 381 Lectio
724 354 760 380 ν.

342 431 395 459 oc
422 418 525 459 vitae
558 418 803 461 institutum
833 433 963 472 quam
991 421 1073 463 sibi

349 474 463 516 foret
479 477 710 527 acceptum
726 476 846 517 Deus
861 478 1071 519 miraculo

246 530 448 572 ostendit.
490 531 603 572 Nam
632 544 766 583 quum
794 534 927 585 paulo
956 533 1073 575 dein-

245 600 350 640 ceps
378 586 422 628 hi
451 593 621 640 septem
650 588 732 630 viri
759 602 839 641 per
858 590 1069 631 Florenti-

243 656 344 684 nam
362 643 515 685 urbem
536 644 729 686 ostiatim
745 645 1068 698 eleemosynam

245 700 586 750 emendicarent‚
618 701 777 743 accidit
806 708 854 744 ut
885 705 1067 755 repente

244 756 471 798 infantium
487 770 607 807 voce,
624 771 736 810 quos
754 759 865 800 inter
880 759 960 801 fuit
978 773 1071 801 san-

245 819 341 854 ctus
374 813 603 868 Philippus
637 815 833 856 Benitius
874 816 1072 868 quintum

245 870 389 921 aetatis
414 884 607 913 mensem
627 872 699 913 vix
723 873 960 923 ingressus,
990 874 1070 916 Be-

245 929 331 968 atae
364 927 513 968 Mariae
549 928 673 969 Servi
710 929 1070 972 acclamarentur:

245 996 332 1035 quo
353 984 510 1026 deinde
529 986 704 1027 nomine
728 999 903 1040 semper
922 989 1068 1041 appel-

243 1040 321 1082 lati
355 1046 464 1082 sunt.
519 1041 679 1092 Quare,
714 1043 883 1085 vitandi
916 1046 1070 1098 populi

245 1100 452 1138 occursus
477 1110 527 1139 ac
552 1098 800 1141 solitudinis
825 1104 974 1143 amore
995 1101 1070 1144 du-

243 1153 317 1202 cti,
349 1154 393 1194 in
424 1154 591 1196 Senarii
623 1157 783 1198 montis
815 1160 992 1200 recessu
1026 1172 1069 1201 o-

242 1222 364 1251 mnes
402 1214 662 1262 convenere,
704 1213 851 1265 ibique
890 1216 1069 1259 coeleste

244 1266 467 1318 quoddam
478 1268 579 1309 vitae
594 1282 731 1320 genus
748 1272 942 1322 aggressi
958 1279 1069 1316 sunt.

242 1324 514 1367 Victitabant
534 1327 647 1367 enim
662 1327 704 1367 in
721 1329 952 1381 speluncis,
975 1330 1069 1372 sola

242 1392 355 1432 aqua
389 1381 626 1435 herbisque
659 1386 867 1426 contenti:
912 1387 1069 1437 vigiliis

242 1437 424 1489 aliisque
447 1440 759 1492 asperitatibus
780 1454 942 1495 corpus
963 1449 1068 1485 atte-

240 1494 407 1536 rebant:
437 1495 597 1538 Christi
622 1498 873 1550 passionem
892 1513 943 1541 ac
963 1514 1068 1542 moe-

242 1551 443 1593 stissimae
470 1552 665 1604 ejusdem
685 1555 920 1598 Genitricis
946 1557 1068 1599 dolo-

240 1620 310 1648 res
323 1607 497 1650 assidue
507 1610 781 1654 meditantes.
793 1613 923 1663 Quod
935 1628 1068 1667 quum

242 1663 344 1705 olim
371 1677 495 1707 sacra
515 1666 782 1710 Parasceves
808 1670 878 1711 die
903 1671 1066 1724 impen-

240 1721 330 1762 sius
377 1726 736 1776 exsequerentur,
787 1726 883 1779 ipsa
928 1728 1068 1770 Beata

240 1777 379 1828 Virgo
399 1778 483 1820 illis
506 1780 666 1823 iterato
687 1785 923 1835 apparenS,
947 1784 1066 1836 lugu-

240 1834 363 1875 brem
409 1841 595 1887 vestem,
643 1851 773 1891 quam
818 1840 1066 1892 induerent,

241 1891 449 1942 ostendit,
496 1894 666 1947 sibique
713 1898 1067 1950 acceptissimum

239 1947 333 1989 fore
358 1949 636 2001 significavit,
663 1958 712 1994 ut
734 1966 897 1995 novum
923 1955 967 1996 in
987 1956 1065 1997 Ec-

240 2004 371 2046 clesia
397 2007 642 2057 regularem
668 2009 878 2052 Ordinem
905 2013 1064 2054 excita-

239 2066 354 2109 rent,
384 2063 457 2114 qui
483 2064 624 2114 jugem
651 2066 867 2109 recoleret
893 2082 944 2110 ac
964 2081 1063 2122 pro-

239 2119 435 2160 moveret
450 2122 706 2163 memoriam
721 2122 936 2175 dolorum,
952 2139 1065 2178 quos

238 2173 335 2226 ipsa
375 2177 553 2228 pertulit
591 2178 671 2220 sub
712 2193 840 2222 cruce
878 2182 1066 2224 Domini.

240 2231 350 2273 Haee
375 2238 553 2274 sanctus
580 2235 751 2286 Petrus,
780 2238 967 2291 inclytus
989 2240 1064 2281 Or-

240 2286 352 2329 dinis
366 2288 716 2341 ,Praedieatorum
734 2294 914 2348 Martyr‚
934 2309 989 2338 ex
1009 2297 1066 2338 fa-

239 2344 396 2386 miliari
423 2358 521 2387 cum
547 2350 708 2390 sanctis
733 2350 817 2391 illis
836 2352 939 2393 viris
966 2366 1065 2395 con-

240 2400 471 2444 suetudine
499 2416 550 2445 ac
575 2405 786 2456 peculiari
812 2408 941 2449 etiam
966 2410 1065 2452 Dei-

240 2469 361 2509 parae
387 2458 554 2501 visione
581 2474 714 2513 quum
741 2462 979 2516 didicisset;
1012 2467 1066 2508 iis

239 2518 392 2555 auctor
407 2514 497 2564 fuit,
516 2522 563 2558 ut
579 2517 787 2560 Ordinem
803 2520 1065 2572 Regularem

239 2568 320 2610 sub
348 2571 642 2623 appellatione
661 2575 895 2618 Servorum
922 2579 1065 2622 beatae

240 2625 432 2677 Virginis
468 2628 760 2674 instituerent:
798 2634 872 2686 qui
909 2638 1065 2687 postea

242 2681 296 2723 ab
341 2683 598 2728 Innocentio
648 2694 805 2740 quarto
852 2691 1064 2735 Pontifice

240 2737 431 2782 Maximo
451 2743 723 2794 approbatus
742 2746 833 2789 fuit.

1177 309 1227 360 R.
1257 307 1433 350 Amavit
1452 321 1552 350 eum
1571 310 1799 363 Dominus,
1825 318 1868 355 et
1887 326 1954 355 or-

1127 363 1247 405 navit
1281 376 1395 405 eum:
1431 365 1594 407 stolam
1626 366 1781 417 gloriae
1815 370 1955 413 induit

1129 433 1237 469 eum,
1263 424 1286 447 *
1317 420 1373 462 Et
1400 420 1457 463 ad
1483 428 1636 475 portas
1663 425 1855 477 paradisi
1885 440 1955 470 co—

1127 477 1299 518 ronavit
1327 490 1437 518 eum.
1486 474 1537 525 V.
1566 479 1713 523 Induit
1741 495 1839 524 eum
1866 484 1954 526 Do-

1126 533 1268 574 minus
1308 533 1490 576 loricam
1530 536 1654 587 fidei,
1701 544 1744 580 et
1784 541 1955 583 ornavit

1127 602 1236 630 eum.
1269 590 1325 632 Et
1348 590 1405 633 ad
1428 598 1592 644 portas.

1424 673 1576 715 Lectio
1597 674 1648 714 vi.

1124 739 1314 845 Porro
1336 749 1475 790 sancti
1495 749 1558 790 illi
1578 750 1674 802 viri,
1704 764 1837 804 quum
1863 754 1955 807 plu-

1231 817 1302 845 res
1340 805 1423 847 sibi
1460 807 1607 848 socios
1645 808 1955 863 adjunxissent,

1126 860 1265 902 Italiae
1284 861 1484 904 civitates
1500 869 1633 916 atque
1650 866 1826 919 oppida,
1845 881 1956 920 prae-

1126 919 1276 960 sertim
1309 920 1513 971 Etruriae,
1547 925 1780 965 excurrere
1813 928 1956 978 eoepe-

1125 981 1236 1025 runt,
1250 975 1545 1028 praedicantes
1560 978 1723 1032 ubique
1735 980 1956 1024 Christum

1126 1032 1404 1085 Crucifixum,
1422 1035 1572 1077 civiles
1589 1036 1834 1080 discordias
1849 1051 1957 1081 com-

1124 1092 1372 1142 pescentes,
1403 1097 1446 1132 et
1477 1092 1731 1135 innumeros
1764 1094 1854 1137 fere
1883 1094 1954 1138 deh

1125 1147 1220 1188 vios
1244 1147 1301 1189 ad
1320 1148 1493 1190 virtutis
1519 1150 1721 1192 semitam
1746 1154 1953 1194 revocan-

1123 1208 1201 1245 tes.
1242 1204 1399 1257 Neque
1423 1205 1596 1247 Italiam
1620 1206 1773 1258 modo,
1805 1209 1885 1250 sed
1911 1215 1954 1252 et

1124 1260 1328 1312 Galliam,
1354 1261 1637 1304 Germaniam
1655 1276 1706 1305 ac
1725 1264 1954 1307 Poloniam

1123 1317 1213 1358 suis
1257 1318 1521 1369 evangelicis
1564 1319 1790 1363 laboribus
1825 1334 1952 1364 exco-

1122 1373 1306 1416 luerunt.
1361 1375 1563 1429 Denique
1609 1389 1742 1430 quum
1789 1378 1953 1421 bonum

1124 1431 1285 1474 Christi
1313 1431 1495 1474 odorem
1521 1433 1650 1484 longe
1676 1435 1852 1488 lateque
1873 1436 1951 1479 dif-

1121 1487 1353 1539 fudissent,
1410 1494 1719 1542 portentorum
1774 1505 1951 1546 quoque

1121 1545 1260 1595 gloria
1284 1545 1493 1596 illustres,
1520 1548 1762 1599 migrarunt
1787 1549 1844 1592 ad
1863 1550 1950 1593 Do-

1120 1602 1295 1643 minum.
1337 1602 1425 1645 Sed
1453 1616 1565 1656 quos
1591 1618 1702 1646 unus
1726 1619 1844 1648 verae
1868 1607 1950 1649 fra-

1120 1659 1339 1701 ternitatis
1387 1673 1438 1703 ac
1482 1661 1704 1713 religionis
1746 1676 1870 1705 amor
1906 1665 1951 1706 in

1120 1716 1210 1757 vita
1236 1717 1500 1768 sociaverat,
1527 1732 1660 1760 unum
1687 1721 1852 1773 pariter
1878 1720 1950 1764 de-

1119 1774 1319 1814 mortuos
1336 1775 1531 1816 contexit
1545 1776 1837 1828 sepulchrum,
1855 1781 1951 1820 una-

1122 1841 1206 1881 que
1249 1831 1404 1883 populi
1443 1833 1669 1875 veneratio
1711 1838 1951 1887 prosecuta

1120 1891 1198 1927 est.
1236 1888 1518 1941 Quapropter
1542 1889 1745 1932 Clemens
1773 1890 1948 1949 undeci7

1119 1956 1216 1984 mus
1237 1949 1280 1986 et
1295 1943 1562 1988 Benedictus
1582 1946 1777 1989 decimus
1793 1948 1949 1991 tertius

1118 1999 1356 2043 Pontifices
1375 2002 1555 2044 Maximi
1580 2003 1774 2046 delatum
1793 2004 1950 2047 iisdem

1119 2069 1144 2097 a
1163 2056 1362 2108 pluribus
1382 2059 1555 2102 saeculis
1574 2060 1847 2103 individuum
1863 2062 1948 2104 cul—

1118 2118 1212 2154 tum
1232 2115 1562 2158 confirmarunt:
1580 2130 1632 2160 ac
1645 2117 1738 2159 Leo
1753 2117 1948 2160 decimus

1118 2171 1289 2221 tertius,
1324 2173 1582 2226 approbatis
1611 2177 1739 2216 antea
1767 2174 1948 2218 miracu-

1118 2227 1182 2273 lis,
1202 2234 1306 2280 post
1318 2229 1534 2272 indultam
1548 2231 1876 2274 venerationem
1891 2232 1948 2275 ad

1119 2285 1395 2328 collectivam
1422 2288 1678 2330 eorumdem
1710 2289 1948 2332 invocatio-

1118 2355 1218 2383 nem
1238 2356 1264 2384 a
1282 2343 1379 2385 Deo
1399 2345 1601 2397 patratis,
1629 2345 1810 2388 eosdem
1833 2359 1946 2388 anno

1120 2399 1482 2452 quinquagesimo
1503 2401 1739 2444 sacerdotii
1759 2403 1825 2444 sui
1843 2403 1946 2445 San-

1119 2458 1290 2497 ctorum
1317 2456 1559 2499 honoribus
1589 2459 1844 2510 cumulavit,
1876 2472 1947 2502 eo·

1118 2515 1303 2565 rumque
1321 2514 1579 2556 memoriam
1599 2515 1756 2557 Officio
1776 2528 1828 2557 ac
1845 2516 1945 2558 Mis-

1119 2582 1167 2609 sa
1193 2569 1236 2610 in
1261 2571 1466 2612 universa
1484 2572 1684 2614 Ecclesia
1711 2573 1945 2625 quotannis

1118 2627 1399 2669 recolendam
1418 2628 1616 2670 instituit.

1168 2697 1219 2748 Rv.
1259 2697 1349 2738 Iste
1394 2697 1526 2739 homo
1571 2699 1756 2751 perfecit
1801 2698 1946 2740 omnia

1118 2766 1217 2805 quae
1240 2753 1413 2796 locutus
1441 2759 1507 2796 est
1533 2755 1573 2796 ei
1597 2755 1735 2806 Deus,
1763 2760 1808 2797 et
1834 2755 1945 2797 dixit
