2080 2990
692 220 847 255 Ordinis
872 221 1077 256 Servorum
1102 223 1140 257 B.
1166 224 1213 258 M.
1239 225 1281 258 V.
1789 226 1833 261 7*

190 311 448 364 Capitulum.
698 315 908 355 1.Petr.4.
1011 328 1143 366 gnum
1170 317 1268 367 Dei,
1303 323 1346 359 et
1374 318 1495 360 dedit
1522 319 1581 359 illi
1610 320 1834 361 scientiam

213 369 416 411 arissimi:
441 370 821 414 Communicantes
842 372 959 414 Chri·
1012 375 1278 414 sanctorum:
1304 374 1552 417 honestavit
1574 376 1694 417 illum
1713 377 1756 417 in
1775 376 1832 418 la-

231 426 288 467 sti
310 426 589 478 passionibus
613 428 818 479 gaudete,
845 434 893 471 ut
917 434 960 471 et
1011 429 1202 479 mribus,
1220 435 1263 471 et
1278 431 1512 483 complevit
1525 432 1698 474 labores
1709 433 1834 474 illius.

135 483 179 523 in
198 481 465 524 revelatione
489 482 640 534 gloriae
664 485 754 536 ejus
773 485 959 536 gaudea-
1065 496 1114 547 R..
1139 496 1200 537 br,
1226 495 1319 536 Lex
1345 496 1427 537 Dei
1456 497 1546 548 ejus
1574 500 1595 522 *
1621 497 1670 538 In
1699 497 1832 539 corde

134 539 191 581 tis
210 538 506 604 exsultantes..
799 599 806 606 ·
1010 553 1158 605 ipsius.
1198 552 1303 595 Lex,
1343 550 1389 601 X.
1424 553 1479 595 Et
1510 566 1596 594 non
1630 555 1832 607 supplan-

187 601 238 652 Βέ-
262 601 326 642 bl‘-
355 595 528 638 Amelt
556 610 655 638 eum
678 597 907 649 Domlnus,
936 602 957 624 *
1011 609 1218 651 tabuntur
1244 622 1419 660 gressus
1439 611 1538 661 ejus.
1580 611 1640 651 In.
1683 611 1833 653 Gloria

135 654 192 695 Et
215 653 388 695 ornavit
412 666 522 695 eum.
562 654 749 696 Amavit.
792 652 843 703 V.
864 656 959 698 Sto·
1010 665 1141 708 patri,
1168 666 1271 707 Lex,

135 709 223 751 lam
240 708 392 761 gloriae
411 709 552 751 induit
571 723 680 752 eum.
708 711 774 753 Et.
809 712 960 754 Gloria

134 766 264 808 Patri.
291 766 480 807 Amavit.

187 818 238 871 V.
272 822 334 864 Os
359 823 460 874 justi
484 823 767 866 meditabitur
792 826 958 878 sapien-

1063 728 1113 775 Υ.
1130 732 1155 772 J
1157 738 1302 774 ustum
1322 731 1504 774 deduxit
1522 733 1734 775 Daminus
1754 746 1832 786 per

1012 788 1103 829 vias
1127 794 1281 830 rectas.
1321 788 1370 839 Rg.
1393 788 1450 830 Et
1473 788 1663 831 ostendit
1685 789 1745 830 illi
1769 802 1831 831 re-

135 880 251 922 tiam.
302 882 352 932 R.
382 880 438 921 Et
462 879 609 931 lingua
638 881 728 933 ejus
756 880 959 934 loquetur
1011 857 1143 895 gnum
1160 845 1254 887 Del'
1578 927 1587 936 ι

134 936 350 990 judicium.
1217 927 1277 981 In
1299 927 1360 967 11.
1379 927 1627 977 Vespens.

411 1006 479 1042 Ad
502 1005 687 1043 sextam·
1063 989 1198 1024 Omnia
1224 994 1263 1024 ut
1289 990 1325 1023 in
1351 990 1495 1033 primis,
1519 996 1660 1034 praetcr

189 1063 289 1104 Ant.
317 1061 479 1107 Fidelis
498 1076 662 1105 servus,
1062 1046 1112 1096 Ys-
1152 1054 1211 1094 Hi
1251 1054 1332 1095 viri
1370 1053 1681 1095 misericordiae
1724 1059 1833 1103 sunt,

187 1123 445 1176 Capitulum,
696 1126 905 1166 E001L39,
1014 1124 1198 1163 quorum
1237 1110 1423 1163 pietates
1463 1123 1550 1151 non
1593 1109 1832 1151 defuerunt.

206 1189 330 1226 ustus
350 1198 427 1227 cor
446 1171 571 1228 suum
589 1186 771 1229 tradidit
786 1187 842 1229 ad
856 1187 958 1238 vigi·
1011 1165 1061 1215 R·
1087 1168 1244 1209 semen
1268 1169 1437 1217 ‘mrum’
1462 1171 1506 1208 et
1524 1166 1663 1217 gloria
1682 1168 1833 1207 e6rum

224 1240 403 1284 landum
423 1242 614 1286 diluculo
640 1242 697 1285 ad
715 1244 960 1292 Dominum,
1012 1237 1099 1266 non
1119 1223 1452 1299 derehnquetur.

137 1297 213 1350 qui
230 1298 334 1340 fecit
350 1298 486 1350 illum3
506 1305 550 1342 et
567 1300 610 1341 in
630 1302 869 1353 conspectu
888 1300 959 1340 Al·
1061 1290 1131 1330 Ad
1151 1290 1322 1358 Magnff.
1353 1292 1450 1333 Ant.
1489 1292 1659 1334 Nomen
1683 1295 1832 1335 e6rum

136 1354 293 1396 tissimi
311 1354 631 1409 deprecabitur,
1013 1351 1239 1402 permanet
1261 1363 1305 1390 1n
1323 1351 1549 1399 aeternum,
1573 1351 1832 1402 permanens

186 1412 237 1465 R.
253 1413 314 1455 br.
344 1412 406 1454 Os
430 1413 530 1465 justi
546 1418 569 1443 *
589 1413 873 1456 Meditabitur
896 1427 959 1455 sa-
1013 1406 1069 1448 ad
1096 1406 1211 1448 filios
1239 1408 1405 1455 eorum,
1444 1408 1695 1447 sanctorum
1722 1406 1832 1447 viro-

137 1466 357 1520 pientiam.
403 1469 476 1511 Os.
521 1467 571 1519 V.
606 1470 662 1512 Et
692 1469 838 1521 lingua
870 1471 960 1522 ejus
1013 1476 1109 1504 rum
1127 1463 1275 1514 glOria-

137 1523 342 1577 loquetur
385 1526 602 1579 judicium.
668 1527 961 1569 Meditabitur.
1345 1524 1506 1567 Oratio.

137 1580 290 1623 Gloria
306 1582 436 1625 Patri.
462 1584 534 1626 Os.
1012 1586 1242 1692 Domine
1261 1594 1285 1635 J
1289 1606 1365 1635 esu
1385 1593 1571 1642 Christe,
1599 1593 1673 1645 qui
1696 1593 1752 1635 ad
1770 1606 1832 1634 re-

188 1633 237 1685 V·
263 1639 357 1681 Lex
375 1640 459 1682 Dei
482 1642 572 1693 ejus
595 1641 639 1682 in
659 1641 793 1683 corde
811 1641 961 1694 ipsius·
1108 1649 1336 1691 colendam
1359 1650 1614 1691 memariam
1633 1648 1834 1691 dolorum

134 1694 186 1746 Ῑῖῑ·
218 1694 276 1738 Εἴ
306 1708 394 1738 non
422 1697 818 1750 supplantabfinmr
845 1710 960 1749 gres·
1014 1707 1299 1748 sanctissimae
1340 1707 1571 1749 Genitricis
1611 1711 1714 1755 tuae,
1755 1719 1834 1758 per

139 1763 214 1792 ⁵1¹⁵
233 1752 335 1804 ejus·
1014 1764 1191 1815 Septem
1210 1763 1364 1805 beatos
1379 1764 1533 1804 Patres
1553 1775 1666 1803 nova
1680 1763 1831 1804 Servo-

413 1818 481 1855 Ad
504 1820 687 1856 Nonam.
1013 1833 1108 1860 rum
1135 1820 1224 1871 ejus
1247 1819 1429 1860 Familia
1451 1818 1691 1859 Ecclesiam
1714 1823 1833 1859 tuam

190 1872 290 1914 Ant.
318 1875 452 1917 Serve
471 1874 596 1917 bone.
1013 1874 1288 1916 foecundasti:
1313 1874 1505 1916 concede
1524 1874 1754 1927 propitius;
1774 1875 1834 1916 ita

187 1928 442 1981 Capitulum.
674 1933 771 1983 Sap.
787 1933 850 1972 10.
866 1932 905 1973 b.
1012 1944 1093 1973 nos
1124 1933 1274 1973 eorum
1302 1931 1543 1973 consociari
1571 1930 1758 1980 fletibus,
1787 1935 1834 1972 ut

207 1992 353 2029 ustum
397 1987 580 2031 deduxit
622 1988 836 2030 Daminus
880 2001 961 2041 per
1012 1988 1286 2040 perfruamur
1315 1993 1359 2029 et
1385 1987 1573 2039 gaudiis:
1614 1987 1697 2038 Qui
1723 1987 1833 2028 vivis

225 2043 318 2085 vias
337 2050 495 2095 rectas,
524 2050 567 2087 et
594 2044 785 2087 ostendit
810 2044 872 2085 illi
896 2057 959 2086 re·
1014 2050 1057 2086 et
1075 2057 1231 2095 regnas
1251 2057 1350 2085 cum
1368 2045 1464 2086 Deo
1483 2044 1623 2085 Patre.

871 2123 1103 2140 ΜΘΝ

823 2197 1154 2239 ELOGIUM

478 2259 882 2293 MARTYROLOGIO
908 2259 1121 2294 ROMANO
1146 2259 1486 2295 INSERENDUM.

244 2364 395 2407 Tertio
423 2366 529 2408 Idus
556 2364 792 2407 Februarii.

239 2421 430 2465 Etruriae
461 2423 504 2463 in
538 2422 686 2463 Monte
721 2420 900 2462 Senario
933 2420 1192 2461 Sanctorum
1223 2418 1400 2470 Septem
1427 2415 1724 2458 Fundatorum
1753 2415 1828 2479 91·-

140 2475 254 2518 dinis
287 2478 522 2520 Servorum
554 2478 706 2519 Beatae
739 2476 889 2517 Mariae
921 2475 1130 2526 Virginis,
1173 2474 1246 2526 qui
1278 2479 1380 2526 post
1413 2473 1698 2525 asperrimum
1731 2476 1831 2512 vltae

140 2545 292 2584 genus,
325 2534 490 2576 meritis
519 2540 562 2576 et
588 2533 802 2587 prodigiis
833 2532 954 2581 clari,
990 2531 1231 2584 pretiosam
1258 2531 1301 2571 in
1328 2529 1516 2570 Demino
1543 2533 1739 2591 mortem·
1757 2526 1830 2590 ot>-

140 2589 293 2632 ierunt.
348 2591 469 2642 Quos
498 2595 644 2632 autem
671 2591 713 2631 in
742 2589 830 2630 vita
857 2602 968 2629 unus
996 2600 1111 2628 verae
1140 2586 1422 2629 fraternitatis
1451 2585 1628 2638 spiritus
1650 2585 1832 2650 sociavlt

141 2650 185 2687 et
211 2646 397 2688 indivisa
423 2652 526 2700 post
555 2646 722 2688 obitum
749 2644 903 2697 populi
922 2644 1144 2686 veneratio
1164 2645 1398 2696 prosecuta
1418 2646 1498 2690 est,
1526 2641 1617 2682 Leo
1638 2638 1830 2680 decnnus

141 2702 295 2744 tertius
322 2716 407 2744 una
434 2703 599 2756 pariter
626 2703 886 2744 Sanctorum
913 2701 1035 2741 fastis
1064 2699 1294 2742 accensuit.

834 2777 1140 2794 mov——
