2040 2990
714 194 823 228 Feria
850 193 983 236 quinta
1010 191 1059 225 ad
1084 191 1287 233 Vesperas.

198 294 283 345 Qui
299 293 495 335 traduxit
513 291 727 346 populum
750 303 877 332 suum
893 302 973 342 per

145 350 382 393 desertum:
407 351 431 376 *
459 349 664 403 quoniam
691 348 736 388 in
761 349 972 389 aeternum

144 406 445 449 misericordia
464 407 565 458 ejus.

197 464 282 515 Qui
312 463 532 517 percussit
565 475 691 514 reges
722 473 921 512 magnos:
948 459 972 485 *

146 521 353 574 quoniam
374 521 420 561 in
443 521 655 561 aeternum
674 516 974 559 misericordia

146 578 248 630 ejus.

196 635 254 676 Et
287 633 448 676 occidit
481 645 607 684 reges
639 631 793 673 fortes:
815 631 838 656 *
869 631 972 682 quo-

145 691 263 732 niam
275 691 321 732 in
336 692 547 732 aeternum
556 686 856 730 misericordia
872 687 973 738 ejus.

198 747 344 790 Sehon
371 760 520 799 regem
547 744 923 787 Amorrhaeorum:
949 743 973 768 *

148 805 355 857 quoniam
372 804 416 845 in
441 805 653 845 aeternum
674 799 974 842 misericordia

148 861 249 913 ejus.

198 918 256 959 Et
278 918 346 970 Og
367 930 518 969 regem
539 917 701 957 Basan:
719 914 743 940 *
769 913 974 966 quoniam

147 974 192 1015 in
211 975 423 1016 aeternum
439 971 741 1015 misericordia
761 971 862 1022 ejus.

198 1031 255 1072 Et
279 1030 400 1073 dedit
423 1036 586 1072 terram
616 1031 769 1070 eorum
792 1026 974 1068 haeredi-

146 1089 297 1129 tatem:
315 1088 339 1114 *
360 1087 566 1140 quoniam
589 1086 634 1126 in
659 1086 871 1126 aeternum
898 1083 973 1123 mi-

147 1143 386 1187 sericordia
406 1145 508 1196 ejus.

198 1200 518 1243 Haereditatem
535 1198 673 1241 Israel
692 1209 821 1239 servo
841 1209 935 1238 suo:
951 1195 975 1221 *

150 1258 357 1310 quoniam
378 1258 423 1298 in
446 1259 658 1299 aeternum
675 1252 976 1295 misericordia

150 1315 252 1366 ejus.

201 1371 314 1421 Quia
329 1370 374 1411 in
387 1370 632 1411 humilitate
644 1372 795 1410 nostra
808 1378 977 1408 memor

149 1427 229 1469 fuit
250 1427 404 1469 nostri:
422 1427 447 1453 *
467 1426 675 1479 quoniam
697 1425 742 1466 in
766 1425 978 1465 aeternum

148 1482 451 1525 misericordia
470 1483 572 1534 ejus.

201 1541 259 1582 Et
284 1539 470 1582 redemit
496 1552 579 1581 nos
607 1538 662 1580 ab
690 1537 876 1579 inimicis
903 1549 977 1578 no-

151 1597 267 1638 stris:
284 1597 309 1623 *
331 1596 537 1649 quoniam
559 1596 602 1636 in
622 1596 834 1636 aeternum
851 1593 977 1634 mise-

149 1653 339 1695 ricordia
358 1654 459 1705 ejus.

204 1710 289 1760 Qui
306 1709 382 1752 dat
401 1722 548 1751 escam
563 1708 681 1750 omni
696 1707 829 1749 carni:
839 1706 862 1731 *
875 1707 978 1758 quo-

151 1767 268 1808 niam
281 1767 325 1807 in
340 1768 552 1808 aeternum
564 1763 864 1806 misericordia
879 1763 980 1814 ejus.

205 1823 483 1865 Confitemini
492 1823 589 1864 Deo
601 1821 716 1863 coeli:
733 1820 757 1846 *
775 1819 981 1872 quoniam

152 1881 196 1921 in
215 1882 427 1922 aeternum
445 1877 746 1920 misericordia
765 1877 867 1928 ejus.

207 1936 485 1979 Confitemini
537 1935 731 1976 Domino
785 1932 981 1974 domino-

154 2006 265 2035 rum:
283 1993 307 2019 *
328 1993 534 2046 quoniam
556 1992 602 2033 in
625 1992 837 2032 aeternum
855 1988 980 2030 mise-

155 2049 345 2092 ricordia
364 2050 466 2102 ejus.

205 2105 305 2146 Ant.
324 2106 546 2155 Quoniam
563 2106 607 2146 in
626 2106 838 2146 aeternum
856 2102 982 2143 mise-

155 2162 346 2206 ricordia
365 2164 467 2215 ejus.

206 2218 305 2259 Ant.
332 2218 558 2272 Hymnum
577 2219 759 2260 cantate.

412 2275 612 2315 Psalmus
631 2275 718 2314 136.

153 2325 336 2433 Super
376 2333 555 2374 flumina
596 2329 853 2382 Babylonis,
897 2327 984 2368 illic

262 2389 454 2431 sedimus
492 2393 536 2430 et
572 2387 789 2429 flevimus:
826 2385 849 2411 *
887 2397 985 2425 cum

160 2446 490 2488 recordaremur
509 2445 628 2486 Sion:

211 2503 263 2543 In
282 2502 487 2544 salicibus
505 2501 550 2542 in
568 2499 715 2541 medio
735 2499 837 2550 ejus,
855 2498 878 2523 *
895 2510 985 2538 sus-

161 2558 392 2610 pendimus
411 2560 575 2610 organa
594 2561 754 2598 nostra.

215 2615 326 2664 Quia
360 2614 447 2656 illic
482 2614 860 2664 interrogaverunt
895 2623 987 2659 nos,

164 2671 238 2723 qui
256 2674 455 2723 captivos
475 2670 693 2712 duxerunt
710 2681 802 2718 nos,
815 2668 838 2693 *
853 2665 997 2711 verba,

163 2727 429 2769 cantionum:

1788 191 1854 227 119

1076 289 1135 330 Et
1168 289 1242 340 qui
1278 287 1554 329 abduxerunt
1588 300 1684 329 nos:
1711 287 1735 313 *
1762 287 1851 339 Hy-

1024 358 1175 386 mnum
1211 346 1383 386 cantate
1418 343 1545 386 nobis
1580 343 1635 386 de
1672 344 1853 386 canticis

1025 402 1140 443 Sion.

1078 457 1312 508 Quomodo
1341 456 1612 498 cantabimus
1635 457 1853 499 canticum

1026 515 1204 556 Domini
1222 515 1245 540 *
1264 515 1308 554 in
1326 518 1443 555 terra
1461 513 1622 555 aliena?

1078 571 1124 612 Si
1143 571 1305 613 oblitus
1324 570 1448 612 fuero
1473 571 1536 612 tui
1553 570 1809 621 Jerusalem,
1828 571 1852 596 *

1027 628 1238 670 oblivioni
1255 627 1384 669 detur
1402 627 1583 669 dextera
1600 640 1708 669 mea.

1079 684 1319 726 Adhaereat
1350 684 1497 735 lingua
1527 697 1626 726 mea
1656 684 1853 726 faucibus

1026 742 1146 792 meis,
1165 742 1188 767 *
1209 742 1246 782 si
1264 754 1352 782 non
1371 743 1611 782 meminero
1631 741 1709 782 tui:
1732 780 1735 785 .

1078 799 1124 840 Si
1146 811 1235 840 non
1258 801 1535 851 proposuero
1555 797 1812 847 Jerusalem,
1831 798 1854 823 *

1026 855 1071 896 in
1089 855 1305 908 principio
1324 854 1490 896 laetitiae
1508 867 1630 896 meae.

1079 913 1250 953 Memor
1295 916 1390 953 esto
1435 911 1624 953 Domine
1667 910 1856 953 filiorum

1027 968 1182 1019 Edom‚
1201 969 1225 994 *
1243 968 1287 1009 in
1307 968 1377 1010 die
1396 968 1657 1010 Jerusalem:

1080 1026 1165 1076 Qui
1184 1025 1348 1067 dicunt:
1371 1026 1618 1074 Exinanite,
1640 1025 1856 1066 exinanite

1027 1083 1051 1108 *
1071 1095 1210 1135 usque
1230 1081 1287 1123 ad
1305 1081 1634 1123 fundamentum
1653 1081 1697 1122 in
1717 1094 1778 1123 ea.

1080 1140 1190 1181 Filia
1204 1139 1445 1191 Babylonis
1459 1141 1631 1180 misera:
1651 1139 1674 1164 *
1690 1138 1856 1189 beatus

1031 1197 1105 1249 qui
1148 1196 1360 1239 retribuet
1403 1196 1483 1238 tibi
1524 1196 1856 1238 retributionem

1028 1258 1159 1303 tuam,
1180 1267 1311 1306 quam
1329 1253 1567 1295 retribuisti
1585 1252 1724 1294 nobis.

1080 1310 1260 1360 Beatus,
1290 1311 1363 1363 qui
1381 1309 1563 1360 tenebit,
1587 1310 1611 1335 *
1637 1314 1680 1350 et
1708 1308 1857 1350 allidet

1028 1367 1237 1419 parvulos
1256 1371 1357 1408 tuos
1377 1366 1433 1408 ad
1451 1371 1631 1419 petram.

1081 1435 1181 1474 Ant.
1210 1435 1431 1489 Hymnum
1458 1438 1631 1477 cantate
1653 1434 1780 1476 nobis
1801 1434 1856 1476 de

1030 1493 1211 1535 canticis
1230 1493 1344 1534 Sion.

1109 1578 1366 1630 Capitulum.
1563 1577 1611 1616 11.
1634 1576 1728 1616 Cor.
1750 1577 1777 1615 1.

1029 1646 1339 1752 Benedictus
1366 1662 1504 1710 Deus,
1544 1665 1587 1702 et
1613 1661 1744 1702 Pater
1770 1661 1857 1702 Do-

1131 1718 1236 1759 mini
1254 1718 1394 1759 nostri
1412 1718 1436 1758 J
1439 1731 1517 1759 esu
1538 1717 1708 1766 Christi,
1727 1717 1858 1758 Pater

1031 1774 1450 1825 misericordiarum,
1487 1778 1530 1815 et
1565 1774 1687 1814 Deus
1722 1775 1857 1814 totius

1033 1831 1365 1880 consolationis,
1398 1830 1471 1882 qui
1499 1829 1751 1871 consolatur
1777 1842 1857 1871 nos

1033 1888 1076 1928 in
1097 1887 1214 1929 omni
1232 1886 1513 1928 tribulatione
1532 1890 1693 1928 nostra.

1340 1966 1548 2016 Hymnus.

1193 2060 1318 2099 agnae
1336 2047 1458 2089 Deus
1476 2047 1698 2099 potentiae,

1216 2104 1300 2154 Qui
1318 2103 1449 2145 fertili
1467 2107 1594 2144 natos
1613 2115 1727 2155 aqua

1140 2161 1304 2202 Partim
1323 2160 1530 2213 relinquis
1549 2159 1720 2210 gurgiti,

1138 2218 1303 2259 Partim
1320 2217 1441 2259 levas
1459 2217 1504 2257 in
1524 2218 1637 2257 aera.

1090 2299 1302 2342 Demersa
1319 2298 1510 2352 lymphis
1528 2297 1791 2350 imprimens,

1140 2356 1359 2405 Subvecta
1380 2355 1503 2397 coelis
1523 2355 1708 2406 erigens:

1140 2414 1200 2455 Ut
1218 2413 1354 2465 stirpe
1373 2411 1426 2453 ab
1447 2424 1533 2453 una
1551 2409 1737 2463 prodita,

1141 2470 1328 2511 Diversa
1346 2468 1544 2521 repleant
1560 2466 1674 2508 loca:

1086 2550 1270 2603 Largire
1288 2550 1455 2592 cunctis
1474 2549 1668 2598 servulis,

1143 2609 1264 2658 Quos
1282 2606 1464 2648 mundat
1481 2604 1598 2647 unda
1617 2601 1847 2654 sanguinis,

1141 2664 1324 2706 Nescire
1345 2662 1494 2715 lapsus
1513 2661 1748 2707 criminum,

1141 2721 1237 2762 Nec
1254 2720 1366 2762 ferre
1384 2718 1537 2760 mortis
1555 2715 1742 2758 taedium.
