2080 2990
636 234 706 266 Dic
730 232 780 266 23.
805 233 890 266 dan.
933 232 973 265 ln
1001 230 1310 272 Desponsationc
1334 228 1375 261 13.
1400 227 1446 260 M.
1470 226 1514 260 V.

219 329 508 378 quaecumque
536 324 690 373 voluit,
718 323 837 373 fecit,
865 323 977 363 sicut
1004 323 1047 362 in

218 381 419 423 omnibus
456 380 665 432 operibus
706 379 796 420 suis
835 378 1047 430 quasdam

217 450 362 479 rerum
381 437 452 478 vel
470 438 720 488 temporum
740 434 1047 485 congruentias

218 498 401 546 propter
454 491 620 533 ordinis
676 489 1047 544 pulchritudinem

219 551 395 591 servare
416 548 659 590 consuevit:
686 548 747 589 ita
770 547 813 587 in
836 546 923 587 hoc
943 558 1047 597 quo-

221 617 306 656 que
324 610 414 646 tam
433 604 667 654 magnifico
688 606 823 656 opere
848 614 946 650 suo,
973 613 1047 642 no-

222 666 325 702 strae
360 659 566 701 videlicet
609 658 917 711 reparationis,
961 669 1049 697 non

219 722 387 758 tantum
425 716 670 768 potentiam
706 727 846 763 suam,
893 712 973 754 sed
1005 718 1049 754 et

219 771 498 824 prudentiam
518 771 751 812 ostendere
770 770 919 811 voluit.

276 830 323 880 Ra
354 827 653 880 Desponsatio
679 826 883 877 gloriosae
907 824 1048 875 Virgi-

219 885 286 924 nis
306 884 456 929 Mariae
484 897 538 925 ex
561 883 724 924 semine
745 881 954 930 Abrahae,
983 893 1049 921 or-

219 945 278 981 tae
305 939 360 980 de
384 939 501 980 tribu
527 939 551 979 J
554 938 658 987 uda,
692 938 809 979 clara
836 949 889 977 ex
915 936 1050 988 stirpe

221 995 376 1043 David,
395 1003 414 1021 *
440 995 570 1045 Cujus
586 994 674 1035 vita
692 993 854 1044 inclyta
871 997 1050 1033 cunctas

221 1051 407 1092 illustrat
440 1050 658 1091 ecclesias.
711 1046 761 1096 V.
798 1047 946 1089 Hodie
979 1048 1050 1089 de-

221 1109 431 1158 sponsata
469 1111 535 1147 est
571 1106 702 1147 beata
738 1105 876 1155 Virgo
914 1104 1051 1145 Maria

221 1175 275 1203 ex
293 1163 503 1215 progenie
524 1161 679 1203 David.
707 1162 848 1213 Cujus.

499 1258 501 1261 ,
533 1220 684 1260 Lectio
707 1234 741 1258 v.

303 1275 540 1316 onveniens
565 1287 670 1324 ergo
698 1279 808 1323 erat,
835 1279 884 1316 ut
912 1274 1051 1315 suavi—

306 1335 374 1371 ter
390 1342 567 1381 quoque
583 1330 738 1379 omnia,
757 1330 954 1372 coelestia
973 1332 1051 1371 sci-

220 1386 323 1427 licet
344 1391 386 1427 et
405 1388 594 1436 terrena,
614 1385 883 1438 disponeret,
903 1389 1051 1438 quate-

221 1455 302 1483 nus
335 1448 378 1483 et
410 1442 527 1483 illinc
560 1441 767 1493 dejiciens
798 1442 1051 1494 inquietum,

222 1498 415 1549 reliquos
447 1499 490 1539 in
525 1511 635 1551 pace
668 1498 877 1547 firmaret3
910 1503 954 1540 et
982 1498 1053 1539 hic

223 1552 520 1595 debellaturus
540 1554 750 1604 invidum,
778 1554 907 1596 nobis
931 1554 1053 1607 prius

224 1622 315 1650 suae
348 1610 603 1651 humilitatis
636 1614 679 1651 et
707 1610 1053 1651 mansuetudinis

223 1665 352 1706 valde
383 1667 677 1707 necessarium
709 1666 957 1718 exemplum
989 1679 1052 1707 re-

223 1720 454 1772 linqueret:
499 1722 650 1774 sicque
695 1721 883 1763 mirabili
929 1722 1055 1763 fieret

223 1776 521 1819 moderamine
546 1778 791 1830 sapientiae,
819 1782 867 1818 ut
895 1782 939 1819 et
964 1778 1053 1819 suis

225 1833 381 1883 suavis,
398 1839 440 1875 et
455 1833 655 1875 hostibus
669 1834 794 1875 fortis
810 1836 1055 1886 appareret.

280 1893 329 1941 R„
363 1889 472 1930 Cum
502 1889 771 1941 jucunditate
803 1890 1054 1942 Desponsa-

224 1945 388 1986 tionem
417 1945 560 1987 beatae
586 1946 737 1987 Mariae
770 1945 1056 1987 celebremus:
1120 1950 1142 1971 :-

230 2009 250 2028 *
269 2000 329 2042 Ut
354 2001 450 2054 ipsa
474 2015 556 2054 pro
582 2001 710 2043 nobis
734 2001 976 2043 intercedat
1000 2002 1056 2044 ad

226 2056 462 2098 Dominum
473 2059 496 2098 J
500 2071 623 2099 esum
635 2057 866 2098 Christum.
890 2056 936 2105 V.
952 2058 1055 2099 Cor-

227 2110 282 2153 de
308 2117 351 2153 et
375 2113 519 2154 animo
541 2113 715 2155 Christo
740 2115 947 2154 canamus
966 2113 1056 2163 glo-

227 2167 335 2208 riam
354 2168 397 2208 in
415 2168 498 2210 hac
514 2182 638 2210 sacra
654 2169 931 2210 solemnitate
946 2182 1056 2222 prae-

228 2223 358 2264 celsae
379 2224 612 2266 Genitricis
631 2225 714 2266 Dei
733 2225 895 2265 Mariae.
924 2226 993 2267 Ut.

533 2283 682 2323 Lectio
705 2284 754 2322 vi.

233 2316 390 2439 Quid
411 2335 525 2377 enim
544 2334 778 2387 prodesset
794 2335 1018 2378 diabolum
1033 2350 1057 2378 a

331 2391 428 2433 Deo
462 2391 592 2441 vinci,
623 2391 751 2432 nobis
782 2393 1058 2435 manentibus

230 2446 454 2499 superbis?
508 2447 772 2488 Necessario
812 2449 943 2497 igitur
986 2448 1056 2490 de-

230 2505 441 2555 sponsata
465 2508 531 2544 est
554 2503 693 2544 Maria
714 2504 738 2544 J
742 2504 896 2556 oseph‚
926 2517 1057 2556 quan—

231 2558 289 2600 do
317 2571 397 2611 per
423 2559 508 2600 hoc
536 2565 580 2601 et
606 2572 631 2600 a
655 2559 835 2600 canibus
861 2566 1059 2602 sanctum

230 2614 524 2664 absconditur,
544 2620 588 2657 et
607 2628 631 2656 a
651 2628 816 2667 sponso
836 2616 1060 2667 virginitas

231 2669 560 2722 comprobatur,
589 2676 632 2712 et
656 2671 849 2722 Virginis
874 2677 963 2713 tam
988 2685 1058 2713 ve-

232 2725 452 2767 recundiae
498 2727 709 2778 parcitur,
757 2739 887 2778 quam
934 2727 1058 2768 famae

1101 319 1369 373 providetur.
1401 318 1518 369 Quid
1537 316 1798 370 sapientius?
1825 317 1931 369 quid

1101 376 1273 426 dignius
1306 374 1455 416 divina
1483 373 1785 426 providentia?
1832 373 1931 415 Uno

1100 432 1176 473 tali
1202 430 1386 472 consilio
1411 429 1592 472 secretis
1615 428 1869 470 coelestibus
1889 434 1933 470 et

1101 487 1345 528 admittitur
1362 487 1503 535 testis,
1528 490 1571 526 et
1591 483 1837 526 excluditur
1856 484 1932 526 ho-

1102 544 1197 593 stis,
1223 548 1267 584 et
1288 545 1458 593 integra
1480 543 1681 583 servatur
1704 540 1818 581 fama
1834 540 1932 582 Vir-

1102 599 1213 650 ginis
1231 599 1396 640 Matris.

1160 663 1205 712 152
1218 659 1518 712 Desponsatio
1536 662 1623 707 tua,
1637 657 1722 698 Dei
1736 657 1935 700 Genitrix

1102 717 1260 767 Virgo,
1299 715 1508 767 gaudium
1541 713 1813 755 annuntiavit
1843 714 1934 755 uni-

1102 774 1231 813 verso
1258 771 1438 813 mundo:
1465 775 1485 796 *
1508 771 1577 811 Ex
1600 775 1644 811 te
1671 769 1786 810 enim
1811 774 1935 812 ortus

1104 833 1171 870 est
1191 828 1259 870 sol
1278 828 1470 880 justitiae,
1501 826 1698 868 Christus
1715 825 1839 867 Deus
1861 838 1935 867 no-

1104 889 1207 925 ster:
1226 886 1246 907 *
1270 884 1354 934 Qui
1373 883 1549 924 solvens
1572 880 1936 931 maledictionem,

1105 939 1228 981 dedit
1263 939 1631 981 benedictionem:
1677 942 1721 978 et
1757 937 1936 979 confun-

1105 995 1214 1036 dens
1232 1000 1436 1045 mortem,
1456 994 1638 1036 donavit
1656 992 1784 1034 nobis
1803 993 1938 1035 vitam

1105 1052 1426 1104 sempiternam.
1472 1044 1520 1095 Y.
1549 1048 1792 1091 Benedicta
1818 1055 1867 1091 tu
1893 1049 1936 1090 in

1104 1107 1375 1157 mulieribus,
1409 1112 1453 1148 et
1483 1103 1744 1147 benedictus
1772 1105 1938 1146 fructus

1106 1164 1269 1204 ventris
1287 1164 1361 1205 tui.
1394 1164 1472 1204 Ex.
1509 1161 1661 1202 Gloria
1678 1161 1810 1202 Patri.
1843 1161 1938 1212 Qui.

1331 1242 1379 1281 In
1399 1240 1469 1279 III.
1489 1238 1713 1278 Nocturno.

1107 1306 1260 1347 Lectio
1286 1306 1426 1347 sancti
1445 1304 1674 1355 Evangelii
1697 1303 1939 1345 secundum

1390 1361 1660 1402 Matthaeum.

1214 1424 1365 1465 Lectio
1387 1425 1454 1463 vii.
1638 1423 1739 1474 Cap.
1756 1423 1784 1462 1.
1802 1435 1835 1462 c.

1106 1474 1253 1582 Cum
1277 1484 1394 1521 esset
1418 1479 1690 1531 desponsata
1712 1481 1854 1518 mater
1872 1477 1898 1517 J
1899 1489 1939 1518 e-

1210 1549 1261 1576 su
1297 1536 1436 1576 Maria
1471 1534 1657 1586 Joseph‚
1703 1536 1940 1584 antequam

1107 1593 1406 1640 convenirent,
1438 1591 1615 1632 inventa
1647 1594 1715 1631 est
1741 1589 1786 1630 in
1811 1591 1940 1630 utero

1107 1647 1274 1689 habens
1307 1647 1363 1689 de
1389 1647 1555 1700 Spiritu
1587 1651 1753 1688 sancto.
1793 1645 1851 1686 Et
1877 1646 1942 1685 re-

1107 1703 1235 1755 liqua.

1200 1772 1392 1813 Homilia
1419 1771 1562 1813 sancti
1587 1769 1848 1822 Hieronymi

1393 1826 1662 1879 Prestteri.

1170 1892 1249 1924 Lib.
1273 1892 1295 1924 1.
1317 1891 1527 1925 Commcnt.
1551 1891 1587 1923 in
1606 1899 1687 1931 cap.
1709 1890 1733 1922 1.
1754 1888 1883 1922 Matth.

1178 1950 1343 1996 ›fsuare
1367 1957 1455 1986 non
1479 1944 1535 1986 de
1560 1942 1749 1995 simplici
1766 1941 1944 1993 virgine,

1114 2041 1116 2050 ‚
1256 2001 1337 2043 sed
1369 2000 1424 2042 de
1457 2000 1727 2052 desponsata
1754 1998 1943 2051 concipi-

1123 2069 1125 2072 ·
1162 2051 1196 2083 2⁴-
1213 2046 1233 2082 '²²¹
1255 2056 1348 2099 tur?
1376 2057 1581 2106 Primum,
1602 2060 1650 2096 ut
1668 2067 1750 2107 per
1766 2067 1943 2105 genera-

1109 2114 1275 2155 tionem
1293 2114 1318 2154 J
1320 2112 1477 2165 oseph‚
1506 2114 1630 2161 origo
1649 2111 1802 2152 Mariae
1825 2123 1944 2151 mon-

1110 2171 1339 2211 straretur:
1363 2167 1575 2218 secundo,
1599 2181 1656 2210 ne
1674 2165 1945 2219 lapidaretur

1113 2239 1138 2267 a
1156 2226 1181 2266 J
1183 2225 1322 2266 udaeis
1340 2229 1389 2266 ut
1408 2223 1623 2266 adultera:
1650 2222 1801 2272 tertio,
1828 2227 1877 2264 ut
1900 2222 1945 2263 in

1111 2282 1355 2334 AEgyptum
1399 2280 1572 2330 fugiens
1610 2279 1794 2321 haberet
1831 2278 1944 2320 sola·
1993 2287 1994 2290 ’

1110 2338 1230 2379 tium.
1263 2337 1430 2389 Martyr
1447 2335 1645 2386 Ignatius
1669 2335 1801 2377 etiam
1820 2346 1945 2386 quar-

1110 2399 1202 2435 tam
1220 2392 1392 2434 addidit
1407 2405 1596 2441 causam,
1616 2405 1694 2433 cur
1713 2404 1740 2432 a
1759 2390 1944 2444 despon-

1112 2452 1208 2491 sata
1233 2450 1475 2501 conceptus
1501 2447 1571 2488 sit:
1601 2448 1661 2489 Ut
1686 2452 1857 2500 partus,
1885 2448 1944 2487 in-

1113 2506 1278 2558 quiens,
1297 2506 1388 2557 ejus
1403 2503 1618 2545 celaretur
1635 2502 1825 2552 diabolo,
1841 2501 1945 2544 dum

1112 2574 1214 2603 eum
1238 2565 1365 2613 putat
1388 2571 1476 2600 non
1502 2559 1557 2601 de
1577 2559 1760 2611 virgine,
1789 2557 1870 2600 sed
1890 2558 1945 2600 de

1113 2619 1250 2659 uxore
1269 2616 1535 2667 generatum.

1168 2674 1216 2723 R1.
1243 2673 1428 2713 Beatam
1446 2683 1516 2712 me
1537 2671 1683 2712 dicent
1702 2683 1855 2712 omnes
1873 2682 1943 2721 ge-

1112 2729 1377 2770 nerationes:
1405 2728 1426 2751 *
1454 2727 1566 2777 Quia
1594 2727 1697 2769 fecit
1722 2726 1827 2768 mihi
1855 2726 1942 2767 Do-
