2080 2990
661 200 911 232 1›ir-·.’1..1;111.
959 202 992 231 S.
1023 200 1078 235 X:
1087 210 1125 232 ιι
1124 199 1181 231 1³⁴
1211 199 1301 233 Vim
1306 227 1310 231 .
1338 207 1371 232 ct
1399 199 1446 232 M:
1451 207 1503 233 11⁴1.

226 296 421 338 donaret.
470 295 657 348 Stupere
690 296 897 345 universi,
931 295 1052 347 quod

224 353 308 404 jam
354 351 594 393 divinitatis
639 352 765 393 testis
811 355 1052 401 exsisteret,

226 421 324 460 quae
343 407 486 449 adhuc
506 408 669 450 arbitra
691 409 757 449 sui
776 422 855 461 per
876 411 1052 450 aetatem

225 477 322 506 esse
353 477 440 506 non
472 471 635 517 posset.
677 466 850 515 Quanto
883 467 1051 506 terrere

225 522 312 571 egit
332 521 526 563 carnifex
545 527 592 563 ut
611 522 852 570 timeretur,
879 521 1051 574 quantis

224 577 448 619 blanditiis
467 583 515 619 ut
538 578 759 628 suaderet,
789 579 1051 630 quantorum

223 639 337 683 vota,
353 640 401 675 ut
415 634 498 675 sibi
516 634 573 676 ad
587 635 762 687 nuptias
777 632 1051 687 proveniret?

224 691 284 731 At
304 691 391 731 illa:
417 691 472 732 Et
498 691 593 732 haec
619 691 770 743 sponsi
796 691 949 743 injuria
974 695 1052 739 est,

222 747 372 799 inquit,
393 750 649 800 exspectare
669 747 939 800 placituram.
968 747 1052 797 Qui

222 817 292 845 me
313 804 395 846 sibi
414 805 535 857 prior
556 804 701 855 elegit,
722 804 921 856 accipiet:
946 803 1052 855 quid

222 864 458 913 permissor
477 859 686 902 moraris?
707 861 865 902 Pereat
880 873 1051 913 corpus,

225 916 344 969 quod
372 917 508 958 amari
531 922 682 970 potest
707 917 864 966 oculis,
893 917 1052 969 quibus

224 973 338 1015 nolo.
381 973 528 1023 Stetit,
562 974 719 1024 oravit,
749 976 965 1015 cervicem
991 974 1050 1014 in-

223 1030 355 1072 flexit.
397 1031 607 1072 Cerneres
635 1030 856 1083 trepidare
885 1030 1051 1072 carnifi-

224 1099 334 1136 cem,
368 1087 493 1140 quasi
524 1088 619 1140 ipse
652 1087 855 1129 addictus
886 1088 1050 1136 fuisset,

222 1145 407 1185 tremere
422 1145 693 1196 percusseris
709 1144 943 1192 dexteram,
960 1144 1049 1197 pal-

222 1199 311 1242 lere
340 1213 418 1241 ora
447 1201 588 1242 alieno
622 1202 814 1243 timentis
842 1201 1050 1254 periculo,

222 1269 321 1298 cum
347 1257 494 1310 puella
520 1271 610 1299 non
637 1258 809 1299 timeret
835 1271 927 1300 suo.
963 1258 1050 1298 Ha-

221 1313 334 1355 betis
362 1314 494 1365 igitur
522 1315 565 1355 in
596 1328 681 1355 una
715 1314 859 1356 hestia
886 1314 1051 1366 duplex

220 1371 492 1423 martyrium,
528 1371 710 1424 pudoris
744 1376 787 1413 et
817 1371 1049 1421 religienis.

221 1427 277 1468 Et
295 1428 419 1479 virgo
444 1428 701 1481 permansit,
730 1434 774 1470 et
795 1428 1050 1480 martyrium

222 1483 420 1525 obtinuit.

281 1559 330 1610 113.
346 1558 371 1598 J
373 1571 443 1598 am
462 1571 623 1610 corpus
646 1559 736 1610 ejus
756 1558 931 1611 cerpori
949 1571 1048 1600 meo

222 1613 436 1654 sociatum
455 1619 537 1663 est,
558 1619 601 1656 et
621 1615 796 1665 sanguis
816 1615 905 1666 ejus
926 1617 1048 1656 orna-

221 1670 283 1711 vit
302 1683 436 1721 genas
455 1683 592 1712 meas·
618 1672 640 1693 *
656 1671 786 1723 Cujus
809 1677 949 1713 mater
967 1672 1048 1712 vir-

221 1738 278 1777 go
298 1732 374 1777 est,
396 1728 516 1780 cujus
534 1732 660 1780 pater
678 1728 882 1769 feminam
900 1728 1049 1769 nescit.

232 1779 269 1830 Y
274 1759 382 1848 lps'i
399 1797 495 1825 sum
510 1783 788 1837 desponsata,
809 1783 1049 1836 cuiAngeli

223 1841 321 1881 serv
323 1840 431 1890 iunt‚
455 1841 576 1892 cujus
595 1840 964 1893 pulchritudinem
983 1841 1049 1883 sol

222 1902 266 1938 et
301 1896 403 1938 luna
438 1897 659 1938 mirantur.
707 1898 849 1950 Cujus.
901 1897 1050 1939 Gloria

221 1953 352 1994 Patri.
382 1953 522 2006 Cujus.

454 2056 501 2093 In
529 2055 599 2094 ΙΙΙ.
627 2056 849 2093 Nocturno.

283 2132 380 2172 Ant.
419 2131 547 2183 Cujus
580 2131 949 2184 pulchritudinem
982 2132 1049 2174 sol

221 2185 400 2284 {tlelglna
429 2187 656 2238 mirantur,
687 2188 773 2241 ipsi
804 2189 886 2230 soli
919 2201 1048 2231 servo

506 2310 536 2348 Ι)
541 2323 571 2348 s·
564 2308 701 2349 llmus
732 2311 789 2348 14.

234 2380 338 2428 54⁷5»,ss
356 2374 498 2428 emine
535 2375 631 2426 quis
665 2374 878 2417 habitabit
911 2376 955 2417 in
986 2382 1048 2418 ta-

233 2418 284 2478 Ἰξ
283 2415 323 2478 33)
371 2429 607 2472 bernaculo
645 2430 745 2473 tuo?
782 2434 806 2458 *
840 2438 914 2474 aut
952 2434 1049 2485 quis

305 2541 322 2572 p
371 2487 617 2539 requiescet
647 2487 691 2528 in
718 2494 868 2530 monte
896 2495 1048 2531 sancto

221 2547 315 2584 tuo.

274 2604 358 2655 Qui
377 2604 618 2655 ingreditur
637 2605 728 2646 sine
748 2606 934 2655 macula,
957 2606 980 2631 *
1006 2611 1049 2648 et

222 2663 431 2714 operatur
450 2661 670 2712 justitiam:

273 2722 357 2773 Qui
379 2722 572 2775 loquitur
591 2722 820 2764 veritatem
843 2723 886 2763 in
912 2723 1046 2765 corde

1105 307 1203 344 suo,
1230 295 1254 320 *
1284 295 1358 347 qui
1383 308 1470 337 non
1495 296 1584 346 egit
1608 295 1757 371 dolum
1784 297 1827 337 in
1851 296 1927 337 lin-

1103 364 1188 402 gua
1208 364 1301 392 sua.

1155 407 1250 449 Nec
1269 407 1371 449 fecit
1387 408 1590 460 proximo
1610 421 1690 450 suo
1707 409 1884 458 malum,
1903 410 1927 435 *

1105 469 1148 505 et
1172 463 1459 517 opprobrium
1482 477 1569 506 non
1589 465 1757 518 accepit
1776 465 1926 507 adver-

1104 534 1177 562 sus
1196 521 1422 573 proximos
1442 533 1555 562 suos.

1155 577 1227 618 Ad
1246 577 1426 618 nihilum
1446 577 1660 619 deductus
1681 582 1748 619 est
1765 577 1810 618 in
1829 589 1927 619 con-

1104 636 1259 686 spectu
1287 635 1376 685 ejus
1406 634 1638 685 malignus:
1670 634 1694 659 *
1725 634 1926 675 timentes

1104 696 1249 732 autem
1268 691 1505 732 Dominum
1524 690 1756 741 glorificat:

1156 747 1239 798 Qui
1266 748 1378 799 jurat
1404 748 1606 800 preximo
1635 759 1735 795 suo,
1767 751 1811 788 et
1839 758 1929 788 non

1105 803 1282 856 decipit,
1306 804 1329 829 *
1359 804 1432 856 qui
1450 804 1680 856 pecuniam
1699 815 1823 844 suam
1842 814 1928 843 non

1104 859 1226 901 dedit
1245 859 1301 901 ad
1320 863 1511 910 usuram,
1535 865 1578 902 et
1596 862 1777 901 munera
1797 871 1928 912 super

1103 916 1380 958 innocentem
1398 929 1484 957 non
1504 916 1683 969 accepit.

1156 973 1239 1023 Qui
1258 973 1360 1015 facit
1378 972 1492 1019 haec,
1520 974 1543 999 *
1570 986 1658 1014 non
1681 971 1929 1014 movebitur

1103 1029 1146 1070 in
1166 1031 1387 1071 aeternum.

1165 1089 1260 1128 Ant
1292 1087 1423 1138 (ujus
1457 1085 1826 1138 pulchritudinem
1862 1084 1930 1126 sol

1104 1147 1147 1184 et
1173 1142 1276 1183 luna
1302 1143 1530 1192 mirantur,
1569 1142 1654 1195 ipsi
1686 1141 1767 1183 soli
1800 1153 1928 1183 servo

1102 1199 1246 1241 fidem.

1160 1258 1259 1296 Ant.
1299 1255 1499 1296 Christus
1538 1254 1827 1296 circumdedit
1859 1266 1930 1296 me

1102 1312 1386 1354 vernantibus
1428 1316 1560 1363 atque
1596 1310 1929 1353 coruscantibus

1101 1369 1284 1420 gemmis
1303 1368 1520 1422 pretiosis.

1376 1426 1570 1466 Psalmus
1600 1427 1665 1465 44.

1194 1483 1382 1525 ructavit
1423 1495 1500 1525 cor
1552 1495 1697 1525 meum
1746 1482 1930 1524 verbum

1214 1539 1394 1580 bonum:
1411 1540 1435 1565 *
1458 1539 1556 1581 dico
1577 1551 1659 1590 ego
1680 1541 1816 1592 epera
1831 1541 1930 1580 me'a

1102 1596 1204 1646 regi

1154 1653 1322 1703 Lingua
1352 1665 1450 1694 mea
1478 1652 1670 1694 calamus
1698 1634 1872 1702 scribae,
1904 1652 1927 1678 ¹⁸¹

1102 1708 1310 1751 velociter
1339 1708 1579 1750 scribentis.

1153 1765 1387 1818 Speciosus
1421 1765 1562 1806 forma
1593 1777 1686 1817 prae
1718 1764 1818 1805 filiis
1851 1763 1926 1805 ho-

1101 1822 1276 1871 minum,
1304 1821 1461 1862 diffusa
1489 1826 1556 1863 est
1575 1821 1716 1872 gratia
1733 1821 1778 1862 in
1801 1819 1928 1863 labiis

1101 1878 1202 1919 tuis:
1217 1879 1488 1930 *propterea
1507 1877 1731 1919 benedixit
1747 1882 1791 1943 te
1806 1877 1927 1919 Deus

1102 1934 1145 1975 in
1174 1936 1395 1976 aeternum.

1153 1991 1397 2042 Accingere
1424 1989 1570 2041 gladio
1605 1994 1681 2032 tuo
1709 2002 1842 2042 super
1868 1989 1926 2032 fe—

1102 2061 1199 2089 mur
1226 2053 1360 2096 tuum,
1387 2047 1411 2073 *
1438 2045 1750 2099 potentissime,

1153 2104 1307 2157 Specie
1334 2109 1410 2145 tua
1433 2108 1477 2144 et
1503 2101 1824 2155 pulchritudine
1851 2107 1927 2144 tua

1101 2161 1125 2187 *
1161 2159 1353 2209 intende,
1388 2161 1602 2212 prospere
1637 2158 1846 2211 procede,
1883 2163 1927 2201 et

1102 2229 1245 2267 regna.

1153 2273 1340 2326 Propter
1359 2272 1599 2321 veritatem,
1619 2275 1663 2313 et
1680 2274 1925 2313 mansuetu-

1102 2329 1258 2379 dinem,
1287 2334 1330 2371 et
1358 2328 1577 2380 justitiam:
1609 2327 1633 2353 *
1666 2333 1710 2369 et
1737 2326 1927 2369 deducet

1101 2391 1145 2428 te
1172 2385 1426 2427 mirabiliter
1454 2384 1635 2426 dextera
1661 2388 1747 2426 tua.

1153 2442 1332 2492 Sagittae
1366 2446 1454 2483 tuae
1482 2443 1637 2489 acutae‚
1664 2440 1817 2493 pepuli
1844 2439 1924 2482 sub

1101 2503 1144 2540 te
1174 2497 1341 2548 cadent,
1368 2498 1392 2523 *
1419 2497 1463 2538 in
1491 2496 1626 2538 corda
1653 2497 1926 2538 inimicerum

1102 2567 1227 2606 reg1S.

1154 2610 1290 2653 Sedes
1309 2615 1383 2652 tua
1401 2610 1522 2651 Deus
1548 2609 1591 2650 in
1615 2608 1823 2650 saeculum
1847 2609 1924 2648 sae-

1102 2668 1202 2709 culi:
1229 2668 1253 2692 ’⁸¹
1280 2667 1401 2717 virga
1430 2666 1680 2708 directienis
1711 2665 1834 2716 virga
1859 2676 1922 2705 re-

1100 2724 1174 2774 gni
1199 2723 1272 2765 tui.
