<?xml version="1.0" encoding="UTF-8"?>
<!DOCTYPE html PUBLIC "-//W3C//DTD XHTML 1.0 Transitional//EN"
    "http://www.w3.org/TR/xhtml1/DTD/xhtml1-transitional.dtd">
<html xmlns="http://www.w3.org/1999/xhtml" xml:lang="en" lang="en">
 <head>
  <title>
</title>
<meta http-equiv="Content-Type" content="text/html;charset=utf-8" />
  <meta name='ocr-system' content='tesseract 3.04.00' />
  <meta name='ocr-capabilities' content='ocr_page ocr_carea ocr_par ocr_line ocrx_word'/>
</head>
<body>
  <div class='ocr_page' id='page_1' title='image "./p1breviariumroma00cathuoft_0599.png"; bbox 0 0 2080 2990; ppageno 0'>
   <div class='ocr_carea' id='block_1_1' title="bbox 692 243 1427 287">
    <p class='ocr_par' dir='ltr' id='par_1_1' title="bbox 692 243 1427 287">
     <span class='ocr_line' id='line_1_1' title="bbox 692 243 1427 287; baseline 0.001 -10"><span class='ocrx_word' id='word_1_1' title='bbox 692 243 902 278; x_wconf 81' lang='lat' dir='ltr'>Commune</span> <span class='ocrx_word' id='word_1_2' title='bbox 928 243 1181 285; x_wconf 84' lang='lat' dir='ltr'>plurimorum</span> <span class='ocrx_word' id='word_1_3' title='bbox 1209 244 1427 287; x_wconf 74' lang='lat' dir='ltr'>Martyrum.</span> 
     </span>
    </p>
   </div>
   <div class='ocr_carea' id='block_1_2' title="bbox 203 339 1037 550">
    <p class='ocr_par' dir='ltr' id='par_1_2' title="bbox 203 339 1037 550">
     <span class='ocr_line' id='line_1_2' title="bbox 253 339 1036 391; baseline -0.004 -10"><span class='ocrx_word' id='word_1_4' title='bbox 253 342 352 381; x_wconf 86' lang='lat' dir='ltr'>Ant.</span> <span class='ocrx_word' id='word_1_5' title='bbox 387 341 631 391; x_wconf 84' lang='lat' dir='ltr'>Tamquam</span> <span class='ocrx_word' id='word_1_6' title='bbox 655 352 811 380; x_wconf 91' lang='lat' dir='ltr'>aurum</span> <span class='ocrx_word' id='word_1_7' title='bbox 835 339 858 365; x_wconf 92' lang='lat'>*</span> <span class='ocrx_word' id='word_1_8' title='bbox 884 339 928 379; x_wconf 91' lang='lat' dir='ltr'>in</span> <span class='ocrx_word' id='word_1_9' title='bbox 952 339 1036 379; x_wconf 90' lang='lat' dir='ltr'>for-</span> 
     </span>
     <span class='ocr_line' id='line_1_3' title="bbox 203 395 1037 448; baseline -0.002 -11"><span class='ocrx_word' id='word_1_10' title='bbox 203 398 312 437; x_wconf 91' lang='lat' dir='ltr'>nace</span> <span class='ocrx_word' id='word_1_11' title='bbox 332 395 539 448; x_wconf 87' lang='lat' dir='ltr'>probavit</span> <span class='ocrx_word' id='word_1_12' title='bbox 559 395 723 437; x_wconf 91' lang='lat' dir='ltr'>electos</span> <span class='ocrx_word' id='word_1_13' title='bbox 742 395 973 436; x_wconf 91' lang='lat' dir='ltr'>Dominus:</span> <span class='ocrx_word' id='word_1_14' title='bbox 994 399 1037 435; x_wconf 92' lang='lat' dir='ltr'>et</span> 
     </span>
     <span class='ocr_line' id='line_1_4' title="bbox 205 451 1036 505; baseline -0.001 -13"><span class='ocrx_word' id='word_1_15' title='bbox 205 452 329 505; x_wconf 80' lang='lat' dir='ltr'>quasi</span> <span class='ocrx_word' id='word_1_16' title='bbox 370 452 631 494; x_wconf 82' lang='lat' dir='ltr'>holocausta</span> <span class='ocrx_word' id='word_1_17' title='bbox 672 452 842 504; x_wconf 88' lang='lat' dir='ltr'>accepit</span> <span class='ocrx_word' id='word_1_18' title='bbox 879 465 956 493; x_wconf 90' lang='lat' dir='ltr'>eos</span> <span class='ocrx_word' id='word_1_19' title='bbox 993 451 1036 491; x_wconf 91' lang='lat' dir='ltr'>in</span> 
     </span>
     <span class='ocr_line' id='line_1_5' title="bbox 204 510 429 550; baseline -0.004 0"><span class='ocrx_word' id='word_1_20' title='bbox 204 510 429 550; x_wconf 85' lang='lat' dir='ltr'>aeternum.</span> 
     </span>
    </p>
   </div>
   <div class='ocr_carea' id='block_1_3' title="bbox 487 588 741 628">
    <p class='ocr_par' dir='ltr' id='par_1_3' title="bbox 487 588 741 628">
     <span class='ocr_line' id='line_1_6' title="bbox 487 588 741 628; baseline 0 0"><span class='ocrx_word' id='word_1_21' title='bbox 487 588 686 628; x_wconf 86' lang='lat' dir='ltr'>Psalmus</span> <span class='ocrx_word' id='word_1_22' title='bbox 706 589 741 628; x_wconf 83' lang='lat'>2.</span> 
     </span>
    </p>
   </div>
   <div class='ocr_carea' id='block_1_4' title="bbox 160 638 1041 2389">
    <p class='ocr_par' dir='ltr' id='par_1_4' title="bbox 203 638 1038 764">
     <span class='ocr_line' id='line_1_7' title="bbox 203 638 1038 762; baseline -0.002 -65"><span class='ocrx_word' id='word_1_23' title='bbox 203 638 396 762; x_wconf 74' lang='lat' dir='ltr'>Quare</span> <span class='ocrx_word' id='word_1_24' title='bbox 424 656 694 697; x_wconf 88' lang='lat' dir='ltr'>fremuerunt</span> <span class='ocrx_word' id='word_1_25' title='bbox 722 655 908 704; x_wconf 84' lang='lat' dir='ltr'>Gentes,</span> <span class='ocrx_word' id='word_1_26' title='bbox 935 654 958 679; x_wconf 87' lang='grc'><em>*</em></span> <span class='ocrx_word' id='word_1_27' title='bbox 994 659 1038 695; x_wconf 91' lang='lat' dir='ltr'>et</span> 
     </span>
     <span class='ocr_line' id='line_1_8' title="bbox 307 709 984 764; baseline -0.004 -11"><span class='ocrx_word' id='word_1_28' title='bbox 307 711 461 764; x_wconf 89' lang='lat' dir='ltr'>populi</span> <span class='ocrx_word' id='word_1_29' title='bbox 478 711 678 752; x_wconf 90' lang='lat' dir='ltr'>meditati</span> <span class='ocrx_word' id='word_1_30' title='bbox 698 715 798 752; x_wconf 92' lang='lat' dir='ltr'>sunt</span> <span class='ocrx_word' id='word_1_31' title='bbox 816 709 984 751; x_wconf 87' lang='lat' dir='ltr'>inania?</span> 
     </span>
    </p>

    <p class='ocr_par' dir='ltr' id='par_1_5' title="bbox 204 769 1039 989">
     <span class='ocr_line' id='line_1_9' title="bbox 258 769 1037 819; baseline -0.004 -10"><span class='ocrx_word' id='word_1_32' title='bbox 258 769 505 809; x_wconf 88' lang='lat' dir='ltr'>Astiterunt</span> <span class='ocrx_word' id='word_1_33' title='bbox 528 780 655 818; x_wconf 90' lang='lat' dir='ltr'>reges</span> <span class='ocrx_word' id='word_1_34' title='bbox 678 772 825 816; x_wconf 77' lang='lat' dir='ltr'>terrae,</span> <span class='ocrx_word' id='word_1_35' title='bbox 855 771 899 808; x_wconf 91' lang='lat' dir='ltr'>et</span> <span class='ocrx_word' id='word_1_36' title='bbox 922 769 1037 819; x_wconf 91' lang='lat' dir='ltr'>prin—</span> 
     </span>
     <span class='ocr_line' id='line_1_10' title="bbox 205 822 1037 878; baseline -0.004 -12"><span class='ocrx_word' id='word_1_37' title='bbox 205 825 327 878; x_wconf 84' lang='lat' dir='ltr'>cipes</span> <span class='ocrx_word' id='word_1_38' title='bbox 355 826 654 865; x_wconf 91' lang='lat' dir='ltr'>convenerunt</span> <span class='ocrx_word' id='word_1_39' title='bbox 681 823 725 864; x_wconf 94' lang='lat' dir='ltr'>in</span> <span class='ocrx_word' id='word_1_40' title='bbox 753 836 887 864; x_wconf 93' lang='lat' dir='ltr'>unum</span> <span class='ocrx_word' id='word_1_41' title='bbox 913 823 937 848; x_wconf 90' lang='lat'>*</span> <span class='ocrx_word' id='word_1_42' title='bbox 965 822 1037 864; x_wconf 93' lang='lat' dir='ltr'>ad-</span> 
     </span>
     <span class='ocr_line' id='line_1_11' title="bbox 204 878 1039 930; baseline -0.004 -8"><span class='ocrx_word' id='word_1_43' title='bbox 204 883 358 922; x_wconf 91' lang='lat' dir='ltr'>versus</span> <span class='ocrx_word' id='word_1_44' title='bbox 373 880 621 930; x_wconf 90' lang='lat' dir='ltr'>Dominum,</span> <span class='ocrx_word' id='word_1_45' title='bbox 641 884 684 921; x_wconf 90' lang='lat' dir='ltr'>et</span> <span class='ocrx_word' id='word_1_46' title='bbox 699 878 911 920; x_wconf 88' lang='lat' dir='ltr'>adversus</span> <span class='ocrx_word' id='word_1_47' title='bbox 927 879 1039 920; x_wconf 90' lang='lat' dir='ltr'>Chri-</span> 
     </span>
     <span class='ocr_line' id='line_1_12' title="bbox 205 937 502 989; baseline -0.01 -11"><span class='ocrx_word' id='word_1_48' title='bbox 205 942 321 978; x_wconf 85' lang='lat' dir='ltr'><strong>stum</strong></span> <span class='ocrx_word' id='word_1_49' title='bbox 340 937 442 989; x_wconf 89' lang='lat' dir='ltr'>ejus.</span> <span class='ocrx_word' id='word_1_50' title='bbox 500 941 502 943; x_wconf 76' lang='grc'><strong><em>’</em></strong></span> 
     </span>
    </p>

    <p class='ocr_par' dir='ltr' id='par_1_6' title="bbox 205 991 1037 1147">
     <span class='ocr_line' id='line_1_13' title="bbox 257 991 1037 1045; baseline -0.003 -11"><span class='ocrx_word' id='word_1_51' title='bbox 257 994 571 1045; x_wconf 90' lang='lat' dir='ltr'>Dirumpamus</span> <span class='ocrx_word' id='word_1_52' title='bbox 603 991 776 1033; x_wconf 88' lang='lat' dir='ltr'>vincula</span> <span class='ocrx_word' id='word_1_53' title='bbox 813 994 982 1034; x_wconf 87' lang='lat' dir='ltr'>eorum:</span> <span class='ocrx_word' id='word_1_54' title='bbox 1014 992 1037 1017; x_wconf 87' lang='lat'>*</span> 
     </span>
     <span class='ocr_line' id='line_1_14' title="bbox 205 1048 1037 1101; baseline -0.002 -10"><span class='ocrx_word' id='word_1_55' title='bbox 205 1054 250 1091; x_wconf 86' lang='lat' dir='ltr'>et</span> <span class='ocrx_word' id='word_1_56' title='bbox 274 1049 554 1101; x_wconf 89' lang='lat' dir='ltr'>projiciamus</span> <span class='ocrx_word' id='word_1_57' title='bbox 584 1061 609 1089; x_wconf 90' lang='lat' dir='ltr'>a</span> <span class='ocrx_word' id='word_1_58' title='bbox 637 1048 765 1090; x_wconf 92' lang='lat' dir='ltr'>nobis</span> <span class='ocrx_word' id='word_1_59' title='bbox 798 1049 945 1100; x_wconf 88' lang='lat' dir='ltr'>jugum</span> <span class='ocrx_word' id='word_1_60' title='bbox 976 1049 1037 1101; x_wconf 91' lang='lat' dir='ltr'>ip-</span> 
     </span>
     <span class='ocr_line' id='line_1_15' title="bbox 205 1107 364 1147; baseline -0.013 0"><span class='ocrx_word' id='word_1_61' title='bbox 205 1107 364 1147; x_wconf 92' lang='lat' dir='ltr'>sorum.</span> 
     </span>
    </p>

    <p class='ocr_par' dir='ltr' id='par_1_7' title="bbox 206 1159 1039 1259">
     <span class='ocr_line' id='line_1_16' title="bbox 258 1159 1039 1212; baseline -0.003 -9"><span class='ocrx_word' id='word_1_62' title='bbox 258 1162 342 1212; x_wconf 90' lang='lat' dir='ltr'>Qui</span> <span class='ocrx_word' id='word_1_63' title='bbox 373 1161 543 1203; x_wconf 86' lang='lat' dir='ltr'>habitat</span> <span class='ocrx_word' id='word_1_64' title='bbox 574 1161 618 1201; x_wconf 90' lang='lat' dir='ltr'>in</span> <span class='ocrx_word' id='word_1_65' title='bbox 652 1161 795 1210; x_wconf 86' lang='lat' dir='ltr'>coelis,</span> <span class='ocrx_word' id='word_1_66' title='bbox 839 1159 1039 1201; x_wconf 87' lang='lat' dir='ltr'>irridebit</span> 
     </span>
     <span class='ocr_line' id='line_1_17' title="bbox 206 1216 1038 1259; baseline -0.002 0"><span class='ocrx_word' id='word_1_67' title='bbox 206 1231 297 1259; x_wconf 85' lang='lat' dir='ltr'>eos:</span> <span class='ocrx_word' id='word_1_68' title='bbox 311 1218 335 1243; x_wconf 91' lang='lat'>*</span> <span class='ocrx_word' id='word_1_69' title='bbox 351 1222 395 1259; x_wconf 94' lang='lat' dir='ltr'>et</span> <span class='ocrx_word' id='word_1_70' title='bbox 408 1218 624 1258; x_wconf 89' lang='lat' dir='ltr'>Dominus</span> <span class='ocrx_word' id='word_1_71' title='bbox 645 1216 932 1258; x_wconf 66' lang='lat' dir='ltr'>subsannabit</span> <span class='ocrx_word' id='word_1_72' title='bbox 950 1229 1038 1257; x_wconf 92' lang='lat' dir='ltr'>eos.</span> 
     </span>
    </p>

    <p class='ocr_par' dir='ltr' id='par_1_8' title="bbox 160 1273 1039 1437">
     <span class='ocr_line' id='line_1_18' title="bbox 258 1273 1038 1326; baseline -0.003 -12"><span class='ocrx_word' id='word_1_73' title='bbox 258 1274 383 1315; x_wconf 91' lang='lat' dir='ltr'>Tunc</span> <span class='ocrx_word' id='word_1_74' title='bbox 402 1273 608 1326; x_wconf 88' lang='lat' dir='ltr'>loquetur</span> <span class='ocrx_word' id='word_1_75' title='bbox 628 1273 684 1315; x_wconf 88' lang='lat' dir='ltr'>ad</span> <span class='ocrx_word' id='word_1_76' title='bbox 703 1286 780 1315; x_wconf 92' lang='lat' dir='ltr'>eos</span> <span class='ocrx_word' id='word_1_77' title='bbox 800 1274 844 1314; x_wconf 91' lang='lat' dir='ltr'>in</span> <span class='ocrx_word' id='word_1_78' title='bbox 863 1273 927 1313; x_wconf 88' lang='lat' dir='ltr'>ira</span> <span class='ocrx_word' id='word_1_79' title='bbox 949 1286 1038 1322; x_wconf 85' lang='lat' dir='ltr'>sua,</span> 
     </span>
     <span class='ocr_line' id='line_1_19' title="bbox 205 1329 1039 1371; baseline -0.001 -1"><span class='ocrx_word' id='word_1_80' title='bbox 205 1331 229 1356; x_wconf 86' lang='lat'>*</span> <span class='ocrx_word' id='word_1_81' title='bbox 253 1335 297 1371; x_wconf 92' lang='lat' dir='ltr'>et</span> <span class='ocrx_word' id='word_1_82' title='bbox 315 1330 359 1370; x_wconf 93' lang='lat' dir='ltr'>in</span> <span class='ocrx_word' id='word_1_83' title='bbox 378 1330 526 1371; x_wconf 90' lang='lat' dir='ltr'>furore</span> <span class='ocrx_word' id='word_1_84' title='bbox 547 1343 627 1371; x_wconf 86' lang='lat' dir='ltr'>suo</span> <span class='ocrx_word' id='word_1_85' title='bbox 648 1329 930 1371; x_wconf 67' lang='lat' dir='ltr'>conturbabit</span> <span class='ocrx_word' id='word_1_86' title='bbox 950 1342 1039 1370; x_wconf 90' lang='lat' dir='ltr'>eos.</span> 
     </span>
     <span class='ocr_line' id='line_1_20' title="bbox 160 1386 1039 1437; baseline -0.002 -10"><span class='ocrx_word' id='word_1_87' title='bbox 160 1430 162 1433; x_wconf 70' lang='grc'><strong>,</strong></span> <span class='ocrx_word' id='word_1_88' title='bbox 258 1386 353 1437; x_wconf 89' lang='lat' dir='ltr'>Ego</span> <span class='ocrx_word' id='word_1_89' title='bbox 378 1390 525 1427; x_wconf 91' lang='lat' dir='ltr'>autem</span> <span class='ocrx_word' id='word_1_90' title='bbox 545 1386 809 1428; x_wconf 68' lang='lat' dir='ltr'>constitatus</span> <span class='ocrx_word' id='word_1_91' title='bbox 829 1399 932 1432; x_wconf 15' lang='lat' dir='ltr'>sum*</span> <span class='ocrx_word' id='word_1_92' title='bbox 942 1386 1039 1426; x_wconf 88' lang='lat' dir='ltr'>Rex</span> 
     </span>
    </p>

    <p class='ocr_par' dir='ltr' id='par_1_9' title="bbox 207 1442 1040 1551">
     <span class='ocr_line' id='line_1_21' title="bbox 207 1442 1039 1495; baseline -0.001 -12"><span class='ocrx_word' id='word_1_93' title='bbox 207 1442 262 1484; x_wconf 92' lang='lat' dir='ltr'>ab</span> <span class='ocrx_word' id='word_1_94' title='bbox 282 1455 335 1483; x_wconf 91' lang='lat' dir='ltr'>eo</span> <span class='ocrx_word' id='word_1_95' title='bbox 357 1455 489 1495; x_wconf 91' lang='lat' dir='ltr'>super</span> <span class='ocrx_word' id='word_1_96' title='bbox 503 1442 607 1483; x_wconf 91' lang='lat' dir='ltr'>Sion</span> <span class='ocrx_word' id='word_1_97' title='bbox 625 1447 821 1484; x_wconf 89' lang='lat' dir='ltr'>montem</span> <span class='ocrx_word' id='word_1_98' title='bbox 840 1446 1039 1483; x_wconf 90' lang='lat' dir='ltr'>sanctum</span> 
     </span>
     <span class='ocr_line' id='line_1_22' title="bbox 208 1497 1040 1551; baseline -0.001 -12"><span class='ocrx_word' id='word_1_99' title='bbox 208 1499 309 1550; x_wconf 88' lang='lat' dir='ltr'>ejus⁷</span> <span class='ocrx_word' id='word_1_100' title='bbox 328 1499 352 1523; x_wconf 90' lang='lat'>*</span> <span class='ocrx_word' id='word_1_101' title='bbox 379 1497 626 1550; x_wconf 81' lang='lat' dir='ltr'>praedicans</span> <span class='ocrx_word' id='word_1_102' title='bbox 644 1500 918 1551; x_wconf 81' lang='lat' dir='ltr'>praeceptum</span> <span class='ocrx_word' id='word_1_103' title='bbox 938 1498 1040 1549; x_wconf 86' lang='lat' dir='ltr'>ejus.</span> 
     </span>
    </p>

    <p class='ocr_par' dir='ltr' id='par_1_10' title="bbox 206 1554 1039 1661">
     <span class='ocr_line' id='line_1_23' title="bbox 258 1554 1039 1596; baseline -0.001 -1"><span class='ocrx_word' id='word_1_104' title='bbox 258 1555 473 1595; x_wconf 92' lang='lat' dir='ltr'>Dominus</span> <span class='ocrx_word' id='word_1_105' title='bbox 506 1554 615 1596; x_wconf 82' lang='lat' dir='ltr'><strong>dixit</strong></span> <span class='ocrx_word' id='word_1_106' title='bbox 647 1554 704 1595; x_wconf 89' lang='lat' dir='ltr'>ad</span> <span class='ocrx_word' id='word_1_107' title='bbox 735 1567 821 1595; x_wconf 91' lang='lat' dir='ltr'>me:</span> <span class='ocrx_word' id='word_1_108' title='bbox 850 1555 874 1580; x_wconf 90' lang='lat'>*</span> <span class='ocrx_word' id='word_1_109' title='bbox 903 1554 1039 1595; x_wconf 91' lang='lat' dir='ltr'>Filius</span> 
     </span>
     <span class='ocr_line' id='line_1_24' title="bbox 206 1610 965 1661; baseline -0.001 -10"><span class='ocrx_word' id='word_1_110' title='bbox 206 1622 330 1651; x_wconf 90' lang='lat' dir='ltr'>meus</span> <span class='ocrx_word' id='word_1_111' title='bbox 351 1623 398 1652; x_wconf 88' lang='lat' dir='ltr'>es</span> <span class='ocrx_word' id='word_1_112' title='bbox 419 1615 477 1660; x_wconf 87' lang='lat' dir='ltr'>tu,</span> <span class='ocrx_word' id='word_1_113' title='bbox 507 1623 589 1661; x_wconf 91' lang='lat' dir='ltr'>ego</span> <span class='ocrx_word' id='word_1_114' title='bbox 609 1610 741 1652; x_wconf 92' lang='lat' dir='ltr'>hodie</span> <span class='ocrx_word' id='word_1_115' title='bbox 761 1610 891 1661; x_wconf 91' lang='lat' dir='ltr'>genui</span> <span class='ocrx_word' id='word_1_116' title='bbox 910 1615 965 1651; x_wconf 89' lang='lat' dir='ltr'>te.</span> 
     </span>
    </p>

    <p class='ocr_par' dir='ltr' id='par_1_11' title="bbox 206 1666 1039 1820">
     <span class='ocr_line' id='line_1_25' title="bbox 258 1666 1039 1716; baseline 0 -9"><span class='ocrx_word' id='word_1_117' title='bbox 258 1666 439 1708; x_wconf 86' lang='lat' dir='ltr'>Postula</span> <span class='ocrx_word' id='word_1_118' title='bbox 454 1679 479 1707; x_wconf 92' lang='lat' dir='ltr'>a</span> <span class='ocrx_word' id='word_1_119' title='bbox 493 1679 575 1716; x_wconf 90' lang='lat' dir='ltr'>me,</span> <span class='ocrx_word' id='word_1_120' title='bbox 591 1671 635 1708; x_wconf 93' lang='lat' dir='ltr'>et</span> <span class='ocrx_word' id='word_1_121' title='bbox 650 1666 766 1708; x_wconf 90' lang='lat' dir='ltr'>dabo</span> <span class='ocrx_word' id='word_1_122' title='bbox 782 1666 861 1708; x_wconf 91' lang='lat' dir='ltr'>tibi</span> <span class='ocrx_word' id='word_1_123' title='bbox 873 1666 1039 1708; x_wconf 83' lang='lat' dir='ltr'>Gentes</span> 
     </span>
     <span class='ocr_line' id='line_1_26' title="bbox 206 1722 1039 1775; baseline -0.001 -11"><span class='ocrx_word' id='word_1_124' title='bbox 206 1722 512 1764; x_wconf 85' lang='lat' dir='ltr'>haereditatem</span> <span class='ocrx_word' id='word_1_125' title='bbox 531 1727 662 1772; x_wconf 87' lang='lat' dir='ltr'>tuam,</span> <span class='ocrx_word' id='word_1_126' title='bbox 683 1723 707 1748; x_wconf 86' lang='lat'>*</span> <span class='ocrx_word' id='word_1_127' title='bbox 728 1728 771 1764; x_wconf 94' lang='lat' dir='ltr'>et</span> <span class='ocrx_word' id='word_1_128' title='bbox 797 1723 1039 1775; x_wconf 90' lang='lat' dir='ltr'>possessio-</span> 
     </span>
     <span class='ocr_line' id='line_1_27' title="bbox 206 1779 841 1820; baseline 0 -1"><span class='ocrx_word' id='word_1_129' title='bbox 206 1792 306 1820; x_wconf 92' lang='lat' dir='ltr'>nem</span> <span class='ocrx_word' id='word_1_130' title='bbox 325 1783 446 1820; x_wconf 89' lang='lat' dir='ltr'>tuam</span> <span class='ocrx_word' id='word_1_131' title='bbox 465 1779 677 1820; x_wconf 90' lang='lat' dir='ltr'>terminos</span> <span class='ocrx_word' id='word_1_132' title='bbox 697 1784 841 1820; x_wconf 88' lang='lat' dir='ltr'>terrae.</span> 
     </span>
    </p>

    <p class='ocr_par' dir='ltr' id='par_1_12' title="bbox 205 1835 1040 1943">
     <span class='ocr_line' id='line_1_28' title="bbox 259 1835 1040 1887; baseline -0.001 -11"><span class='ocrx_word' id='word_1_133' title='bbox 259 1836 405 1887; x_wconf 89' lang='lat' dir='ltr'>Reges</span> <span class='ocrx_word' id='word_1_134' title='bbox 432 1848 508 1876; x_wconf 88' lang='lat' dir='ltr'>eos</span> <span class='ocrx_word' id='word_1_135' title='bbox 535 1835 579 1876; x_wconf 92' lang='lat' dir='ltr'>in</span> <span class='ocrx_word' id='word_1_136' title='bbox 608 1836 731 1886; x_wconf 90' lang='lat' dir='ltr'>virga</span> <span class='ocrx_word' id='word_1_137' title='bbox 758 1835 916 1883; x_wconf 90' lang='lat' dir='ltr'>ferrea,</span> <span class='ocrx_word' id='word_1_138' title='bbox 944 1835 968 1861; x_wconf 88' lang='lat'>*</span> <span class='ocrx_word' id='word_1_139' title='bbox 997 1839 1040 1876; x_wconf 95' lang='lat' dir='ltr'>et</span> 
     </span>
     <span class='ocr_line' id='line_1_29' title="bbox 205 1891 1040 1943; baseline -0.001 -11"><span class='ocrx_word' id='word_1_140' title='bbox 205 1896 430 1943; x_wconf 85' lang='lat' dir='ltr'>tamquam</span> <span class='ocrx_word' id='word_1_141' title='bbox 448 1904 526 1932; x_wconf 90' lang='lat' dir='ltr'>vas</span> <span class='ocrx_word' id='word_1_142' title='bbox 546 1891 668 1941; x_wconf 90' lang='lat' dir='ltr'>figuli</span> <span class='ocrx_word' id='word_1_143' title='bbox 688 1891 936 1941; x_wconf 83' lang='lat' dir='ltr'>confringes</span> <span class='ocrx_word' id='word_1_144' title='bbox 952 1903 1040 1932; x_wconf 84' lang='lat' dir='ltr'>eos.</span> 
     </span>
    </p>

    <p class='ocr_par' dir='ltr' id='par_1_13' title="bbox 207 1947 1040 2055">
     <span class='ocr_line' id='line_1_30' title="bbox 257 1947 1040 1998; baseline -0.001 -11"><span class='ocrx_word' id='word_1_145' title='bbox 257 1948 315 1988; x_wconf 90' lang='lat' dir='ltr'>Et</span> <span class='ocrx_word' id='word_1_146' title='bbox 337 1959 453 1988; x_wconf 93' lang='lat' dir='ltr'>nunc</span> <span class='ocrx_word' id='word_1_147' title='bbox 476 1959 604 1998; x_wconf 88' lang='lat' dir='ltr'>reges</span> <span class='ocrx_word' id='word_1_148' title='bbox 628 1947 872 1997; x_wconf 83' lang='lat' dir='ltr'>intelligite:</span> <span class='ocrx_word' id='word_1_149' title='bbox 895 1947 919 1972; x_wconf 88' lang='lat'>*</span> <span class='ocrx_word' id='word_1_150' title='bbox 946 1959 1040 1987; x_wconf 91' lang='lat' dir='ltr'>eru-</span> 
     </span>
     <span class='ocr_line' id='line_1_31' title="bbox 207 2002 868 2055; baseline -0.003 -10"><span class='ocrx_word' id='word_1_151' title='bbox 207 2003 358 2045; x_wconf 83' lang='lat' dir='ltr'>dimini</span> <span class='ocrx_word' id='word_1_152' title='bbox 380 2003 454 2055; x_wconf 94' lang='lat' dir='ltr'>qui</span> <span class='ocrx_word' id='word_1_153' title='bbox 473 2002 674 2054; x_wconf 88' lang='lat' dir='ltr'>judicatis</span> <span class='ocrx_word' id='word_1_154' title='bbox 692 2007 868 2044; x_wconf 87' lang='lat' dir='ltr'>terram.</span> 
     </span>
    </p>

    <p class='ocr_par' dir='ltr' id='par_1_14' title="bbox 207 2058 1041 2157">
     <span class='ocr_line' id='line_1_32' title="bbox 258 2058 1041 2101; baseline -0.001 -1"><span class='ocrx_word' id='word_1_155' title='bbox 258 2060 427 2101; x_wconf 87' lang='lat' dir='ltr'>Servite</span> <span class='ocrx_word' id='word_1_156' title='bbox 455 2059 647 2100; x_wconf 90' lang='lat' dir='ltr'>Domino</span> <span class='ocrx_word' id='word_1_157' title='bbox 675 2059 719 2099; x_wconf 91' lang='lat' dir='ltr'>in</span> <span class='ocrx_word' id='word_1_158' title='bbox 747 2059 921 2099; x_wconf 89' lang='lat' dir='ltr'>timore:</span> <span class='ocrx_word' id='word_1_159' title='bbox 946 2058 970 2084; x_wconf 90' lang='lat'>*</span> <span class='ocrx_word' id='word_1_160' title='bbox 997 2063 1041 2099; x_wconf 92' lang='lat' dir='ltr'>et</span> 
     </span>
     <span class='ocr_line' id='line_1_33' title="bbox 207 2115 824 2157; baseline -0.005 0"><span class='ocrx_word' id='word_1_161' title='bbox 207 2115 423 2157; x_wconf 87' lang='lat' dir='ltr'>exsultate</span> <span class='ocrx_word' id='word_1_162' title='bbox 444 2116 483 2156; x_wconf 90' lang='lat' dir='ltr'>ei</span> <span class='ocrx_word' id='word_1_163' title='bbox 502 2128 602 2156; x_wconf 92' lang='lat' dir='ltr'>cum</span> <span class='ocrx_word' id='word_1_164' title='bbox 621 2116 824 2156; x_wconf 92' lang='lat' dir='ltr'>tremore.</span> 
     </span>
    </p>

    <p class='ocr_par' dir='ltr' id='par_1_15' title="bbox 206 2170 1041 2336">
     <span class='ocr_line' id='line_1_34' title="bbox 258 2170 1039 2225; baseline -0.004 -12"><span class='ocrx_word' id='word_1_165' title='bbox 258 2170 591 2225; x_wconf 88' lang='lat' dir='ltr'>Apprehendite</span> <span class='ocrx_word' id='word_1_166' title='bbox 630 2170 924 2223; x_wconf 86' lang='lat' dir='ltr'>disciplinam,</span> <span class='ocrx_word' id='word_1_167' title='bbox 969 2183 1039 2211; x_wconf 93' lang='lat' dir='ltr'>ne-</span> 
     </span>
     <span class='ocr_line' id='line_1_35' title="bbox 209 2226 1041 2280; baseline -0.004 -11"><span class='ocrx_word' id='word_1_168' title='bbox 209 2227 384 2280; x_wconf 86' lang='lat' dir='ltr'>quando</span> <span class='ocrx_word' id='word_1_169' title='bbox 421 2228 636 2268; x_wconf 79' lang='lat' dir='ltr'>irascatur</span> <span class='ocrx_word' id='word_1_170' title='bbox 673 2227 908 2276; x_wconf 89' lang='lat' dir='ltr'>Dominus,</span> <span class='ocrx_word' id='word_1_171' title='bbox 937 2226 960 2251; x_wconf 89' lang='lat'>*</span> <span class='ocrx_word' id='word_1_172' title='bbox 997 2230 1041 2266; x_wconf 90' lang='lat' dir='ltr'>et</span> 
     </span>
     <span class='ocr_line' id='line_1_36' title="bbox 206 2283 727 2336; baseline -0.004 -11"><span class='ocrx_word' id='word_1_173' title='bbox 206 2284 398 2336; x_wconf 87' lang='lat' dir='ltr'>pereatis</span> <span class='ocrx_word' id='word_1_174' title='bbox 427 2283 482 2325; x_wconf 93' lang='lat' dir='ltr'>de</span> <span class='ocrx_word' id='word_1_175' title='bbox 508 2284 578 2324; x_wconf 91' lang='lat' dir='ltr'>via</span> <span class='ocrx_word' id='word_1_176' title='bbox 605 2283 727 2335; x_wconf 86' lang='lat' dir='ltr'>justa.</span> 
     </span>
    </p>

    <p class='ocr_par' dir='ltr' id='par_1_16' title="bbox 260 2338 1040 2389">
     <span class='ocr_line' id='line_1_37' title="bbox 260 2338 1040 2389; baseline -0.004 -8"><span class='ocrx_word' id='word_1_177' title='bbox 260 2340 368 2381; x_wconf 91' lang='lat' dir='ltr'>Cum</span> <span class='ocrx_word' id='word_1_178' title='bbox 397 2340 612 2382; x_wconf 76' lang='lat' dir='ltr'>exarserit</span> <span class='ocrx_word' id='word_1_179' title='bbox 636 2340 679 2380; x_wconf 93' lang='lat' dir='ltr'>in</span> <span class='ocrx_word' id='word_1_180' title='bbox 704 2338 829 2380; x_wconf 91' lang='lat' dir='ltr'>brevi</span> <span class='ocrx_word' id='word_1_181' title='bbox 852 2338 916 2379; x_wconf 91' lang='lat' dir='ltr'>ira</span> <span class='ocrx_word' id='word_1_182' title='bbox 939 2338 1040 2389; x_wconf 71' lang='lat' dir='ltr'>ejus,</span> 
     </span>
    </p>
   </div>
   <div class='ocr_carea' id='block_1_5' title="bbox 207 2394 1104 2515">
    <p class='ocr_par' dir='ltr' id='par_1_17' title="bbox 207 2394 1190 2515">
     <span class='ocr_line' id='line_1_38' title="bbox 207 2394 1039 2448; baseline -0.004 -11"><span class='ocrx_word' id='word_1_183' title='bbox 207 2397 231 2423; x_wconf 86' lang='lat'>*</span> <span class='ocrx_word' id='word_1_184' title='bbox 248 2395 370 2437; x_wconf 90' lang='lat' dir='ltr'>beati</span> <span class='ocrx_word' id='word_1_185' title='bbox 389 2409 552 2445; x_wconf 90' lang='lat' dir='ltr'>omnes,</span> <span class='ocrx_word' id='word_1_186' title='bbox 574 2395 647 2448; x_wconf 89' lang='lat' dir='ltr'>qui</span> <span class='ocrx_word' id='word_1_187' title='bbox 668 2394 894 2436; x_wconf 87' lang='lat' dir='ltr'>confidunt</span> <span class='ocrx_word' id='word_1_188' title='bbox 913 2395 956 2434; x_wconf 91' lang='lat' dir='ltr'>in</span> <span class='ocrx_word' id='word_1_189' title='bbox 975 2406 1039 2435; x_wconf 92' lang='lat' dir='ltr'>eo.</span> 
     </span>
     <span class='ocr_line' id='line_1_39' title="bbox 259 2462 1104 2515; baseline -0.003 -11"><span class='ocrx_word' id='word_1_190' title='bbox 259 2462 358 2503; x_wconf 89' lang='lat' dir='ltr'>Ant.</span> <span class='ocrx_word' id='word_1_191' title='bbox 375 2463 617 2515; x_wconf 89' lang='lat' dir='ltr'>Tamquam</span> <span class='ocrx_word' id='word_1_192' title='bbox 633 2476 787 2504; x_wconf 92' lang='lat' dir='ltr'>aurum</span> <span class='ocrx_word' id='word_1_193' title='bbox 803 2463 846 2503; x_wconf 91' lang='lat' dir='ltr'>in</span> <span class='ocrx_word' id='word_1_194' title='bbox 861 2463 1039 2503; x_wconf 87' lang='lat' dir='ltr'>fornace</span> <span class='ocrx_word' id='word_1_195' title='bbox 1103 2481 1104 2484; x_wconf 39' lang='lat'>¹</span> 
     </span>
    </p>
   </div>
   <div class='ocr_carea' id='block_1_6' title="bbox 207 2519 1042 2628">
    <p class='ocr_par' dir='ltr' id='par_1_18' title="bbox 207 2519 1042 2628">
     <span class='ocr_line' id='line_1_40' title="bbox 207 2519 1042 2572; baseline -0.002 -12"><span class='ocrx_word' id='word_1_196' title='bbox 207 2519 414 2572; x_wconf 91' lang='lat' dir='ltr'>probavit</span> <span class='ocrx_word' id='word_1_197' title='bbox 430 2519 595 2561; x_wconf 88' lang='lat' dir='ltr'>electos</span> <span class='ocrx_word' id='word_1_198' title='bbox 610 2520 840 2560; x_wconf 89' lang='lat' dir='ltr'>Dominus:</span> <span class='ocrx_word' id='word_1_199' title='bbox 857 2523 901 2560; x_wconf 91' lang='lat' dir='ltr'>et</span> <span class='ocrx_word' id='word_1_200' title='bbox 917 2519 1042 2570; x_wconf 82' lang='lat' dir='ltr'>quasi</span> 
     </span>
     <span class='ocr_line' id='line_1_41' title="bbox 207 2575 1039 2628; baseline -0.002 -11"><span class='ocrx_word' id='word_1_201' title='bbox 207 2575 465 2617; x_wconf 73' lang='lat' dir='ltr'>holocaiista</span> <span class='ocrx_word' id='word_1_202' title='bbox 480 2576 651 2628; x_wconf 90' lang='lat' dir='ltr'>accepit</span> <span class='ocrx_word' id='word_1_203' title='bbox 665 2588 742 2617; x_wconf 91' lang='lat' dir='ltr'>eos</span> <span class='ocrx_word' id='word_1_204' title='bbox 756 2576 801 2616; x_wconf 93' lang='lat' dir='ltr'>in</span> <span class='ocrx_word' id='word_1_205' title='bbox 817 2577 1039 2616; x_wconf 88' lang='lat' dir='ltr'>aeternum.</span> 
     </span>
    </p>
   </div>
   <div class='ocr_carea' id='block_1_7' title="bbox 207 2639 1040 2794">
    <p class='ocr_par' dir='ltr' id='par_1_19' title="bbox 207 2639 1040 2794">
     <span class='ocr_line' id='line_1_42' title="bbox 259 2639 1039 2682; baseline 0 -3"><span class='ocrx_word' id='word_1_206' title='bbox 259 2639 359 2680; x_wconf 87' lang='lat' dir='ltr'>Ant.</span> <span class='ocrx_word' id='word_1_207' title='bbox 388 2640 434 2681; x_wconf 89' lang='lat' dir='ltr'>Si</span> <span class='ocrx_word' id='word_1_208' title='bbox 458 2653 607 2681; x_wconf 91' lang='lat' dir='ltr'>coram</span> <span class='ocrx_word' id='word_1_209' title='bbox 633 2640 882 2682; x_wconf 91' lang='lat' dir='ltr'>hominibus</span> <span class='ocrx_word' id='word_1_210' title='bbox 906 2640 929 2665; x_wconf 85' lang='lat'>*</span> <span class='ocrx_word' id='word_1_211' title='bbox 953 2644 1039 2681; x_wconf 90' lang='lat' dir='ltr'>tor-</span> 
     </span>
     <span class='ocr_line' id='line_1_43' title="bbox 207 2696 1040 2749; baseline -0.001 -12"><span class='ocrx_word' id='word_1_212' title='bbox 207 2698 354 2737; x_wconf 87' lang='lat' dir='ltr'>menta</span> <span class='ocrx_word' id='word_1_213' title='bbox 377 2697 496 2748; x_wconf 87' lang='lat' dir='ltr'>passi</span> <span class='ocrx_word' id='word_1_214' title='bbox 526 2702 642 2747; x_wconf 88' lang='lat' dir='ltr'>sunt,</span> <span class='ocrx_word' id='word_1_215' title='bbox 671 2710 773 2749; x_wconf 89' lang='lat' dir='ltr'>spes</span> <span class='ocrx_word' id='word_1_216' title='bbox 800 2696 1040 2737; x_wconf 91' lang='lat' dir='ltr'>electorum</span> 
     </span>
     <span class='ocr_line' id='line_1_44' title="bbox 209 2752 884 2794; baseline -0.003 0"><span class='ocrx_word' id='word_1_217' title='bbox 209 2757 276 2794; x_wconf 90' lang='lat' dir='ltr'>est</span> <span class='ocrx_word' id='word_1_218' title='bbox 302 2752 560 2793; x_wconf 85' lang='lat' dir='ltr'>immortalis</span> <span class='ocrx_word' id='word_1_219' title='bbox 589 2753 632 2792; x_wconf 91' lang='lat' dir='ltr'>in</span> <span class='ocrx_word' id='word_1_220' title='bbox 660 2754 884 2794; x_wconf 84' lang='lat' dir='ltr'>aeternum.</span> 
     </span>
    </p>
   </div>
   <div class='ocr_carea' id='block_1_8' title="bbox 361 2893 580 2918">
    <p class='ocr_par' dir='ltr' id='par_1_20' title="bbox 361 2893 580 2918">
     <span class='ocr_line' id='line_1_45' title="bbox 361 2893 580 2918; baseline -0.005 0"><span class='ocrx_word' id='word_1_221' title='bbox 361 2893 426 2918; x_wconf 80' lang='lat' dir='ltr'>Pars</span> <span class='ocrx_word' id='word_1_222' title='bbox 444 2893 580 2918; x_wconf 75' lang='lat' dir='ltr'>Hiemalis.</span> 
     </span>
    </p>
   </div>
   <div class='ocr_carea' id='block_1_9' title="bbox 1089 340 1926 2328">
    <p class='ocr_par' dir='ltr' id='par_1_21' title="bbox 1089 340 1922 560">
     <span class='ocr_line' id='line_1_46' title="bbox 1374 340 1629 380; baseline 0 -1"><span class='ocrx_word' id='word_1_223' title='bbox 1374 340 1573 380; x_wconf 80' lang='lat' dir='ltr'>Psalmus</span> <span class='ocrx_word' id='word_1_224' title='bbox 1594 342 1629 379; x_wconf 75' lang='lat'>3.</span> 
     </span>
     <span class='ocr_line' id='line_1_47' title="bbox 1179 398 1922 450; baseline -0.001 -13"><span class='ocrx_word' id='word_1_225' title='bbox 1179 398 1323 439; x_wconf 91' lang='lat' dir='ltr'>omine</span> <span class='ocrx_word' id='word_1_226' title='bbox 1362 398 1467 449; x_wconf 91' lang='lat' dir='ltr'>quid</span> <span class='ocrx_word' id='word_1_227' title='bbox 1509 398 1785 450; x_wconf 90' lang='lat' dir='ltr'>multiplicati</span> <span class='ocrx_word' id='word_1_228' title='bbox 1822 401 1922 437; x_wconf 91' lang='lat' dir='ltr'>sunt</span> 
     </span>
     <span class='ocr_line' id='line_1_48' title="bbox 1194 453 1921 505; baseline -0.003 -10"><span class='ocrx_word' id='word_1_229' title='bbox 1194 454 1268 505; x_wconf 90' lang='lat' dir='ltr'>qui</span> <span class='ocrx_word' id='word_1_230' title='bbox 1294 453 1504 495; x_wconf 85' lang='lat' dir='ltr'>tribulant</span> <span class='ocrx_word' id='word_1_231' title='bbox 1531 453 1626 495; x_wconf 87' lang='lat' dir='ltr'>me?</span> <span class='ocrx_word' id='word_1_232' title='bbox 1656 455 1679 479; x_wconf 86' lang='lat'>*</span> <span class='ocrx_word' id='word_1_233' title='bbox 1707 453 1831 495; x_wconf 90' lang='lat' dir='ltr'>multi</span> <span class='ocrx_word' id='word_1_234' title='bbox 1861 453 1921 493; x_wconf 94' lang='lat' dir='ltr'>in-</span> 
     </span>
     <span class='ocr_line' id='line_1_49' title="bbox 1089 509 1645 560; baseline 0 -9"><span class='ocrx_word' id='word_1_235' title='bbox 1089 513 1274 560; x_wconf 73' lang='lat' dir='ltr'>surgunt</span> <span class='ocrx_word' id='word_1_236' title='bbox 1302 509 1536 551; x_wconf 90' lang='lat' dir='ltr'>adversum</span> <span class='ocrx_word' id='word_1_237' title='bbox 1564 523 1645 551; x_wconf 89' lang='lat' dir='ltr'>me.</span> 
     </span>
    </p>

    <p class='ocr_par' dir='ltr' id='par_1_22' title="bbox 1090 566 1921 675">
     <span class='ocr_line' id='line_1_50' title="bbox 1141 566 1921 608; baseline -0.001 -2"><span class='ocrx_word' id='word_1_238' title='bbox 1141 566 1267 608; x_wconf 91' lang='lat' dir='ltr'>Multi</span> <span class='ocrx_word' id='word_1_239' title='bbox 1289 566 1439 607; x_wconf 86' lang='lat' dir='ltr'>dicunt</span> <span class='ocrx_word' id='word_1_240' title='bbox 1459 567 1614 607; x_wconf 84' lang='lat' dir='ltr'>animae</span> <span class='ocrx_word' id='word_1_241' title='bbox 1631 579 1756 607; x_wconf 88' lang='lat' dir='ltr'>meae:</span> <span class='ocrx_word' id='word_1_242' title='bbox 1774 566 1797 591; x_wconf 88' lang='lat'>*</span> <span class='ocrx_word' id='word_1_243' title='bbox 1820 566 1921 606; x_wconf 92' lang='lat' dir='ltr'>Non</span> 
     </span>
     <span class='ocr_line' id='line_1_51' title="bbox 1090 623 1696 675; baseline -0.002 -12"><span class='ocrx_word' id='word_1_244' title='bbox 1090 627 1157 664; x_wconf 87' lang='lat' dir='ltr'>est</span> <span class='ocrx_word' id='word_1_245' title='bbox 1176 623 1293 664; x_wconf 91' lang='lat' dir='ltr'>salus</span> <span class='ocrx_word' id='word_1_246' title='bbox 1311 623 1395 675; x_wconf 90' lang='lat' dir='ltr'>ipsi</span> <span class='ocrx_word' id='word_1_247' title='bbox 1415 623 1458 663; x_wconf 91' lang='lat' dir='ltr'>in</span> <span class='ocrx_word' id='word_1_248' title='bbox 1478 623 1575 664; x_wconf 91' lang='lat' dir='ltr'>Deo</span> <span class='ocrx_word' id='word_1_249' title='bbox 1596 624 1696 674; x_wconf 88' lang='lat' dir='ltr'>ejus.</span> 
     </span>
    </p>

    <p class='ocr_par' dir='ltr' id='par_1_23' title="bbox 1089 679 1922 844">
     <span class='ocr_line' id='line_1_52' title="bbox 1141 679 1922 730; baseline -0.003 -10"><span class='ocrx_word' id='word_1_250' title='bbox 1141 679 1210 720; x_wconf 91' lang='lat' dir='ltr'>Tu</span> <span class='ocrx_word' id='word_1_251' title='bbox 1261 684 1407 720; x_wconf 91' lang='lat' dir='ltr'>autem</span> <span class='ocrx_word' id='word_1_252' title='bbox 1452 679 1641 720; x_wconf 90' lang='lat' dir='ltr'>Domine</span> <span class='ocrx_word' id='word_1_253' title='bbox 1693 680 1922 730; x_wconf 85' lang='lat' dir='ltr'>susceptor</span> 
     </span>
     <span class='ocr_line' id='line_1_53' title="bbox 1089 735 1922 787; baseline -0.002 -11"><span class='ocrx_word' id='word_1_254' title='bbox 1089 748 1213 777; x_wconf 92' lang='lat' dir='ltr'>meus</span> <span class='ocrx_word' id='word_1_255' title='bbox 1234 749 1292 785; x_wconf 85' lang='lat' dir='ltr'>es,</span> <span class='ocrx_word' id='word_1_256' title='bbox 1315 737 1339 761; x_wconf 84' lang='lat'>*</span> <span class='ocrx_word' id='word_1_257' title='bbox 1367 735 1506 787; x_wconf 88' lang='lat' dir='ltr'>gloria</span> <span class='ocrx_word' id='word_1_258' title='bbox 1525 749 1633 785; x_wconf 90' lang='lat' dir='ltr'>mea,</span> <span class='ocrx_word' id='word_1_259' title='bbox 1663 741 1706 777; x_wconf 90' lang='lat' dir='ltr'>et</span> <span class='ocrx_word' id='word_1_260' title='bbox 1726 735 1922 776; x_wconf 87' lang='lat' dir='ltr'>exaltans</span> 
     </span>
     <span class='ocr_line' id='line_1_54' title="bbox 1090 797 1401 844; baseline -0.003 -11"><span class='ocrx_word' id='word_1_261' title='bbox 1090 797 1223 844; x_wconf 90' lang='lat' dir='ltr'>caput</span> <span class='ocrx_word' id='word_1_262' title='bbox 1244 805 1401 833; x_wconf 90' lang='lat' dir='ltr'>meum.</span> 
     </span>
    </p>

    <p class='ocr_par' dir='ltr' id='par_1_24' title="bbox 1090 848 1923 1002">
     <span class='ocr_line' id='line_1_55' title="bbox 1141 848 1923 890; baseline -0.003 0"><span class='ocrx_word' id='word_1_263' title='bbox 1141 849 1267 890; x_wconf 87' lang='lat' dir='ltr'>Voce</span> <span class='ocrx_word' id='word_1_264' title='bbox 1285 862 1384 890; x_wconf 90' lang='lat' dir='ltr'>mea</span> <span class='ocrx_word' id='word_1_265' title='bbox 1400 848 1456 890; x_wconf 90' lang='lat' dir='ltr'>ad</span> <span class='ocrx_word' id='word_1_266' title='bbox 1471 848 1710 889; x_wconf 87' lang='lat' dir='ltr'>Dominum</span> <span class='ocrx_word' id='word_1_267' title='bbox 1726 848 1923 889; x_wconf 80' lang='lat' dir='ltr'>clamavi:</span> 
     </span>
     <span class='ocr_line' id='line_1_56' title="bbox 1090 904 1922 946; baseline -0.001 0"><span class='ocrx_word' id='word_1_268' title='bbox 1090 906 1113 931; x_wconf 89' lang='lat'>*</span> <span class='ocrx_word' id='word_1_269' title='bbox 1130 910 1173 946; x_wconf 89' lang='lat' dir='ltr'>et</span> <span class='ocrx_word' id='word_1_270' title='bbox 1192 904 1417 946; x_wconf 84' lang='lat' dir='ltr'>exaudivit</span> <span class='ocrx_word' id='word_1_271' title='bbox 1434 917 1505 946; x_wconf 89' lang='lat' dir='ltr'>me</span> <span class='ocrx_word' id='word_1_272' title='bbox 1525 904 1580 946; x_wconf 91' lang='lat' dir='ltr'>de</span> <span class='ocrx_word' id='word_1_273' title='bbox 1602 909 1751 946; x_wconf 92' lang='lat' dir='ltr'>monte</span> <span class='ocrx_word' id='word_1_274' title='bbox 1771 909 1922 945; x_wconf 89' lang='lat' dir='ltr'>sancto</span> 
     </span>
     <span class='ocr_line' id='line_1_57' title="bbox 1090 974 1182 1002; baseline 0.011 -1"><span class='ocrx_word' id='word_1_275' title='bbox 1090 974 1182 1002; x_wconf 93' lang='lat' dir='ltr'>suo.</span> 
     </span>
    </p>

    <p class='ocr_par' dir='ltr' id='par_1_25' title="bbox 1089 1016 1924 1182">
     <span class='ocr_line' id='line_1_58' title="bbox 1142 1016 1924 1069; baseline 0 -13"><span class='ocrx_word' id='word_1_276' title='bbox 1142 1017 1238 1068; x_wconf 91' lang='lat' dir='ltr'>Ego</span> <span class='ocrx_word' id='word_1_277' title='bbox 1264 1016 1466 1067; x_wconf 71' lang='lat' dir='ltr'>dormivi,</span> <span class='ocrx_word' id='word_1_278' title='bbox 1496 1022 1540 1058; x_wconf 92' lang='lat' dir='ltr'>et</span> <span class='ocrx_word' id='word_1_279' title='bbox 1559 1019 1794 1069; x_wconf 87' lang='lat' dir='ltr'>soporatus</span> <span class='ocrx_word' id='word_1_280' title='bbox 1815 1029 1924 1057; x_wconf 92' lang='lat' dir='ltr'>sum:</span> 
     </span>
     <span class='ocr_line' id='line_1_59' title="bbox 1089 1073 1924 1125; baseline -0.002 -11"><span class='ocrx_word' id='word_1_281' title='bbox 1089 1074 1112 1099; x_wconf 87' lang='lat'>*</span> <span class='ocrx_word' id='word_1_282' title='bbox 1135 1078 1178 1114; x_wconf 93' lang='lat' dir='ltr'>et</span> <span class='ocrx_word' id='word_1_283' title='bbox 1199 1074 1440 1124; x_wconf 80' lang='lat' dir='ltr'>exsurrexi,</span> <span class='ocrx_word' id='word_1_284' title='bbox 1471 1074 1572 1125; x_wconf 91' lang='lat' dir='ltr'>quia</span> <span class='ocrx_word' id='word_1_285' title='bbox 1595 1073 1810 1114; x_wconf 89' lang='lat' dir='ltr'>Dominus</span> <span class='ocrx_word' id='word_1_286' title='bbox 1835 1085 1924 1113; x_wconf 90' lang='lat' dir='ltr'>sus-</span> 
     </span>
     <span class='ocr_line' id='line_1_60' title="bbox 1090 1130 1306 1182; baseline 0 -12"><span class='ocrx_word' id='word_1_287' title='bbox 1090 1130 1206 1182; x_wconf 88' lang='lat' dir='ltr'>cepit</span> <span class='ocrx_word' id='word_1_288' title='bbox 1224 1143 1306 1171; x_wconf 90' lang='lat' dir='ltr'>me.</span> 
     </span>
    </p>

    <p class='ocr_par' dir='ltr' id='par_1_26' title="bbox 1091 1185 1924 1347">
     <span class='ocr_line' id='line_1_61' title="bbox 1141 1185 1924 1237; baseline -0.001 -11"><span class='ocrx_word' id='word_1_289' title='bbox 1141 1186 1243 1226; x_wconf 92' lang='lat' dir='ltr'>Non</span> <span class='ocrx_word' id='word_1_290' title='bbox 1286 1185 1451 1227; x_wconf 90' lang='lat' dir='ltr'>timebo</span> <span class='ocrx_word' id='word_1_291' title='bbox 1490 1185 1624 1226; x_wconf 87' lang='lat' dir='ltr'>millia</span> <span class='ocrx_word' id='word_1_292' title='bbox 1660 1185 1813 1237; x_wconf 92' lang='lat' dir='ltr'>populi</span> <span class='ocrx_word' id='word_1_293' title='bbox 1846 1185 1924 1226; x_wconf 93' lang='lat' dir='ltr'>cir-</span> 
     </span>
     <span class='ocr_line' id='line_1_62' title="bbox 1091 1242 1924 1292; baseline -0.002 -9"><span class='ocrx_word' id='word_1_294' title='bbox 1091 1242 1337 1284; x_wconf 89' lang='lat' dir='ltr'>cumdantis</span> <span class='ocrx_word' id='word_1_295' title='bbox 1362 1255 1448 1283; x_wconf 92' lang='lat' dir='ltr'>me:</span> <span class='ocrx_word' id='word_1_296' title='bbox 1472 1243 1495 1269; x_wconf 91' lang='lat'>*</span> <span class='ocrx_word' id='word_1_297' title='bbox 1520 1245 1706 1292; x_wconf 81' lang='lat' dir='ltr'>exsurge</span> <span class='ocrx_word' id='word_1_298' title='bbox 1726 1242 1924 1290; x_wconf 85' lang='lat' dir='ltr'>Domine,</span> 
     </span>
     <span class='ocr_line' id='line_1_63' title="bbox 1092 1298 1754 1347; baseline -0.002 -8"><span class='ocrx_word' id='word_1_299' title='bbox 1092 1298 1261 1339; x_wconf 91' lang='lat' dir='ltr'>salvum</span> <span class='ocrx_word' id='word_1_300' title='bbox 1280 1311 1350 1339; x_wconf 94' lang='lat' dir='ltr'>me</span> <span class='ocrx_word' id='word_1_301' title='bbox 1370 1298 1449 1347; x_wconf 88' lang='lat' dir='ltr'>fac,</span> <span class='ocrx_word' id='word_1_302' title='bbox 1477 1298 1599 1339; x_wconf 92' lang='lat' dir='ltr'>Deus</span> <span class='ocrx_word' id='word_1_303' title='bbox 1618 1311 1754 1339; x_wconf 90' lang='lat' dir='ltr'>meus.</span> 
     </span>
    </p>

    <p class='ocr_par' dir='ltr' id='par_1_27' title="bbox 1091 1354 1926 1519">
     <span class='ocr_line' id='line_1_64' title="bbox 1144 1354 1925 1407; baseline -0.001 -12"><span class='ocrx_word' id='word_1_304' title='bbox 1144 1355 1361 1404; x_wconf 83' lang='lat' dir='ltr'>Quoniam</span> <span class='ocrx_word' id='word_1_305' title='bbox 1397 1360 1445 1396; x_wconf 84' lang='lat' dir='ltr'>tu</span> <span class='ocrx_word' id='word_1_306' title='bbox 1476 1354 1734 1407; x_wconf 85' lang='lat' dir='ltr'>percussisti</span> <span class='ocrx_word' id='word_1_307' title='bbox 1772 1366 1925 1395; x_wconf 91' lang='lat' dir='ltr'>omnes</span> 
     </span>
     <span class='ocr_line' id='line_1_65' title="bbox 1091 1409 1926 1452; baseline -0.002 0"><span class='ocrx_word' id='word_1_308' title='bbox 1091 1410 1377 1452; x_wconf 79' lang='lat' dir='ltr'>adversantes</span> <span class='ocrx_word' id='word_1_309' title='bbox 1396 1411 1501 1451; x_wconf 92' lang='lat' dir='ltr'>mihi</span> <span class='ocrx_word' id='word_1_310' title='bbox 1517 1411 1609 1451; x_wconf 94' lang='lat' dir='ltr'>sine</span> <span class='ocrx_word' id='word_1_311' title='bbox 1630 1423 1777 1451; x_wconf 90' lang='lat' dir='ltr'>causa:</span> <span class='ocrx_word' id='word_1_312' title='bbox 1792 1411 1815 1436; x_wconf 90' lang='lat'>*</span> <span class='ocrx_word' id='word_1_313' title='bbox 1832 1409 1926 1451; x_wconf 91' lang='lat' dir='ltr'>den-</span> 
     </span>
     <span class='ocr_line' id='line_1_66' title="bbox 1091 1467 1743 1519; baseline -0.002 -11"><span class='ocrx_word' id='word_1_314' title='bbox 1091 1472 1158 1509; x_wconf 90' lang='lat' dir='ltr'>tes</span> <span class='ocrx_word' id='word_1_315' title='bbox 1183 1469 1467 1519; x_wconf 91' lang='lat' dir='ltr'>peccatorum</span> <span class='ocrx_word' id='word_1_316' title='bbox 1487 1467 1743 1508; x_wconf 89' lang='lat' dir='ltr'>contrivisti.</span> 
     </span>
    </p>

    <p class='ocr_par' dir='ltr' id='par_1_28' title="bbox 1092 1523 1925 1638">
     <span class='ocr_line' id='line_1_67' title="bbox 1143 1523 1925 1575; baseline -0.003 -11"><span class='ocrx_word' id='word_1_317' title='bbox 1143 1524 1322 1564; x_wconf 91' lang='lat' dir='ltr'>Domini</span> <span class='ocrx_word' id='word_1_318' title='bbox 1348 1529 1416 1564; x_wconf 94' lang='lat' dir='ltr'>est</span> <span class='ocrx_word' id='word_1_319' title='bbox 1441 1523 1572 1564; x_wconf 88' lang='lat' dir='ltr'>salus:</span> <span class='ocrx_word' id='word_1_320' title='bbox 1591 1524 1615 1550; x_wconf 85' lang='grc'>*</span> <span class='ocrx_word' id='word_1_321' title='bbox 1635 1528 1679 1564; x_wconf 92' lang='lat' dir='ltr'>et</span> <span class='ocrx_word' id='word_1_322' title='bbox 1698 1535 1830 1574; x_wconf 89' lang='lat' dir='ltr'>super</span> <span class='ocrx_word' id='word_1_323' title='bbox 1850 1524 1925 1575; x_wconf 92' lang='lat' dir='ltr'>po-</span> 
     </span>
     <span class='ocr_line' id='line_1_68' title="bbox 1092 1579 1761 1638; baseline -0.001 -18"><span class='ocrx_word' id='word_1_324' title='bbox 1092 1579 1243 1638; x_wconf 69' lang='lat' dir='ltr'>pulum</span> <span class='ocrx_word' id='word_1_325' title='bbox 1261 1585 1385 1621; x_wconf 93' lang='lat' dir='ltr'>tuum</span> <span class='ocrx_word' id='word_1_326' title='bbox 1408 1579 1655 1621; x_wconf 90' lang='lat' dir='ltr'>benedictio</span> <span class='ocrx_word' id='word_1_327' title='bbox 1675 1583 1761 1620; x_wconf 88' lang='lat' dir='ltr'>tua.</span> 
     </span>
    </p>

    <p class='ocr_par' dir='ltr' id='par_1_29' title="bbox 1092 1639 1925 1802">
     <span class='ocr_line' id='line_1_69' title="bbox 1146 1639 1925 1681; baseline 0 -2"><span class='ocrx_word' id='word_1_328' title='bbox 1146 1640 1243 1680; x_wconf 84' lang='lat' dir='ltr'>Ant.</span> <span class='ocrx_word' id='word_1_329' title='bbox 1291 1640 1335 1681; x_wconf 88' lang='lat' dir='ltr'>Si</span> <span class='ocrx_word' id='word_1_330' title='bbox 1369 1653 1519 1681; x_wconf 88' lang='lat' dir='ltr'>coram</span> <span class='ocrx_word' id='word_1_331' title='bbox 1552 1639 1802 1680; x_wconf 88' lang='lat' dir='ltr'>hominibus</span> <span class='ocrx_word' id='word_1_332' title='bbox 1839 1643 1925 1680; x_wconf 90' lang='lat' dir='ltr'>tor-</span> 
     </span>
     <span class='ocr_line' id='line_1_70' title="bbox 1092 1696 1925 1749; baseline -0.002 -12"><span class='ocrx_word' id='word_1_333' title='bbox 1092 1699 1239 1738; x_wconf 92' lang='lat' dir='ltr'>menta</span> <span class='ocrx_word' id='word_1_334' title='bbox 1263 1697 1385 1749; x_wconf 89' lang='lat' dir='ltr'>passi</span> <span class='ocrx_word' id='word_1_335' title='bbox 1408 1701 1523 1746; x_wconf 85' lang='lat' dir='ltr'>sunt,</span> <span class='ocrx_word' id='word_1_336' title='bbox 1558 1709 1660 1748; x_wconf 89' lang='lat' dir='ltr'>spes</span> <span class='ocrx_word' id='word_1_337' title='bbox 1685 1696 1925 1737; x_wconf 90' lang='lat' dir='ltr'>electorum</span> 
     </span>
     <span class='ocr_line' id='line_1_71' title="bbox 1094 1753 1866 1802; baseline -0.003 -8"><span class='ocrx_word' id='word_1_338' title='bbox 1094 1758 1161 1794; x_wconf 90' lang='lat' dir='ltr'>est</span> <span class='ocrx_word' id='word_1_339' title='bbox 1179 1753 1439 1794; x_wconf 90' lang='lat' dir='ltr'>immortalis</span> <span class='ocrx_word' id='word_1_340' title='bbox 1459 1753 1502 1793; x_wconf 91' lang='lat' dir='ltr'>in</span> <span class='ocrx_word' id='word_1_341' title='bbox 1521 1754 1743 1793; x_wconf 85' lang='lat' dir='ltr'>aeternum.</span> <span class='ocrx_word' id='word_1_342' title='bbox 1863 1800 1866 1802; x_wconf 15' lang='lat' dir='ltr'>v</span> 
     </span>
    </p>

    <p class='ocr_par' dir='ltr' id='par_1_30' title="bbox 1092 1807 1926 1966">
     <span class='ocr_line' id='line_1_72' title="bbox 1143 1807 1926 1861; baseline 0 -9"><span class='ocrx_word' id='word_1_343' title='bbox 1143 1807 1193 1859; x_wconf 62' lang='lat' dir='ltr'>V.</span> <span class='ocrx_word' id='word_1_344' title='bbox 1224 1814 1455 1854; x_wconf 89' lang='lat' dir='ltr'>Laetamini</span> <span class='ocrx_word' id='word_1_345' title='bbox 1481 1814 1524 1853; x_wconf 92' lang='lat' dir='ltr'>in</span> <span class='ocrx_word' id='word_1_346' title='bbox 1549 1813 1757 1861; x_wconf 82' lang='lat' dir='ltr'>Domino,</span> <span class='ocrx_word' id='word_1_347' title='bbox 1787 1817 1830 1853; x_wconf 93' lang='lat' dir='ltr'>et</span> <span class='ocrx_word' id='word_1_348' title='bbox 1856 1824 1926 1852; x_wconf 83' lang='lat' dir='ltr'>ex-</span> 
     </span>
     <span class='ocr_line' id='line_1_73' title="bbox 1094 1868 1926 1921; baseline -0.002 -11"><span class='ocrx_word' id='word_1_349' title='bbox 1094 1869 1254 1910; x_wconf 86' lang='lat' dir='ltr'>sultate</span> <span class='ocrx_word' id='word_1_350' title='bbox 1282 1869 1393 1920; x_wconf 86' lang='lat' dir='ltr'>justi.</span> <span class='ocrx_word' id='word_1_351' title='bbox 1431 1871 1481 1921; x_wconf 65' lang='lat' dir='ltr'>R.</span> <span class='ocrx_word' id='word_1_352' title='bbox 1523 1869 1580 1909; x_wconf 91' lang='lat' dir='ltr'>Et</span> <span class='ocrx_word' id='word_1_353' title='bbox 1606 1868 1854 1919; x_wconf 90' lang='lat' dir='ltr'>gloriamini</span> <span class='ocrx_word' id='word_1_354' title='bbox 1883 1880 1926 1908; x_wconf 96' lang='lat' dir='ltr'>o-</span> 
     </span>
     <span class='ocr_line' id='line_1_74' title="bbox 1092 1924 1510 1966; baseline 0 -1"><span class='ocrx_word' id='word_1_355' title='bbox 1092 1938 1216 1966; x_wconf 92' lang='lat' dir='ltr'>mnes</span> <span class='ocrx_word' id='word_1_356' title='bbox 1236 1925 1346 1966; x_wconf 89' lang='lat' dir='ltr'>recti</span> <span class='ocrx_word' id='word_1_357' title='bbox 1363 1924 1510 1966; x_wconf 90' lang='lat' dir='ltr'>corde.</span> 
     </span>
    </p>

    <p class='ocr_par' dir='ltr' id='par_1_31' title="bbox 1147 1986 1458 2026">
     <span class='ocr_line' id='line_1_75' title="bbox 1147 1986 1458 2026; baseline -0.003 0"><span class='ocrx_word' id='word_1_358' title='bbox 1147 1986 1277 2026; x_wconf 90' lang='lat' dir='ltr'>Pater</span> <span class='ocrx_word' id='word_1_359' title='bbox 1296 1989 1458 2026; x_wconf 85' lang='lat' dir='ltr'>noster.</span> 
     </span>
    </p>

    <p class='ocr_par' dir='ltr' id='par_1_32' title="bbox 1142 2044 1808 2087">
     <span class='ocr_line' id='line_1_76' title="bbox 1142 2044 1808 2087; baseline -0.003 0"><span class='ocrx_word' id='word_1_360' title='bbox 1142 2046 1387 2087; x_wconf 86' lang='lat' dir='ltr'>Absolutio.</span> <span class='ocrx_word' id='word_1_361' title='bbox 1416 2044 1590 2086; x_wconf 73' lang='lat' dir='ltr'>Exandi</span> <span class='ocrx_word' id='word_1_362' title='bbox 1610 2045 1808 2086; x_wconf 86' lang='lat' dir='ltr'>Domine.</span> 
     </span>
    </p>

    <p class='ocr_par' dir='ltr' id='par_1_33' title="bbox 1144 2104 1527 2154">
     <span class='ocr_line' id='line_1_77' title="bbox 1144 2104 1527 2154; baseline -0.005 -7"><span class='ocrx_word' id='word_1_363' title='bbox 1144 2104 1194 2154; x_wconf 60' lang='lat' dir='ltr'>V.</span> <span class='ocrx_word' id='word_1_364' title='bbox 1223 2106 1247 2146; x_wconf 90' lang='lat' dir='ltr'><strong>J</strong></span> <span class='ocrx_word' id='word_1_365' title='bbox 1250 2106 1335 2147; x_wconf 91' lang='lat' dir='ltr'>ube</span> <span class='ocrx_word' id='word_1_366' title='bbox 1355 2105 1527 2147; x_wconf 92' lang='lat' dir='ltr'>domne.</span> 
     </span>
    </p>

    <p class='ocr_par' dir='ltr' id='par_1_34' title="bbox 1094 2157 1925 2283">
     <span class='ocr_line' id='line_1_78' title="bbox 1144 2157 1893 2208; baseline -0.001 -10"><span class='ocrx_word' id='word_1_367' title='bbox 1144 2158 1306 2200; x_wconf 86' lang='lat' dir='ltr'>Bened.</span> <span class='ocrx_word' id='word_1_368' title='bbox 1330 2157 1648 2199; x_wconf 90' lang='lat' dir='ltr'>Benedictione</span> <span class='ocrx_word' id='word_1_369' title='bbox 1667 2158 1893 2208; x_wconf 89' lang='lat' dir='ltr'>perpetua.</span> 
     </span>
     <span class='ocr_line' id='line_1_79' title="bbox 1094 2229 1925 2283; baseline -0.002 -11"><span class='ocrx_word' id='word_1_370' title='bbox 1094 2233 1161 2272; x_wconf 92' lang='lat' dir='ltr'>De</span> <span class='ocrx_word' id='word_1_371' title='bbox 1189 2230 1390 2283; x_wconf 87' lang='lat' dir='ltr'>Epistola</span> <span class='ocrx_word' id='word_1_372' title='bbox 1414 2229 1535 2271; x_wconf 85' lang='lat' dir='ltr'>beati</span> <span class='ocrx_word' id='word_1_373' title='bbox 1567 2229 1692 2271; x_wconf 93' lang='lat' dir='ltr'>Pauli</span> <span class='ocrx_word' id='word_1_374' title='bbox 1719 2229 1925 2282; x_wconf 86' lang='lat' dir='ltr'>Apostoli</span> 
     </span>
    </p>

    <p class='ocr_par' dir='ltr' id='par_1_35' title="bbox 1347 2285 1916 2328">
     <span class='ocr_line' id='line_1_80' title="bbox 1347 2285 1916 2328; baseline -0.005 0"><span class='ocrx_word' id='word_1_375' title='bbox 1347 2285 1403 2328; x_wconf 89' lang='lat' dir='ltr'>ad</span> <span class='ocrx_word' id='word_1_376' title='bbox 1428 2287 1668 2328; x_wconf 90' lang='lat' dir='ltr'>Romanos.</span> <span class='ocrx_word' id='word_1_377' title='bbox 1912 2294 1916 2296; x_wconf 87' lang='grc'><strong><em>·</em></strong></span> 
     </span>
    </p>
   </div>
   <div class='ocr_carea' id='block_1_10' title="bbox 1195 2353 1818 2407">
    <p class='ocr_par' dir='ltr' id='par_1_36' title="bbox 1195 2353 1818 2407">
     <span class='ocr_line' id='line_1_81' title="bbox 1195 2353 1818 2407; baseline 0 -14"><span class='ocrx_word' id='word_1_378' title='bbox 1195 2353 1347 2395; x_wconf 90' lang='lat' dir='ltr'>Lectio</span> <span class='ocrx_word' id='word_1_379' title='bbox 1369 2356 1393 2395; x_wconf 88' lang='lat' dir='ltr'>i.</span> <span class='ocrx_word' id='word_1_380' title='bbox 1612 2356 1715 2407; x_wconf 84' lang='lat' dir='ltr'>Cap.</span> <span class='ocrx_word' id='word_1_381' title='bbox 1731 2356 1768 2394; x_wconf 80' lang='lat'>8.</span> <span class='ocrx_word' id='word_1_382' title='bbox 1785 2367 1818 2394; x_wconf 91' lang='lat' dir='ltr'>c.</span> 
     </span>
    </p>
   </div>
   <div class='ocr_carea' id='block_1_11' title="bbox 1128 2416 1924 2522">
    <p class='ocr_par' dir='ltr' id='par_1_37' title="bbox 1128 2416 1924 2522">
     <span class='ocr_line' id='line_1_82' title="bbox 1128 2416 1924 2468; baseline -0.001 -12"><span class='ocrx_word' id='word_1_383' title='bbox 1128 2441 1130 2451; x_wconf 46' lang='grc' dir='ltr'>ι</span> <span class='ocrx_word' id='word_1_384' title='bbox 1154 2420 1371 2468; x_wconf 31' lang='lat' dir='ltr'>miratres:</span> <span class='ocrx_word' id='word_1_385' title='bbox 1398 2416 1636 2458; x_wconf 90' lang='lat' dir='ltr'>Debitores</span> <span class='ocrx_word' id='word_1_386' title='bbox 1662 2428 1811 2456; x_wconf 91' lang='lat' dir='ltr'>sumus</span> <span class='ocrx_word' id='word_1_387' title='bbox 1835 2428 1924 2456; x_wconf 93' lang='lat' dir='ltr'>non</span> 
     </span>
     <span class='ocr_line' id='line_1_83' title="bbox 1176 2471 1924 2522; baseline -0.003 -9"><span class='ocrx_word' id='word_1_388' title='bbox 1176 2480 1199 2501; x_wconf 69' lang='grc'>·«··</span> <span class='ocrx_word' id='word_1_389' title='bbox 1239 2473 1372 2522; x_wconf 86' lang='lat' dir='ltr'>carni,</span> <span class='ocrx_word' id='word_1_390' title='bbox 1406 2478 1455 2514; x_wconf 90' lang='lat' dir='ltr'>ut</span> <span class='ocrx_word' id='word_1_391' title='bbox 1480 2471 1722 2513; x_wconf 68' lang='lat' dir='ltr'>secandum</span> <span class='ocrx_word' id='word_1_392' title='bbox 1748 2484 1924 2512; x_wconf 92' lang='lat' dir='ltr'>carnem</span> 
     </span>
    </p>
   </div>
   <div class='ocr_carea' id='block_1_12' title="bbox 1095 2423 1207 2560">
    <p class='ocr_par' dir='ltr' id='par_1_38' title="bbox 1095 2423 1207 2560">
     <span class='ocr_line' id='line_1_84' title="bbox 1095 2423 1207 2560; baseline 0 430"><span class='ocrx_word' id='word_1_393' title='bbox 1095 2423 1207 2560; x_wconf 95' lang='lat' dir='ltr'> </span> 
     </span>
    </p>
   </div>
   <div class='ocr_carea' id='block_1_13' title="bbox 1102 2506 1923 2570">
    <p class='ocr_par' dir='ltr' id='par_1_39' title="bbox 1102 2506 1923 2570">
     <span class='ocr_line' id='line_1_85' title="bbox 1102 2506 1923 2570; baseline 0.001 -3"><span class='ocrx_word' id='word_1_394' title='bbox 1102 2506 1204 2558; x_wconf 39' lang='lat'>*3014</span> <span class='ocrx_word' id='word_1_395' title='bbox 1238 2528 1447 2570; x_wconf 87' lang='lat' dir='ltr'>vivamus.</span> <span class='ocrx_word' id='word_1_396' title='bbox 1483 2528 1528 2569; x_wconf 90' lang='lat' dir='ltr'>Si</span> <span class='ocrx_word' id='word_1_397' title='bbox 1549 2528 1663 2569; x_wconf 89' lang='lat' dir='ltr'>enim</span> <span class='ocrx_word' id='word_1_398' title='bbox 1682 2526 1923 2568; x_wconf 81' lang='lat' dir='ltr'>secundum</span> 
     </span>
    </p>
   </div>
   <div class='ocr_carea' id='block_1_14' title="bbox 1091 2583 1923 2804">
    <p class='ocr_par' dir='ltr' id='par_1_40' title="bbox 1091 2583 1923 2804">
     <span class='ocr_line' id='line_1_86' title="bbox 1093 2583 1923 2633; baseline -0.001 -9"><span class='ocrx_word' id='word_1_399' title='bbox 1093 2584 1493 2633; x_wconf 76' lang='lat' dir='ltr'>carnem&#39;vixeritis‚</span> <span class='ocrx_word' id='word_1_400' title='bbox 1512 2584 1772 2625; x_wconf 81' lang='lat' dir='ltr'>moriemini:</span> <span class='ocrx_word' id='word_1_401' title='bbox 1798 2583 1834 2623; x_wconf 92' lang='lat' dir='ltr'>si</span> <span class='ocrx_word' id='word_1_402' title='bbox 1852 2595 1923 2623; x_wconf 89' lang='lat' dir='ltr'>au-</span> 
     </span>
     <span class='ocr_line' id='line_1_87' title="bbox 1091 2638 1923 2692; baseline -0.004 -12"><span class='ocrx_word' id='word_1_403' title='bbox 1091 2644 1182 2681; x_wconf 92' lang='lat' dir='ltr'>tem</span> <span class='ocrx_word' id='word_1_404' title='bbox 1205 2641 1364 2692; x_wconf 90' lang='lat' dir='ltr'>spiritu</span> <span class='ocrx_word' id='word_1_405' title='bbox 1387 2640 1503 2681; x_wconf 89' lang='lat' dir='ltr'>facta</span> <span class='ocrx_word' id='word_1_406' title='bbox 1527 2639 1669 2680; x_wconf 90' lang='lat' dir='ltr'>carnis</span> <span class='ocrx_word' id='word_1_407' title='bbox 1690 2638 1923 2679; x_wconf 89' lang='lat' dir='ltr'>mortifica-</span> 
     </span>
     <span class='ocr_line' id='line_1_88' title="bbox 1093 2693 1923 2746; baseline -0.006 -9"><span class='ocrx_word' id='word_1_408' title='bbox 1093 2696 1262 2746; x_wconf 72' lang='lat' dir='ltr'>veritis,</span> <span class='ocrx_word' id='word_1_409' title='bbox 1296 2696 1462 2737; x_wconf 80' lang='lat' dir='ltr'>vivetis.</span> <span class='ocrx_word' id='word_1_410' title='bbox 1507 2695 1781 2746; x_wconf 85' lang='lat' dir='ltr'>Quicumque</span> <span class='ocrx_word' id='word_1_411' title='bbox 1809 2693 1923 2734; x_wconf 90' lang='lat' dir='ltr'>enim</span> 
     </span>
     <span class='ocr_line' id='line_1_89' title="bbox 1093 2748 1923 2804; baseline -0.007 -11"><span class='ocrx_word' id='word_1_412' title='bbox 1093 2752 1250 2804; x_wconf 88' lang='lat' dir='ltr'>spiritu</span> <span class='ocrx_word' id='word_1_413' title='bbox 1261 2752 1345 2793; x_wconf 92' lang='lat' dir='ltr'>Dei</span> <span class='ocrx_word' id='word_1_414' title='bbox 1360 2755 1558 2803; x_wconf 82' lang='lat' dir='ltr'>aguntur,</span> <span class='ocrx_word' id='word_1_415' title='bbox 1577 2751 1606 2792; x_wconf 86' lang='lat' dir='ltr'>ii</span> <span class='ocrx_word' id='word_1_416' title='bbox 1621 2755 1721 2792; x_wconf 87' lang='lat' dir='ltr'>sunt</span> <span class='ocrx_word' id='word_1_417' title='bbox 1738 2749 1815 2789; x_wconf 90' lang='lat' dir='ltr'>filii</span> <span class='ocrx_word' id='word_1_418' title='bbox 1829 2748 1923 2789; x_wconf 88' lang='lat' dir='ltr'>Dei.</span> 
     </span>
    </p>
   </div>
   <div class='ocr_carea' id='block_1_15' title="bbox 139 186 1986 2859">
    <p class='ocr_par' dir='ltr' id='par_1_41' title="bbox 139 186 1986 2859">
     <span class='ocr_line' id='line_1_90' title="bbox 139 186 1986 2859; baseline 0 0"><span class='ocrx_word' id='word_1_419' title='bbox 139 186 1986 2859; x_wconf 95' lang='lat' dir='ltr'> </span> 
     </span>
    </p>
   </div>
  </div>
 </body>
</html>
