2080 2990
212 249 314 293 [280]

273 347 317 395 l{·.
333 344 483 386 Fallax
502 344 652 394 gratia,
672 348 715 384 et
733 355 845 383 vana
864 347 930 382 est
947 340 1040 392 pul-

214 400 431 441 chritudo:
460 403 481 422 *
507 399 662 440 Mulier
694 399 854 440 timens
886 397 1039 444 Deum,

213 457 309 508 ipsa
327 454 588 496 laudabitur.
623 450 669 501 ,Ῡῖ
687 455 801 495 Date
821 453 860 494 ei
881 451 935 493 de
955 451 1038 491 fru-

213 516 284 552 ctu
316 513 522 561 manuum
555 513 748 558 suarum,
787 514 829 550 et
860 506 1039 548 laudent

213 579 309 607 eam
336 567 379 606 in
406 567 546 618 portis
574 569 710 618 opera
736 566 838 617 ejus.
874 562 1039 604 Mulier.

217 621 367 662 ‹lloria
385 622 515 663 Patri.
545 621 712 662 Mulier.

270 685 308 716 ln
333 684 395 716 Hi.
420 683 615 716 Not-turno
645 682 810 714 Ilomilia
836 682 871 713 in
894 680 1038 719 Erana.

216 731 346 765 Simile
371 734 439 765 est.
459 731 505 763 dc
532 730 674 763 Commi.
703 739 774 761 non
806 728 905 766 Vim.
938 724 1038 767 [108]

271 778 400 811 Lectio
427 778 473 810 ix.
500 778 546 810 dc
573 777 757 810 nomilia,
784 782 815 808 ct
844 783 1038 807 commem.

219 826 340 859 Feriat-
376 826 410 857 in
447 824 659 857 Laudibus.
694 823 723 855 si
758 823 970 855 celebretur
1003 820 1038 852 in

217 873 451 913 Quadi-ages.

428 956 510 997 Die
530 956 567 995 5.
587 953 822 995 Februarii.

215 1026 283 1066 Ss.
307 1024 473 1065 XXVI
495 1023 640 1063 Mart.
665 1023 694 1063 J
697 1020 1039 1072 aponensium.

547 1085 708 1126 Duplex.

268 1142 401 1174 Omnia
436 1141 481 1174 dc
514 1142 655 1173 (Iouini.
693 1140 787 1181 plur.
824 1139 927 1171 Mart.
960 1136 1040 1179 [35]‚

216 1195 354 1231 practer
379 1189 587 1230 sequentia.

547 1240 707 1279 Oratio.

301 1292 444 1334 omine
464 1292 486 1331 J
491 1304 567 1332 esu
587 1290 774 1340 Christe,
802 1291 875 1342 qui
899 1290 955 1331 ad
978 1290 1041 1331 tui

310 1348 596 1388 imitationem
615 1359 694 1399 per
718 1347 858 1387 crucis
878 1346 1039 1398 suppli-

215 1404 328 1445 cium
348 1404 562 1455 primitias
585 1402 686 1443 fidei
707 1402 826 1454 apud
843 1402 868 1442 J
870 1402 1041 1453 aponiae

215 1460 380 1500 Gentes
424 1459 466 1498 in
507 1460 759 1499 sanctorum
800 1458 1041 1509 Martyrum

214 1514 333 1555 Petri
352 1515 581 1565 Baptistae,
609 1514 732 1554 Pauli
751 1519 794 1554 et
813 1514 1042 1554 Sociorum

216 1570 422 1620 sanguine
442 1569 672 1610 dedicasti:
699 1568 905 1617 concede,
926 1570 1040 1620 quae-

217 1637 379 1673 sumus;
403 1630 451 1666 ut
477 1638 661 1676 quorum
680 1624 812 1665 hodie
832 1624 1042 1665 solemnia

216 1681 414 1729 colimuS,
442 1681 679 1721 excitemur
705 1680 930 1732 exemplis:
959 1680 1042 1729 Qui

216 1736 325 1777 vivis
344 1741 388 1777 et
406 1748 572 1786 regnas.

217 1795 221 1798 ”
270 1796 308 1828 In
341 1796 364 1828 I.
397 1796 593 1829 Nocturno
629 1797 831 1830 Lectiones
866 1797 911 1830 de
943 1796 1039 1830 Scri-

216 1851 325 1886 ptura
351 1850 582 1877 occurrente.

266 1891 306 1924 In
346 1891 580 1931 (junco-ages.
622 1891 787 1924 Fratres:
824 1889 1040 1924 Debitores.

217 1938 262 1970 dc
289 1938 499 1970 Communi.
528 1936 596 1979 [37]

446 1998 494 2035 In
516 1997 565 2035 ΙΙ.
587 1997 809 2036 Nocturno.

517 2057 667 2097 Lectio
689 2058 739 2095 iv.

226 2127 235 2172 :¹
336 2111 624 2151 emotissimae
649 2111 847 2163 Japoniae
875 2112 1041 2162 regioni

224 2167 339 2202 ·
362 2167 565 2207 extremis
594 2167 816 2208 orientalis
844 2168 963 2208 Asiae
995 2168 1040 2208 fi-

225 2220 235 2228 ’“
362 2221 488 2262 nibus
508 2223 620 2271 sitae,
650 2236 747 2274 quae
769 2223 842 2264 diu
861 2224 903 2263 in
924 2225 1040 2264 tene-

213 2276 304 2317 bris
337 2282 381 2318 et
415 2277 458 2317 in
492 2277 644 2318 umbra
676 2279 830 2319 mortis
857 2279 1041 2328 sederat,

215 2332 516 2373 sextodecimo
536 2333 686 2374 salutis
703 2334 903 2375 humanae
919 2348 1041 2387 repa-

215 2389 322 2428 ratae
368 2388 532 2429 saeculo
578 2388 805 2430 catholicae
844 2391 1042 2432 veritatis

213 2442 359 2483 lumen
395 2442 567 2484 affulsit.
614 2444 798 2494 Magnus
827 2445 1042 2496 siquidem

213 2497 302 2538 illic
334 2498 555 2539 Indiarum
588 2499 832 2551 Apostolus
866 2507 1042 2543 sanctus

214 2552 472 2594 Franciscus
485 2555 702 2595 Xaverius
710 2555 929 2596 Christum
940 2559 1043 2608 prae-

214 2608 364 2649 dicans
393 2610 664 2659 crucifixum,
694 2609 806 2651 adeo
831 2611 1042 2661 insignem

214 2663 409 2705 fidelium
425 2664 622 2706 fundavit
638 2666 878 2715 ecclesiam,
898 2674 943 2708 ut
959 2664 1041 2707 his-

214 2731 263 2759 ce
282 2719 325 2759 in
351 2720 479 2760 terris
497 2721 814 2772 Apostolorum
843 2725 1042 2774 tempora

484 248 549 280 Dic.
575 249 603 280 3.
631 247 737 280 Febr.
786 249 841 280 ss.
867 247 1012 287 Viginti
1038 257 1102 279 sex
1133 246 1339 287 Martyrum
1365 244 1655 286 Japonensium.

1091 337 1274 379 rediisse
1293 335 1555 376 viderentur.
1589 334 1691 375 Non
1709 333 1771 375 illi
1790 334 1922 375 etiam

1093 393 1269 435 defuere
1289 391 1522 442 Martyres,
1547 390 1622 441 qui
1645 389 1749 431 fidei
1775 390 1921 442 primi-

1092 449 1175 490 tias
1190 448 1399 496 sanguine
1413 447 1732 487 consecrarent.
1750 444 1923 486 Eodem

1092 504 1207 545 enim
1231 502 1406 543 labente
1433 500 1613 550 saeculo,
1646 513 1745 541 cum
1767 500 1922 541 Taico-

1093 562 1215 599 sama
1232 558 1257 598 J
1259 556 1547 610 aponensium
1570 556 1810 607 imperator
1828 555 1921 607 plu-

1092 615 1177 655 ries
1199 613 1423 655 minitatus
1448 612 1618 660 fuisset,
1648 623 1695 652 se
1714 611 1923 663 Philippi-

1092 683 1170 710 nas
1190 668 1353 709 insulas
1372 668 1415 708 in
1441 680 1564 708 suam
1589 666 1802 708 ditionem
1827 666 1923 707 red-

1093 729 1314 773 acturum,
1357 723 1526 765 censuit
1566 722 1808 783 catholicus
1848 722 1923 762 Hi-

1093 781 1345 833 spaniarum
1369 791 1447 820 rex
1472 778 1645 829 aliquos
1670 790 1762 818 suae
1786 777 1923 818 natio-

1092 837 1159 877 nis
1197 836 1429 885 religiosos
1467 834 1585 874 viros
1618 833 1662 873 in
1693 833 1925 885 Japoniam

1093 895 1284 940 mittere,
1316 891 1437 941 regio
1470 890 1716 940 legatorum
1743 892 1923 929 munere

1094 949 1296 996 ornatos,
1347 945 1404 986 ad
1448 957 1605 997 pacem
1649 944 1924 985 Taicosamae
1949 951 1951 953 “

1094 1001 1374 1043 suadendam.
1428 1001 1544 1042 Huic
1575 1000 1700 1052 operi
1727 999 1924 1041 delectus

1095 1063 1161 1099 est
1188 1059 1322 1098 frater
1348 1058 1506 1098 Petrus
1534 1057 1753 1108 Baptista,
1784 1056 1924 1096 sacer-

1094 1114 1175 1155 dos
1222 1126 1276 1154 ex
1323 1111 1477 1154 ordine
1522 1112 1741 1153 Minorum
1786 1110 1925 1152 sancti

1092 1169 1315 1210 Francisci
1357 1167 1587 1209 strictioris
1628 1166 1923 1208 observantiae

1094 1224 1474 1272 discalceatorum,
1499 1235 1672 1264 morum
1691 1221 1924 1263 sanctitute

1094 1286 1136 1321 et
1167 1279 1367 1320 doctrina
1395 1278 1592 1328 insignis:
1625 1278 1696 1319 cui
1728 1277 1800 1317 alii
1833 1276 1924 1318 dati

1094 1340 1194 1376 sunt
1220 1335 1328 1376 socii
1353 1347 1407 1375 ex
1436 1333 1594 1375 eodem
1622 1333 1787 1375 ordine.
1841 1333 1924 1382 Qui

1094 1404 1246 1432 omnes
1273 1391 1537 1441 legationem
1564 1389 1677 1431 hanc
1704 1401 1758 1430 eo
1779 1401 1923 1430 susce-

1093 1449 1252 1499 perunt
1273 1446 1434 1495 animo,
1458 1450 1506 1486 ut
1525 1444 1625 1486 inde
1646 1444 1925 1486 occasionem

1094 1505 1337 1554 arriperent
1364 1501 1651 1550 Evangelium
1677 1500 1762 1540 illis
1789 1500 1924 1550 genti-

1093 1557 1175 1599 bus
1208 1556 1497 1609 praedicandi3
1531 1556 1633 1608 quia
1663 1555 1925 1608 Apostolica

1093 1613 1319 1665 pollebant
1341 1613 1602 1653 auctoritate
1626 1611 1683 1652 ad
1703 1610 1837 1652 fidem
1857 1623 1923 1652 ca-

1093 1668 1302 1709 tholicam
1327 1666 1445 1720 apud
1469 1667 1605 1708 Indos
1632 1672 1675 1708 et
1693 1667 1838 1708 Sinica
1860 1679 1923 1708 re—

1094 1736 1178 1773 gna
1198 1722 1578 1764 disseminandam.
1614 1723 1672 1763 Hi
1696 1721 1753 1764 ad
1775 1722 1925 1764 littora

1093 1779 1292 1831 Japoniae
1324 1778 1515 1831 appulsi,
1556 1783 1600 1819 et
1632 1791 1712 1819 suo
1744 1781 1925 1819 munere

1094 1835 1277 1875 feliciter
1296 1834 1446 1882 functi,
1471 1834 1528 1875 ad
1547 1834 1770 1884 religionis
1788 1834 1924 1875 incre-

1093 1893 1300 1939 mentum,
1318 1890 1361 1930 in
1379 1895 1551 1942 partem
1565 1889 1730 1931 laboris
1746 1889 1841 1930 aliis
1857 1891 1923 1930 so-

1094 1947 1172 1987 ciis
1206 1946 1405 1994 adscitis,
1439 1946 1631 1986 animum
1665 1959 1792 1986 suum
1824 1957 1924 1987 con-

1094 2003 1329 2043 verterunt.

1151 2059 1198 2108 Rg.
1232 2058 1378 2098 Sancti
1409 2058 1474 2098 tui
1506 2056 1693 2098 Domine
1724 2057 1924 2098 mirabile

1095 2114 1320 2154 consecuti
1335 2119 1436 2155 sunt
1449 2113 1542 2162 iter,
1560 2114 1801 2155 servientes
1815 2126 1925 2165 prae-

1097 2169 1236 2221 ceptis
1261 2169 1365 2218 tuis,
1397 2174 1445 2210 ut
1475 2169 1771 2210 invenirentur
1798 2168 1926 2210 illaesi

1096 2224 1138 2264 in
1168 2225 1292 2276 aquis
1320 2224 1493 2274 validis3
1515 2227 1535 2250 *
1558 2224 1695 2265 Terra
1723 2225 1926 2276 apparuit

1095 2279 1230 2328 arida,
1251 2285 1294 2321 et
1312 2280 1355 2320 in
1371 2280 1482 2321 Mari
1500 2279 1635 2320 rubro
1651 2280 1719 2320 via
1739 2280 1831 2321 sine
1850 2281 1925 2321 im-

1094 2335 1360 2388 pedimento.
1394 2331 1443 2381 V.
1473 2336 1688 2385 Quoniam
1707 2337 1926 2388 percussit

1095 2397 1280 2443 petram,
1306 2397 1349 2432 et
1370 2392 1586 2432 fluxerunt
1606 2405 1750 2442 aquae,
1776 2397 1820 2433 et
1837 2397 1924 2433 tor-

1094 2449 1240 2488 rentes
1259 2447 1588 2489 inundaverunt.
1620 2448 1769 2488 Terra.

1405 2502 1557 2542 Lectio
1578 2517 1613 2541 v.

1094 2553 1299 2657 Multis
1318 2557 1505 2610 proinde
1520 2558 1819 2607 xenodochiis,
1839 2572 1924 2600 coe-

1210 2613 1352 2655 nobiis
1373 2618 1416 2654 et
1436 2613 1632 2654 ecclesiis
1652 2627 1731 2666 per
1752 2613 1924 2655 diversa

1094 2669 1192 2710 loca
1224 2669 1460 2710 christiano
1491 2670 1577 2710 ritu
1606 2670 1819 2719 excitatis,
1848 2669 1924 2711 ibi-

1097 2737 1181 2776 que
1218 2737 1297 2776 per
1332 2724 1564 2765 triennium
1600 2725 1923 2777 praedicationi,
