2080 2990
229 207 298 252 [62]

230 303 445 345 Dominus
462 303 676 355 adveniet,
688 308 876 358 eamque
891 319 916 347 a
930 305 1056 347 bonis

231 373 330 412 quae
349 360 661 413 spoponderat,
685 361 863 411 dividet,
891 362 1056 415 portio-

230 418 416 469 nemque
463 418 553 469 ejus
595 431 694 459 cum
731 418 972 471 hypocritis
1012 419 1055 459 in

229 486 375 526 poenae
396 474 644 516 aeternitate
672 478 925 517 constituet:
956 475 1056 527 quia

229 529 467 572 adventum
487 530 798 584 desperaverit,
819 532 921 584 quia
938 544 1055 572 man-

229 586 344 628 datis
384 600 473 628 non
511 587 907 641 obtemperaverit,
954 588 1055 640 quia

228 643 521 696 praesentibus
555 645 793 695 studiierit,
831 645 932 697 quia
965 645 1056 686 vita

230 700 438 743 Gentium
478 702 655 752 vixerit,
710 702 812 754 quia
852 701 1055 754 despera-

229 757 350 799 tione
386 757 532 809 judicii
567 760 844 800 commissam
880 758 965 800 sibi
998 758 1055 800 fa-

228 813 392 855 miliam
410 815 535 865 fame,
562 815 646 864 siti,
675 815 797 857 caede
819 815 1055 857 vexaverit.

285 880 344 919 Te
364 877 508 919 Deum
530 876 771 918 laudamus.
799 877 858 917 14.

495 960 499 961 .
519 946 815 974 -ss-Q—oq—jm

421 1011 519 1051 Pro
547 1010 860 1053 Doctoribus.

281 1078 346 1118 .th
390 1078 574 1126 Magnif..
618 1078 655 1118 in
698 1078 892 1128 utrisque
922 1077 1053 1129 Vesp.

229 1135 327 1175 Ant.
352 1136 388 1174 (’)
409 1133 581 1175 Doctor
602 1133 778 1186 optime,
801 1134 825 1160 *
844 1134 1055 1176 Ecclesiae

229 1195 394 1232 sanctae
432 1190 595 1240 lumen,
635 1190 766 1232 beate
803 1194 854 1234 N.
896 1190 1055 1233 divinae

228 1247 337 1298 legis
357 1249 536 1298 amator,
564 1248 804 1301 deprecare
823 1260 906 1301 pro
926 1247 1055 1289 nobis

227 1303 384 1345 Filium
401 1304 495 1346 Dei.

561 1368 724 1410 Oratio.

264 1433 453 1483 gyf-eu&
481 1427 556 1478 qui
581 1426 749 1479 populo
774 1432 852 1469 tuo
877 1429 1055 1470 aeternae

268 1483 309 1530 sjz'si
325 1489 328 1520 J
349 1508 352 1524 A
373 1483 527 1525 sallitis
546 1483 725 1525 beatum
746 1487 797 1527 N.
808 1485 1056 1526 ministrum

240 1542 241 1546 ’
286 1528 352 1565 Λ
372 1539 581 1582 tribuisti:
600 1546 766 1593 praesta
789 1543 1055 1593 quaesumus3

227 1600 276 1637 ut
292 1608 423 1648 quem
438 1597 683 1638 Doctorem
700 1598 803 1639 vitae
823 1598 1056 1640 habuimus

228 1652 272 1692 in
313 1653 462 1703 terris,
515 1653 854 1696 intercessorem
892 1654 1056 1697 habere

228 1711 475 1751 mereamur
492 1710 536 1751 in
551 1710 687 1752 coelis.
706 1711 791 1753 Per
806 1712 1056 1754 Dominum.

279 1779 482 1813 Lectiones
508 1783 712 1821 sequentes
739 1779 917 1821 leguntur
942 1779 977 1812 in
1006 1779 1054 1813 fc-

228 1828 297 1861 stis
317 1827 536 1861 Doctorum.
576 1826 750 1860 Officium
777 1832 901 1861 autem
921 1827 957 1860 in
977 1827 1053 1860 illis

229 1877 266 1909 tit
282 1876 327 1910 dc
342 1875 573 1910 Confessorc
589 1874 772 1908 l'ontificc
792 1876 850 1909 vel
870 1886 943 1909 non
957 1875 1053 1909 Pon-

228 1924 338 1961 tiiicc,
365 1934 434 1967 pro
453 1923 638 1966 qualitate
657 1922 770 1956 Festi.

460 1992 509 2031 In
535 1992 565 2030 Ι.
594 1991 816 2031 Nocturno.

368 2055 434 2096 De
462 2054 577 2096 libro
606 2054 917 2097 Ecclesiastici.

306 2115 891 2167 lectioi.(]2.1p
911 2118 975 2157 30.

239 2171 570 2224 :apientiam
616 2172 810 2214 omnium
856 2173 1055 2239 antiquo-

235 2185 326 2290 ἶς’(ἶὲ
357 2241 455 2270 rum
483 2231 685 2281 exquiret
712 2230 905 2282 sapiens,
939 2236 984 2272 et
1010 2231 1055 2272 in

241 2265 327 2312 Α]
357 2284 588 2338 prophetis
607 2285 793 2328 vacabit.
829 2287 1055 2330 Narratio-

228 2355 327 2384 nem
358 2341 555 2383 virorum
595 2342 920 2384 nominatorum
955 2357 1054 2386 con-

228 2398 435 2448 servabit,
463 2403 507 2440 et
525 2398 570 2439 in
590 2399 806 2441 versutias
825 2400 1054 2452 parabola-

227 2468 326 2497 rum
345 2454 475 2497 simul
495 2454 706 2497 introibit.
747 2455 933 2498 Occulta
956 2469 1055 2510 pro-

228 2511 480 2554 verbiorum
503 2514 720 2564 exquiret,
748 2519 792 2555 et
811 2513 855 2553 in
872 2512 1054 2555 abscon-

230 2569 334 2611 ditis
368 2567 679 2621 parabolarum
712 2569 1055 2611 conversabitur.

227 2627 279 2667 In
294 2624 441 2667 medio
456 2627 762 2676 magnatorum
778 2626 1055 2676 ministrabit,

229 2688 273 2725 et
303 2683 346 2724 in
376 2684 618 2735 conspectu
643 2681 848 2735 praesidis
874 2685 1055 2735 appare'-

227 2739 302 2781 bit.
331 2740 381 2780 In
406 2743 568 2781 terram
592 2739 933 2789 alienigenarum
954 2741 1054 2791 ge‘n-

853 211 1063 243 (Iummunc
1096 210 1312 244 Doctorum.

1108 305 1218 346 tium
1255 306 1540 358 pertransiet:
1586 306 1705 348 bona
1743 306 1857 348 enim
1892 311 1938 349 et

1108 362 1223 403 mala
1250 362 1294 403 in
1323 361 1574 404 hominibus
1600 363 1800 405 tentabit.

1164 431 1212 482 R.
1251 428 1375 479 Euge
1408 440 1534 470 serve
1567 428 1683 471 bone
1711 433 1756 470 et
1783 428 1936 478 fidelis,

1110 484 1212 535 quia
1239 485 1283 525 in
1311 497 1454 538 pauca
1479 485 1599 527 fuisti
1622 485 1774 535 fidelis,
1802 498 1935 539 supra

1109 541 1245 583 multa
1282 547 1326 583 te
1362 544 1646 584 constituam:
1681 547 1702 570 *
1733 543 1855 584 Intra
1891 542 1935 583 in

1108 598 1317 649 gandium
1346 598 1525 640 Domini
1553 599 1628 640 tui.
1668 596 1716 647 Y.
1746 599 1935 641 Domine

1110 655 1303 708 quinque
1345 656 1510 698 talenta
1550 654 1774 697 tradidisti
1817 655 1935 706 mihi,

1110 724 1213 753 ecce
1251 712 1335 753 alia
1374 712 1567 764 quinque
1608 711 1935 765 superlucratus

1109 781 1215 809 sum.
1251 769 1384 811 Intra.

1422 844 1571 884 Lectio
1594 844 1629 883 ii.

1184 922 1234 951 or
1261 922 1387 950 suum
1415 908 1561 951 tradet
1586 909 1643 951 ad
1666 909 1935 960 vigilandum

1193 965 1387 1008 dilaculo
1405 965 1462 1008 ad
1477 966 1726 1017 Dominum,
1743 967 1818 1019 qui
1831 967 1936 1009 fecit

1108 1023 1249 1073 illum,
1287 1028 1331 1065 et
1364 1023 1409 1064 in
1441 1025 1682 1076 conspectu
1719 1023 1935 1066 Altissimi

1109 1079 1431 1133 deprecabitur.
1466 1080 1651 1134 Aperiet
1670 1093 1720 1122 os
1739 1094 1867 1122 suum
1890 1081 1934 1122 in

1109 1137 1326 1187 oratione,
1358 1142 1403 1179 et
1429 1150 1512 1190 pro
1541 1136 1715 1179 delictis
1743 1137 1835 1178 suis
1863 1137 1935 1180 de-

1108 1193 1374 1247 precabitur.
1410 1193 1456 1235 Si
1475 1194 1591 1235 enim
1609 1194 1826 1235 Dominus
1849 1207 1938 1236 ma-

1108 1264 1219 1302 gnus
1238 1251 1439 1302 voluerit,
1459 1251 1619 1304 spiritu
1636 1250 1938 1303 intelligentiae

1110 1307 1298 1360 replebit
1330 1307 1471 1349 illum:
1508 1312 1552 1349 et
1584 1307 1680 1360 ipse
1711 1311 1938 1360 tamquam

1109 1363 1273 1406 imbres
1312 1365 1459 1406 mittet
1495 1363 1672 1416 eloquia
1708 1364 1937 1417 sapientiae

1110 1434 1221 1471 suae,
1262 1426 1307 1463 et
1338 1422 1383 1462 in
1420 1421 1621 1462 oratione
1657 1420 1938 1463 confitebitur

1110 1478 1318 1519 Domino:
1351 1483 1396 1520 et
1413 1478 1510 1531 ipse
1530 1477 1688 1529 diriget
1708 1477 1938 1519 consilium

1110 1536 1211 1587 ejus,
1241 1540 1285 1577 et
1312 1534 1600 1588 disciplinam,
1629 1534 1735 1576 etin
1755 1534 1938 1577 abscon-

1110 1591 1213 1633 ditis
1242 1592 1332 1633 suis
1364 1590 1680 1634 consiliabitur.

1246 1672 1331 1711 Pro
1363 1672 1554 1711 Doctore
1584 1669 1808 1711 Pontifice.

1162 1743 1211 1793 Rg.
1243 1739 1360 1781 Ecce
1389 1739 1597 1782 sacerdos
1624 1752 1824 1791 magum,
1862 1739 1937 1792 qui

1109 1796 1153 1837 in
1181 1795 1336 1838 diebus
1355 1797 1446 1838 suis
1464 1796 1631 1850 placuit
1650 1796 1766 1838 Deo:
1784 1799 1807 1822 *
1828 1795 1937 1838 Ideo

1110 1852 1387 1905 jurejurando
1423 1853 1529 1895 fecit
1565 1853 1688 1895 illum
1719 1852 1937 1895 Dominus

1110 1911 1308 1952 crescere
1336 1910 1381 1951 in
1408 1909 1586 1964 plebem
1609 1922 1744 1952 suam.
1779 1905 1828 1958 V.
1856 1909 1937 1951 Be-

1109 1966 1407 2009 nedictionem
1432 1967 1627 2009 omnium
1647 1966 1843 2018 gentium
1865 1965 1936 2008 de-

1110 2023 1175 2065 dit
1193 2023 1267 2075 illi,
1296 2029 1340 2066 et
1358 2026 1672 2066 testamentum
1693 2036 1820 2066 suum
1837 2035 1936 2064 con-

1109 2080 1300 2123 firmavit
1319 2094 1452 2135 super
1471 2085 1604 2134 caput
1623 2081 1725 2133 ejus.
1751 2078 1871 2122 Ideo.

1183 2163 1267 2203 Pro
1298 2163 1493 2203 Doctore
1522 2175 1607 2202 non
1637 2161 1861 2202 Pontifice.

1162 2233 1212 2284 R.
1245 2228 1398 2270 Justus
1436 2227 1701 2280 germinabit
1737 2228 1851 2270 sicut
1888 2228 1935 2269 li-

1107 2285 1233 2327 lium:
1270 2291 1293 2314 *
1328 2286 1386 2327 Et
1425 2284 1601 2327 florebit
1636 2285 1681 2325 in
1722 2286 1935 2326 aeternum

1108 2347 1209 2384 ante
1244 2342 1494 2384 Dominum.
1539 2338 1587 2389 V.
1626 2341 1854 2383 Plantatus
1890 2341 1935 2382 in

1109 2399 1242 2441 domo
1262 2399 1452 2448 Domini,
1473 2398 1517 2439 in
1536 2398 1658 2440 atriis
1677 2398 1835 2440 domus
1851 2398 1935 2441 Dei

1109 2456 1259 2497 nostri.
1286 2456 1354 2498 Et.

1409 2509 1560 2550 Lectio
1582 2509 1637 2548 iii.

1154 2582 1234 2624 pse
1250 2568 1397 2622 palam
1413 2567 1545 2610 faciet
1564 2567 1842 2621 disciplinam
1860 2567 1934 2610 do-

1177 2628 1330 2669 ctrinae
1342 2638 1444 2674 suae,
1458 2630 1502 2667 et
1515 2625 1558 2666 in
1574 2625 1670 2676 lege
1683 2625 1935 2667 testamenti

1109 2683 1286 2725 Domini
1304 2681 1573 2735 gloriabitur.
1610 2681 1935 2724 Collaudabunt

1108 2740 1233 2782 multi
1252 2739 1512 2793 sapientiam
1533 2740 1638 2791 ejus,
1669 2743 1713 2781 et
1731 2750 1871 2791 usque
1890 2738 1933 2778 in
