2040 2990
709 187 818 221 Feriu
846 188 956 221 tertia
982 188 1030 222 ad
1057 188 1291 222 Matutinum.

198 281 249 321 In
276 281 373 322 Deo
405 282 680 322 laudabimur
712 285 807 322 tota
835 279 920 321 die:
947 280 970 304 *

147 342 190 379 et
217 337 260 378 in
287 337 460 379 nemine
488 342 564 379 tuo
597 336 900 378 confitebimur
928 336 971 377 in

147 393 364 435 saeculum.

196 450 324 492 Nunc
352 455 497 492 autem
523 449 722 502 repulisti
754 455 798 491 et
826 449 971 491 confu-

147 506 249 548 disti
268 519 363 548 nos:
383 507 406 531 *
426 511 470 548 et
489 519 577 548 non
596 505 836 557 egredieris·
851 506 971 546 Deus

145 562 189 603 in
216 562 449 604 virtutibus
474 563 645 604 nostris.

198 620 410 661 Avertisti
424 632 504 660 nos
521 621 763 661 retrorsum
778 623 881 671 post
897 619 971 659 ini-

146 678 284 718 micos
317 681 509 717 nostros:
543 676 566 700 *
602 680 644 716 et
679 676 752 727 qui
787 675 973 716 oderunt

146 745 237 782 nos,
266 731 528 785 diripiebant
556 731 648 773 sibi.

198 788 370 831 Dedisti
391 802 471 830 nos
486 794 708 841 tamquam
731 801 835 830 oves
857 791 972 830 esca-

147 846 337 887 rum:*et
351 845 615 887 inGentibus
627 845 871 898 dispersisti
882 859 973 886 nos.

198 901 447 944 Vendidisti
481 902 693 955 pupulum
727 908 848 944 tuum
882 903 973 943 sine

147 959 307 1011 pretio:
330 959 353 984 *
376 964 419 1000 et
447 972 534 1000 non
563 959 642 1000 fuit
668 958 902 1000 multitudo
931 959 973 999 in

148 1015 559 1057 commutationibus
588 1017 750 1057 eorum.

197 1072 387 1113 Posuisti
408 1085 487 1113 nos
515 1072 802 1124 opprobrium
823 1072 974 1113 vicinis

147 1129 319 1178 nostris,
339 1129 362 1154 *
382 1128 765 1170 subsannatiOnem
791 1134 834 1170 et
865 1129 974 1170 deri-

147 1181 243 1226 sum
258 1184 335 1234 his,
353 1186 426 1237 qui
442 1190 541 1227 sunt
556 1186 598 1226 in
615 1185 797 1227 circuitu
812 1191 975 1227 nostro.

197 1241 387 1283 Posuisti
435 1255 516 1283 nos
561 1242 604 1282 in
650 1242 974 1283 similitudinem

149 1297 377 1340 Gentibus:
403 1299 426 1323 *
453 1299 792 1340 commotionem
819 1299 975 1351 capitis

147 1353 190 1394 in
208 1354 394 1407 pupulis.

199 1410 314 1451 Tota
348 1409 417 1451 die
452 1409 717 1451 verecundia
751 1424 847 1452 mea
876 1425 974 1452 con-

146 1470 215 1507 tra
229 1479 299 1507 me
315 1471 391 1516 est,
407 1467 430 1491 *
449 1471 492 1507 et
508 1467 707 1508 confusio
724 1467 849 1509 faciei
864 1481 974 1509 meae

148 1523 378 1575 cooperuit
405 1536 487 1564 me.

198 1579 239 1619 A
272 1592 381 1620 voce
415 1579 737 1632 exprobrantis,
774 1585 817 1622 et
854 1579 974 1621 oblo-

149 1635 334 1687 quentis:
353 1636 376 1662 *
394 1649 420 1676 a
442 1636 552 1677 facie
577 1637 738 1678 inimici
763 1642 806 1678 et
829 1649 973 1689 perse-

149 1692 330 1744 quentis.

199 1749 310 1790 Haec
335 1749 478 1790 omnia
497 1751 709 1791 venerunt
727 1763 860 1803 super
882 1763 974 1799 nos,

147 1817 228 1846 nee
265 1804 388 1847 obliti
424 1819 572 1847 sumus
609 1811 668 1848 te:
696 1807 719 1832 *
753 1812 796 1848 et
827 1807 974 1858 inique

146 1873 234 1902 non
263 1862 428 1912 egimus
456 1862 499 1903 in
526 1865 789 1904 testamento
817 1867 904 1904 tuo.

199 1918 255 1959 Et
290 1931 378 1960 non
414 1919 595 1961 recessit
631 1924 750 1961 retro
789 1932 866 1960 cor
900 1932 973 1960 no-

148 1978 301 2016 strum:
320 1975 343 2000 *
369 1980 412 2016 et
440 1975 668 2017 declinasti
695 1976 872 2017 semitas
900 1988 973 2016 no-

149 2035 262 2072 stras
289 2044 315 2072 a
342 2031 412 2072 via
438 2037 528 2073 tua:

201 2087 415 2138 Queniam
443 2088 679 2130 humiliasti
698 2101 779 2130 nos
807 2089 850 2129 in
874 2088 973 2129 loco

150 2143 406 2194 afflictionis,
421 2145 444 2170 *
463 2150 505 2186 et
525 2145 753 2198 cooperuit
777 2157 857 2186 nos
885 2158 973 2186 um-

150 2198 230 2240 bra
255 2201 420 2242 mortis.

200 2256 246 2297 Si
273 2256 397 2299 obliti
424 2270 571 2299 sumus
604 2270 763 2299 nomen
790 2257 874 2299 Dei
901 2270 974 2299 no-

151 2313 239 2362 stri,
254 2313 278 2340 *
298 2318 341 2354 et
361 2314 398 2354 si
423 2314 710 2366 expandimus
729 2327 881 2355 manus
901 2326 974 2354 no-

151 2373 263 2410 stras
291 2369 347 2411 ad
376 2369 506 2411 deum
535 2370 736 2412 alienum:

201 2424 358 2467 Nonne
372 2426 493 2468 Deus
507 2429 701 2479 requiret
717 2425 822 2469 ista?
843 2427 865 2451 *
881 2427 975 2479 ipse

153 2481 266 2522 enim
292 2483 414 2524 novit
442 2482 699 2524 abscondita
728 2483 884 2525 cordis.

204 2537 417 2587 Quoniam
450 2544 633 2592 propter
665 2545 709 2581 te
743 2539 974 2581 mortifica—

151 2605 247 2634 mur
286 2599 380 2636 tota
414 2594 500 2637 die:
533 2597 557 2621 *
592 2596 794 2638 aestimati
827 2608 975 2637 sumus

152 2649 263 2691 sicut
291 2662 396 2692 oves
427 2652 667 2693 occisionis.

204 2706 421 2756 Exsurge,
459 2720 593 2760 quare
628 2707 852 2749 obdermis
888 2706 1005 2765 Βό-Ι

306 2846 369 2871 Pars
385 2847 518 2872 Hiemalis.

1805 188 1849 223 57

1023 280 1162 322 mine?
1182 281 1205 306 *
1230 285 1427 333 exsurge,
1453 288 1496 324 et
1520 296 1574 324 ne
1599 283 1785 336 repellas
1805 283 1849 324 in

1024 336 1165 378 finem.

1077 394 1220 443 Quare
1243 394 1398 436 faciem
1416 400 1535 436 tuam
1554 396 1724 443 avertis,
1740 397 1763 421 *
1775 395 1848 437 ob-

1024 449 1235 491 livisceris
1263 451 1422 504 inepiae
1447 457 1621 501 nostrae,
1650 458 1693 494 et
1715 452 1847 494 tribu-

1023 506 1197 548 lati6nis
1225 508 1410 549 nostrae?

1077 564 1291 613 Queniam
1323 564 1547 606 humiliata
1582 570 1648 606 est
1679 566 1723 606 in
1757 566 1848 618 pul-

1025 632 1128 661 vere
1148 621 1291 662 anima
1309 626 1474 663 nostra:
1488 623 1510 647 *
1530 622 1850 671 conglutinatus

1026 681 1092 717 est
1120 677 1162 717 in
1190 682 1307 718 terra
1336 683 1487 719 venter
1515 684 1674 720 noster.

1078 734 1277 784 Exsurge
1304 734 1503 783 Domine,
1533 734 1688 786 adjuva
1715 748 1809 775 nos:
1828 735 1850 759 *

1027 795 1070 830 et
1081 789 1246 831 redime
1261 803 1341 832 nos
1357 797 1540 844 propter
1551 804 1709 832 nomen
1720 797 1851 832 tuum.

1300 847 1494 888 Psalmus
1524 850 1588 888 44.

1028 897 1302 1003 Eructavit
1322 916 1397 944 cor
1416 916 1559 944 meum
1579 904 1759 945 verbum
1779 904 1852 945 bo-

1140 973 1258 999 num:
1269 960 1292 984 *
1304 959 1403 1001 dico
1414 973 1495 1010 ego
1505 962 1639 1012 Opera
1647 974 1744 1001 mea
1752 962 1852 1011 regi.

1079 1016 1246 1066 Lingua
1279 1029 1375 1057 mea
1404 1016 1596 1057 calamus
1626 1017 1796 1066 scribae,
1830 1019 1853 1042 *

1028 1072 1236 1113 velociter
1265 1072 1507 1114 scribentis.

1079 1129 1313 1181 Speciosus
1349 1129 1487 1170 forma
1520 1143 1612 1181 prae
1645 1130 1745 1170 filiis
1779 1129 1852 1171 ho-

1027 1185 1200 1234 minum,
1230 1185 1387 1226 diffusa
1416 1191 1481 1227 est
1502 1186 1641 1236 gratia
1661 1187 1702 1226 in
1727 1186 1853 1227 labiis

1027 1243 1128 1283 tuis:
1144 1243 1413 1295 *propterea
1435 1242 1657 1284 benedixit
1674 1248 1717 1284 te
1733 1243 1853 1284 Deus

1028 1299 1070 1338 in
1100 1301 1320 1340 aeternum.

1080 1355 1322 1406 Accingere
1351 1354 1496 1405 gladio
1531 1360 1607 1396 tuo
1636 1368 1768 1407 super
1797 1356 1852 1397 fe-

1027 1425 1124 1452 mur
1152 1417 1284 1459 tuum,
1313 1413 1335 1436 *
1364 1412 1675 1463 potentissime,

1079 1469 1233 1521 Specie
1260 1473 1335 1509 tua
1361 1474 1403 1509 et
1431 1467 1751 1520 pulchritudine
1779 1474 1854 1510 tua

1027 1526 1050 1550 *
1087 1524 1279 1574 intende,
1316 1527 1527 1577 prespere
1566 1525 1773 1577 procede,
1811 1531 1854 1566 et

1028 1594 1172 1632 regna.
1507 1635 1509 1637 ι

1079 1639 1267 1690 Propter
1287 1638 1526 1686 veritatem,
1548 1643 1590 1679 et
1608 1641 1852 1679 mansuetu-

1028 1694 1184 1744 dinem,
1214 1700 1256 1736 et
1285 1695 1504 1746 justitiam:
1537 1695 1559 1719 *
1593 1699 1636 1735 et
1664 1694 1852 1736 deducet

1026 1756 1070 1792 te
1098 1751 1352 1793 mirabiliter
1381 1750 1561 1792 dextera
1588 1756 1673 1792 tua.

1079 1808 1258 1858 Sagittae
1276 1813 1363 1848 tuae
1380 1810 1530 1855 acutae,
1544 1807 1696 1859 populi
1711 1806 1791 1847 sub
1808 1811 1851 1848 te

1028 1863 1195 1912 cadent,
1211 1864 1234 1888 *
1245 1864 1287 1904 in
1299 1862 1434 1904 corda
1445 1863 1717 1904 inimicerum
1727 1863 1852 1913 regis.

1079 1919 1215 1961 Sedes
1235 1925 1309 1961 tua
1327 1919 1448 1961 Deus
1475 1919 1519 1960 in
1542 1919 1750 1960 saeculum
1775 1921 1851 1961 sae-

1028 1976 1128 2017 culi:
1156 1977 1179 2001 *
1207 1976 1328 2026 virga
1358 1975 1608 2017 directionis
1639 1976 1761 2026 virga
1788 1989 1851 2017 re-

1026 2032 1098 2082 gni
1126 2032 1200 2074 tui.

1078 2088 1280 2130 Dilexisti
1306 2087 1520 2140 justitiam,
1549 2093 1592 2129 et
1619 2087 1750 2129 odisti
1777 2088 1850 2128 ini-

1029 2145 1254 2196 quitatem:
1264 2145 1288 2170 *
1298 2146 1534 2197 propterea
1546 2144 1668 2185 unxit
1677 2150 1720 2185 te
1731 2144 1850 2185 Deus

1027 2201 1146 2242 Deus
1174 2206 1274 2243 tuus
1309 2201 1407 2242 oleo
1435 2200 1599 2242 laetitiae
1631 2213 1724 2253 prae
1752 2213 1850 2241 con-

1027 2257 1217 2299 sortibus
1245 2257 1341 2299 tuis.

1078 2313 1266 2366 Myrrha,
1295 2319 1338 2355 et
1365 2318 1497 2364 gutta,
1526 2318 1570 2354 et
1597 2312 1714 2353 casia
1737 2325 1762 2352 a
1781 2324 1849 2352 ve-

1027 2370 1240 2412 stimentis
1258 2371 1354 2419 tuis,
1373 2383 1398 2410 a
1414 2369 1614 2411 dumibus
1634 2368 1849 2410 eburneis:

1026 2427 1050 2451 *
1068 2439 1122 2467 ex
1151 2426 1306 2479 quibus
1327 2426 1653 2468 delectaverunt
1676 2430 1720 2466 te
1748 2424 1848 2464 filiae

1027 2495 1178 2534 regum
1205 2484 1248 2524 in
1275 2482 1442 2524 honere
1470 2487 1557 2524 tuo.

1078 2539 1230 2581 Astitit
1262 2541 1410 2590 regina
1444 2551 1468 2579 a
1496 2537 1660 2580 dextris
1694 2536 1778 2578 tuis
1805 2535 1847 2575 in

1027 2598 1187 2638 vestitu
1206 2595 1431 2637 deaurato:
1449 2595 1472 2620 *
1492 2592 1758 2635 circumdata
1778 2604 1846 2632 va-

1027 2652 1192 2694 rietate.

1078 2707 1196 2750 Audi
1218 2708 1316 2757 filia,
1339 2712 1383 2749 et
1401 2706 1510 2755 vide,
1531 2711 1575 2747 et
1598 2704 1753 2746 inclina
1776 2715 1846 2743 au-
