2080 2990
560 222 630 256 Dic
654 224 683 256 4.
710 223 844 257 Martii.
891 226 925 258 S.
951 224 1058 258 Lucii
1083 226 1107 259 l.
1134 226 1249 270 Papae
1275 235 1310 261 ct
1334 228 1438 262 Mart.

206 319 250 353 In
270 318 334 352 ΙΙΙ.
356 318 554 352 Nocturno
579 317 748 352 Homilia
772 319 807 352 in
832 320 975 362 Evang.

154 367 276 400 Homo
313 367 480 409 peregre.
522 366 569 399 dc
606 366 739 400 eodem
776 368 977 402 Communi

156 414 183 448 1.
212 415 309 448 loco.

206 466 249 500 In
282 466 515 509 Quadrages.
545 466 645 500 Lect.
676 466 724 501 ix.
762 468 807 502 dc
835 468 975 502 Homil.

155 518 191 548 ct
215 525 408 549 commem.
433 514 555 548 Feriae
581 514 619 547 in
642 515 761 549 Laud.

407 621 491 662 Die
510 621 548 661 4.
567 620 721 662 Martii.

255 692 297 733 S.
316 691 456 732 Lucii
474 692 509 732 1.
537 694 669 746 Papa:
691 700 733 734 et
754 694 875 734 Mart.

483 760 646 803 Duplex,

205 816 340 851 Omnia
367 816 413 850 dc
432 816 633 850 Communi
652 816 766 851 unius
789 818 976 862 Martyris.

152 869 292 908 praeter
316 865 526 908 sequentia.

147 960 151 964 Α
205 917 345 951 Oratio.
370 917 484 960 Deus,
509 916 576 961 qui
599 926 681 951 nos.

206 969 248 1003 In
278 970 304 1003 Ι.
334 970 531 1004 Nocturno
566 969 769 1003 Lectiones
802 969 847 1003 de
880 971 977 1005 Scri-

153 1022 264 1060 ptura
290 1022 520 1052 occurrente.

205 1071 248 1105 In
273 1072 507 1114 Quadragcs.
537 1072 566 1105 A
592 1073 733 1108 Mileto.
766 1075 811 1109 dc
843 1077 974 1110 codem

153 1119 354 1154 Communi
382 1121 408 1153 1.
434 1120 530 1153 loco.

379 1202 428 1241 In
455 1202 505 1241 ΙΙ.
531 1202 753 1243 Nocturno.

452 1272 603 1313 Lectio
624 1271 676 1312 iv.

153 1347 385 1397 i'‘;:<]j‚l11<:111s‚
400 1343 625 1384 Romanus
641 1348 765 1396 patre
779 1344 972 1397 Porphy-

164 1360 167 1469 Ι
184 1359 252 1457 13])
280 1399 361 1450 rio,
384 1404 487 1452 post
507 1400 646 1442 sancti
667 1400 855 1442 Cornelii
874 1413 972 1442 con-

185 1428 257 1479 *j*
279 1457 629 1507 summationem,
657 1458 870 1499 Romanae
893 1458 971 1500 Ec-

149 1511 295 1554 clesiae
314 1513 619 1566 episcopatum
637 1514 786 1556 tenuit.
814 1514 973 1565 Sanxit,

148 1573 197 1611 ut
221 1568 309 1611 duo
333 1569 579 1623 presby‘teri
604 1584 655 1612 ac
677 1576 768 1613 tres
791 1571 973 1621 diaconi,

150 1625 435 1667 ecclesiastici
454 1639 584 1668 causa
602 1628 849 1678 testimonii,
871 1641 973 1680 quo-

150 1682 215 1723 vis
251 1681 351 1724 loco
389 1685 648 1737 episcopum
684 1698 771 1726 non
804 1683 973 1726 desere-

149 1743 256 1780 rent.
315 1739 476 1781 Pacem
510 1739 645 1794 lapsis
683 1741 889 1791 dandam,
932 1747 975 1784 et

148 1794 406 1848 poenitentia
428 1801 541 1847 acta,
569 1798 974 1840 communicationis

149 1851 337 1894 fructum
360 1853 608 1904 negandum
631 1867 720 1896 non
744 1867 856 1904 esse,
889 1857 973 1908 spi-

148 1908 235 1950 ritu
248 1908 332 1950 Dei
348 1909 505 1962 plenus
526 1911 589 1962 (ut
607 1916 781 1953 sanctus
798 1911 972 1964 Cypria-

133 1977 230 2006 Ι11118
249 1965 452 2018 scripsit),
472 1966 631 2008 litteris
651 1965 741 2009 sui's
761 1967 972 2019 significa-

148 2020 220 2068 vit.
261 2020 330 2064 Ob
344 2021 509 2064 Christi
532 2022 665 2065 fidem
689 2024 841 2065 exsilio
867 2023 972 2066 rele-

148 2079 286 2130 gatus,
305 2083 349 2120 et
362 2079 646 2132 postmodum
661 2079 718 2122 ad
732 2080 974 2122 Ecclesiam

149 2147 272 2176 suam
297 2135 527 2178 incolumis
554 2137 699 2179 redire
723 2139 973 2190 permissus,

148 2191 326 2234 tandem
361 2193 480 2234 omni
514 2193 726 2235 Ecclesiae
766 2193 972 2236 facultate

148 2247 455 2291 archidiacono
488 2262 568 2292 suo
597 2250 820 2303 Stephano
852 2250 972 2303 prius

147 2303 318 2354 tradita,
333 2306 478 2359 capite
492 2309 718 2348 truncatus
734 2312 800 2348 est
817 2311 971 2359 quarto

147 2359 298 2402 Nonas
322 2361 484 2412 Martii,
512 2363 640 2404 Gallo
665 2367 710 2404 et
727 2363 970 2405 Volusiano

147 2417 428 2471 principibus.
468 2419 590 2461 Duas
621 2419 774 2461 habuit
801 2418 970 2461 ordina-

146 2473 289 2516 tiones
333 2488 482 2517 mense
518 2475 771 2525 Decembri,
815 2475 971 2527 quibus

147 2530 430 2583 presbyteros
476 2534 680 2585 quatuor,
738 2534 972 2585 episcopos

147 2599 227 2638 per
259 2587 432 2629 diversa
463 2588 562 2630 loca
597 2594 766 2641 septem
798 2589 971 2630 creavit.

147 2642 251 2694 Ejus
282 2656 441 2696 corpus
474 2644 616 2698 primo
643 2645 713 2686 via
740 2644 886 2697 Appia
916 2644 973 2686 ad

149 2704 347 2741 sanctum
382 2701 595 2753 Xystum,
639 2702 682 2742 in
719 2701 970 2744 coemeterio

150 2754 315 2797 Callisti
339 2757 575 2809 sepliltum,
604 2757 706 2799 inde
730 2771 754 2799 a
772 2756 972 2798 Paschali

1781 233 1845 267 31*

1026 321 1147 374 Papa
1177 323 1220 363 in
1252 330 1413 367 sanctae
1443 327 1628 369 Caeciliae
1662 328 1845 378 titulum,

1026 391 1113 419 una
1132 391 1229 420 cum
1249 382 1440 433 ejusdem
1454 385 1631 434 virginis
1651 391 1694 427 et
1708 385 1845 427 socio-

1026 447 1122 476 rum
1136 438 1394 489 corporibus
1408 441 1675 492 translatum‚
1690 441 1750 484 ibi
1765 441 1844 483 sub

1027 498 1178 534 sancto
1198 493 1324 535 altari
1343 495 1606 538 collocatum
1624 498 1714 539 fuit.

1085 568 1133 618 Rg.
1156 567 1402 609 Honestum
1429 569 1530 612 fecit
1555 570 1675 612 illum
1698 572 1845 613 Domi-

1025 635 1123 672 nus,
1144 629 1188 665 et
1206 624 1442 667 custodivit
1461 639 1559 667 eum
1579 627 1634 668 ab
1652 628 1845 678 inimicis,

1027 684 1070 720 et
1097 692 1122 720 a
1148 680 1452 723 seductoribus
1479 683 1636 725 tutavit
1663 684 1796 725 illum:
1828 688 1848 708 ²*

1025 736 1082 777 Et
1116 736 1237 778 dedit
1267 737 1329 778 illi
1362 738 1602 781 claritatem
1629 741 1845 782 aeternam.

1033 786 1082 838 V.
1106 793 1434 846 Descenditque
1470 808 1568 836 cum
1601 796 1675 838 illo
1707 797 1751 837 in
1785 798 1845 839 fo-

1026 861 1162 899 veam,
1184 854 1227 891 et
1244 850 1288 890 in
1307 851 1490 892 vinculis
1511 865 1597 893 non
1617 852 1847 906 dereliquit

1028 918 1136 946 eum.
1163 906 1220 947 Et
1239 905 1360 949 dedit
1376 907 1447 948 illi.

1032 987 1095 1026 De
1111 983 1319 1036 'Epistola
1346 985 1386 1026 S.
1410 985 1614 1038 Cypriani
1637 987 1846 1040 Episcopi
1900 983 1901 986 ’

1025 1044 1069 1081 et
1088 1039 1307 1093 Martyris,
1332 1047 1375 1083 et
1394 1042 1661 1093 collegarum
1681 1044 1770 1095 ejus
1790 1044 1846 1085 ad

1060 1096 1099 1137 S.
1116 1097 1299 1139 Lucium
1317 1098 1483 1151 Papam
1503 1104 1546 1140 et
1564 1099 1812 1152 Martyrem.

1340 1172 1487 1212 Lectio
1510 1187 1545 1212 v.

1031 1226 1228 1333 Nuper
1248 1232 1425 1285 quidem
1443 1233 1538 1284 tibi,
1563 1234 1695 1277 frater
1719 1241 1846 1279 caris-

1135 1289 1255 1339 sime,
1281 1289 1483 1341 gratulati
1503 1304 1666 1343 sumus,
1687 1306 1784 1335 cum
1803 1299 1846 1336 te

1025 1343 1191 1386 honore
1214 1346 1433 1396 geminato
1460 1347 1504 1387 in
1523 1347 1730 1391 Ecclesiae
1755 1363 1845 1393 suae

1026 1401 1397 1444 administratione
1413 1403 1718 1447 Confessorem
1735 1408 1845 1459 pari-

1026 1463 1092 1499 ter
1117 1463 1160 1500 et
1183 1458 1464 1501 Sacerdotem
1494 1463 1716 1504 constituit
1741 1463 1845 1504 divi-

1026 1528 1081 1555 na
1105 1514 1309 1567 dignatio.
1350 1516 1437 1558 Sed
1461 1521 1505 1558 et
1527 1530 1641 1567 nunc
1665 1531 1752 1560 non
1771 1520 1845 1560 mi-

1025 1585 1106 1612 nus
1138 1570 1218 1613 tibi
1250 1576 1294 1613 et
1321 1573 1552 1615 comitibus
1579 1575 1681 1624 tuis,
1715 1580 1846 1628 atque

1026 1628 1238 1669 universae
1272 1628 1531 1671 fraternitati
1563 1631 1846 1681 gratulamur,

1027 1683 1146 1737 quod
1170 1698 1268 1726 eum
1294 1685 1446 1727 eadem
1469 1686 1622 1737 gloria,
1651 1692 1694 1728 et
1711 1687 1845 1729 laudi-

1025 1741 1107 1783 bus
1126 1741 1299 1791 vestris,
1323 1741 1506 1784 reduces
1526 1755 1606 1784 vos
1626 1743 1768 1784 denuo
1790 1744 1845 1785 ad

1025 1811 1128 1839 suos
1173 1798 1323 1839 feeerit
1367 1797 1551 1850 benigna
1587 1799 1762 1840 Domini
1802 1805 1845 1841 et

1025 1854 1144 1906 larga
1163 1855 1394 1907 protecti0;
1418 1860 1465 1896 ut
1483 1855 1705 1907 pascendo
1725 1857 1844 1907 gregi

1024 1916 1186 1964 pastor,
1205 1915 1249 1952 et
1266 1910 1562 1961 gubernandae
1575 1912 1675 1954 navi
1689 1912 1843 1963 guber-

1024 1969 1163 2017 nator,
1183 1972 1226 2009 et
1242 1966 1361 2019 plebi
1375 1968 1577 2019 regendae
1592 1973 1736 2010 rector
1749 1968 1843 2010 red-

1025 2023 1213 2066 deretur:
1230 2028 1272 2064 et
1287 2026 1519 2076 appareret
1533 2024 1844 2075 relegationem

1024 2085 1214 2122 vestram
1234 2080 1296 2121 sic
1320 2080 1528 2122 divinitus
1547 2093 1643 2122 esse
1663 2080 1843 2134 disposi-

1022 2141 1123 2187 tam,
1142 2149 1229 2177 non
1247 2141 1296 2178 ut
1315 2139 1547 2190 episcopus
1564 2137 1782 2188 relegatus
1802 2143 1845 2179 et

1023 2193 1175 2246 pulsus
1195 2192 1392 2235 ecclesiae
1413 2193 1600 2244 deesset,
1625 2193 1703 2235 sed
1722 2199 1770 2235 ut
1789 2194 1845 2235 ad

1025 2249 1254 2291 ecclesiam
1289 2250 1426 2302 major
1461 2249 1632 2291 rediret.
1690 2250 1843 2302 Neque

1025 2306 1139 2347 enim
1169 2306 1212 2346 in
1244 2305 1382 2347 tribus
1414 2307 1562 2359 pueris
1593 2306 1733 2347 minor
1764 2306 1844 2347 fuit

1023 2362 1218 2414 martyrii
1237 2361 1441 2413 dignitas,
1461 2362 1576 2415 quia,
1599 2366 1740 2403 morte
1759 2362 1842 2402 fru-

1024 2421 1177 2469 strata,
1205 2418 1260 2460 de
1286 2421 1455 2460 camino
1474 2418 1585 2470 ignis
1603 2417 1842 2459 incolumes

1025 2475 1236 2525 exierunt;
1281 2479 1355 2516 aut
1392 2487 1478 2516 non
1518 2475 1842 2516 consummatus

1023 2531 1179 2573 Daniel
1216 2531 1384 2573 exstitit
1422 2532 1466 2571 in
1502 2530 1591 2572 suis
1625 2529 1841 2578 laudibus,
1897 2580 1906 2589 ·

1025 2588 1141 2640 quia,
1180 2588 1254 2641 qui
1284 2587 1484 2629 leonibus
1514 2587 1672 2628 missus
1701 2586 1842 2627 fuerat

1023 2644 1079 2686 ad
1106 2643 1318 2697 praedam,
1347 2645 1572 2696 protectus
1600 2656 1625 2683 a
1651 2641 1840 2684 Domino

1022 2701 1131 2742 vixit
1150 2700 1206 2742 ad
1222 2700 1415 2751 gloriam.
1441 2700 1492 2740 In
1510 2697 1839 2740 Confessoribus

1025 2757 1183 2799 Christi
1210 2756 1343 2798 dilata
1361 2756 1566 2807 martyria
1583 2768 1669 2796 non
1688 2754 1840 2795 merita
