2040 2990
541 218 608 251 Dic
633 219 664 250 8.
693 218 777 251 Dec.
827 218 1014 251 immacul.
1040 219 1220 261 Concept.
1248 219 1285 251 Β,
1313 219 1355 251 Μ.
1383 219 1421 251 Υ,

464 317 625 356 Oratio.

217 382 304 434 eus,
325 370 398 422 qui
418 383 496 422 per
510 370 838 411 Immaculatam
853 371 948 411 Vir-

240 426 352 476 ginis
390 426 732 479 Conceptienem
772 426 950 477 dignum

131 482 240 523 Filio
264 488 340 523 tuo
363 482 657 524 habitaculum
677 484 950 536 praeparasti:

132 541 396 590 quaesumuS‚
424 545 472 581 ut
498 540 571 591 qui
597 553 651 580 ex
677 545 818 581 morte
844 541 949 591 eius-

132 594 231 636 dem
245 595 342 636 Filii
358 596 421 637 tui
436 598 633 648 praevisa,
653 609 749 638 eam
764 596 818 637 ab
835 596 950 637 omni

130 650 228 692 labe
246 653 535 704 praeservasti‚
555 665 635 694 nos
652 665 825 705 quoque
840 666 952 693 mun-

133 706 213 748 dos
242 709 332 759 ejus
364 708 675 750 intercessiene
703 709 759 750 ad
786 714 828 750 te
856 722 950 761 per-

132 766 279 805 venire
299 764 524 806 concedas.
547 765 631 806 Per
650 764 850 806 eumdem
865 766 951 806 De-

132 820 294 862 minum
311 825 517 862 nostrum.

184 877 330 912 Deinde
361 880 398 912 tit
427 889 620 914 commem.
648 881 768 915 Feriae
797 888 950 916 tuntum.

185 926 247 959 Ad
276 926 591 970 Completorium,
624 935 658 962 et
690 931 785 963 alias
819 930 951 964 Horas.

135 972 171 1006 in
197 974 268 1007 tine
295 974 529 1018 llymnornm
557 976 707 1010 dicitur:

213 1022 324 1069 Jesu,
342 1019 422 1061 tibi
441 1020 495 1061 sit
514 1019 662 1070 gleria‚

263 1076 346 1126 Qui
364 1081 491 1117 natus
511 1089 557 1118 es
576 1076 630 1118 de
650 1078 841 1128 Virgine.

133 1133 245 1167 etiam
271 1134 306 1167 in
327 1134 450 1169 Festis
476 1143 511 1170 ct
534 1137 731 1172 Dominicu
758 1139 853 1172 infru
874 1140 950 1172 Oct.

133 1191 274 1215 OCCUI‘I‘.

293 1237 380 1277 Ad
411 1235 792 1276 matutinum.

189 1289 310 1330 invit.
345 1289 667 1330 immaculatam
696 1289 954 1342 Conceptie-

134 1357 234 1386 nem
262 1345 454 1397 Virginis
486 1345 634 1386 Mariae
671 1345 955 1386 celebremus:

131 1405 153 1427 *
182 1400 399 1442 Christum
428 1402 517 1453 ejus
539 1400 695 1442 Filium
723 1400 955 1443 adoremus

134 1456 382 1498 Deminum.

186 1516 248 1555 l’s.
280 1514 442 1563 Venite,
462 1513 735 1555 exsultemus.
754 1515 790 1554 2.

440 1579 646 1629 Hymnus.

242 1629 422 1670 raeclara
441 1635 589 1672 custos
607 1630 845 1680 Virginum‚

262 1686 430 1727 Intacta
449 1691 586 1728 mater
604 1686 814 1735 Numinis,

201 1742 414 1784 *Coelestis
433 1742 543 1783 aulae
562 1744 699 1795 janua,

210 1798 320 1851 Spes
340 1805 501 1848 nostra,
521 1798 621 1840 coeli
639 1798 857 1849 gaudium.

160 1863 278 1904 Inter
297 1862 450 1905 rubeta
468 1863 616 1914 lilium,

213 1919 425 1961 Columba
444 1920 767 1970 formosissima,

211 1976 347 2027 Virga
367 1989 390 2017 e
410 1975 556 2018 radice
575 1976 821 2027 germinans

210 2032 375 2073 Nostro
395 2032 609 2074 medelam
628 2032 805 2073 vulneri.

161 2097 311 2137 Turris
331 2096 510 2138 draceni
528 2097 748 2149 impervia,

212 2153 366 2194 Amica
385 2153 511 2194 stella
530 2153 757 2203 naufragis,

211 2209 354 2250 Tuere
372 2222 452 2250 nos
473 2222 496 2250 a
517 2208 750 2258 fraudibus,

211 2265 393 2318 Tuaque
413 2266 509 2306 luce
529 2265 677 2316 dirige.

160 2330 332 2371 Erreris
350 2330 525 2371 umbras
546 2330 723 2379 discute,

211 2386 359 2437 Syrtes
379 2386 556 2427 dolesas
576 2389 741 2434 amove,

211 2441 389 2483 Fluctus
408 2447 475 2483 tot
494 2442 616 2491 inter,
636 2442 773 2482 deviis

213 2497 371 2538 Tutam
389 2498 565 2539 reclude
585 2498 793 2539 semitam.

165 2561 274 2610 Jesu,
291 2561 372 2602 tibi
390 2563 446 2604 sit
463 2563 612 2613 gloria,

214 2617 297 2666 Qui
314 2622 440 2658 natus
460 2631 506 2660 es
527 2618 581 2660 de
600 2619 790 2669 Virgine,

213 2673 320 2713 Cum
337 2673 476 2723 Patre,
495 2679 539 2715 et
558 2675 672 2716 almo
694 2675 855 2726 Spiritu

212 2729 261 2769 In
282 2730 544 2781 sempiterna
563 2731 733 2772 saecula.
761 2731 911 2770 Amen.

288 2870 349 2893 Pars
369 2870 500 2895 Hiemalis.

1249 321 1297 358 In
1316 322 1343 359 Ι.
1364 321 1582 360 Nocturna

1060 385 1157 423 Ant
1188 381 1448 424 xdmirabile
1477 388 1543 425 est
1572 396 1730 425 nomen
1756 388 1819 425 tu—

1000 450 1074 477 um
1107 438 1130 463 *
1164 437 1350 479 Demine
1385 439 1427 479 in
1462 440 1661 481 universa
1694 444 1821 489 terra,

1003 493 1102 544 quia
1125 493 1167 533 in
1189 494 1370 545 Virgine
1389 495 1525 536 Maria
1549 496 1724 547 dignum
1743 496 1821 537 tibi

1002 549 1297 591 habitaculum
1315 553 1584 604 praeparasti.

1295 623 1487 662 l’s1lmus
1517 629 1550 661 S.

1005 682 1275 741 η’ρῐγέὶ
1319 683 1532 724 Deminus
1586 688 1751 732 noster,
1799 684 1821 709 *

1005 726 1018 790 if*
1035 723 1104 792 {21:31}
1151 751 1279 790 quam
1301 738 1554 780 admirabile
1579 745 1645 781 est
1666 753 1822 781 nomen

1036 797 1088 811 *a
1148 799 1269 835 tuum
1289 795 1331 835 in
1351 796 1551 836 universa
1570 796 1699 837 terra!

1056 851 1270 900 Queniam
1286 851 1454 892 elevata
1470 857 1536 893 est
1550 853 1823 902 magnificen-

1004 907 1064 946 tia
1083 912 1167 955 tua‚
1186 907 1209 932 *
1230 920 1360 959 super
1380 907 1527 949 coelos.

1056 963 1122 1003 Ex
1151 976 1226 1004 ore
1253 964 1481 1005 infantium
1507 970 1549 1006 et
1573 964 1823 1006 lactentium

1005 1019 1226 1070 perfecisti
1241 1019 1414 1061 laudem
1431 1026 1612 1073 propter
1627 1021 1823 1062 inimicos

1006 1080 1115 1125 tuos,
1134 1076 1157 1101 *
1177 1081 1224 1116 ut
1244 1075 1443 1117 destruas
1462 1077 1682 1118 inimicum
1703 1083 1746 1128 et
1765 1078 1823 1118 ul-

1006 1133 1158 1173 terem.

1059 1188 1271 1238 Queniam
1290 1188 1449 1230 videbo
1476 1189 1612 1230 coelos
1637 1194 1752 1238 tuos,
1781 1192 1823 1230 ό-

1006 1257 1113 1295 pera
1141 1244 1375 1295 digiterum
1402 1247 1591 1286 tuerum:
1624 1246 1646 1271 *
1679 1246 1824 1286 lunam

1008 1305 1051 1341 et
1070 1300 1226 1350 stellas,
1248 1314 1344 1353 quae
1363 1306 1410 1342 tu
1428 1301 1628 1343 fundasti.

1059 1356 1173 1406 Quid
1193 1362 1258 1398 est
1276 1357 1423 1406 homo,
1450 1358 1567 1410 quod
1590 1371 1756 1399 memor
1778 1370 1824 1398 es

1008 1411 1120 1463 ejus?
1139 1414 1162 1438 *
1182 1418 1255 1454 aut
1274 1413 1386 1454 filius
1406 1414 1601 1463 heminis,
1621 1414 1824 1466 queniam

1007 1469 1155 1509 visitas
1176 1468 1299 1510 eum?

1058 1525 1249 1566 Minuisti
1286 1539 1384 1567 eum
1426 1527 1555 1578 paulo
1593 1526 1733 1566 minus
1770 1526 1824 1566 ab

1007 1581 1201 1632 Angelis,
1225 1582 1363 1633 gleria
1388 1588 1431 1624 et
1455 1582 1620 1623 honere
1646 1584 1824 1623 corona-

1008 1638 1062 1678 sti
1078 1650 1190 1678 eum:
1206 1639 1228 1662 *
1248 1643 1291 1679 et
1306 1639 1567 1680 constituisti
1583 1651 1680 1679 eum
1696 1651 1826 1690 super

1009 1695 1144 1745 Opera
1163 1696 1369 1735 manuum
1388 1697 1570 1736 tuarum.

1060 1750 1215 1791 Omnia
1259 1750 1478 1802 subjecisti
1523 1750 1603 1791 sub
1640 1749 1824 1802 pedibus

959 1840 961 1842 μ
1008 1807 1108 1857 ejus,
1127 1806 1150 1831 *
1170 1819 1274 1848 oves
1294 1812 1336 1848 et
1354 1806 1491 1848 boves
1510 1807 1746 1847 universas:
1766 1807 1825 1845 in-

1008 1875 1139 1914 super
1158 1867 1201 1903 et
1219 1864 1381 1914 pecora
1400 1862 1552 1914 campi

1058 1917 1273 1958 Velucres
1293 1918 1402 1967 coeli,
1423 1923 1466 1959 et
1483 1918 1625 1970 pisces
1645 1918 1824 1967 maris,*

1009 1973 1081 2025 qui
1099 1973 1403 2025 perambulant
1423 1974 1597 2015 semitas
1617 1974 1758 2014 maris.

1059 2029 1245 2070 Demine
1257 2030 1471 2071 Deminus
1486 2035 1644 2079 noster,
1655 2030 1678 2055 '⁶‘
1695 2042 1824 2082 quam

1007 2084 1261 2126 admirabile
1281 2091 1346 2127 est
1365 2099 1523 2127 nomen
1538 2091 1659 2127 tuum
1678 2086 1721 2126 in
1736 2086 1824 2126 uni-

1007 2142 1134 2181 versa
1153 2141 1282 2182 terra!

1058 2204 1153 2243 Ant.
1190 2202 1456 2243 Admirabile
1485 2208 1550 2244 est
1578 2215 1735 2244 nomen
1761 2206 1823 2242 tu-

1007 2271 1079 2298 um
1093 2258 1281 2299 Demine
1299 2259 1342 2299 in
1360 2259 1560 2300 universa
1579 2264 1704 2307 terra,
1725 2258 1825 2310 quia

1006 2314 1049 2353 in
1066 2314 1243 2364 Virgine
1261 2315 1399 2356 Maria
1418 2315 1595 2366 dignum
1612 2314 1689 2356 tibi
1707 2313 1823 2354 habi-

1005 2369 1197 2411 taculum
1215 2371 1485 2422 praeparasti.

1056 2432 1152 2471 Ant.
1175 2432 1224 2470 In
1239 2430 1330 2472 sole
1350 2431 1371 2455 *
1390 2431 1536 2483 pesuit
1551 2432 1669 2472 Deus
1684 2431 1823 2472 taber-

1006 2486 1207 2527 naculum
1227 2500 1362 2528 suum.

1276 2555 1466 2595 psalmus
1499 2557 1551 2593 1⁸.

1080 2619 1152 2659 oeli
1180 2621 1382 2660 enarrant
1405 2618 1588 2669 gleriam
1612 2617 1709 2666 Dei,
1733 2618 1755 2643 *
1780 2620 1823 2656 et

1101 2677 1234 2727 Opera
1257 2676 1462 2715 manuum
1487 2675 1577 2724 ejus
1601 2671 1823 2714 annuntiat

1006 2729 1334 2771 firmamentum.

1558 2858 1598 2890 25
