2080 2990
563 243 756 277 Orationis
783 244 823 277 D.
850 244 893 276 N.
919 244 949 276 J.
977 243 1015 277 C.
1043 244 1077 276 in
1103 244 1228 277 Monte
1255 245 1404 277 (Vllivcti.

1734 241 1832 286 [309]

204 343 273 383 Ex
299 341 509 382 Tractatu
536 340 673 381 sancti
701 339 906 392 Cypriani

299 396 510 450 Episcopi
529 400 572 437 et
590 396 804 448 Martyris.

303 477 356 510 De
382 476 562 511 Oratione
591 477 797 511 Dominica.

439 550 589 590 Lectio
611 550 619 589 i
628 564 660 589 ν.

150 639 184 686 Ὗ,
202 640 244 691 ῑῖὲ,
277 647 327 677 cc
349 633 494 676 verbis
519 636 703 683 tantum,
737 631 815 674 sed
841 637 884 674 et
907 633 964 674 fa-

293 691 373 733 ctis
397 690 610 732 Dominus
636 691 761 730 orare
786 702 866 730 nos
890 689 964 730 do-

293 748 396 798 cuit,
427 747 522 799 ipse
550 758 678 787 orans
707 745 966 797 frequenter,

145 810 189 847 et
217 803 474 857 deprecans,
514 806 558 844 et
584 802 688 854 quid
715 802 859 843 facere
886 814 966 843 nos

146 862 372 915 oporteret
413 858 602 912 exempli
644 859 710 899 sui
753 863 965 900 contesta-

145 918 263 960 tione
283 916 602 965 demonstrans,
628 915 739 956 sicut
758 915 967 967 scriptum

147 979 228 1016 est:
260 974 363 1027 Ipse
394 977 540 1014 autem
572 972 652 1013 fuit
684 970 893 1012 secedens
924 971 968 1011 in

146 1030 440 1079 solitudinem,
477 1033 522 1070 et
558 1027 757 1072 adorans,
801 1028 858 1069 Et
891 1030 966 1069 ite-

146 1100 255 1128 rum:
286 1086 432 1128 Exivit
458 1085 502 1126 in
529 1090 722 1126 montem
749 1086 892 1133 orare,
925 1089 968 1125 et

146 1143 226 1185 fuit
261 1144 526 1196 pernoctans
560 1141 605 1182 in
643 1141 840 1182 oratione
875 1140 968 1181 Dei.

147 1199 277 1250 Quod
301 1199 336 1240 si
360 1198 433 1240 ille
459 1197 632 1247 orabat,
661 1198 735 1249 qui
761 1198 852 1238 sine
869 1209 967 1249 pec-

148 1258 245 1298 cato
272 1259 380 1305 erat,
413 1259 575 1307 quanto
602 1254 740 1305 magis
767 1255 969 1306 peccato-

147 1326 217 1354 res
250 1314 425 1365 oportet
458 1311 600 1353 orare!
632 1311 689 1352 Et
720 1310 756 1351 si
787 1310 859 1351 ille
890 1323 969 1362 per

147 1374 286 1411 totam
302 1373 477 1410 noctem
494 1367 649 1420 jugiter
667 1366 849 1418 vigilans
870 1379 968 1408 con—

146 1425 277 1467 tinuis
294 1424 498 1477 precibus
518 1423 684 1474 orabat,
706 1428 867 1476 quanto
888 1436 969 1464 nos

147 1482 285 1532 magis
299 1482 342 1522 in
356 1480 671 1533 frequentanda
688 1480 882 1521 oratione
899 1478 969 1521 de-

147 1538 300 1580 bemus
327 1542 456 1579 nocte
480 1536 674 1588 vigilare!
708 1535 873 1578 Orabat
900 1549 969 1577 au-

147 1599 238 1636 tem
254 1593 483 1644 Dominus,
511 1598 555 1635 et
577 1593 761 1644 rogabat
783 1606 870 1634 non
888 1605 969 1644 pro

149 1664 212 1692 se:
231 1650 336 1703 quid
355 1650 468 1692 enim
485 1662 567 1702 pro
587 1662 634 1691 se
649 1652 855 1690 innocens
874 1661 969 1701 pre-

149 1704 342 1749 caretur?
374 1706 454 1748 sed
483 1718 566 1759 pro
603 1705 772 1747 delictis
799 1705 970 1754 nostris,

150 1763 262 1805 sicut
281 1763 435 1816 etipse
455 1761 659 1812 declarat,
679 1775 777 1803 cum
797 1762 902 1803 dicit
915 1760 971 1802 ad

148 1820 342 1861 Petrum:
364 1819 480 1861 Ecce
500 1821 674 1860 satanas
695 1818 906 1871 expetivit
923 1822 971 1858 ut

149 1888 230 1918 vos
275 1878 455 1918 vexaret
499 1875 722 1928 quomodo
765 1874 970 1916 triticum:

151 1945 233 1983 ego
262 1937 407 1974 autem
430 1932 582 1983 rogavi
604 1944 685 1984 pro
707 1937 766 1982 te,
795 1943 848 1972 ne
869 1929 970 1972 defi-

152 1988 237 2030 ciat
255 1988 365 2030 fides
382 1993 469 2030 tua.
504 1989 562 2030 Et
583 1986 865 2042 postmodum
888 1999 970 2039 pro

153 2044 352 2086 omnibus
386 2045 562 2086 Patrem
599 2044 873 2097 deprecatur,
911 2042 970 2084 di-

152 2113 268 2143 cens:
295 2101 396 2143 Non
420 2114 502 2154 pro
525 2101 592 2143 his
611 2106 757 2142 autem
775 2112 884 2150 rogo
905 2111 970 2139 so-

151 2157 221 2207 lis,
247 2156 327 2199 sed
354 2162 398 2199 et
424 2170 505 2210 pro
534 2157 634 2207 illis,
664 2156 738 2209 qui
765 2154 972 2198 credituri

152 2218 251 2255 sunt
281 2226 361 2266 per
387 2213 569 2256 verbum
595 2214 792 2266 ipsorum
818 2212 862 2252 in
887 2223 972 2252 me:
1011 2243 1013 2245 .

151 2274 200 2311 ut
219 2281 369 2312 omncs
386 2283 520 2312 unum
543 2270 643 2320 sint,
671 2270 782 2310 sicut
805 2273 867 2318 tu,
894 2268 971 2308 Pa-

151 2329 234 2375 ter,
261 2325 305 2366 in
321 2339 408 2376 me,
436 2331 480 2369 et
499 2339 580 2379 ego
601 2327 645 2367 in
663 2330 720 2376 te;
749 2330 798 2366 ut
821 2329 865 2366 et
888 2323 973 2376 ipsi

151 2381 195 2422 in
214 2381 340 2424 nobis
359 2396 491 2424 unum
509 2383 605 2424 sint.

204 2468 254 2519 R.
284 2466 448 2517 Simon,
478 2467 642 2517 Simon,
675 2477 776 2507 ecce
800 2466 972 2506 satanas

154 2523 364 2575 expetivit
381 2535 461 2564 vos
479 2528 527 2565 ut
546 2523 755 2565 cribraret
774 2521 884 2562 sicut
899 2523 971 2561 tri-

152 2579 300 2620 ticum:
320 2579 342 2602 *
360 2579 456 2629 Ego
480 2584 626 2621 autem
648 2578 798 2629 rogavi
816 2589 898 2629 pro
917 2581 972 2625 te,

154 2639 202 2675 ut
224 2647 312 2675 non
336 2634 511 2677 deficiat
532 2634 643 2677 fides
661 2640 747 2677 tua.
781 2628 829 2678 V.
851 2633 907 2673 Et
925 2637 973 2673 tu

155 2690 387 2742 aliquando
407 2693 644 2733 conversus
664 2691 874 2733 confirma
892 2688 971 2728 fra-

154 2752 243 2788 tres
261 2751 372 2788 tuos.
398 2748 504 2798 Ego.

312 2906 376 2930 Pars
392 2905 524 2931 Hiemalis.

1014 340 1083 380 Ex
1111 339 1443 380 Commentariis
1475 338 1613 379 sancti
1638 337 1835 378 Anselmi

1315 395 1535 449 Episcopi.

1108 464 1146 497 Ιη
1173 463 1289 505 Epist,
1317 464 1361 497 ud
1389 464 1583 497 Hebraeus.
1610 473 1678 505 cap
1715 464 1741 495 Γ),

1327 525 1473 564 Lectio
1497 538 1530 563 v.

1016 584 1174 692 Sicut
1191 603 1319 633 verus
1340 591 1540 634 Pontifex
1564 592 1723 634 obtulit
1740 606 1834 645 pre-

1095 660 1182 688 ces:
1205 661 1304 689 nam
1324 648 1367 688 in
1386 648 1621 699 Evangelio
1642 662 1760 701 saepe
1779 649 1836 690 le-

1016 703 1133 753 gitur
1153 706 1317 754 orasse‚
1345 709 1388 746 et
1413 705 1600 746 maxime
1619 705 1736 758 apud
1754 705 1835 747 Lu-

1018 773 1123 809 cam,
1142 760 1214 812 qui
1230 760 1470 802 sacerdotis
1484 761 1528 801 in
1543 774 1595 802 eo
1607 761 1837 814 descripsit

1017 818 1261 869 personam.
1306 816 1392 859 Sed
1425 822 1468 859 et
1501 817 1712 870 quidquid
1743 818 1836 870 ipse
1880 835 1881 838 ¹

1019 873 1106 923 egit
1130 873 1174 913 in
1201 887 1346 923 earne,
1374 887 1529 926 preces
1556 879 1598 915 et
1623 874 1837 927 supplica-

1018 930 1159 971 tiones
1178 930 1351 971 fuerunt
1368 943 1449 982 pro
1467 930 1726 972 hominibus.
1754 930 1837 972 To-

1018 991 1064 1027 ta
1094 987 1184 1028 vita
1212 999 1289 1028 sua
1316 987 1490 1028 Patrem
1520 987 1661 1028 oravit
1690 987 1744 1028 de
1775 1001 1837 1029 re-

1020 1043 1286 1084 surrectione
1317 1043 1457 1084 carnis
1485 1056 1592 1092 suae,
1619 1055 1669 1084 ac
1693 1043 1747 1085 de
1765 1056 1837 1085 no-

1021 1104 1110 1141 stra
1129 1099 1283 1149 salute,
1303 1104 1346 1140 et
1364 1100 1552 1141 instante
1571 1101 1654 1151 jam
1674 1100 1838 1152 passio-

1019 1169 1090 1206 ne,
1123 1156 1280 1198 obtulit
1308 1156 1665 1209 supplicationes,
1692 1155 1738 1197 id
1763 1161 1838 1206 est,

1020 1212 1279 1253 humillimas
1313 1218 1355 1254 et
1381 1213 1716 1254 instantissimas
1745 1225 1837 1254 ora-

1019 1269 1162 1310 tiones
1186 1282 1284 1310 cum
1308 1282 1475 1310 summa
1494 1268 1727 1310 devotione
1746 1282 1838 1310 cor-

1022 1324 1089 1367 dis
1108 1330 1151 1366 et
1170 1325 1413 1376 affectione,
1443 1324 1618 1378 quando
1638 1325 1777 1366 factus
1796 1325 1838 1366 in

1022 1383 1178 1433 agonia
1201 1382 1412 1434 prolixius
1442 1381 1611 1431 orabat,
1639 1386 1682 1422 et
1700 1381 1839 1423 factus

1022 1443 1088 1480 est
1112 1437 1245 1480 sudor
1269 1439 1357 1490 ejus
1382 1439 1492 1480 sicut
1516 1443 1650 1489 guttae
1671 1438 1838 1489 sangui-

1021 1495 1086 1535 nis
1113 1494 1382 1536 decurrentis
1409 1495 1451 1535 in
1475 1500 1646 1536 terram.
1686 1494 1742 1535 Et
1761 1493 1839 1535 has

1021 1564 1175 1604 preces
1211 1551 1637 1604 supplicationesque
1673 1550 1839 1599 obtulit,

1021 1607 1066 1648 id
1094 1612 1175 1657 est,
1209 1607 1382 1649 obviam
1405 1607 1503 1648 tulit
1523 1607 1642 1648 Patri
1667 1619 1745 1659 per
1770 1619 1839 1647 ex-

1022 1663 1288 1705 auditionem
1315 1663 1396 1705 sibi
1425 1663 1631 1705 obvianti.
1673 1662 1841 1703 Obtulit

1023 1733 1096 1762 eas
1133 1720 1189 1762 ad
1226 1733 1323 1762 eum
1365 1720 1438 1772 qui
1473 1724 1624 1772 posset
1660 1719 1779 1759 illum
1816 1731 1842 1759 a

1022 1783 1162 1819 morte
1190 1777 1356 1818 salvum
1375 1777 1535 1825 facere,
1563 1775 1607 1816 id
1635 1780 1700 1816 est
1724 1787 1839 1816 resu-

1023 1833 1195 1883 scitare,
1228 1833 1283 1874 ad
1311 1846 1409 1874 eum
1438 1845 1565 1884 quem
1593 1831 1719 1872 scivit
1744 1843 1838 1872 esse

1024 1890 1309 1931 sufficientem
1340 1894 1388 1930 ut
1421 1888 1607 1929 salvaret
1641 1899 1755 1936 eum,
1795 1886 1840 1927 id

1024 1951 1106 1995 est,
1137 1945 1425 1987 immortalem
1457 1949 1500 1985 et
1530 1942 1841 1996 impassibilem

1023 2002 1186 2043 faceret
1211 2000 1434 2054 eripiendo
1458 2014 1483 2042 a
1507 2006 1663 2049 morte,
1691 2004 1738 2040 ut
1760 2012 1840 2040 nec

1025 2059 1167 2099 anima
1198 2059 1440 2100 remaneret
1473 2057 1516 2097 in
1547 2056 1730 2105 inferno,
1762 2068 1842 2096 nec

1025 2127 1125 2155 caro
1143 2117 1414 2167 putresceret
1435 2113 1479 2154 in
1499 2112 1742 2166 sepulchro.

1075 2186 1124 2236 R.
1159 2184 1311 2225 Oratio
1339 2182 1602 2224 humiliantis
1630 2195 1677 2223 se
1704 2181 1841 2223 nubes

1024 2239 1313 2293 penetrabitz*
1334 2240 1391 2281 Et
1410 2239 1550 2281 donec
1569 2240 1841 2295 propinquet,

1025 2309 1112 2338 non
1126 2296 1432 2339 consolabitur.
1456 2288 1506 2339 V.
1529 2295 1585 2336 Et
1603 2307 1690 2335 non
1706 2293 1840 2335 disce-

1026 2353 1100 2394 det
1123 2353 1262 2395 donec
1285 2352 1534 2394 Altissimus
1557 2350 1746 2403 aspiciat.
1785 2349 1842 2390 Et

1025 2408 1175 2451 donec.

1322 2458 1470 2500 Lectio
1491 2457 1541 2497 vi.

1108 2541 1126 2578 t
1152 2535 1310 2577 obtulit
1332 2534 1410 2575 has
1430 2545 1527 2575 cum
1554 2531 1742 2573 clamore
1769 2532 1839 2572 va-

1117 2591 1219 2642 lido,
1234 2591 1279 2633 id
1294 2595 1370 2639 est,
1386 2602 1483 2631 cum
1501 2587 1736 2629 intentione
1754 2587 1840 2639 piae

1027 2648 1272 2690 devotionis
1290 2644 1667 2688 vehementissima
1691 2647 1734 2684 et
1753 2642 1840 2684 effi—

1026 2705 1260 2753 cacissima,
1274 2708 1321 2744 ut
1336 2700 1509 2754 quando
1522 2699 1734 2753 prolixius
1749 2700 1840 2740 ora-

1025 2761 1112 2811 bat,
1132 2765 1175 2802 et
1194 2760 1322 2801 etiam
1341 2770 1438 2799 cum
1456 2756 1662 2806 lacrimis3
1682 2755 1783 2807 quia
1799 2754 1843 2795 in

1582 2886 1637 2920 U*
