2080 2990
762 246 970 279 (Jommunc
998 243 1110 277 unius
1136 243 1326 286 Martyris

194 343 427 393 celsitfid0‚
458 356 545 395 qua
567 343 713 387 nobis,
741 355 767 383 a
793 340 1023 383 conturba-

194 401 316 442 tione
332 399 560 441 hominum
574 399 766 448 remotis,
781 399 826 439 in
841 397 1024 439 abscon—

194 457 286 499 dito
304 457 431 498 faciei
456 470 548 498 suae
566 457 590 498 J
594 469 695 498 esus
715 455 916 497 Christus
935 455 1023 495 Do-

192 513 335 555 minus
379 518 529 555 noster
566 511 824 555 reformabit
861 523 1023 563 corpus

192 570 450 611 humilitatis
479 575 665 620 nostrae,
702 568 1023 620 configuratum

193 627 370 680 corpori
389 626 603 668 claritatis
623 639 725 668 suae.
762 626 902 677 Hujus
927 637 1022 677 per-

192 683 319 725 fectae
378 683 594 725 libertatis
652 681 1023 734 contemplatione

192 740 360 781 nullum
383 739 552 782 vitabat
570 739 824 793 periculum,
857 737 1024 779 nullum

191 796 403 838 horrebat
428 796 708 850 supplicium:
736 800 780 837 et
804 795 841 844 si
865 794 1023 836 millies

192 858 347 906 posset
369 854 497 903 mori,
524 865 614 895 non
635 851 821 906 putabat
845 864 892 893 se
911 851 1023 892 hanc

194 909 324 961 digne
343 922 476 963 posse
497 909 645 962 aliqua
662 910 831 951 ratione
850 920 1021 961 prome-

192 966 289 1007 reri.

240 1022 290 1074 R3.
318 1022 441 1064 Stola
460 1021 741 1075 jucunditatis
761 1020 903 1062 induit
923 1033 1023 1062 eum

192 1078 426 1120 Dominus:
451 1082 473 1104 *
513 1079 570 1120 Et
599 1080 809 1120 coronam
835 1076 1023 1130 pulchri-

192 1134 356 1176 tudinis
393 1136 543 1188 posuit
580 1148 714 1188 super
752 1139 885 1187 caput
922 1135 1024 1186 ejus.

190 1186 238 1237 V.
276 1191 452 1234 Cibavit
494 1192 617 1233 iHum
654 1192 869 1233 Dominus
910 1203 1024 1244 pane

193 1248 295 1290 vitae
315 1253 359 1290 et
376 1248 639 1290 intellectus:
659 1253 703 1290 et
722 1261 837 1300 aqua
855 1248 1023 1300 sapien-

193 1305 268 1346 tiae
311 1305 516 1347 salutaris
558 1306 731 1358 potavit
771 1304 904 1346 illum.
957 1305 1023 1345 Et.

193 1361 346 1403 Gloria
363 1362 495 1403 Patri.
523 1363 590 1405 Et.

406 1433 455 1471 In
483 1434 553 1472 111.
582 1434 803 1473 Nocturno.

245 1490 341 1529 Ant.
374 1490 523 1530 ‚Iustus
545 1489 772 1538 Dominus,
793 1490 816 1515 *
845 1492 889 1529 et
908 1488 1023 1540 justi-

193 1545 301 1587 tiam
325 1545 491 1587 dilexit:
519 1546 774 1599 aequitatem
796 1543 908 1586 vidit
933 1544 1023 1586 vul-

193 1607 265 1644 tus
291 1603 392 1655 ejus.
719 1649 725 1652 ,

463 1648 657 1688 psalmus
687 1650 750 1688 10.

204 1708 241 1757 ξς)
264 1708 340 1756 sssjg‘n
358 1703 550 1745 Domino
571 1702 767 1744 confido:
799 1703 1022 1755 quomodo

203 1761 241 1815 [ἓρ
265 1761 308 1820 νὴ,
321 1759 464 1802 dicitis
484 1759 640 1801 enimae
663 1772 790 1801 meae:
815 1760 839 1784 *
864 1760 1022 1801 Trans-

320 1817 459 1868 migra
468 1816 512 1857 in
521 1821 717 1858 montem
728 1816 840 1857 sicut
850 1815 1021 1869 passer?

245 1874 461 1924 Quoniam
486 1886 590 1914 ecce
608 1874 867 1926 peccatores
886 1873 1022 1915 inten-

194 1929 352 1971 derunt
370 1942 535 1979 arcum,
555 1931 822 1982 paraverunt
841 1932 1022 1980 sagittas

194 1999 295 2028 suas
312 1986 357 2027 in
374 1986 598 2039 pharetra,
626 1986 650 2011 *
677 1990 726 2027 ut
750 1987 956 2036 sagittent
978 1986 1021 2027 in

194 2041 384 2085 obscuro
403 2047 550 2084 rectos
570 2041 715 2084 corde.

244 2099 460 2150 Quoniam
481 2112 579 2151 quae
599 2098 832 2152 perfecisti,
853 2098 1020 2141 destru-

192 2157 363 2198 xerunt:
382 2157 406 2182 *
424 2156 563 2208 justus
582 2160 729 2197 autem
749 2155 854 2208 quid
873 2155 997 2198 fecit?

243 2212 459 2254 Dominus
478 2213 522 2253 in
539 2211 706 2265 templo
727 2217 879 2254 sancto
900 2213 1020 2262 suo,*

192 2269 408 2310 Dominus
425 2269 469 2310 in
489 2269 604 2310 coelo
625 2268 753 2310 sedes
774 2269 878 2321 ejus:

245 2325 371 2366 Oculi
396 2325 486 2377 ejus
512 2325 557 2366 in
579 2328 823 2378 pauperem
845 2325 1020 2378 respici-

193 2386 288 2423 unt:
319 2382 343 2407 *
375 2381 602 2435 palpebrae
631 2382 721 2433 eius
749 2382 1021 2434 interrogant

193 2437 307 2479 filios
325 2437 561 2479 hominum.

245 2494 459 2536 Dominus
498 2495 741 2546 interrogat
781 2495 941 2547 justum
978 2500 1021 2537 et

193 2550 390 2602 impium:
407 2551 432 2576 *
453 2551 527 2603 qui
545 2557 691 2593 autem
711 2551 850 2602 diligit
869 2552 1020 2604 iniqui-

194 2608 341 2657 tatem,
361 2606 454 2649 odit
474 2608 662 2649 enimam
682 2621 816 2649 suam.

245 2663 373 2704 Pluet
395 2676 527 2716 super
544 2666 804 2717 peccatores
822 2664 1020 2717 laqueos:

193 2720 217 2746 *
235 2720 360 2770 ignis,
381 2725 424 2761 et
443 2720 638 2773 sulphur,
663 2726 707 2763 et
725 2721 902 2774 spiritus
921 2734 1019 2773 pro-

194 2776 403 2818 cellarum
422 2789 526 2829 pars
545 2777 692 2818 calicis
712 2779 875 2819 eorum.

1127 341 1344 390 Quoniam
1363 342 1500 392 justus
1519 342 1753 390 Dominus,
1779 347 1822 383 et
1847 343 1904 393 ju-

1075 397 1214 438 stitias
1249 396 1416 439 dilexit:
1449 399 1472 424 *
1510 399 1764 451 aequitatem
1797 398 1905 440 vidit

1074 453 1220 495 vultus
1241 454 1342 505 ejus.

1126 513 1224 552 Ant.
1258 511 1410 552 Justus
1442 511 1677 562 Dominus,
1712 517 1756 553 et
1787 513 1903 564 justi-

1074 567 1181 608 tiam
1207 567 1374 608 dilexit:
1403 568 1656 619 aequitatem
1679 568 1790 610 vidit
1814 569 1903 609 vul-

1074 628 1146 665 tus
1175 624 1277 676 ejus.

1127 684 1224 722 Ant.
1255 681 1486 722 Habitabit
1506 681 1591 721 *in
1619 681 1901 723 tabernaculo

1075 742 1171 779 tuo:
1212 738 1463 789 requiescet
1495 738 1538 778 in
1569 743 1718 779 monte
1751 745 1903 780 sancto

1075 798 1164 835 tuo.

1347 848 1546 888 Psalmus
1576 848 1632 886 14.

1074 904 1158 1009 D
1166 908 1309 949 omine
1322 909 1418 960 quis
1428 908 1644 950 habitabit
1653 908 1696 948 in
1707 907 1905 949 taberna-

1188 965 1286 1006 culo
1302 963 1402 1006 tuo?
1418 965 1442 991 *
1457 969 1532 1006 aut
1548 965 1644 1017 quis
1660 965 1906 1017 requiescet

1075 1021 1119 1061 in
1137 1027 1287 1063 monte
1307 1026 1459 1063 sancto
1478 1020 1579 1063 tuo?

1129 1079 1212 1129 Qui
1231 1078 1473 1129 ingreditur
1493 1079 1585 1119 sine
1604 1077 1791 1127 macula,
1814 1078 1837 1103 *
1863 1083 1905 1119 et

1077 1137 1286 1188 operatur
1305 1135 1526 1187 justitiam:

1129 1193 1212 1243 Qui
1235 1192 1429 1245 loquitur
1448 1193 1679 1233 veritatem
1702 1191 1746 1232 in
1770 1190 1906 1232 corde

1077 1261 1175 1299 suo,
1203 1250 1226 1275 *
1256 1250 1330 1302 qui
1356 1262 1445 1290 non
1470 1249 1559 1300 egit
1584 1248 1735 1290 dolum
1762 1248 1805 1288 in
1830 1248 1905 1288 lin-

1075 1318 1161 1356 gua
1181 1319 1274 1347 sua:

1127 1363 1223 1404 Nec
1242 1363 1343 1404 fecit
1362 1363 1565 1415 proximo
1586 1375 1665 1403 suo
1684 1361 1863 1410 malum⁷
1882 1362 1905 1386 ¹⁸¹

1077 1424 1121 1461 et
1145 1419 1434 1472 opprobrium
1456 1432 1544 1460 non
1565 1418 1734 1471 accepit
1754 1417 1905 1459 adver-

1077 1489 1150 1517 sus
1170 1477 1397 1529 proximos
1417 1489 1530 1518 suos.

1128 1533 1201 1574 Ad
1220 1533 1401 1574 nihilum
1421 1533 1637 1574 deductus
1658 1536 1724 1573 est
1743 1532 1787 1572 in
1807 1543 1905 1572 con-

1077 1591 1232 1642 spectu
1261 1590 1350 1642 ejus
1380 1590 1613 1641 malignus:
1646 1589 1669 1614 *
1702 1588 1905 1629 timentes

1077 1651 1223 1688 autem
1241 1647 1479 1688 Dominum
1499 1645 1732 1697 glorificat:

1129 1703 1213 1753 Qui
1239 1704 1352 1755 jurat
1378 1703 1581 1756 proximo
1611 1714 1711 1751 suo,
1745 1706 1788 1742 et
1818 1713 1905 1741 non

1077 1759 1255 1812 decipit,
1279 1760 1303 1785 *
1333 1761 1406 1812 qui
1424 1760 1656 1812 pecuniam
1676 1771 1798 1798 suam
1819 1770 1905 1797 non

1077 1815 1198 1857 dedit
1218 1816 1275 1858 ad
1293 1820 1485 1866 usuram,
1510 1821 1553 1857 et
1571 1818 1753 1856 munera
1773 1826 1905 1866 super

1075 1873 1352 1914 innocentem
1371 1885 1458 1914 non
1478 1872 1658 1924 accepit.

1127 1929 1211 1979 Qui
1229 1929 1332 1970 facit
1351 1929 1465 1979 haec,
1494 1930 1517 1954 *
1544 1941 1632 1969 non
1656 1926 1904 1969 movebitur

1074 1985 1117 2026 in
1137 1987 1359 2026 aeternum.

1130 2044 1227 2082 Ant.
1272 2041 1499 2083 Habitebit
1536 2041 1580 2082 in
1617 2039 1903 2082 tabernaculo

1074 2103 1170 2140 tuo:
1210 2099 1459 2151 requiescet
1489 2098 1534 2139 in
1565 2102 1716 2139 monte
1749 2101 1902 2138 sancto

1074 2160 1163 2196 tuo.

1130 2214 1228 2253 Ant.
1266 2212 1453 2253 Posuisti
1485 2211 1675 2253 Domine
1710 2212 1733 2238 *
1771 2222 1904 2263 super

1075 2273 1208 2321 caput
1228 2269 1318 2321 ejus
1337 2271 1546 2310 coronam
1566 2268 1621 2310 de
1640 2266 1788 2319 lepide
1807 2280 1902 2319 pre-

1074 2325 1202 2366 tioso.

1348 2373 1546 2413 Psalmus
1566 2374 1635 2412 20.
1711 2390 1714 2392 ·

1076 2430 1308 2536 Domine
1330 2439 1374 2480 in
1398 2439 1558 2481 virtute
1583 2444 1658 2480 tua
1682 2436 1902 2478 laetabitur

1193 2508 1285 2537 rex:
1308 2496 1332 2521 *
1357 2501 1400 2538 et
1419 2508 1551 2548 super
1571 2494 1760 2535 salutare
1779 2498 1902 2534 tuum

1074 2551 1309 2594 exsultabit
1327 2552 1619 2594 vehementer.

1125 2608 1403 2650 Desiderium
1428 2608 1574 2650 cordis
1599 2608 1689 2659 ejus
1713 2605 1900 2648 tribuisti

1074 2665 1127 2706 ei:
1141 2665 1165 2690 *
1181 2670 1224 2707 et
1238 2665 1463 2707 voluntate
1478 2664 1694 2706 labiorum
1709 2664 1798 2715 ejus
1813 2674 1900 2702 non

1074 2721 1285 2763 fraudasti
1304 2735 1414 2764 eum.

1125 2778 1341 2828 Quoniam
1363 2777 1615 2831 praevenisti
1640 2789 1739 2817 eum
1762 2774 1805 2814 in
1827 2772 1899 2815 be-
