2080 2990
649 206 719 239 Die
748 207 773 240 1.
800 206 908 239 Febr.

328 298 519 342 Homilia
547 298 686 339 sancti
714 298 948 349 Augustini

530 355 752 406 Episcopi.

301 420 353 453 ⁷·F1
356 425 426 454 act.
451 421 502 454 )1.
529 420 565 453 111
591 420 746 457 Joann.
775 420 846 453 sub
871 419 967 452 med.

227 503 311 562 1
293 447 834 583 pffSmDn‘iffffifiseaffiifflsn
842 474 1055 565 ἰὲἷξιέἷὲ

228 570 267 607 ’ἶ
275 606 282 607 ff
291 564 339 607 *24¹¹
359 581 627 633 plicandum:
640 579 1016 622 mortificandum
1004 593 1057 619 111-

224 635 436 678 fidelitate
464 638 488 678 J
491 636 737 686 udaeorum
765 635 1055 688 multiplican-

224 692 329 734 dum
363 692 452 734 fide
483 693 761 759 populorum.
816 692 914 732 Jam
950 704 1055 732 vero

224 748 461 790 exhortans
478 748 534 790 ad
547 748 765 801 passionis
781 761 872 788 suae
888 749 1055 788 8661311-

224 803 281 846 113
299 805 501 855 vestigia,
526 804 610 855 Qui
631 809 762 852 amat,
787 803 944 855 inquit,
969 803 1055 844 ani-

222 874 340 902 mam
354 874 488 910 suam,
506 859 665 913 perdet
680 872 788 901 eam.
808 858 939 910 Quod
950 858 1056 900 duo-

223 917 307 959 bus
346 916 491 958 modis
532 915 715 966 intelligi
753 919 915 968 potest.
973 915 1058 965 Qui

224 979 357 1022 amat,
375 971 549 1025 perdet:
573 971 619 1013 id
641 976 722 1020 est,
749 972 786 1012 si
804 984 940 1021 311138,
959 983 1056 1023 per-

225 1029 314 1071 des.
346 1029 391 1070 Si
411 1028 535 1081 cupis
555 1028 689 1069 vitam
707 1029 858 1069 tenere
876 1027 921 1067 in
938 1026 1056 1067 Chri-

225 1091 310 1135 sto,
335 1084 425 1126 noli
449 1090 638 1125 mortem
662 1084 816 1125 timere
836 1096 918 1136 pro
939 1082 1057 1123 Chri-

225 1147 305 1183 sto.
366 1142 479 1182 Item
512 1140 598 1181 alio
635 1139 786 1181 modo:
825 1139 909 1189 Qui
943 1144 1059 1180 amat

225 1198 414 1239 animam
450 1209 589 1246 suam,
625 1194 783 1248 perdet
818 1208 929 1236 eam:
969 1194 1059 1235 noli

225 1257 390 1303 amare,
421 1266 474 1294 ne
506 1251 685 1305 perdas:
718 1251 808 1292 noli
838 1253 984 1292 amare
1016 1251 1059 1291 in

224 1310 307 1352 hac
327 1310 432 1359 vita,
457 1321 511 1350 ne
530 1307 723 1361 perdas
712 1322 756 1348 111
776 1309 939 1349 aeterna
958 1307 1058 1348 vita.

280 1382 326 1433 lQ
365 1379 541 1420 Corona
582 1379 715 1418 311163
757 1389 890 1429 super
927 1381 1059 1428 caput

225 1436 332 1487 ejus,
353 1439 373 1461 *
394 1434 618 1486 Expressa
646 1432 771 1483 signo
803 1432 1058 1481 sanctitatis,

225 1491 365 1541 gloria
379 1488 570 1538 honoris,
588 1493 631 1530 et
649 1501 762 1540 opus
779 1486 1058 1529 fortitudinis.

225 1546 274 1596 Y'.
297 1546 514 1596 Quoniam
532 1543 787 1597 praevenisti
806 1556 907 1584 eum
924 1543 968 1584 in
984 1543 1056 1585 be-

225 1601 547 1644 nedictionibus
576 1598 834 1650 dulcedinis,
869 1599 1059 1652 posuisti

225 1659 269 1699 in
297 1658 442 1711 capite
471 1658 562 1708 ejus
591 1658 800 1697 coronam
828 1654 883 1697 de
910 1654 1058 1708 lapide

225 1715 434 1768 pretioso.
462 1713 696 1765 Expressa.

518 1792 668 1832 Lectio
691 1791 770 1831 viii.

317 1873 372 1902 06
390 1866 551 1909 31116111,
575 1857 697 1910 quod
714 1858 938 1911 posterius
958 1857 1058 1908 dixi,

344 1916 483 1967 magis
501 1915 664 1957 habere
682 1913 856 1956 videtur
875 1916 1057 1965 evange-

225 1973 336 2015 licus
351 1986 516 2014 86118118.
544 1971 750 2023 Sequitur
765 1971 894 2011 enim:
912 1971 970 2012 Et
985 1971 1059 2022 qui

227 2028 321 2071 odit
347 2029 534 2070 animam
559 2041 683 2068 suam
706 2027 750 2067 in
771 2026 859 2068 hoc
882 2026 1058 2077 mundo,

226 2085 270 2126 in
308 2085 442 2126 vitam
478 2086 686 2125 aeternam
723 2081 916 2124 custodit
952 2095 1059 2124 eam.

228 2142 364 2191 Ergo,
392 2139 512 2192 quod
537 2152 670 2192 supra
690 2138 856 2180 dictum
875 2144 958 2188 est,
985 2139 1059 2191 qui

227 2203 361 2247 amat,
390 2195 726 2245 subintelligitur
754 2195 797 2234 in
825 2194 911 2235 hoc
938 2208 1058 2235 mun-

227 2252 301 2302 do,
329 2253 424 2305 ipse
444 2252 596 2303 utique
615 2250 785 2303 perdet:
815 2251 889 2302 qui
913 2255 1060 2292 autem

227 2308 337 2358 odit,
370 2308 522 2359 utique
548 2307 591 2347 in
615 2306 700 2347 hoc
723 2306 904 2356 mundo,
936 2306 980 2347 in
998 2307 1058 2348 vi-

227 2369 318 2406 tam
354 2365 564 2406 aeternam
596 2362 693 2414 ipse
726 2361 919 2403 custodit
952 2375 1059 2403 eam.

228 2420 388 2471 Magna
408 2425 452 2461 et
470 2419 580 2459 mira
599 2418 830 2467 sententia,
852 2417 1059 2468 quemad-

227 2476 410 2518 modum
433 2475 489 2517 sit
507 2474 695 2516 hominis
717 2473 761 2513 in
783 2473 972 2514 animam
991 2487 1058 2515 su-

956 208 989 239 S.
1016 207 1155 249 Ignatii
1180 206 1308 249 Episc.
1334 212 1369 241 ct
1395 206 1500 241 Mart.

1110 309 1181 337 am
1198 307 1321 337 amor
1338 300 1386 337 ut
1404 297 1573 348 pereat,
1598 294 1748 342 odium
1767 308 1823 336 ne
1842 297 1938 347 per-

1110 357 1191 393 eat.
1219 351 1264 392 Si
1282 351 1395 392 male
1414 350 1644 401 amaveriS,
1667 356 1772 392 tunc
1792 349 1940 392 odisti:

1110 407 1146 447 si
1170 407 1282 449 bene
1308 406 1471 458 oderis,
1496 411 1601 448 tunc
1625 407 1791 448 amasti.
1827 406 1938 447 Feli-

1110 476 1201 513 ces,
1233 463 1307 516 qui
1333 462 1522 504 oderunt
1544 461 1851 512 custodiendo,
1880 475 1939 504 ne

1109 495 1297 572 per'dant
1315 518 1514 561 amando.

1160 589 1210 640 lQ.
1239 584 1324 625 Hic
1344 589 1410 625 est
1429 595 1533 625 vere
1552 582 1734 634 Martyr,
1764 583 1839 635 qui
1856 595 1939 635 pro

1111 639 1273 681 Christi
1310 639 1485 680 nomine
1523 638 1778 689 sanguinem
1814 651 1940 679 suum

1110 695 1239 738 fudit:
1272 704 1294 726 *
1333 695 1417 745 Qui
1450 695 1588 736 minas
1625 693 1817 746 judicum
1851 706 1940 735 non

1109 753 1269 801 timuit,
1295 764 1376 793 1166
1401 753 1588 793 terrenae
1609 750 1832 801 dignitatis
1850 749 1940 802 glo-

1110 809 1218 849 riam
1239 808 1457 860 quaesivit,
1484 806 1563 849 sed
1582 807 1639 849 ad
1662 806 1860 848 coelestia
1877 819 1940 847 re-

1109 877 1196 915 gna
1221 864 1433 917 pervenit.
1471 862 1522 912 V.
1555 863 1729 905 Justum
1760 861 1943 904 deduxit

1110 920 1324 961 Dominus
1342 932 1423 972 per
1442 919 1536 960 vias
1555 924 1715 969 166138,
1736 923 1780 960 61
1798 920 1941 959 osten-

1111 976 1175 1018 dit
1202 976 1264 1017 1111
1290 989 1472 1026 regnum
1499 975 1592 1016 Dei.
1643 974 1738 1024 Qui.
1789 973 1942 1017 Gloria

1111 1033 1241 1074 Patri.
1276 1032 1370 1082 Qui.

1318 1130 1322 1135 ’
1411 1114 1563 1155 Lectio
1583 1114 1636 1154 ix.

1111 1177 1239 1286 Sed
1258 1178 1358 1220 vide
1382 1191 1436 1220 ne
1459 1178 1541 1220 tibi
1561 1178 1787 1231 subrepat,
1814 1182 1863 1219 ut
1881 1183 1954 1219 te-›

1210 1237 1356 1287 ipsum
1379 1234 1487 1276 velis
1512 1235 1771 1284 interimere,
1796 1233 1859 1276 816
1882 1234 1942 1274 111-

1112 1290 1366 1341 teHigendo,
1401 1289 1522 1343 quod
1554 1290 1690 1332 debes
1724 1289 1872 1332 odisse
1899 1289 1944 1330 in

1112 1349 1200 1389 hoc
1233 1346 1398 1389 mundo
1430 1347 1620 1388 animam
1645 1352 1777 1389 tuam.
1828 1346 1944 1388 Hinc

1114 1404 1228 1445 enim
1260 1403 1439 1455 quidam
1469 1403 1647 1454 maligni
1682 1408 1814 1454 atque
1846 1415 1943 1455 per-

1113 1460 1228 1501 versi
1245 1459 1460 1509 homines,
1485 1464 1529 1501 et
1550 1459 1596 1499 in
1615 1458 1772 1511 seipsis
1792 1457 1943 1500 crude-

1112 1516 1245 1557 liores
1286 1521 1330 1557 et
1371 1515 1675 1557 sceleratiores
1710 1513 1944 1556 homicidae

1113 1572 1299 1613 flammis
1318 1585 1365 1613 se
1386 1571 1561 1621 donant,
1580 1571 1706 1623 aquis
1724 1583 1771 1612 se
1786 1570 1944 1623 praefo-

1114 1634 1230 1678 cant,
1269 1627 1517 1680 praecipitio
1549 1640 1597 1668 se
1630 1626 1861 1677 collidunt,
1901 1631 1946 1668 et

1112 1686 1309 1736 pereunt.
1337 1684 1436 1725 Hoc
1457 1683 1655 1725 Christus
1674 1695 1763 1724 non
1781 1681 1946 1724 docuit:

1112 1740 1201 1781 imo
1251 1740 1383 1781 etiam
1428 1738 1608 1781 diabolo
1652 1738 1946 1791 praecipitium

1114 1795 1364 1847 suggerenti
1395 1794 1641 1848 respondit,
1681 1793 1797 1836 Redi
1826 1799 1945 1836 retro

1114 1854 1303 1893 satanas:
1318 1851 1531 1904 scriptum
1546 1856 1624 1901 est,
1637 1851 1741 1893 Non
1754 1849 1946 1892 tentabis

1113 1908 1352 1949 Dominum
1374 1908 1519 1949 Deum
1543 1913 1677 1950 tuum.
1711 1907 1846 1949 Petro
1873 1920 1944 1948 au-

1113 1970 1203 2006 tem
1235 1963 1362 2014 dixit,
1401 1963 1650 2014 significans
1685 1976 1773 2016 qua
1803 1967 1946 2004 morte

1114 2020 1432 2062 clarificaturus
1456 2024 1550 2061 erat
1568 2019 1726 2060 Deum:
1751 2018 1861 2060 Cum
1881 2031 1944 2060 68-

1114 2089 1185 2118 868
1205 2076 1360 2127 junior,
1384 2075 1590 2126 cingebas
1608 2081 1667 2125 te,
1691 2080 1735 2117 et
1752 2074 1944 2117 ambula-

1113 2132 1193 2174 bas
1226 2145 1314 2184 quo
1343 2131 1540 2173 volebas:
1572 2144 1671 2172 cum
1705 2136 1851 2173 autem
1880 2143 1944 2172 se-

1113 2188 1270 2238 11116118,
1289 2187 1399 2229 31161
1417 2193 1462 2229 16
1483 2187 1637 2238 cinget,
1662 2192 1706 2228 et
1725 2187 1836 2228 feret
1855 2199 1944 2239 quo

1113 2250 1161 2286 tu
1178 2257 1267 2285 non
1280 2244 1357 2285 vis.
1378 2243 1466 2285 Ubi
1485 2243 1591 2284 satis
1611 2243 1838 2295 expressit,
1856 2255 1944 2284 non

1114 2313 1139 2341 a
1158 2302 1317 2352 seipso,
1337 2299 1416 2341 sed
1436 2299 1491 2341 ab
1509 2298 1595 2340 alio
1611 2298 1773 2340 debere
1790 2298 1944 2348 occidi,

1114 2356 1189 2409 qui
1206 2356 1391 2407 vestigia
1410 2355 1606 2406 sequitur
1627 2354 1797 2396 Christi.

1171 2417 1231 2458 Te
1250 2417 1394 2458 Deum
1410 2414 1652 2456 laudamus.
1672 2416 1730 2455 14.

1166 2482 1282 2525 Vesp.
1309 2482 1355 2516 de
1382 2492 1486 2523 sequ.
1513 2491 1708 2515 commem.
1734 2482 1898 2524 praeeed.
