2040 2990
688 189 866 223 Rubrica:
890 189 1089 232 generales
1113 190 1311 225 Breviarii.

143 284 226 312 Albis
243 292 334 318 nsque
351 284 388 311 ad
407 285 590 312 Pentecosten
609 286 807 319 (praeterquam
825 285 853 311 in
869 284 970 312 Officio

143 323 323 351 Ascensionis
341 324 466 356 Domini)
485 326 542 350 tres
560 324 664 350 Psalmi
682 324 816 358 cujusque
835 325 970 352 Nocturni

144 363 276 390 dicuntur
292 363 420 390 subuna
436 362 609 397 Antiphona:
629 367 656 390 et
674 363 702 390 in
721 363 775 390 fine
794 364 969 390 Psalmorum

144 405 208 436 post
225 401 351 429 ultimam
364 402 556 437 Antiphonam
574 402 708 437 cuiusque
723 403 858 430 Nocturni
872 403 971 430 dicitur

144 441 262 476 Versum
284 445 381 476 postea
409 446 489 470 Pater
507 451 612 471 noster.
636 446 670 471 Et
689 453 723 471 nc
741 453 804 475 nos,
821 442 970 479 Absolutio

150 483 270 512 Exanidl,
284 480 458 514 Benedictio,
485 484 677 510 BenedictiOne
696 484 841 517 perpetuu.
863 484 891 508 et
908 481 970 508 aliae

143 519 180 547 ad
198 520 320 554 singulas
333 520 489 554 Lectiones,
507 523 539 547 ut
555 521 584 547 in
599 521 691 555 prima
705 522 851 549 Dominica
865 521 900 548 de
914 521 971 548 Ad-

143 562 229 586 ventu
242 559 414 586 ordinantur.
441 559 550 587 Deinde
563 560 692 593 leguntur
704 564 761 588 tres
774 561 921 588 Lectiones
935 560 970 587 de

143 597 299 633 Scriptura,
318 606 382 633 quae
399 606 450 633 per
467 598 593 626 ordinem
610 599 640 625 in
658 599 759 627 Officio
777 600 812 627 de
830 600 970 634 Tempore

143 641 293 664 oecurrunt
310 637 374 671 (nisi
391 637 452 664 aliae
469 638 662 673 assignentur),
681 642 709 667 et
726 640 762 667 ad
780 640 902 674 singulas
918 639 969 666 Le-

142 676 248 703 ctiones
263 676 364 704 dicitur
381 684 467 703 unum
481 677 701 712 Responsorium
719 679 887 707 conveniens
901 678 968 705 Offi-

143 716 198 743 cio:
217 715 241 742 si
259 716 294 743 de
312 716 462 750 Tempore,
481 720 512 743 ut
530 717 558 743 in
576 717 695 752 Pr0prio
714 718 872 753 Temporis:
892 718 916 744 si
934 717 969 744 de

143 755 259 790 Sancto,
286 758 317 782 ut
343 755 372 783 in
393 756 512 791 Proprio
535 756 714 792 Sanctorum,
742 758 865 792 ahoquin
888 761 919 784 ut
941 757 969 783 in

144 794 303 829 Communi,
321 795 427 822 etiamsi
445 795 591 823 Lectiones
609 797 691 830 primi
708 797 844 825 Nocturni
861 797 916 824 sint
934 796 969 823 de

143 832 287 868 Scriptura
305 833 398 862 Officii
417 835 451 861 de
470 835 616 870 Tempore.

194 873 219 900 4.
242 873 275 900 In
293 873 349 900 fine
370 873 461 901 ultimi
479 875 660 909 Responsorii
682 875 816 910 cujusque
834 875 969 903 Nocturni

143 911 245 939 dicitur
262 916 358 943 Gloria
375 917 459 943 Pani.
478 922 542 941 cum
559 914 724 948 repetitione
741 915 828 949 partis
844 915 968 949 Respon-

143 950 223 984 sotii,
249 959 282 978 eo
304 952 388 979 modo
411 960 468 987 quo
490 953 759 981 notatur-insertio
779 954 969 988 Responsorio

142 990 240 1024 primae
253 991 407 1018 Dominicae
426 992 462 1019 de
474 992 616 1027 Adventu,
633 993 687 1020 nisi
706 993 785 1021 aliter
802 994 831 1020 in
849 993 969 1028 propriis

142 1029 210 1056 locis
228 1029 359 1064 signetur.

178 1068 180 1070 ’
192 1068 217 1095 5.
236 1069 270 1095 In
284 1070 408 1097 secundo
422 1070 567 1098 Nocturno
581 1071 712 1098 dicuntur
725 1071 771 1098 alii
786 1075 843 1099 tres
856 1071 969 1108 Psalmi,

142 1106 325 1142 Antiphontis,
343 1109 461 1143 Versus,
485 1112 567 1137 Pater
586 1114 686 1137 noster.
704 1110 859 1145 Absolufio,
879 1112 969 1145 Ipsius

147 1149 243 1182 pietas,
254 1150 282 1174 et
300 1148 324 1175 ei
343 1152 544 1183 consequentes
562 1149 781 1183 Benedictiones,
799 1153 830 1177 ut
848 1150 877 1176 in
896 1150 969 1177 dicta

142 1186 290 1214 Dominica
298 1187 388 1222 prima
397 1188 433 1215 de
442 1187 587 1215 Adventu:
603 1191 659 1215 tres
669 1189 816 1216 Lectiones
826 1189 861 1216 de
875 1189 968 1223 aliquo

141 1225 283 1260 Sermone,
297 1230 345 1253 aut
358 1227 394 1254 de
402 1227 460 1254 vita
472 1227 545 1254 illius
555 1227 657 1261 saneti,
672 1228 707 1255 de
720 1236 776 1262 quo
789 1228 819 1255 fit
829 1228 968 1262 Officium,

141 1267 170 1292 et
187 1265 224 1291 ad
241 1266 394 1299 quamlibet
411 1266 571 1293 Lectionem
589 1275 676 1293 unum
695 1267 923 1301 Responsorium.

193 1309 218 1336 6.
236 1309 270 1336 In
287 1309 369 1336 tertio
387 1310 531 1338 Nocturno
550 1309 596 1336 alii
613 1313 670 1337 tres
689 1310 794 1337 Psalmi
813 1318 876 1337 cum
890 1311 969 1338 Anti-

142 1347 252 1382 phonis,
269 1351 301 1375 ut
317 1356 414 1384 supra:
432 1351 496 1383 post
511 1349 621 1376 tertiam
636 1349 835 1384 Antiphonem,
853 1350 968 1384 Versus,

148 1392 230 1419 Pater
248 1394 349 1421 noster,
365 1388 514 1415 Absolutio
532 1390 557 1416 A
575 1390 699 1418 vinculis,
713 1392 740 1415 et
754 1389 966 1416 Benedictiones

142 1429 344 1461 consequentes
366 1427 402 1454 ad
424 1427 547 1461 singulas
566 1427 726 1461 Lectiones,
748 1436 812 1462 qnae
833 1431 914 1455 erunt
934 1429 969 1456 de

142 1466 264 1492 Homilia
277 1466 421 1500 Evangelii
439 1466 474 1493 de
488 1466 635 1501 Tempore,
653 1467 698 1493 vel
714 1467 754 1494 de·
762 1467 854 1501 Festo,
872 1475 968 1494 secun-

142 1505 209 1532 dum
225 1505 385 1539 qualitatem
400 1506 500 1539 Officii,
517 1509 549 1533 ut
562 1506 592 1532 in
607 1506 704 1533 eadem
718 1506 808 1541 prima
821 1507 968 1534 Dominica

142 1543 328 1571 deAdventu
350 1548 500 1579 ponuntur.
536 1545 606 1573 Post
628 1545 774 1579 septimam
795 1549 823 1572 et
840 1549 967 1573 octavam

141 1583 304 1610 Lectionem
323 1583 426 1611 dicitur
439 1584 659 1619 Responsorium
673 1584 773 1612 Officio
791 1585 968 1622 conveniens,

141 1622 171 1649 id
188 1625 239 1656 est,
256 1626 322 1658 post
338 1624 490 1657 quamlibet
507 1632 607 1654 unum:
625 1623 775 1658 aliquando
795 1627 888 1651 autem
903 1624 967 1651 dici-

140 1665 188 1689 tur
205 1661 287 1688 etiam
302 1666 367 1697 post
383 1671 487 1690 nonam
501 1663 671 1696 Lectionem,
690 1666 721 1690 ut
735 1663 794 1690 suis
808 1663 877 1690 locis
891 1666 968 1690 nota-

141 1705 199 1728 tur:
213 1704 241 1728 et
253 1701 283 1727 in
294 1701 350 1728 fine
363 1702 452 1730 ultimi
461 1702 653 1736 Responsorii‚
667 1706 716 1729 aut
729 1702 830 1736 octavi,
840 1703 967 1730 autnoni

142 1740 255 1774 dicitur,
273 1741 370 1768 Gloria
387 1742 478 1773 Patri,
498 1745 529 1768 ut
547 1749 645 1776 supra,
667 1741 720 1768 nisi
739 1742 820 1768 aliter
836 1742 967 1776 signetur.

141 1779 172 1807 Si
188 1787 246 1807 non
264 1779 366 1807 dicitur
382 1787 488 1807 nonum
505 1781 739 1815 Responsorium,
760 1784 824 1815 post
841 1781 967 1808 ultimam

141 1818 304 1847 Lectionem
322 1818 424 1846 dicitur
441 1819 580 1853 Hymnus,
599 1821 639 1847 Tc
658 1821 756 1847 Deum.

193 1863 217 1890 7.
235 1863 270 1890 In
283 1862 385 1891 Officio
398 1863 483 1890 trium
496 1863 661 1890 Lectionum
676 1863 712 1890 ad
727 1864 903 1898 Matutinum,
919 1866 967 1892 Pa*

146 1907 187 1930 ter
204 1908 310 1936 noster,
334 1905 395 1931 Ave
414 1904 512 1934 Maria,
536 1906 639 1937 Credo,
663 1906 782 1932 Doininc
800 1906 884 1937 labia,
907 1910 967 1937 ete,

141 1941 344 1975 Invitatorium,
363 1944 391 1968 et
406 1938 535 1975 Hymnus
553 1941 582 1968 in
599 1941 689 1969 feriali
708 1941 809 1969 Officio
828 1942 863 1968 de
878 1941 967 1975 Feria,

142 1981 167 2007 si
184 1988 241 2007 non
258 1979 314 2007 sin't
332 1980 361 2007 in
379 1980 498 2015 Proprio
517 1980 552 2007 de
569 1981 720 2015 Tempore,
742 1981 873 2008 dicuntur
890 1983 921 2007 ut
938 1981 967 2007 in

142 2019 291 2047 Psalterio:
305 2019 334 2046 in
346 2019 444 2053 Pestis,
458 2019 494 2046 de
506 2020 598 2054 Festo,
610 2024 642 2047 ut
654 2021 683 2047 in
694 2019 841 2048 Communi
854 2019 967 2047 Sancto-

141 2065 217 2086 rum:
240 2058 340 2086 deinde
359 2057 535 2087 Nocturnum
551 2059 652 2093 Feriae,
673 2063 704 2086 ut
723 2059 751 2086 in
770 2059 920 2092 Psalterio,
938 2059 968 2086 id

142 2101 192 2132 est,
205 2097 353 2125 duodecim
363 2098 468 2125 Psalmi
477 2106 541 2125 cum
554 2106 603 2125 sex
612 2098 789 2133 Antiphonis,
803 2101 830 2125 et
843 2101 968 2132 tempore

143 2136 272 2164 Paschali
290 2145 354 2165 cum
372 2145 428 2164 una
441 2136 603 2172 Antiphona
620 2139 752 2170 Allelujuz
771 2137 819 2171 qui
838 2137 968 2164 dicuntur

142 2179 199 2203 tam
216 2176 246 2203 in
263 2176 364 2204 Officio
383 2175 480 2210 feriali,
499 2183 583 2211 quam
602 2176 630 2203 in
648 2176 738 2203 Festis
755 2176 940 2210 Simplicibus.

194 2216 218 2242 8.
236 2216 307 2242 Post
319 2215 448 2242 Psalmos
461 2219 488 2242 et
501 2215 680 2250 Antiphonas
693 2215 794 2243 dicitur
806 2215 921 2248 Versus,
938 2215 967 2241 in

143 2254 232 2282 feriali
247 2254 358 2288 Officio,
376 2258 407 2281 ut
424 2255 452 2281 in
467 2254 616 2282 Psalterio:
634 2255 664 2281 in
678 2255 776 2288 Festis,
794 2257 825 2281 ut
843 2254 872 2280 in
887 2254 967 2281 Com-

143 2294 219 2320 muni
241 2293 418 2321 Sanctorum:
442 2294 491 2328 qui
512 2294 541 2320 in
563 2293 652 2320 Festis
674 2294 794 2320 sumitur
814 2294 967 2320 secundum

143 2333 238 2360 Perias
256 2341 291 2360 ex
308 2333 452 2361 Nocturno
470 2333 639 2367 Communis,
658 2333 732 2360 unde
750 2336 899 2360 sumuntur
914 2332 967 2358 Re-

142 2373 297 2406 sponsoria,
309 2374 341 2399 ut
354 2372 463 2399 dicetur
475 2372 549 2399 infra
562 2372 591 2398 in
602 2372 733 2399 Rubi-icis
747 2372 783 2399 de
791 2372 926 2399 Versibus
940 2373 967 2398 et

143 2411 348 2446 Responsoriis.
367 2411 436 2438 Post
445 2412 565 2439 Versum
575 2411 683 2445 dicitur,
700 2412 780 2437 l'uter
795 2414 896 2437 noster.
910 2410 967 2437 Ab-

143 2450 245 2477 solufio
259 2453 287 2477 et
299 2450 520 2484 Benedictiones,
538 2453 569 2477 ut
582 2451 702 2477 habetur
714 2450 789 2477 infra
802 2450 830 2476 in
843 2449 967 2477 Rubrica

143 2489 178 2515 de
186 2488 418 2516 Absolutionibus
431 2492 459 2516 et
467 2489 719 2516 Benedictionibus.
734 2489 806 2516 Tres
820 2489 966 2516 Lectiones

144 2527 180 2562 (si
196 2535 254 2555 non
273 2528 346 2555 adsit
363 2528 496 2562 Homilia)
517 2529 633 2563 singulae
651 2528 680 2555 in
699 2528 799 2556 Officio
819 2527 908 2555 feriali
927 2527 966 2554 di-

143 2570 244 2594 cuntur
258 2567 294 2595 de
307 2567 460 2602 Scriptura,
477 2569 541 2602 qnae
559 2575 592 2595 eo
608 2567 653 2594 die
671 2568 791 2595 occurrit
806 2567 834 2594 in
847 2566 966 2601 Proprie

144 2606 179 2632 de
191 2606 342 2640 Tempore:
355 2606 378 2633 si
393 2607 466 2634 adsit
479 2607 609 2638 Humilia,
623 2607 738 2641 singulae
751 2610 808 2634 tres
822 2606 857 2633 de
870 2606 966 2632 Homi-

142 2645 187 2671 lia.
214 2645 248 2671 In
262 2645 359 2679 Pestis,
373 2646 463 2680 prima
476 2650 503 2673 et
517 2646 640 2673 secunda
653 2646 687 2673 de
703 2646 800 2673 eadem
814 2645 966 2679 Scriptura,

143 2684 228 2710 tertia¹
238 2684 274 2710 de
282 2683 391 2712 Sancto.
410 2685 439 2712 Si
453 2685 556 2712 fuen‘nt
570 2685 633 2712 duae
646 2685 793 2712 Lectiones
808 2685 843 2711 de
855 2684 966 2717 Sancto,
982 2707 985 2712 .

143 2722 237 2757 prima.
250 2726 359 2751 tantum
376 2724 428 2751 erit
447 2724 482 2758 de
499 2724 785 2759 Seripmra,re1iquae
799 2724 837 2757 ,de
850 2723 966 2752 Sancto.

1072 288 1096 314 9.
1116 287 1185 314 Post
1200 286 1323 321 singulas
1337 287 1483 314 Lectiones
1499 288 1527 314 in
1540 288 1628 315 Feriis
1643 292 1722 316 extra
1737 292 1847 324 tempus

1022 326 1157 354 Paschale
1170 326 1272 353 dicitur
1284 333 1371 352 unum
1381 327 1610 361 Responsorium,
1625 328 1663 355 ita
1675 332 1706 355 ut
1719 329 1847 356 dicantur

1022 366 1075 393 tria
1092 365 1296 400 Responsoria:
1320 368 1444 399 tempore
1463 373 1529 392 vero
1548 367 1688 401 Paschali,
1707 371 1734 394 et
1752 368 1781 394 in
1798 368 1846 395 Fe-

1021 405 1080 438 stis,
1099 405 1155 431 duo
1173 407 1281 431 tantum
1299 405 1488 438 Responsoria
1507 405 1643 440 dicuntur,
1662 407 1765 434 scilicet
1782 411 1847 441 post

1021 444 1140 479 primam
1156 447 1183 470 et
1199 443 1350 470 secundam
1366 443 1527 470 Lectionem
1543 448 1658 472 tantum.
1690 446 1722 472 In
1738 446 1795 473 fine
1807 446 1846 473 ul-

1021 483 1081 510 timi
1099 482 1291 517 Responsorii,
1309 483 1423 509 secundi
1442 483 1558 517 scilicet,
1576 487 1623 510 aut
1642 485 1727 519 tertii,
1746 485 1848 512 dicitur

1025 525 1120 550 (uaria
1139 526 1220 551 Pam,
1233 530 1296 549 cum
1311 522 1475 556 repetitione
1489 523 1576 557 partis
1591 524 1778 558 Responsorii,
1793 525 1847 551 nisi

1021 562 1097 588 aliud
1109 564 1229 588 notetur.
1249 562 1318 595 Quae
1331 562 1521 595 Responsoria
1535 562 1563 588 in
1577 563 1676 590 Officio
1691 564 1726 590 de
1738 564 1846 591 Sanctis

1021 603 1170 628 sumuntur
1187 609 1222 627 ex
1236 600 1384 627 Communi
1397 600 1576 636 Sanctorum:
1595 602 1623 629 in
1643 603 1731 630 feriali
1746 603 1845 630 Officio

1021 648 1055 667 ex
1070 640 1232 673 Dominicis,
1252 640 1364 674 quando
1379 641 1493 674 propria
1508 649 1558 675 per
1571 642 1666 668 Ferias
1684 650 1739 668 non
1755 642 1845 668 distri-

1021 680 1156 713 buuntur,
1175 679 1273 706 ordine
1291 679 1430 713 descripto
1448 679 1476 705 in
1496 680 1619 707 Rubrica
1638 681 1672 708 de
1688 682 1846 716 Responso-

1020 718 1077 744 riis.
1097 719 1216 751 Quando
1230 726 1285 744 non
1300 718 1402 745 dicitur
1415 719 1527 745 tertium
1541 720 1768 754 Responsorium,
1782 723 1845 754 post

1022 757 1131 784 tertiam
1152 757 1321 791 Lectionem,
1340 757 1442 784 dicitur
1460 758 1597 792 Hymnus,
1620 762 1659 787 Tc
1679 761 1775 786 Deum.

1250 823 1340 855 XIV.
1366 815 1416 857 De
1440 826 1618 858 Laudibus.

1025 879 1083 946 Ad
1098 878 1218 912 Laudes,
1237 878 1311 905 dicto
1325 878 1447 912 Hymno,
1464 881 1503 906 Te
1520 881 1607 907 Deum
1624 879 1668 906 vel
1684 879 1780 906 ultimo
1795 880 1847 907 Re-

1089 917 1248 952 sponsorio,
1268 918 1512 945 Hebdomadarius
1529 918 1655 945 absolute
1674 918 1751 952 dicit,
1773 922 1845 947 Deus

1024 960 1049 985 in
1070 960 1246 992 ιιιΙῇιιῑύι-ἰυιη,
1266 964 1315 985 cte.
1331 960 1362 984 ut
1380 964 1473 991 supra,
1496 960 1524 984 et
1542 957 1672 984 dicuntur
1689 958 1801 991 PsaLmi‚
1819 962 1846 985 et

1021 996 1167 1024 Canticum
1183 998 1348 1024 Benedicite.
1364 996 1409 1023 vel
1426 996 1509 1030 aliud,
1528 1000 1558 1023 ut
1576 997 1694 1023 habetur
1710 996 1738 1022 in
1756 997 1845 1024 feriali

1022 1036 1131 1069 Officio,
1145 1038 1224 1062 extra
1237 1038 1347 1070 tempus
1361 1035 1503 1069 Paschale,
1517 1043 1581 1062 cum
1595 1035 1764 1070 Antiphonis
1778 1036 1845 1063 Offi-

1020 1075 1063 1102 cio
1081 1074 1318 1102 convenientibus.
1350 1074 1402 1108 Qui
1419 1075 1522 1101 Psalmi
1542 1078 1568 1101 et
1583 1075 1728 1102 Canticum
1745 1075 1774 1102 in
1789 1076 1844 1102 Do-

1020 1114 1127 1141 minicis
1146 1122 1197 1148 per
1215 1122 1318 1141 annum
1339 1114 1473 1149 (exceptis
1490 1114 1643 1141 Dominicis
1663 1122 1679 1141 a
1697 1115 1845 1149 Septuage-

1020 1153 1090 1180 sima
1103 1161 1193 1187 usque
1206 1153 1242 1180 ad
1253 1153 1428 1180 Dominicam
1440 1153 1601 1180 Palmarum
1614 1154 1759 1186 inclusive)
1775 1157 1802 1180 et
1815 1154 1844 1180 in

1021 1193 1109 1219 feriali
1128 1192 1228 1220 Officio
1251 1193 1383 1227 temporis
1401 1193 1557 1226 Paschalis‚
1580 1201 1612 1220 ac
1632 1193 1661 1220 in
1679 1193 1768 1219 Festis
1787 1196 1844 1219 tam

1019 1239 1134 1266 novem,
1151 1239 1235 1266 quam
1254 1232 1338 1258 trium
1355 1232 1533 1266 Lectionum,
1551 1232 1680 1259 dicuntur
1698 1233 1732 1259 de
1751 1232 1845 1259 Domi-

1019 1271 1094 1305 nica,
1117 1274 1148 1298 ut
1167 1271 1195 1298 in
1213 1271 1357 1298 Psalterio.
1394 1271 1427 1298 In
1446 1271 1587 1305 praedictis
1605 1279 1672 1298 vero
1691 1271 1843 1298 Dominicis

1020 1318 1037 1337 a
1054 1310 1261 1345 Septuagesima
1279 1318 1368 1344 usque
1386 1311 1421 1337 ad
1436 1311 1610 1338 Dominicam
1627 1311 1787 1337 Palmarum
1805 1310 1844 1336 in-

1019 1350 1132 1383 clusive,
1151 1350 1281 1377 dicuntur
1294 1353 1325 1377 ut
1339 1350 1397 1377 suis
1412 1350 1479 1377 locis
1494 1350 1614 1384 ponitur.
1647 1350 1679 1376 In
1694 1350 1782 1376 feriali
1796 1349 1843 1376 Of-

1020 1389 1082 1415 ficio
1097 1397 1148 1423 per
1162 1397 1274 1423 annum,
1293 1393 1372 1416 extra
1387 1392 1496 1424 tempus
1510 1389 1651 1423 Paschale,
1670 1390 1800 1422 dicuntur
1812 1391 1844 1415 ut

1018 1428 1047 1454 in
1066 1428 1209 1455 Psalterio.

1071 1467 1094 1494 2.
1113 1467 1283 1502 Antiphona:
1300 1467 1329 1494 in
1343 1468 1505 1502 Dominicis,
1523 1468 1636 1502 quando
1651 1468 1772 1502 propriae
1787 1476 1843 1495 non

1019 1507 1202 1541 assignantur,
1220 1507 1351 1534 dicuntur
1368 1510 1399 1534 ut
1417 1507 1445 1534 in
1463 1507 1607 1534 Psalterio.
1639 1508 1672 1534 In
1690 1507 1778 1534 Festis
1796 1515 1843 1534 no-

1019 1554 1082 1573 vem
1110 1549 1137 1573 et
1162 1546 1246 1573 trium
1269 1546 1446 1580 Lectionum,
1473 1547 1496 1573 si
1518 1555 1575 1573 non
1601 1547 1693 1574 adsint
1714 1547 1843 1581 propriae,

1019 1585 1150 1612 dicuntur
1167 1585 1203 1612 de
1221 1585 1375 1612 Communi.
1411 1586 1481 1612 Post
1499 1586 1626 1612 Psalmos
1644 1586 1746 1613 dicitur
1764 1586 1842 1620 Capi-

1019 1625 1122 1658 tulum,
1145 1624 1289 1659 Hymnus,
1312 1624 1431 1658 Versus,
1456 1625 1618 1659 Antiphona
1639 1620 1685 1651 ad'
1698 1624 1843 1652 Canticum

1022 1666 1201 1694 Benedictus.
1220 1671 1283 1690 eum
1306 1663 1404 1691 eodem
1423 1664 1550 1698 Cantico,
1573 1667 1599 1690 et
1620 1664 1727 1691 Oratio:
1751 1663 1843 1690 omnia

1018 1711 1070 1738 pro
1088 1703 1221 1737 qualitate
1240 1703 1332 1730 Officii
1351 1703 1386 1730 de
1404 1703 1550 1737 Tempore,
1570 1704 1614 1730 vel
1627 1703 1667 1730 'de
1685 1703 1774 1730 Festo.

1070 1743 1094 1768 3.
1119 1742 1233 1776 Preces,
1256 1742 1369 1776 quando
1389 1742 1513 1769 dicendae
1533 1746 1610 1775 sunt,
1633 1742 1762 1769 dicuntur
1779 1746 1843 1769 ante

1018 1782 1138 1816 primam
1152 1781 1319 1808 Orationem.
1347 1781 1602 1809 Coffiemorationes
1616 1789 1683 1808 vero
1698 1781 1842 1815 deCruce,

1019 1821 1054 1847 de
1072 1823 1169 1848 sancta
1182 1820 1278 1853 Maria,
1297 1821 1332 1848 de
1346 1824 1442 1847 sancto
1456 1821 1570 1855 Joseph,
1589 1821 1624 1847 de
1636 1819 1788 1854 apostolis,
1808 1821 1843 1847 de

1018 1859 1141 1886 Patrono
1159 1863 1186 1886 et
1205 1859 1240 1886 de
1257 1860 1338 1893 Pace,
1356 1859 1481 1886 similiter
1498 1860 1610 1894 quando
1629 1860 1753 1886 dicendae
1770 1863 1842 1893 sunt,

1019 1899 1149 1926 dicuntur
1161 1902 1225 1932 post
1239 1899 1408 1933 Orationem,
1422 1899 1476 1926 nisi
1489 1899 1540 1925 alia
1556 1898 1782 1926 commemoratio
1794 1899 1842 1925 Fe-

1018 1939 1054 1965 sti
1073 1937 1210 1972 Simplicis
1230 1937 1274 1964 vel
1294 1938 1329 1964 ad
1350 1938 1438 1965 instar
1457 1938 1595 1972 Simplicis
1617 1941 1756 1971 occurrat,
1778 1945 1842 1971 quae

1018 1985 1128 2011 semper
1153 1977 1300 2011 praedictas
1328 1977 1604 2004 commemorationes
1630 1977 1778 2011 praecedit,
1807 1977 1841 2003 de

1017 2017 1120 2050 quibus
1138 2016 1166 2042 in
1183 2017 1304 2050 propriis
1322 2017 1452 2044 Rubricis
1470 2017 1577 2044 dicitur.

1069 2056 1093 2082 4.
1113 2055 1188 2082 Ante
1203 2055 1363 2083 Orationem
1378 2056 1479 2083 dicitur
1492 2056 1627 2082 Dominus
1645 2057 1794 2082 vobiscum,
1813 2058 1840 2081 et

1022 2098 1151 2122 ‹u-enius:
1164 2098 1228 2129 post
1241 2095 1368 2122 ultimam
1381 2095 1542 2123 Orationem
1556 2095 1690 2131 repetitur
1706 2094 1842 2121 Dominus

1022 2135 1177 2162 vobiscum:
1196 2133 1304 2168 deinde,
1324 2134 1522 2159 l‘mnudicanms
1538 2130 1664 2166 Domino,
1676 2136 1703 2161 et
1719 2129 1753 2166 W.
1765 2134 1839 2159 Fide-

1021 2173 1087 2199 lium
1107 2174 1214 2205 animae,
1234 2174 1315 2199 Pater
1332 2176 1432 2203 noster,
1453 2174 1589 2200 haiminus
1605 2173 1649 2199 det
1669 2173 1840 2201 mihim-uam

1020 2219 1124 2245 pacem,
1134 2215 1162 2240 et
1173 2211 1335 2246 Antiphona
1348 2212 1438 2239 beatae
1450 2212 1554 2246 Mariae,
1568 2215 1599 2239 ut
1612 2213 1731 2239 habetur
1743 2211 1771 2238 in
1786 2210 1841 2237 fine

1018 2250 1207 2285 Completorii,
1224 2251 1248 2278 si
1266 2254 1332 2278 tunc
1350 2250 1548 2278 discedendum
1566 2251 1602 2278 sit
1620 2259 1636 2278 a
1652 2252 1756 2278 Choro:
1776 2250 1840 2276 alio-

1018 2290 1085 2324 quin
1103 2290 1132 2316 in
1150 2289 1205 2316 fine
1223 2290 1327 2317 ultimae
1346 2290 1443 2323 Horae,
1461 2290 1514 2317 nisi
1532 2294 1664 2324 sequatur
1681 2290 1777 2322 Missa,
1795 2288 1840 2315 vel

1018 2329 1149 2356 Officium
1163 2329 1375 2363 Defunctorum,
1390 2329 1435 2355 vel
1447 2329 1551 2356 Psalmi
1562 2329 1780 2364 Poenitentiales,
1792 2330 1840 2355 aut

1018 2369 1144 2402 Litaniae,
1164 2372 1194 2395 ut
1211 2369 1240 2395 in
1257 2368 1371 2403 propria
1389 2369 1512 2396 Rubrica
1530 2369 1643 2396 dicetur.

1284 2429 1357 2464 XV,
1380 2428 1431 2460 Dc
1454 2427 1573 2458 Prima.

1057 2489 1076 2515 d
1094 2489 1229 2522 Primam,
1256 2490 1337 2515 Putet
1354 2490 1460 2519 noster,
1479 2486 1539 2513 Ave
1558 2487 1655 2515 Maria.
1677 2487 1778 2513 Credo.
1799 2493 1838 2513 se-

1019 2503 1045 2554 IL
1081 2530 1172 2555 creto:
1198 2529 1273 2554 Deus
1294 2528 1318 2553 in
1343 2526 1522 2559 adjutorium,
1545 2529 1594 2551 etc.
1629 2525 1836 2561 Hymnus-lam

1019 2566 1088 2593 lucis
1107 2571 1167 2592 ortu
1187 2567 1287 2593 sidere:
1308 2566 1408 2593 deinde
1425 2566 1571 2593 inchoatur
1587 2565 1757 2599 Antiphona,
1775 2571 1838 2598 quae

1016 2606 1153 2633 convenit.
1186 2606 1341 2633 Sumuntur
1358 2608 1450 2632 autem
1466 2605 1634 2639 Antiphonae
1652 2604 1680 2630 in
1697 2603 1785 2630 Festis
1801 2603 1837 2629 ad

1017 2652 1113 2671 omnes
1127 2645 1219 2671 Horas
1234 2653 1268 2671 ex
1283 2644 1426 2671 Laudibus
1440 2651 1491 2678 per
1504 2644 1637 2677 ordinem,
1655 2646 1755 2677 quarta
1766 2649 1835 2675 pra:—

1016 2684 1152 2718 termissa,
1170 2687 1201 2710 ut
1219 2684 1325 2710 dicetur
1342 2683 1415 2710 infra
1433 2683 1461 2710 in
1475 2683 1597 2710 Rubrica
1613 2683 1647 2709 de
1661 2681 1835 2715 Antiphonis.

1016 2723 1119 2750 Postea
1131 2722 1267 2755 ,dicuntur
1283 2723 1402 2756 Psalmi,
1423 2722 1472 2756 qni
1489 2722 1518 2748 in
1535 2721 1686 2753 Dominicis
1704 2723 1732 2747 et
1748 2719 1836 2747 Feriis
