2040 2990
775 199 947 232 Sabbato
974 198 1021 231 ud
1047 197 1274 230 Matutinum

223 300 341 341 Misit
365 297 587 346 tenebras,
612 300 656 337 et
682 294 953 336 obscuravit:
973 295 995 319 *

172 362 215 398 et
236 369 322 397 non
342 352 625 396 exacerbavit
643 354 868 393 sermones
884 362 996 391 suos.

223 411 450 454 Convertit
485 422 621 461 aquas
650 411 802 450 cerum
831 408 873 448 in
902 409 996 447 san-

170 470 361 521 guinem:
380 470 404 494 *
424 472 467 508 et
486 465 651 507 occidit
668 466 813 518 pisces
834 466 997 505 eorum.

222 525 374 566 Edidit
407 530 526 565 terra
560 524 714 564 eerum
745 534 874 562 ranas
902 522 925 546 *
953 520 995 560 in

171 580 471 635 penetralibus
491 592 644 631 regum
663 579 871 631 ipsorum.

223 638 361 687 Dixit,
395 642 439 678 et
466 636 585 677 venit
613 636 875 686 coenomyia:
902 635 925 659 *
955 638 998 673 et

173 695 325 736 cinifes
354 694 398 734 in
427 692 630 734 Omnibus
655 690 814 732 finibus
835 692 999 731 eurum.

226 750 379 792 Pesuit
420 749 591 802 pluvias
636 750 788 789 eurum
827 745 998 797 grandi-

174 821 292 849 nem:
334 810 357 833 *
396 807 541 857 ignem
583 803 914 845 comburentem
955 802 999 842 in

173 870 291 905 terra
319 864 526 916 ipsorum.

227 921 282 961 Et
314 919 532 972 percussit
564 919 714 958 vineas
747 918 920 962 eurum,
957 919 1000 955 et

174 977 385 1018 ficulneas
415 978 582 1017 eurum:
605 975 627 999 *
648 979 691 1015 et
720 972 926 1014 contrivit
955 971 1000 1011 li-

174 1047 306 1085 gnum
335 1032 486 1073 finium
515 1034 678 1072 eerum.

227 1090 367 1138 Dixit,
396 1094 439 1130 et
466 1088 586 1129 venit
614 1087 802 1135 locusta,
831 1090 874 1126 et
903 1084 1001 1126 bru-

176 1145 295 1195 chus,
320 1148 343 1172 *
365 1146 486 1196 cujus
515 1157 603 1185 non
629 1148 722 1185 erat
751 1146 968 1183 numerus.

227 1203 283 1243 Et
299 1201 492 1243 comedit
507 1213 636 1242 omne
650 1199 815 1241 foenum
830 1199 873 1239 in
885 1203 1002 1239 terra

175 1261 341 1300 eorum:
369 1260 392 1285 *
421 1263 465 1299 et
493 1256 687 1298 comedit
715 1268 890 1297 omnem
918 1255 1002 1295 fru-

175 1320 294 1356 ctum
313 1319 444 1355 terrae
463 1316 626 1355 eurum.

228 1372 283 1413 Et
317 1371 536 1424 percussit
573 1383 702 1411 omne
740 1368 1003 1422 primogeni-

176 1435 268 1470 tum
306 1429 347 1468 in
383 1432 501 1469 terra
535 1429 705 1468 eurum:
734 1428 757 1451 *
786 1425 1003 1478 primitias

176 1485 316 1525 omnis
342 1484 507 1525 laberis
537 1485 698 1525 eurum.

229 1542 284 1582 Et
317 1540 468 1581 eduxit
503 1553 579 1581 eos
613 1553 711 1581 cum
748 1541 930 1591 argento
961 1542 1004 1579 et

179 1610 304 1638 auro:
332 1599 355 1623 *
385 1602 428 1638 et
465 1609 552 1637 non
591 1602 684 1638 erat
721 1597 764 1637 in
800 1594 1004 1637 tribubus

178 1656 330 1695 cerum
358 1654 565 1694 infirmus.

230 1711 400 1752 Laetata
430 1716 497 1751 est
524 1710 744 1762 AEgyptus
783 1710 827 1750 in
864 1709 1004 1761 profe-

179 1767 325 1808 ctiene
354 1769 519 1808 eurum:
547 1769 570 1793 *
600 1767 702 1818 quia
730 1765 928 1807 incubuit
956 1766 1005 1806 ti-

179 1836 273 1864 mor
301 1825 453 1864 cerum
482 1836 614 1875 super
643 1836 731 1864 eos.

232 1879 455 1932 Expandit
491 1879 651 1921 nubem
692 1880 736 1920 in
769 1879 1006 1932 protectio-

182 1949 281 1977 nem
304 1938 467 1985 e6rum,
487 1939 510 1962 *
530 1941 573 1977 et
594 1937 738 1988 ignem
766 1941 813 1977 ut
841 1935 1007 1976 luceret

184 1993 247 2033 eis
275 2005 353 2044 per
381 1997 567 2033 noctem.

235 2049 477 2097 Petierunt,
512 2054 555 2090 et
588 2049 707 2090 venit
740 2048 956 2090 coturnix:
985 2050 1008 2075 *

184 2111 227 2146 et
255 2117 368 2158 pane
396 2105 498 2145 coeli
527 2105 741 2146 saturavit
770 2118 857 2146 eos.

235 2161 412 2214 Dirupit
436 2166 618 2213 petram,
647 2167 691 2203 et
722 2162 940 2203 fluxerunt
968 2174 1009 2201 a-

184 2231 299 2270 quae:
321 2219 344 2244 *
363 2216 565 2258 abierunt
594 2219 637 2258 in
665 2219 784 2259 sicco
816 2218 1008 2266 flumina3

237 2274 453 2324 Queniam
481 2287 648 2315 memor
673 2275 754 2315 fuit
773 2274 894 2316 verbi
915 2288 1009 2315 san-

184 2331 243 2372 cti
278 2330 360 2379 sui,
387 2331 410 2354 '⁸‘
440 2329 559 2381 quod
594 2330 746 2372 habuit
782 2330 839 2372 ad
873 2330 1010 2371 Abra-

184 2387 284 2428 ham
313 2389 497 2439 puerum
526 2400 662 2427 suum.

236 2444 292 2484 Et
317 2442 470 2483 eduxit
492 2443 705 2495 pupulum
729 2456 855 2484 suum
875 2443 919 2483 in
942 2456 1011 2484 ex-

186 2499 439 2548 sultatione,
474 2502 496 2526 *
534 2505 578 2540 et
622 2500 787 2541 electos
825 2512 928 2540 suos
970 2500 1012 2540 in

184 2557 347 2599 laetitia.

238 2614 294 2655 Et
316 2612 438 2654 dedit
460 2613 544 2654 illis
567 2615 769 2664 regiones
791 2612 1013 2654 Gentium:

189 2673 211 2697 ”¹
237 2676 281 2712 et
309 2669 485 2711 labores
514 2670 778 2723 populorum
807 2669 1013 2722 possede-

187 2733 306 2768 runt:

1101 292 1161 334 Ut
1172 290 1425 332 custudiant
1435 288 1770 341 justificatienes
1778 288 1880 339 ejus,

1050 351 1072 375 *
1091 354 1135 390 et
1154 348 1295 399 legem
1316 347 1406 398 ejus
1427 347 1663 398 requirant.

1103 414 1199 453 Ant.
1211 411 1406 453 Benedic
1419 411 1562 452 anima
1571 409 1881 451 meaDomino.

1111 479 1210 518 Ant.
1231 477 1370 518 visita
1386 489 1479 518 nos.

1321 562 1520 602 Psalmus
1540 563 1632 601 105.

1062 623 1131 731 C
1138 630 1381 672 onfitemini
1391 629 1583 670 Domino
1593 628 1802 680 queniam
1808 626 1884 668 bo-

1136 701 1232 728 nus:
1248 689 1272 713 *
1289 687 1496 739 queniam
1514 687 1557 726 in
1579 683 1790 726 saeculum
1807 683 1883 724 mi-

1053 743 1293 785 sericerdia
1313 744 1414 795 ejus.

1105 802 1212 851 Quis
1232 801 1439 852 loquetur
1454 798 1678 852 potentias
1693 796 1884 846 Demini‚

1054 860 1076 884 *
1097 857 1268 899 auditas
1289 857 1421 898 faciet
1435 869 1588 898 omnes
1602 854 1756 896 laudes
1771 851 1884 906 ejus?

1105 915 1252 963 Beati,
1282 914 1357 966 qui
1385 912 1641 955 custudiunt
1666 911 1886 964 judicium,

1054 973 1077 998 *
1099 977 1141 1012 et
1159 971 1325 1012 faciunt
1345 969 1555 1021 justitiam
1573 970 1619 1010 in
1638 968 1757 1010 omni
1779 969 1885 1009 tem-

1054 1040 1172 1080 pore.

1108 1085 1329 1126 Memento
1358 1083 1501 1125 nostri
1523 1081 1714 1124 Domine
1741 1081 1787 1122 in
1812 1080 1886 1122 be-

1055 1142 1276 1195 neplacito
1305 1140 1460 1194 pepuli
1489 1139 1568 1181 tui:
1595 1140 1619 1164 *
1647 1138 1778 1180 visita
1803 1149 1887 1179 nos

1055 1200 1098 1239 in
1120 1198 1301 1240 salutari
1321 1203 1414 1239 tuo:

1108 1255 1180 1297 Ad
1195 1254 1436 1296 videndum
1451 1254 1496 1294 in
1511 1252 1711 1294 bonitate
1728 1250 1888 1293 electe-

1056 1326 1152 1354 rum
1172 1314 1361 1360 tuerum,
1382 1310 1439 1352 ad
1457 1309 1699 1352 laetandum
1718 1309 1763 1349 in
1781 1307 1887 1349 laeti-

1056 1370 1117 1411 tia
1144 1369 1288 1420 gentis
1316 1374 1420 1409 tuae:
1445 1369 1468 1394 *
1491 1372 1540 1408 ut
1567 1365 1761 1407 lauderis
1789 1377 1889 1406 cum

1057 1425 1319 1468 haereditate
1340 1430 1426 1466 tua.

1108 1483 1395 1524 Peccavimus
1436 1494 1537 1523 cum
1571 1478 1773 1532 patribus
1814 1490 1889 1519 no-

1058 1540 1176 1581 stris:
1195 1539 1394 1591 *injuste
1413 1538 1592 1590 egimus,
1611 1535 1890 1588 iniquitatem

1059 1597 1251 1639 fecimus.

1110 1654 1266 1695 Patres
1286 1651 1428 1694 nostri
1448 1651 1492 1692 in
1507 1650 1705 1702 AEgypto
1722 1661 1811 1690 non
1830 1648 1890 1689 in-

1059 1710 1325 1752 tellexerunt
1368 1706 1586 1749 mirabilia
1631 1711 1723 1748 tua:
1750 1706 1773 1731 *
1802 1717 1891 1746 non

1061 1768 1236 1808 fuerunt
1257 1768 1475 1807 memores
1496 1762 1791 1805 multitudinis
1815 1761 1891 1803 mi-

1060 1822 1316 1865 sericordiae
1337 1828 1438 1864 tuae.

1112 1881 1169 1922 Et
1202 1880 1487 1921 irritaverunt
1522 1875 1813 1918 ascendentes
1847 1874 1893 1916 in

1060 1950 1192 1987 mare,
1211 1938 1235 1963 *
1254 1937 1376 1978 Mare
1395 1934 1589 1976 rubrum.

1112 1995 1170 2036 Et
1198 1993 1386 2035 salvavit
1414 2004 1493 2034 eos
1520 1994 1707 2044 propter
1730 2001 1892 2030 nomen

1062 2064 1204 2092 suum:
1232 2051 1255 2076 *
1283 2055 1331 2091 ut
1366 2054 1518 2091 notam
1545 2047 1711 2088 faceret
1738 2047 1892 2099 poten-

1061 2108 1169 2149 tiam
1192 2119 1327 2148 suam.

1114 2165 1171 2206 Et
1203 2163 1421 2216 increpuit
1453 2162 1575 2203 Mare
1608 2159 1805 2209 rubrum,
1849 2163 1893 2200 et

1063 2221 1334 2262 exsiccatum
1363 2224 1443 2260 est:
1471 2220 1495 2246 *
1524 2223 1568 2259 et
1603 2216 1788 2259 deduxit
1816 2228 1892 2257 eos

1062 2277 1106 2318 in
1125 2276 1297 2328 abyssis
1317 2276 1432 2316 sicut
1452 2276 1496 2316 in
1517 2274 1706 2316 deserto.

1115 2334 1171 2374 Et
1193 2332 1380 2373 salvavit
1405 2344 1483 2373 eos
1509 2331 1565 2373 de
1588 2343 1720 2371 manu
1744 2328 1892 2371 odien-

1062 2390 1188 2431 tium:
1217 2391 1240 2415 *
1270 2393 1314 2430 et
1345 2388 1532 2430 redemit
1565 2399 1643 2428 eos
1675 2385 1730 2428 de
1762 2398 1894 2426 manu

1063 2445 1237 2486 inimici.

1114 2503 1171 2543 Et
1191 2501 1365 2554 operuit
1387 2513 1503 2552 aqua
1521 2499 1786 2542 tribulantes
1802 2510 1894 2540 eos:

1063 2560 1085 2583 *¹
1104 2571 1214 2600 unus
1235 2571 1289 2599 ex
1310 2557 1372 2598 eis
1392 2569 1480 2598 non
1501 2557 1721 2598 remansit.

1116 2616 1172 2656 Et
1197 2613 1482 2655 crediderunt
1507 2613 1653 2654 verbis
1679 2614 1785 2665 ejus:
1807 2613 1831 2639 *
1850 2616 1895 2653 et

1065 2671 1354 2713 laudaverunt
1371 2669 1547 2710 laudem
1568 2669 1669 2720 ejus.

1117 2728 1214 2769 Cito
1232 2727 1439 2775 fecerunt,
1455 2725 1579 2766 obliti
1596 2730 1696 2766 sunt
1712 2727 1895 2777 eperum
