2080 2990
696 199 735 231 In
762 199 886 232 Festis
913 199 952 231 B.
978 198 1109 231 Maria:
1134 198 1177 230 V.
1203 207 1271 239 per
1296 206 1445 230 annum.

288 298 424 339 Beata
442 297 582 338 Mater
599 300 788 346 munere,

333 353 464 405 Cujus
484 355 698 406 supernus
719 354 875 395 artifex

333 409 543 451 Mundum
562 409 727 462 pugillo
748 410 984 457 continens,

333 466 512 509 Ventris
533 465 613 507 sub
633 478 734 507 arca
756 466 927 508 clausus
948 470 1024 506 est.

287 542 421 582 Beata
439 538 541 581 coeli
560 539 722 589 nuntio,

286 631 288 633 ,
331 595 558 638 Foecunda
578 600 730 637 sancto
751 594 924 647 Spiritu,

333 652 623 694 Desideratus
642 650 853 702 gentibus,

333 709 463 761 Cujus
481 722 561 762 per
579 708 725 749 alvum
743 707 864 748 fusus
884 710 962 748 est.

283 787 384 830 Jesu
402 786 483 829 tibi
502 787 558 828 sit
576 786 724 838 gloria,

333 844 417 894 Qui
436 848 563 885 natus
584 855 630 884 es
650 841 705 883 de
723 842 916 892 Virgine,

333 900 442 942 Cum
459 900 599 949 Patre,
619 903 663 940 et
681 898 796 939 almo
817 898 979 951 Spiritu

331 958 382 998 In
406 956 670 1009 sempiterna
694 954 865 996 saecula.
901 954 1054 995 Amen.

465 1057 514 1095 In
536 1057 565 1094 Ι.
589 1056 810 1095 Nooturno.

279 1132 377 1170 Ant.
412 1129 652 1171 Benedicta
679 1133 726 1170 tu
750 1130 775 1156 *
797 1128 841 1168 in
869 1127 1054 1169 mulieri-

229 1187 327 1251 bus,
352 1191 396 1228 et
419 1184 676 1228 benedictus
700 1184 866 1226 fructus
890 1184 1054 1226 ventris

228 1248 301 1285 tul.

508 1302 706 1342 Psalmus
735 1303 770 1342 8.

337 1373 506 1435 &Nomine
554 1372 769 1413 Dominus
821 1376 986 1421 noster,
1032 1373 1055 1398 *

273 1451 297 1482 a
330 1439 331 1461 ἒ
353 1460 356 1468 .
382 1442 510 1482 quam
530 1428 786 1470 admirabile
807 1433 874 1470 est
896 1440 1054 1469 nomen

290 1486 354 1512 ³·
377 1490 500 1528 tuum
517 1486 560 1526 in
578 1487 781 1530 universa
798 1484 929 1526 terra!

283 1543 498 1594 Quoniam
541 1545 711 1586 elevata
755 1547 822 1583 est
862 1540 1055 1593 magnifi-

232 1599 375 1642 centia
402 1604 487 1649 tua,
507 1603 531 1627 *
560 1613 691 1653 super
719 1598 869 1640 coelos.

283 1656 350 1696 Ex
378 1668 454 1697 ore
482 1657 710 1698 infantium
734 1660 778 1697 et
802 1654 1056 1696 lactentium

231 1712 454 1765 perfecisti
473 1713 648 1755 laudem
661 1716 843 1765 propter
857 1710 1057 1752 inimicos

231 1774 348 1818 tuOS‚
376 1770 400 1796 *
436 1774 484 1811 ut
523 1770 722 1811 destruas
757 1767 978 1808 inimicum
1014 1772 1057 1808 et

232 1825 431 1867 ultorem.

284 1882 499 1932 Quoniam
547 1882 708 1924 videbo
760 1880 897 1923 coelos
946 1884 1057 1930 tuos,

234 1941 368 1992 opera
394 1939 631 1991 digitorum
653 1940 844 1981 tuorum:
863 1938 887 1964 *
912 1936 1058 1977 lunam

235 2000 278 2037 et
297 1995 457 2046 stellas,
487 2009 586 2048 quae
605 2000 653 2037 tu
673 1994 878 2036 fundasti.

286 2052 402 2102 Quid
422 2057 488 2094 est
506 2052 654 2102 homo,
684 2050 804 2104 quod
822 2062 990 2092 memor
1011 2062 1057 2090 es

235 2106 346 2160 ejus?
366 2110 389 2135 *
407 2114 481 2150 aut
500 2109 615 2150 filius
633 2107 832 2157 hominis,
852 2106 1057 2159 queniam

234 2164 385 2206 visitas
405 2163 527 2206 eum?

286 2220 481 2262 Minuisti
517 2233 616 2262 eum
652 2220 785 2273 paulo
822 2220 965 2262 minus
1003 2220 1058 2261 ab

235 2277 428 2329 Angelis,
445 2276 583 2328 gloria
599 2282 642 2318 et
656 2277 823 2318 honore
839 2277 1060 2319 coronasti

237 2346 350 2375 eum:
375 2334 400 2361 *
428 2338 472 2375 et
505 2332 768 2375 constituisti
799 2346 898 2375 eum
928 2346 1059 2386 super

237 2391 372 2443 opera
390 2392 597 2431 manuum
612 2391 796 2430 tuarum.

289 2446 446 2487 Omnia
487 2445 708 2498 subjecisti
750 2445 830 2487 sub
873 2445 1060 2498 pedibus

237 2503 347 2554 ejuS‚
375 2504 398 2530 *
435 2515 542 2544 oves
575 2506 618 2544 et
649 2501 787 2543 boves
816 2502 1060 2543 universas:

236 2561 413 2611 insuper
433 2564 476 2600 et
493 2560 655 2611 pecora
674 2559 828 2612 campi.

288 2614 504 2657 Volucres
524 2614 635 2665 coeli,
657 2619 700 2656 et
717 2615 862 2667 pisces
881 2615 1023 2664 maris,
1038 2616 1061 2640 *

241 2673 314 2725 qui
331 2670 636 2724 perambulant
655 2671 830 2713 semitas
848 2671 991 2712 maris.

290 2728 478 2770 Domine
492 2728 706 2770 Dominus
723 2729 916 2778 noster‚*
931 2740 1061 2780 quam

1107 295 1363 337 admirabile
1380 301 1447 337 est
1460 308 1619 338 nomen
1635 301 1759 339 tuum
1779 298 1822 339 in
1840 298 1930 339 uni-

1107 354 1234 393 versa
1251 352 1382 393 terra!

1154 419 1253 457 Ant.
1279 416 1519 459 Benedicta
1538 422 1587 460 tu
1605 418 1650 459 in
1667 418 1931 469 mulieribus,

1109 479 1152 515 et
1170 473 1428 515 benedictus
1447 474 1613 516 fructus
1632 475 1796 517 ventris
1814 475 1887 516 tui.

1155 536 1253 574 Ant.
1296 535 1418 580 Sicut
1450 539 1627 592 myrrha
1659 539 1683 566 *
1715 539 1855 581 electa
1887 552 1931 581 o-

1108 594 1261 636 dorem
1304 594 1465 637 dedisti
1511 596 1737 638 suavitatis
1782 600 1932 637 sancta

1106 652 1190 693 Dei
1215 651 1424 693 Genitrix.

1378 725 1576 766 Psalmus
1595 726 1652 765 18.

1181 804 1255 846 oeli
1282 806 1485 846 enarrant
1512 804 1697 855 gloriam
1719 806 1818 855 Dei,
1841 807 1865 833 *
1890 812 1934 848 et

1198 863 1334 914 opera
1359 863 1566 902 manuum
1594 863 1684 914 ejus
1708 863 1934 905 annuntiat

1107 918 1436 959 firmamentum.

1159 974 1264 1015 Dies
1296 973 1381 1015 diei
1414 976 1583 1015 eructat
1615 974 1814 1025 verbum,
1838 976 1862 1002 *
1891 981 1934 1018 et

1106 1043 1195 1072 nox
1213 1030 1332 1072 nocti
1349 1029 1512 1072 indicat
1530 1031 1765 1073 scientiam.

1157 1087 1259 1128 Non
1279 1091 1378 1128 sunt
1396 1087 1596 1140 loquelae,
1615 1100 1756 1140 neque
1772 1090 1932 1131 sermo-

1107 1157 1200 1194 nes,
1225 1144 1248 1169 *
1274 1156 1459 1196 quorum
1487 1159 1574 1188 non
1602 1144 1832 1187 audiantur
1859 1157 1931 1186 vo-

1108 1213 1181 1243 ces
1201 1202 1363 1241 eorum.

1158 1257 1209 1297 In
1241 1269 1415 1299 omnem
1447 1264 1610 1300 terram
1638 1258 1772 1299 exivit
1800 1270 1933 1299 sonus

1109 1315 1274 1355 eorum:
1305 1314 1329 1340 *
1362 1320 1405 1356 et
1435 1316 1479 1356 in
1511 1315 1621 1357 fines
1653 1313 1772 1356 orbis
1803 1319 1933 1356 terrae

1108 1369 1243 1412 verba
1262 1372 1424 1412 eorum.

1159 1427 1210 1467 In
1234 1426 1326 1468 sole
1350 1428 1498 1480 posuit
1519 1427 1848 1469 tabernaculum
1867 1440 1934 1468 su-

1109 1497 1200 1524 um:
1231 1484 1255 1509 *
1287 1488 1330 1525 et
1361 1484 1456 1537 ipse
1492 1489 1716 1537 tamquam
1748 1496 1935 1536 sponsus

1108 1540 1353 1592 procedens
1373 1540 1428 1582 de
1447 1540 1639 1582 thalamo
1660 1552 1755 1582 suo:

1161 1596 1408 1638 Exsultavit
1439 1602 1487 1638 ut
1518 1597 1640 1648 gigas
1675 1596 1731 1638 ad
1762 1598 1934 1638 curren-

1110 1653 1211 1694 dam
1230 1654 1359 1703 viam,
1378 1654 1402 1679 *
1421 1667 1447 1695 a
1466 1666 1635 1695 summo
1659 1653 1773 1695 coelo
1794 1654 1934 1704 egres-

1111 1722 1175 1751 slo
1196 1723 1302 1761 ejus:

1161 1767 1218 1808 Et
1243 1769 1451 1808 occfirsus
1476 1767 1566 1819 ejus
1589 1778 1728 1818 usque
1747 1764 1804 1806 ad
1823 1778 1935 1806 sum-

1110 1836 1228 1864 mum
1244 1824 1348 1875 ejus:
1366 1824 1390 1849 *
1409 1836 1490 1864 nec
1510 1828 1576 1865 est
1597 1822 1670 1875 qui
1689 1835 1736 1863 se
1755 1821 1935 1863 abscon-

1111 1879 1187 1921 dat
1205 1892 1231 1921 a
1250 1879 1396 1921 calore
1415 1880 1515 1931 ejus.

1161 1936 1255 1978 Lex
1269 1936 1446 1977 Domini
1462 1935 1741 1977 immaculata
1759 1936 1936 1976 conver-

1111 1998 1208 2035 tens
1227 1993 1407 2034 animas:
1417 1993 1440 2019 *
1450 1992 1747 2034 testimonium
1759 1991 1938 2033 Domini

1111 2049 1260 2099 fidele,
1296 2049 1554 2102 sapientiam
1589 2053 1804 2101 praestans
1839 2049 1936 2100 par-

1111 2106 1234 2147 vuhs

1163 2162 1188 2203 J
1190 2162 1349 2204 ustitiae
1363 2161 1541 2203 Domini
1555 2165 1698 2210 rectae,
1715 2160 1936 2202 laetifican-

1111 2225 1179 2261 tes
1215 2217 1366 2260 corda:
1397 2219 1422 2244 *
1453 2219 1725 2271 praeceptum
1761 2216 1935 2258 Domini

1111 2274 1318 2325 lvicidum;
1336 2274 1582 2316 illuminans
1602 2273 1765 2315 oculos.
1938 2314 1942 2319 ,

1164 2332 1316 2373 Timor
1342 2330 1519 2372 Domini
1546 2334 1736 2379 sanetus,
1769 2331 1936 2382 perma-

1112 2401 1219 2430 nens
1246 2388 1289 2428 in
1317 2387 1524 2429 saeculum
1554 2386 1716 2427 saeculi:
1734 2386 1757 2412 *
1780 2384 1938 2438 judicia

1112 2444 1289 2486 Domini
1313 2456 1433 2493 vera,
1461 2443 1691 2495 justificata
1714 2443 1758 2483 in
1784 2446 1937 2484 semet-

1112 2505 1218 2555 ipsa.

1164 2556 1481 2600 Desiderabilia
1500 2568 1631 2608 super
1650 2567 1802 2596 aurum
1819 2559 1862 2596 et
1878 2554 1936 2595 la-

1113 2614 1261 2668 pidem
1278 2613 1519 2666 pretiosum
1538 2611 1736 2653 multum:
1750 2612 1773 2637 *
1789 2616 1832 2653 et
1847 2610 1937 2653 dul-

1114 2672 1234 2713 ciora
1253 2681 1383 2722 super
1401 2668 1487 2710 mel
1507 2673 1550 2710 et
1568 2668 1725 2709 favum.

1165 2726 1337 2769 Etenim
1360 2738 1512 2767 servus
1535 2730 1635 2767 tuus
1659 2723 1851 2767 custodit
1874 2735 1936 2773 ea,
