2080 2990
771 218 948 252 Officium
973 218 1258 252 Defunctorum.

200 312 398 355 Deduxit
419 325 490 354 me
515 324 649 364 super
668 311 846 352 semitas
863 311 979 362 justi-

147 369 234 417 tiae,
252 369 276 394 *
294 373 480 420 propter
497 380 658 409 nomen
678 380 815 407 suum.

199 424 325 474 Nam,
348 429 392 465 et
411 425 448 465 si
466 423 750 465 ambulavero
769 423 813 463 in
831 422 978 464 medio

149 480 319 522 umbrae
337 480 504 529 mortis,
523 492 612 521 non
629 478 795 520 timebo
814 479 943 519 mala:
955 481 978 505 *

150 536 358 588 quoniam
376 541 424 577 tu
442 548 616 577 mecum
635 548 693 576 es.

200 592 339 644 Virga
352 597 439 640 tua,
459 596 502 633 et
516 591 701 633 baculus
716 595 831 632 tuus:
846 590 868 615 *
884 590 980 642 ipsa

149 661 220 689 me
240 648 467 689 consolata
486 652 597 689 sunt.

201 703 374 745 Parasti
398 704 443 744 in
470 704 711 755 conspectu
734 714 835 754 meo
862 714 980 743 men·

151 772 260 809 sam,
279 760 302 785 *
322 759 533 801 adversus
554 771 647 808 eos,
673 757 747 810 qui
770 757 981 798 tribulant

149 828 231 857 me.

201 871 492 924 Impinguasti
506 870 551 911 in
567 870 665 911 oleo
677 875 810 921 caput
820 882 981 911 meum:

150 927 174 953 ’⁸¹
207 932 250 968 et
284 927 397 968 calix
432 939 556 968 meus
590 925 811 967 inebrians
850 939 981 978 quam

150 983 391 1035 praeclarus
411 982 492 1024 est!

202 1039 258 1080 Et
275 1037 579 1079 misericordia
598 1042 673 1078 tua
688 1036 980 1089 subsequetur

149 1107 220 1136 me
239 1096 263 1122 *
283 1093 486 1135 omnibus
506 1093 661 1134 diebus
680 1093 783 1133 vitae
803 1106 928 1134 meae:

201 1150 259 1191 Et
272 1154 321 1191 ut
334 1149 575 1191 inhabitem
589 1149 633 1189 in
648 1149 781 1190 domo
793 1150 980 1199 Domini,

149 1206 174 1232 *
191 1206 237 1246 in
254 1205 573 1257 longitudinem
593 1205 773 1246 dierum.

201 1267 420 1319 Requiem
438 1268 659 1308 aeternam.

202 1332 301 1374 Ant.
331 1332 380 1372 In
405 1331 506 1372 loco
525 1333 704 1383 pascuae
724 1330 785 1372 ibi
802 1343 872 1371 me
894 1330 980 1372 col-

148 1387 319 1429 locavit.

202 1455 301 1496 Ant.
338 1451 511 1494 Delicta
538 1452 561 1477 *
589 1451 826 1502 juventutis
853 1463 980 1499 meae,

149 1507 487 1604 {tdignorantias
510 1519 632 1548 meas
656 1519 710 1547 ne
729 1507 980 1547 memineris

222 1576 350 1605 mine.

425 1641 624 1681 Psalmus
644 1641 708 1679 24.

229 1710 259 1752 d
298 1714 342 1751 te
378 1709 569 1750 Domine
610 1709 755 1751 levavi
792 1709 981 1751 animam

253 1778 412 1807 meamz
426 1765 450 1791 *
465 1765 588 1807 Deus
608 1778 732 1806 meus
752 1765 796 1805 in
815 1770 859 1807 te
880 1778 980 1807 con-

150 1821 253 1870 fido,
271 1834 361 1863 non
381 1821 648 1863 erubescam.

201 1878 359 1930 Neque
378 1877 589 1918 irrideant
610 1890 681 1918 me
699 1878 863 1919 inimici
880 1878 982 1919 mei:

150 1934 174 1960 *
195 1934 355 1975 etenim
373 1934 575 1982 universi,
596 1934 671 1984 qui
691 1934 907 1974 sustinent
925 1939 981 1982 te,

149 2003 239 2032 non
260 1988 592 2031 confundentur.

204 2045 537 2087 Confundantur
573 2057 725 2086 omnes
758 2045 908 2096 iniqua
940 2058 980 2085 a·

151 2103 304 2154 gentes
323 2102 347 2127 *
367 2103 650 2153 supervacue.

202 2157 311 2199 Vias
351 2162 450 2198 tuas
493 2156 681 2197 Domine
728 2156 981 2197 demonstra

151 2213 272 2254 mihi:
291 2215 315 2240 *
334 2219 378 2254 et
396 2213 573 2254 semitas
593 2218 691 2253 tuas
711 2212 849 2253 edoce
868 2225 949 2253 me.

203 2269 356 2320 Dirige
374 2282 445 2311 me
463 2269 507 2309 in
526 2269 710 2310 veritate
729 2274 818 2318 tua,
844 2274 888 2309 et
907 2268 981 2309 do-

153 2338 204 2367 ce
226 2338 312 2367 me:
331 2327 355 2352 *
377 2325 478 2376 quia
502 2330 550 2366 tu
576 2337 623 2366 es
642 2325 762 2365 Deus
788 2324 982 2365 salvator

152 2394 287 2430 meus,
308 2386 351 2422 et
369 2387 414 2422 te
433 2381 620 2422 sustinui
639 2386 734 2421 tota
754 2380 836 2421 die.

206 2437 505 2478 Reminiscere
535 2436 866 2477 miserationum
890 2437 982 2476 tua-

154 2506 252 2533 rum
268 2493 469 2541 Domine,
483 2494 507 2519 *
523 2497 567 2534 et
585 2491 983 2532 misericordiarum

154 2550 339 2595 tuarum,
359 2561 458 2599 quae
477 2561 503 2589 a
523 2548 686 2589 saeculo
707 2551 816 2588 sunt.

206 2603 379 2644 Delicta
423 2604 660 2655 juventutis
703 2615 830 2653 meae,
873 2603 897 2627 *
940 2607 983 2643 et

154 2659 425 2711 ignorantias
442 2672 562 2701 meas
581 2672 636 2700 ne
654 2658 915 2700 memineris.

207 2714 457 2757 Secundum
486 2714 834 2757 misericordiam
862 2720 983 2754 tuam

1770 214 1860 259 [167]

1030 311 1251 351 memento
1279 312 1364 352 mei
1392 317 1454 353 tu:
1478 313 1502 338 *
1527 318 1713 365 propter
1739 312 1860 353 boni-

1031 368 1169 407 tatem
1188 371 1309 408 tuam
1327 367 1527 409 Domine.

1083 422 1237 463 Dulcis
1258 427 1301 463 et
1320 428 1465 464 rectus
1479 424 1709 465 Dominus:
1724 425 1748 450 *
1761 436 1860 476 pro-

1031 483 1132 529 pter
1155 477 1241 520 hoc
1264 478 1407 530 legem
1431 479 1553 521 dabit
1574 479 1861 531 delinquenti·

1031 533 1113 575 bus
1132 534 1177 574 in
1195 535 1276 575 via.

1085 590 1257 640 Diriget
1283 593 1537 632 mansuetos
1565 592 1608 631 in
1636 591 1812 644 judicio:
1837 591 1861 617 *

1034 645 1212 687 docebit
1230 647 1358 687 mites
1377 647 1469 688 vias
1489 660 1600 687 suas.

1080 702 1309 743 Universae
1325 703 1604 751 viaeDomini‚
1618 703 1861 744 misericor-

1034 757 1106 798 dia
1122 763 1165 798 et
1180 758 1380 807 veritas‚*
1396 758 1716 810 requirentibus
1732 764 1862 800 testa-

1032 816 1228 854 mentum
1247 815 1338 865 ejus
1359 819 1402 855 et
1419 815 1672 855 testimonia
1692 816 1794 866 ejus.

1084 871 1274 922 Propter
1313 883 1473 911 nomen
1512 875 1637 911 tuum
1675 871 1862 911 Domine

1033 926 1347 978 propitiaberis
1371 928 1556 978 peccato
1580 939 1696 967 meo:
1715 927 1738 951 *
1757 926 1862 966 mul-

1033 987 1127 1022 tum
1147 987 1213 1023 est
1235 982 1361 1022 enim.

1086 1038 1193 1087 Quis
1219 1043 1286 1079 est
1309 1038 1442 1079 homo
1469 1038 1543 1089 qui
1567 1038 1691 1079 timet
1714 1038 1862 1078 Domi-

1034 1094 1158 1134 num?
1195 1094 1218 1119 *
1255 1094 1398 1144 legem
1434 1094 1586 1135 statuit
1624 1094 1663 1134 ei
1698 1094 1742 1134 in
1778 1094 1862 1143 via,

1035 1163 1166 1201 quam
1185 1149 1326 1200 elegit.

1085 1206 1244 1246 Anima
1273 1207 1363 1257 ejus
1391 1206 1435 1246 in
1462 1205 1590 1247 bonis
1617 1205 1860 1246 demorabi-

1033 1266 1119 1302 tur:
1147 1263 1170 1287 *
1199 1266 1243 1302 et
1276 1274 1425 1303 semen
1458 1263 1549 1313 ejus
1582 1259 1862 1302 haereditabit

1033 1322 1205 1358 terram.

1084 1373 1427 1414 Firmamentum
1460 1378 1527 1414 est
1558 1373 1774 1413 Dominus
1811 1372 1861 1413 ti-

1032 1428 1251 1470 mentibus
1285 1442 1399 1470 eum:
1424 1431 1448 1455 *
1477 1434 1520 1469 et
1551 1430 1863 1469 testamentum

1033 1485 1171 1537 ipsius
1190 1490 1238 1525 ut
1256 1485 1557 1526 manifestetur
1574 1484 1670 1524 illis.

1087 1540 1214 1581 Oculi
1232 1541 1319 1581 mei
1339 1553 1514 1592 semper
1534 1540 1590 1581 ad
1610 1540 1863 1580 Dominum:

1033 1597 1056 1622 *
1083 1597 1290 1647 quoniam
1315 1597 1410 1648 ipse
1437 1596 1596 1637 evellet
1620 1595 1675 1637 de
1700 1595 1862 1647 laqueo

1033 1652 1171 1704 pedes
1191 1665 1326 1693 meos.

1085 1709 1278 1760 Respice
1298 1708 1340 1748 in
1359 1720 1445 1757 me,
1471 1713 1515 1749 et
1534 1707 1742 1748 miserere
1762 1707 1864 1747 mei:

1033 1765 1058 1790 *
1082 1765 1183 1816 quia
1208 1765 1363 1805 unicus
1389 1770 1431 1805 et
1454 1776 1624 1815 pauper
1649 1775 1745 1803 sum
1769 1775 1863 1812 ego.
1914 1792 1915 1795 η

1085 1820 1412 1861 Tribulationes
1442 1819 1588 1860 cordis
1613 1819 1700 1859 mei
1723 1818 1863 1858 multi-

1033 1877 1209 1929 plicatae
1241 1880 1354 1916 sunt:
1381 1876 1405 1900 *
1438 1875 1493 1916 de
1528 1873 1863 1916 necessitatibus

1034 1933 1143 1973 meis
1165 1934 1268 1972 erue
1289 1944 1370 1972 me.

1085 1988 1201 2029 Vide
1229 1987 1518 2028 humilitatem
1546 1997 1707 2034 meam,
1735 1989 1779 2026 et
1805 1985 1863 2025 la-

1033 2043 1187 2085 borem
1201 2056 1361 2084 meum:
1374 2043 1398 2068 *
1414 2048 1458 2084 et
1474 2042 1645 2083 dimitte
1659 2041 1864 2081 universa

1036 2099 1196 2140 delicta
1216 2111 1324 2139 mea.

1086 2155 1276 2206 Respice
1296 2154 1495 2195 inimicos
1513 2165 1637 2194 meos
1659 2152 1864 2203 quoniam

1035 2211 1314 2262 multiplicati
1338 2215 1453 2259 sunt,
1474 2211 1497 2236 *
1516 2214 1560 2250 et
1586 2208 1688 2249 odio
1713 2208 1862 2259 iniquo

1036 2266 1224 2308 oderunt
1243 2279 1323 2307 me.

1088 2321 1271 2364 Custodi
1298 2322 1486 2362 animam
1510 2332 1669 2369 meam,
1698 2323 1742 2359 et
1761 2320 1862 2359 erue

1035 2390 1120 2419 me:
1157 2380 1180 2404 *
1217 2390 1305 2418 non
1342 2376 1614 2424 erubescam,
1657 2374 1862 2426 quoniam

1037 2433 1211 2485 speravi
1229 2434 1272 2474 in
1291 2438 1347 2474 te.

1087 2490 1350 2530 Innocentes
1379 2493 1423 2529 et
1449 2487 1557 2528 recti
1583 2485 1863 2527 adhaeserunt

1035 2545 1157 2585 mihi:
1175 2546 1198 2571 *
1219 2546 1320 2596 quia
1340 2543 1525 2585 sustinui
1543 2548 1598 2584 te.

1086 2601 1246 2642 Libera
1272 2601 1393 2641 Deus
1422 2598 1572 2647 Israel,
1597 2599 1621 2625 *
1645 2609 1700 2638 ex
1728 2596 1860 2637 omni·

1035 2657 1119 2697 bus
1137 2655 1490 2698 tribulationibus
1511 2654 1611 2694 suis.

1086 2713 1303 2764 Requiem
1322 2712 1539 2751 aeternam.
