2080 2990
517 225 587 259 Die
616 226 662 258 14.
691 226 776 259 Dee.
824 227 857 259 S.
883 226 1072 269 ,los-aphau
1099 227 1222 269 Epist:
1249 231 1283 260 ct
1310 227 1412 260 Mart.

117 322 330 364 labiorum
358 322 447 374 ejus
474 334 562 362 non
593 321 803 364 fraudasti
831 335 939 363 eum.

117 378 167 427 V.
187 378 402 429 Quoniam
419 378 671 430 praevenisti
689 391 788 420 eum
805 379 848 419 in
866 379 938 420 be-

116 434 435 476 nedictionibus
464 433 722 476 dulcedinis:
752 435 939 488 posuisti

116 491 160 531 in
188 491 330 544 capite
359 491 449 543 ejus
478 492 684 532 coronam
711 490 765 533 de
792 491 938 544 lapide

116 547 324 600 pretioso.
351 547 418 589 Et.

418 605 567 645 Lectio
589 605 639 644 vi.

118 655 319 763 Sanxit,
343 673 397 701 ne
419 659 508 701 ulla
526 660 694 701 ratione
714 660 783 702 die
802 660 937 702 domi-

193 717 304 765 nico,
324 721 399 758 aut
420 716 569 769 quinta
586 716 703 766 feria,
722 717 817 769 quis
836 717 938 758 fide-

117 773 222 815 lium
241 774 465 825 jejunaret,
486 773 586 825 quia
605 786 682 814 eos
702 773 796 815 dies
817 774 940 826 quasi

117 842 242 871 sacro
261 829 419 882 jejunio
440 829 673 882 deputatos
694 830 853 882 pagani
873 843 937 871 ce·
995 841 1065 886 ''f-{22²

116 886 354 928 lebrabant.
382 886 494 927 Item
512 886 673 935 statuit,
692 891 740 927 ut
759 886 939 928 oblatio-

116 955 194 984 nes
236 944 504 984 consecratae
546 954 626 994 per
668 945 939 995 episcopum,

118 1011 216 1050 quae
253 998 510 1040 dicebantur
544 998 819 1049 fermentum,
860 1011 940 1051 per

117 1054 325 1096 ecclesias
351 1055 655 1106 dirigerentur;
683 1068 737 1096 ne
762 1055 939 1108 presby-

116 1111 198 1152 teri
227 1111 271 1152 in
308 1111 398 1152 suis
434 1111 572 1154 titulis
603 1125 689 1152 una
721 1124 820 1153 cum
851 1112 939 1152 suis

116 1167 317 1219 plebibus
350 1167 641 1217 celebrantes,
683 1181 730 1210 se
764 1168 818 1209 ab
851 1171 938 1220 epi-

116 1224 240 1277 scopi
268 1225 570 1266 communione
590 1227 817 1277 separatos
835 1223 939 1276 judi-

115 1280 285 1322 carent.'
316 1281 400 1331 Qui
431 1294 530 1322 cum
560 1281 604 1322 in
635 1281 939 1334 persecutione

114 1336 365 1378 Maximiani
414 1337 549 1379 multa
598 1350 755 1390 passus
806 1343 938 1384 esset,

114 1392 293 1435 tandem
311 1393 391 1435 sub
409 1394 695 1436 Constantino
716 1394 878 1446 quievit
895 1394 939 1434 in

114 1449 324 1500 Domino,
358 1455 513 1503 quarto
539 1449 644 1492 Idus
671 1450 938 1499 Decembris,

115 1506 402 1559 sepultusque
427 1511 492 1548 est
509 1507 554 1547 in
572 1507 825 1548 coemeterio
845 1507 938 1549 Cal-

114 1562 204 1603 listi
233 1563 304 1604 via
335 1562 492 1616 Appia.
535 1563 632 1605 Una
664 1563 938 1605 ordinatione

116 1618 281 1660 creavit
298 1619 582 1672 presbyteros
607 1632 701 1669 seX,
728 1619 938 1661 diaconos

117 1675 318 1727 quinque,
327 1677 560 1728 episcopos
569 1689 650 1729 per
661 1675 832 1718 diversa
842 1676 939 1718 loca

115 1730 332 1773 undecim.
371 1731 423 1782 R.
461 1732 583 1774 Stola
601 1732 890 1785 jucunditatis.

167 1797 210 1831 In
232 1796 296 1831 ΙΠ.
318 1795 516 1830 Nocturno
541 1795 711 1829 Homiliu
736 1795 773 1828 in
794 1795 937 1837 lix-ang.

117 1843 159 1880 Si
181 1844 269 1889 quis
291 1845 398 1882 venit
422 1845 473 1880 ad
494 1856 564 1881 me.
593 1843 640 1877 de
670 1843 804 1877 codem
829 1844 938 1878 Com-

114 1894 220 1927 muni
244 1894 272 1928 1.
296 1895 392 1928 loco.

170 1941 214 1986 R.
233 1941 311 1977 viii.
335 1941 496 1977 Domine
513 1941 746 1986 praevenisti.

303 2020 386 2062 Die
404 2021 463 2060 14.
482 2019 749 2061 Decembris.

350 2084 397 2119 (d.
418 2095 449 2117 a.
467 2094 514 2118 ex
535 2085 581 2118 14.
599 2084 710 2120 Nov.)

181 2132 223 2173 S.
248 2133 497 2183 Josaphat
517 2134 659 2186 Epise.
686 2139 728 2173 et
750 2133 872 2173 Mart.

442 2195 605 2238 Duplex.

167 2251 303 2285 Omnia
327 2252 373 2286 de
396 2252 598 2286 Communi
622 2251 735 2285 unius
756 2249 934 2293 'Martyris

114 2299 325 2342 Pontificis,
348 2304 489 2343 praeter
514 2299 724 2343 sequentia.

447 2347 610 2387 Oratio.

194 2404 327 2454 xcita,
367 2407 616 2457 quaesumus
652 2403 855 2452 Domine,
893 2403 937 2444 in

206 2461 404 2503 Ecclesia
422 2466 498 2504 tua
515 2461 736 2514 Spiritum,
763 2471 849 2512 quo
874 2471 936 2500 re-

115 2517 259 2569 pletus
283 2517 439 2560 beatus
464 2518 488 2559 J
492 2517 678 2570 osaphat
700 2516 865 2568 Martyr
895 2520 938 2557 et

115 2573 317 2616 Pontifex
348 2579 450 2616 tuus
482 2574 668 2615 animam
700 2585 824 2613 suam
854 2583 936 2624 pro

118 2629 272 2671 ovibus
291 2631 452 2683 posuit:
475 2634 538 2680 ut,
559 2642 611 2672 eo
629 2626 936 2676 intercedente,

116 2698 199 2727 nos
236 2699 412 2739 quoque
449 2686 606 2728 eodem
636 2685 801 2738 Spiritu
830 2684 938 2724 moti

117 2754 169 2783 ac
186 2742 398 2792 roborati,
427 2742 612 2783 animam
636 2745 831 2783 nostram
854 2751 936 2791 pro

990 322 1198 364 fratribus
1241 327 1405 377 ponere
1445 340 1532 369 non
1572 331 1809 370 vereamur.

989 378 1074 420 Per
1100 379 1335 422 Dominum
1438 383 1482 423 in
1508 384 1673 426 unitate
1701 386 1808 437 ejus·

991 434 1092 476 dem
1110 435 1306 488 Spiritus.

1048 503 1087 535 ln
1121 503 1143 535 1.
1173 503 1368 536 Nocturno
1404 503 1601 536 Lectiones
1634 503 1679 535 de
1712 503 1807 536 Scri-

992 555 1103 593 pturu
1128 556 1357 585 oecurrente.

1217 626 1266 663 In
1288 626 1337 663 ΙΙ.
1362 625 1581 664 Nocturno.

1291 694 1439 734 Lectio
1463 694 1471 733 i
1479 708 1513 733 v.

1008 758 1288 827 ,ς
1323 759 1621 803 Kuncewitius
1657 762 1807 804 nobili-

995 813 1036 841 =<²
1066 816 1096 859 32¹}
1119 814 1201 856 bus
1234 820 1276 856 et
1305 815 1529 858 catholicis
1556 818 1808 869 parentibus

1118 870 1388 913 Vladimiriae
1400 873 1442 913 in
1453 873 1659 915 Volhinia
1672 879 1809 924 natus,
1856 884 1857 887 ’

992 940 1089 968 611111
1121 928 1327 979 puerulus
1359 934 1542 970 matrem
1570 929 1624 971 de
1652 930 1810 973 Christi

990 983 1193 1035 passione
1207 984 1457 1037 loquentem
1473 984 1650 1035 audiret,
1667 986 1809 1037 jaculo

991 1052 1016 1080 a
1034 1039 1170 1081 latere
1189 1040 1386 1091 imaginis
1401 1041 1425 1082 J
1427 1054 1504 1083 esu
1523 1042 1717 1083 crucifixi
1734 1043 1809 1083 im·
1856 1048 1859 1060 ⁷

989 1099 1141 1146 misso,
1181 1097 1337 1138 vulnus
1369 1098 1413 1138 in
1445 1097 1576 1139 corde
1609 1100 1809 1151 suscepit.

989 1153 1072 1194 Dei
1092 1155 1239 1195 amore
1258 1154 1473 1204 incensuS,
1494 1154 1604 1195 adeo
1625 1156 1810 1197 orationi

990 1209 1173 1262 aliisque
1197 1210 1281 1262 piis
1308 1210 1512 1263 operibus
1536 1211 1697 1253 instare
1726 1225 1809 1253 coe-

990 1265 1068 1318 pit,
1088 1271 1136 1307 ut
1155 1266 1506 1319 provectioribus
1526 1265 1808 1310 adolescenti-

990 1322 1071 1363 bus
1096 1322 1296 1375 exemplo
1323 1327 1366 1364 et
1389 1322 1663 1364 admirationi
1683 1329 1809 1366 esset.

990 1379 1196 1420 Vieennis
1233 1379 1344 1420 inter
1385 1379 1637 1421 claustrales
1674 1381 1810 1422 sancti

990 1435 1142 1476 Basilii
1165 1435 1362 1477 alumnos
1386 1435 1671 1477 monasticam
1689 1438 1809 1487 regu-

990 1492 1077 1533 lam
1099 1492 1340 1544 professus,
1367 1492 1523 1533 mirum
1548 1505 1656 1544 quos
1679 1492 1722 1533 in
1741 1505 1809 1533 ev-

991 1548 1185 1600 angelica
1199 1548 1465 1600 perfectione
1480 1550 1738 1601 progressus
1753 1549 1809 1589 fe-

991 1605 1109 1646 cerit.
1143 1603 1285 1646 Nudis
1307 1604 1511 1658 pedibus,
1535 1603 1810 1655 frigidissima

990 1661 1092 1703 licet
1120 1661 1325 1702 saeviente
1353 1661 1541 1712 regionis
1566 1660 1723 1710 hieme,
1750 1661 1809 1701 in-

991 1716 1190 1759 cedebat:
1216 1730 1366 1758 carnes
1389 1730 1639 1769 numquam,
1664 1717 1810 1757 vinum

990 1774 1161 1815 nonnisi
1180 1786 1234 1815 ex
1253 1772 1501 1814 obedientia
1520 1772 1727 1821 adhibuit,
1745 1785 1809 1813 38-

989 1830 1268 1883 perrimoque
1296 1829 1435 1870 cilicio
1462 1828 1518 1870 ad
1549 1828 1715 1870 obitum
1742 1843 1808 1870 us-

991 1899 1075 1939 que
1103 1899 1262 1939 corpus
1290 1885 1451 1927 afflixit.
1489 1885 1708 1926 Castitatis
1734 1886 1808 1926 flo—

989 1955 1091 1993 rem,
1112 1955 1241 1994 quem
1260 1942 1314 1983 ab
1334 1941 1627 1983 adolescentia
1641 1940 1810 1992 Virgini

989 1999 1192 2051 Deiparae
1218 2000 1414 2046 voverat,
1441 1997 1696 2039 inviolatum
1723 2010 1808 2039 ser-

988 2056 1118 2097 vavit.
1157 2054 1344 2096 Virtutis
1381 2053 1681 2105 doctrinaeque
1718 2054 1808 2106 ejus

988 2111 1112 2153 brevi
1127 2111 1188 2152 sic
1202 2111 1316 2152 fama
1332 2109 1590 2163 percrebuit,
1605 2114 1652 2150 ut
1663 2122 1809 2161 quam-

989 2168 1054 2208 vis
1069 2167 1218 2219 ji'mior,
1235 2166 1408 2219 Bytenii
1420 2165 1683 2207 monasterio
1699 2178 1807 2218 prae-

987 2224 1127 2265 fectus
1163 2223 1235 2273 sit,
1278 2235 1382 2263 mox
1417 2221 1637 2264 Vilnensis
1673 2220 1806 2262 arehi-

987 2278 1219 2329 mandrita,
1240 2291 1300 2320 -ac
1324 2278 1498 2320 demum
1521 2276 1806 2329 archiepisco-

987 2349 1070 2388 pus
1104 2334 1374 2384 Polocensis,
1419 2334 1578 2375 invitus
1616 2331 1807 2384 quidem,

988 2392 1068 2434 sed
1094 2391 1330 2433 Catholicis
1355 2388 1652 2442 gestientibus,
1679 2387 1808 2430 faerit

988 2448 1268 2490 renuntiatus.

1040 2506 1090 2544 R.
1121 2504 1366 2545 Honestum
1389 2501 1501 2543 fecit.
1524 2501 1603 2542 10*

1296 2568 1444 2608 Lectio
1467 2581 1502 2606 v.

988 2620 1135 2725 Hac
1166 2623 1374 2675 dignitate
1406 2626 1576 2672 auctus,
1614 2619 1718 2661 nihil
1750 2618 1804 2660 de

1096 2681 1231 2735 priori
1262 2678 1435 2720 vivendi
1466 2677 1632 2719 ratione
1662 2676 1804 2716 remit-

987 2743 1102 2788 tens,
1139 2735 1311 2778 nonnisi
1342 2734 1534 2776 divinum
1566 2732 1729 2774 cultum
1761 2734 1805 2772 et
