2080 2990
790 239 1002 275 Commune
1024 240 1317 285 Apostolorum.

1839 243 1909 288 [15]

196 341 364 382 sionem
390 353 550 390 meam,
586 345 630 382 et
656 339 1025 381 resurrectionem

195 409 349 439 meam.

245 453 506 495 Intellexisti
525 452 814 505 cogitationes
832 464 954 493 meas
969 451 1024 493 de

194 509 338 562 longe:
356 510 380 536 *
401 511 600 552 semitam
619 522 778 559 meam,
799 513 843 550 et
862 508 1024 550 fum‘cu-

194 566 284 607 lum
302 580 450 608 meum
467 566 751 618 investigasti.

245 623 302 665 Et
329 636 481 666 omnes
501 623 596 665 vias
619 635 741 665 meas
764 622 1024 676 praevidisti:

193 679 216 705 *
233 680 334 732 quia
348 693 437 722 non
452 686 519 723 est
534 693 679 723 sermo
693 680 737 721 in
754 679 901 730 lingua
915 691 1024 720 mea.

244 737 360 779 Ecce
388 737 577 787 Domine
612 742 662 779 tu
697 736 943 788 cognovisti
980 737 1023 777 o-

192 793 310 835 mnia
341 794 593 846 novissima,
627 798 671 836 et
698 795 892 846 antiqua:
919 792 943 818 *
975 796 1024 834 tu

192 850 391 892 formasti
409 864 495 902 me,
523 855 567 893 et
585 850 773 904 posuisti
796 861 929 903 super
952 862 1022 891 me

193 919 371 948 manum
389 912 520 949 tuam.

243 963 456 1006 Mirabilis
488 964 605 1006 facta
635 968 703 1006 est
735 963 917 1006 scientia
947 967 1023 1004 tua

191 1031 247 1061 ex
277 1033 364 1062 me:
395 1021 420 1047 *
451 1021 701 1063 confortata
733 1025 816 1071 est,
858 1024 902 1062 et
933 1032 1022 1062 non

190 1078 350 1129 potero
370 1077 427 1120 ad
445 1090 553 1120 eam.

243 1134 341 1184 Quo
364 1134 439 1177 ibo
464 1148 490 1176 a
513 1134 670 1188 spiritu
691 1132 794 1177 tuo?
817 1134 841 1160 *
864 1138 909 1176 et
933 1145 1020 1186 quo

190 1202 216 1231 a
234 1190 345 1233 facie
364 1195 440 1233 tua
458 1190 645 1243 fugiam?

241 1247 287 1289 Si
313 1248 555 1291 ascendero
579 1249 624 1290 in
648 1248 825 1298 coelum,
858 1252 907 1290 tu
932 1247 1020 1289 illic

190 1316 254 1345 es:
285 1304 310 1330 *
342 1305 380 1346 si
412 1305 685 1348 descendero
717 1305 761 1347 in
793 1305 1020 1354 infernum,

188 1359 306 1402 ades.

239 1418 286 1459 Si
313 1421 545 1472 sumpsero
573 1431 740 1472 pennas
767 1431 890 1461 meas
912 1417 1019 1460 dilu-

189 1473 304 1524 culo,
332 1475 356 1500 *
386 1480 430 1517 et
453 1475 711 1518 habitavero
739 1475 783 1517 in
812 1475 1019 1518 extremis

187 1543 336 1572 mans:

239 1587 413 1630 Etenim
435 1588 539 1631 illuc
557 1601 711 1631 manus
734 1593 811 1631 tua
829 1588 1020 1631 deducet

187 1657 271 1686 me:
290 1645 314 1670 *
333 1650 377 1687 et
390 1645 557 1688 tenebit
575 1659 646 1688 me
665 1646 848 1688 dextera
867 1650 953 1687 tua.

237 1701 295 1743 Et
320 1700 426 1743 dixi:
459 1703 665 1744 Forsitan
693 1702 889 1744 tenebrae
918 1715 1017 1744 con-

187 1757 421 1800 culcabunt
439 1772 525 1801 me:
543 1759 568 1786 *
587 1764 631 1802 et
650 1772 739 1802 nox
758 1759 1017 1802 illuminatio

184 1827 285 1859 mea
302 1815 347 1856 in
367 1815 534 1858 deliciis
551 1817 675 1859 meis.

237 1872 350 1922 Quia
376 1872 571 1915 tenebrae
603 1886 692 1915 non
720 1873 1016 1915 obscurabun-

185 1932 256 1970 tur
271 1941 296 1970 a
313 1933 368 1979 te,
388 1933 433 1971 et
450 1942 540 1971 nox
559 1929 672 1971 sicut
692 1929 786 1972 dies
804 1929 1015 1971 illumina-

184 1984 317 2027 bitur:
338 1986 362 2012 *
390 1986 503 2028 sicut
529 1986 726 2029 tenebrae
755 1987 856 2039 ejus,
883 1987 946 2028 ita
973 1992 1017 2029 et

183 2041 330 2084 lumen
350 2043 452 2095 ejus.

235 2099 348 2150 Quia
365 2104 414 2141 tu
432 2099 672 2153 possedisti
690 2112 818 2142 renes
836 2112 977 2142 meos:
991 2101 1015 2126 ¹⁸¹

185 2157 419 2210 suscepisti
431 2169 502 2199 me
514 2156 569 2198 de
584 2159 711 2198 utero
726 2157 878 2199 matris
893 2170 1015 2198 meae.

237 2211 493 2255 Confitebor
525 2212 605 2255 tibi
634 2213 736 2266 quia
762 2213 1015 2256 terribiliter

183 2269 487 2320 magnificatus
508 2283 570 2312 es:
594 2270 617 2296 *
645 2270 861 2312 mirabilia
879 2271 1016 2323 opera

183 2329 269 2375 tua,
289 2330 334 2368 et
352 2327 496 2368 anima
515 2340 615 2369 mea
629 2327 858 2379 cognoscit
875 2327 1014 2368 nimis.

234 2381 337 2424 Non
361 2387 429 2425 est
454 2383 724 2426 occultatum
748 2396 799 2426 os
824 2397 970 2426 meum
989 2397 1015 2425 a

184 2443 239 2489 te,
259 2439 379 2491 quod
392 2440 535 2482 fecisti
547 2441 592 2482 in
607 2440 797 2483 occalto:
812 2441 836 2467 *
851 2445 896 2483 et
915 2440 1013 2482 sub-

184 2495 344 2537 stantia
361 2509 460 2539 mea
478 2497 523 2538 in
540 2497 821 2540 inferioribus
840 2502 983 2539 terrae.

235 2552 547 2605 Imperfectum
572 2567 720 2596 meum
741 2554 945 2596 viderunt
969 2556 1012 2595 o-

184 2607 270 2649 culi
288 2609 363 2659 tui,
384 2614 428 2651 et
445 2610 490 2651 in
507 2610 620 2653 libro
639 2616 717 2653 tuo
738 2623 891 2653 omnes
911 2611 1012 2652 scri-

183 2664 357 2707 bentur:
397 2666 422 2692 *
463 2666 558 2709 dies
599 2667 924 2717 formabantur,
970 2672 1014 2709 et

182 2734 311 2764 nemo
331 2722 376 2763 in
395 2723 469 2764 eis.

234 2778 340 2820 Mihi
379 2784 528 2822 autem
566 2781 694 2823 nimis
734 2780 1013 2824 honorificati

1078 343 1180 379 sunt
1206 340 1334 380 amici
1357 341 1421 381 tui
1447 341 1582 382 Deus:
1606 341 1629 366 *
1655 341 1783 382 nimis
1809 354 1910 383 con-

1077 395 1266 437 fortatus
1286 401 1354 438 est
1371 397 1644 450 principatus
1668 399 1832 439 eorum.

1129 452 1430 495 Dinumerabo
1456 466 1549 503 eOS‚
1584 459 1628 496 et
1659 467 1792 507 super
1819 457 1909 496 are-

1077 521 1178 549 nam
1196 509 1617 563 multiplicabuntur:
1631 511 1655 537 *
1672 512 1909 561 exsurrexi,

1078 570 1122 607 et
1141 565 1285 607 adhuc
1304 579 1402 608 sum
1420 571 1579 608 tecum.

1128 622 1172 663 Si
1198 622 1414 665 occideris
1438 624 1560 665 Deus
1585 626 1859 676 peccateres:
1885 626 1908 651 *

1077 679 1158 720 viri
1178 681 1438 731 sanguinum
1458 680 1674 723 declinate
1694 694 1719 722 a
1737 694 1822 723 me:

1130 736 1242 786 Quia
1267 736 1410 779 dicitis
1432 737 1477 778 in
1496 737 1779 789 cogitatione:
1798 738 1821 764 *
1841 751 1908 780 ac-

1076 794 1240 845 cipient
1258 794 1302 834 in
1322 794 1515 836 vanitate
1535 795 1736 836 civitates
1755 799 1864 836 tuas.

1127 850 1286 892 Nonne
1317 851 1391 904 qui
1421 851 1610 893 oderunt
1637 856 1682 893 te
1708 851 1907 902 Domine,

1076 905 1280 948 oderam?
1304 908 1328 934 *
1355 912 1399 950 et
1426 921 1560 961 super
1584 908 1784 950 inimicos
1808 913 1908 951 tuos

1075 962 1381 1014 tabescebam?

1126 1021 1329 1063 Perfecto
1354 1020 1458 1063 odio
1483 1021 1665 1064 oderam
1688 1021 1802 1065 illos:
1820 1023 1845 1050 *
1865 1028 1909 1065 et
1956 1069 1957 1072 ,

1074 1077 1236 1119 inimici
1254 1078 1360 1120 facti
1380 1083 1481 1120 sunt
1498 1078 1616 1120 mihi,

1126 1134 1274 1177 Proba
1296 1148 1367 1177 me
1385 1135 1508 1177 Deus
1529 1140 1573 1178 et
1591 1135 1704 1178 scito
1724 1149 1802 1178 cor
1820 1149 1907 1179 me·

1074 1205 1162 1233 um:
1188 1192 1212 1217 *
1239 1192 1462 1244 interroga
1489 1206 1575 1243 me,
1614 1197 1658 1235 et
1685 1195 1906 1245 cognosce

1074 1249 1252 1291 semitas
1270 1262 1402 1291 meas.

1124 1306 1182 1348 Et
1205 1305 1322 1356 vide,
1352 1307 1389 1347 si
1412 1306 1482 1348 via
1506 1306 1747 1359 iniquitatis
1772 1307 1815 1347 in
1835 1320 1905 1349 me

1073 1367 1155 1404 est:
1173 1363 1197 1389 *
1217 1367 1261 1405 et
1280 1362 1424 1405 deduc
1443 1376 1514 1405 me
1532 1364 1577 1404 in
1596 1364 1667 1405 via
1686 1365 1861 1406 aeterna.

1131 1422 1230 1463 Ant.
1245 1423 1532 1466 Consortatus
1548 1430 1615 1467 est
1632 1425 1904 1478 principatus

1073 1482 1241 1531 eorum,
1270 1485 1314 1523 et
1337 1481 1543 1524 honorati
1566 1486 1667 1524 sunt
1689 1482 1817 1524 amici
1842 1483 1905 1524 tui

1072 1538 1204 1580 Deus.

1153 1596 1415 1649 Capitulum.
1561 1598 1719 1650 Ephes.
1734 1599 1770 1638 2.
1787 1597 1826 1638 d.

1072 1648 1307 1754 Fratres:
1342 1659 1367 1701 J
1370 1672 1441 1701 am
1459 1673 1547 1702 non
1567 1660 1673 1708 estis
1692 1660 1903 1714 hospites,

1167 1721 1212 1758 et
1230 1716 1428 1758 advenae:
1457 1717 1538 1759 sed
1553 1717 1659 1759 estis
1675 1718 1793 1759 cives
1808 1731 1902 1759 san-

1071 1774 1258 1824 ctorum,
1293 1779 1336 1816 et
1364 1773 1594 1815 domestici
1622 1775 1720 1816 Dei:
1753 1787 1901 1827 super-

1070 1829 1278 1872 aedificati
1293 1843 1426 1883 super
1440 1830 1771 1872 fundamentum
1782 1831 1901 1884 Apo-

1070 1886 1286 1928 stolorum
1330 1892 1374 1928 et
1415 1886 1757 1940 Prophetarum,
1802 1887 1900 1940 ipso

1070 1947 1196 1984 suffio
1216 1943 1414 1995 angulari
1432 1943 1579 1996 lapide
1595 1943 1770 1986 Christo
1785 1944 1810 1985 J
1813 1957 1916 1988 esu..

1122 1998 1173 2049 Rr-
1198 2000 1296 2042 Deo
1314 2000 1492 2051 gratias.

1379 2070 1591 2122 Hymnus.

1227 2140 1392 2183 xsultet
1411 2140 1531 2182 orbis
1549 2141 1735 2193 gaudiis:

1251 2197 1423 2239 Coelum
1442 2198 1627 2240 resultet
1646 2197 1864 2240 laadibus:

1198 2254 1521 2306 Apostolorum
1539 2254 1725 2306 gloriam

1197 2310 1348 2352 Tellus
1368 2316 1412 2353 et
1431 2316 1551 2353 astra
1569 2312 1814 2353 concinunt.

1150 2371 1240 2417 Vos
1260 2376 1524 2419 saeculorum
1542 2376 1720 2429 judices,

1196 2432 1254 2474 Et
1272 2445 1377 2475 vera
1394 2433 1546 2475 mundi
1564 2433 1737 2482 lamina,

1144 2488 1274 2544 Votis
1293 2493 1527 2543 precamur
1546 2489 1759 2532 cordium:

1195 2545 1360 2588 Audite
1379 2560 1512 2589 voces
1532 2546 1790 2599 sapplieum.

1142 2606 1229 2655 Quj
1247 2611 1413 2664 templa
1431 2611 1533 2654 coeli
1553 2611 1766 2660 clauditis,

1195 2668 1414 2721 Serasque
1431 2668 1569 2710 verbo
1590 2668 1773 2716 solvitis,

1193 2723 1290 2766 Nos
1309 2738 1336 2766 a
1353 2727 1480 2767 reatu
1498 2725 1656 2766 noxios

1194 2781 1316 2823 Solvi
1333 2781 1490 2834 jubete,
1519 2784 1789 2834 quaesumus..
