<?xml version="1.0" encoding="UTF-8"?>
<!DOCTYPE html PUBLIC "-//W3C//DTD XHTML 1.0 Transitional//EN"
    "http://www.w3.org/TR/xhtml1/DTD/xhtml1-transitional.dtd">
<html xmlns="http://www.w3.org/1999/xhtml" xml:lang="en" lang="en">
 <head>
  <title>
</title>
<meta http-equiv="Content-Type" content="text/html;charset=utf-8" />
  <meta name='ocr-system' content='tesseract 3.04.00' />
  <meta name='ocr-capabilities' content='ocr_page ocr_carea ocr_par ocr_line ocrx_word'/>
</head>
<body>
  <div class='ocr_page' id='page_1' title='image "./p1breviariumroma00cathuoft_0931.png"; bbox 0 0 2080 2990; ppageno 0'>
   <div class='ocr_carea' id='block_1_1' title="bbox 260 227 1823 270">
    <p class='ocr_par' dir='ltr' id='par_1_1' title="bbox 260 227 1823 270">
     <span class='ocr_line' id='line_1_1' title="bbox 260 227 1823 270; baseline 0 -7"><span class='ocrx_word' id='word_1_1' title='bbox 260 230 329 263; x_wconf 79' lang='lat' dir='ltr'>Dic</span> <span class='ocrx_word' id='word_1_2' title='bbox 352 229 397 262; x_wconf 78' lang='lat'>15.</span> <span class='ocrx_word' id='word_1_3' title='bbox 416 228 523 261; x_wconf 60' lang='lat' dir='ltr'>Febr.</span> <span class='ocrx_word' id='word_1_4' title='bbox 548 227 582 261; x_wconf 74' lang='lat' dir='ltr'>S.</span> <span class='ocrx_word' id='word_1_5' title='bbox 601 227 772 261; x_wconf 58' lang='lat' dir='ltr'>Martium</span> <span class='ocrx_word' id='word_1_6' title='bbox 793 227 891 269; x_wconf 62' lang='lat' dir='ltr'>Virg.</span> <span class='ocrx_word' id='word_1_7' title='bbox 911 232 945 260; x_wconf 84' lang='lat' dir='ltr'>ct</span> <span class='ocrx_word' id='word_1_8' title='bbox 963 227 1067 260; x_wconf 80' lang='lat' dir='ltr'>Mart.</span> <span class='ocrx_word' id='word_1_9' title='bbox 1082 246 1093 250; x_wconf 93' lang='lat'><em>-</em></span> <span class='ocrx_word' id='word_1_10' title='bbox 1110 227 1155 259; x_wconf 67' lang='lat'>1⁴3.</span> <span class='ocrx_word' id='word_1_11' title='bbox 1182 227 1221 260; x_wconf 71' lang='grc' dir='ltr'>Ρ»,</span> <span class='ocrx_word' id='word_1_12' title='bbox 1239 228 1411 267; x_wconf 55' lang='lat' dir='ltr'>(ires-:mii</span> <span class='ocrx_word' id='word_1_13' title='bbox 1436 228 1477 261; x_wconf 68' lang='lat' dir='ltr'>X.</span> <span class='ocrx_word' id='word_1_14' title='bbox 1501 228 1584 270; x_wconf 69' lang='lat' dir='ltr'>l&#39;ap.</span> <span class='ocrx_word' id='word_1_15' title='bbox 1605 234 1636 262; x_wconf 72' lang='lat' dir='ltr'>ct</span> <span class='ocrx_word' id='word_1_16' title='bbox 1656 230 1709 262; x_wconf 72' lang='lat' dir='ltr'>(Is.</span> <span class='ocrx_word' id='word_1_17' title='bbox 1759 228 1823 263; x_wconf 79' lang='lat'>25*</span> 
     </span>
    </p>
   </div>
   <div class='ocr_carea' id='block_1_2' title="bbox 145 286 1831 301">
    <p class='ocr_par' dir='ltr' id='par_1_2' title="bbox 145 286 1831 301">
     <span class='ocr_line' id='line_1_2' title="bbox 145 286 1831 301; baseline 0 2689"><span class='ocrx_word' id='word_1_18' title='bbox 145 286 1831 301; x_wconf 95' lang='lat' dir='ltr'> </span> 
     </span>
    </p>
   </div>
   <div class='ocr_carea' id='block_1_3' title="bbox 148 322 965 934">
    <p class='ocr_par' dir='ltr' id='par_1_3' title="bbox 148 322 965 934">
     <span class='ocr_line' id='line_1_3' title="bbox 149 322 963 373; baseline 0 -8"><span class='ocrx_word' id='word_1_19' title='bbox 149 323 358 373; x_wconf 81' lang='lat' dir='ltr'>Ecclesia,</span> <span class='ocrx_word' id='word_1_20' title='bbox 387 328 429 365; x_wconf 88' lang='lat' dir='ltr'>et</span> <span class='ocrx_word' id='word_1_21' title='bbox 453 322 718 365; x_wconf 78' lang='lat' dir='ltr'>definiendas</span> <span class='ocrx_word' id='word_1_22' title='bbox 742 323 845 365; x_wconf 91' lang='lat' dir='ltr'>fidei</span> <span class='ocrx_word' id='word_1_23' title='bbox 865 337 963 365; x_wconf 89' lang='lat' dir='ltr'>con-</span> 
     </span>
     <span class='ocr_line' id='line_1_4' title="bbox 148 380 963 432; baseline 0.001 -11"><span class='ocrx_word' id='word_1_24' title='bbox 148 380 398 429; x_wconf 79' lang='lat' dir='ltr'>troversias,</span> <span class='ocrx_word' id='word_1_25' title='bbox 434 392 531 432; x_wconf 90' lang='lat' dir='ltr'>quae</span> <span class='ocrx_word' id='word_1_26' title='bbox 555 384 649 421; x_wconf 89' lang='lat' dir='ltr'>toto</span> <span class='ocrx_word' id='word_1_27' title='bbox 674 380 764 421; x_wconf 90' lang='lat' dir='ltr'>fere</span> <span class='ocrx_word' id='word_1_28' title='bbox 788 380 963 422; x_wconf 80' lang='lat' dir='ltr'>Oriente</span> 
     </span>
     <span class='ocr_line' id='line_1_5' title="bbox 148 436 964 488; baseline 0.001 -11"><span class='ocrx_word' id='word_1_29' title='bbox 148 436 358 477; x_wconf 82' lang='lat' dir='ltr'>maximas</span> <span class='ocrx_word' id='word_1_30' title='bbox 376 438 660 488; x_wconf 79' lang='lat' dir='ltr'>tempestates</span> <span class='ocrx_word' id='word_1_31' title='bbox 677 441 805 488; x_wconf 91' lang='lat' dir='ltr'>atque</span> <span class='ocrx_word' id='word_1_32' title='bbox 819 439 964 478; x_wconf 89' lang='lat' dir='ltr'>ruinas</span> 
     </span>
     <span class='ocr_line' id='line_1_6' title="bbox 149 491 963 544; baseline 0 -10"><span class='ocrx_word' id='word_1_33' title='bbox 149 493 404 542; x_wconf 80' lang='lat' dir='ltr'>excitarant,</span> <span class='ocrx_word' id='word_1_34' title='bbox 448 491 737 544; x_wconf 63' lang='lat' dir='ltr'>provinciales</span> <span class='ocrx_word' id='word_1_35' title='bbox 773 492 963 544; x_wconf 73' lang='lat' dir='ltr'>synodos</span> 
     </span>
     <span class='ocr_line' id='line_1_7' title="bbox 148 547 963 600; baseline 0.001 -12"><span class='ocrx_word' id='word_1_36' title='bbox 148 549 191 588; x_wconf 90' lang='lat' dir='ltr'>in</span> <span class='ocrx_word' id='word_1_37' title='bbox 207 547 444 590; x_wconf 79' lang='lat' dir='ltr'>Occidente</span> <span class='ocrx_word' id='word_1_38' title='bbox 458 547 609 589; x_wconf 81' lang='lat' dir='ltr'>haberi</span> <span class='ocrx_word' id='word_1_39' title='bbox 623 548 798 597; x_wconf 81' lang='lat' dir='ltr'>curavit,</span> <span class='ocrx_word' id='word_1_40' title='bbox 816 549 860 588; x_wconf 91' lang='lat' dir='ltr'>in</span> <span class='ocrx_word' id='word_1_41' title='bbox 875 549 963 600; x_wconf 92' lang='lat' dir='ltr'>qui-</span> 
     </span>
     <span class='ocr_line' id='line_1_8' title="bbox 148 604 962 646; baseline 0 0"><span class='ocrx_word' id='word_1_42' title='bbox 148 604 230 646; x_wconf 93' lang='lat' dir='ltr'>bus</span> <span class='ocrx_word' id='word_1_43' title='bbox 257 604 641 646; x_wconf 79' lang='lat' dir='ltr'>Monothelitarum</span> <span class='ocrx_word' id='word_1_44' title='bbox 669 617 799 645; x_wconf 88' lang='lat' dir='ltr'>causa</span> <span class='ocrx_word' id='word_1_45' title='bbox 826 604 962 646; x_wconf 90' lang='lat' dir='ltr'>discu-</span> 
     </span>
     <span class='ocr_line' id='line_1_9' title="bbox 148 661 953 711; baseline 0 -9"><span class='ocrx_word' id='word_1_46' title='bbox 148 663 323 711; x_wconf 80' lang='lat' dir='ltr'>teretur,</span> <span class='ocrx_word' id='word_1_47' title='bbox 343 666 386 702; x_wconf 91' lang='lat' dir='ltr'>et</span> <span class='ocrx_word' id='word_1_48' title='bbox 406 661 710 703; x_wconf 82' lang='lat' dir='ltr'>damnarentur</span> <span class='ocrx_word' id='word_1_49' title='bbox 729 663 907 702; x_wconf 90' lang='lat' dir='ltr'>errores.</span> <span class='ocrx_word' id='word_1_50' title='bbox 947 690 953 691; x_wconf 22' lang='grc' dir='ltr'><em>κ</em></span> 
     </span>
     <span class='ocr_line' id='line_1_10' title="bbox 200 716 820 771; baseline -0.003 -12"><span class='ocrx_word' id='word_1_51' title='bbox 200 720 250 771; x_wconf 88' lang='lat' dir='ltr'>R.</span> <span class='ocrx_word' id='word_1_52' title='bbox 278 718 410 759; x_wconf 92' lang='lat' dir='ltr'>Posui</span> <span class='ocrx_word' id='word_1_53' title='bbox 442 716 714 769; x_wconf 86' lang='lat' dir='ltr'>adjutorium.</span> <span class='ocrx_word' id='word_1_54' title='bbox 741 718 820 757; x_wconf 84' lang='lat'>24*</span> 
     </span>
     <span class='ocr_line' id='line_1_11' title="bbox 345 774 665 814; baseline -0.006 0"><span class='ocrx_word' id='word_1_55' title='bbox 345 777 348 782; x_wconf 74' lang='grc'>“</span> <span class='ocrx_word' id='word_1_56' title='bbox 444 774 593 814; x_wconf 84' lang='lat' dir='ltr'>Lectio</span> <span class='ocrx_word' id='word_1_57' title='bbox 614 774 665 812; x_wconf 82' lang='lat' dir='ltr'>vi.</span> 
     </span>
     <span class='ocr_line' id='line_1_12' title="bbox 148 829 965 934; baseline 0 -63"><span class='ocrx_word' id='word_1_58' title='bbox 148 829 277 934; x_wconf 88' lang='lat' dir='ltr'>His</span> <span class='ocrx_word' id='word_1_59' title='bbox 295 830 548 884; x_wconf 84' lang='lat' dir='ltr'>praemissis,</span> <span class='ocrx_word' id='word_1_60' title='bbox 571 829 761 880; x_wconf 77' lang='lat' dir='ltr'>Legatos</span> <span class='ocrx_word' id='word_1_61' title='bbox 782 842 898 879; x_wconf 76' lang='lat' dir='ltr'>suOS,</span> <span class='ocrx_word' id='word_1_62' title='bbox 922 835 965 871; x_wconf 93' lang='lat' dir='ltr'>et</span> 
     </span>
    </p>
   </div>
   <div class='ocr_carea' id='block_1_4' title="bbox 251 885 971 934">
    <p class='ocr_par' dir='ltr' id='par_1_4' title="bbox 251 885 971 934">
     <span class='ocr_line' id='line_1_13' title="bbox 251 885 971 934; baseline -0.003 -6"><span class='ocrx_word' id='word_1_63' title='bbox 251 886 422 929; x_wconf 91' lang='lat' dir='ltr'>concilii</span> <span class='ocrx_word' id='word_1_64' title='bbox 457 885 661 934; x_wconf 80' lang='lat' dir='ltr'>Romani,</span> <span class='ocrx_word' id='word_1_65' title='bbox 704 885 820 927; x_wconf 84' lang='lat' dir='ltr'>misit</span> <span class='ocrx_word' id='word_1_66' title='bbox 857 886 971 930; x_wconf 78' lang='lat' dir='ltr'>Con-,</span> 
     </span>
    </p>
   </div>
   <div class='ocr_carea' id='block_1_5' title="bbox 146 941 964 1164">
    <p class='ocr_par' dir='ltr' id='par_1_5' title="bbox 146 941 964 1164">
     <span class='ocr_line' id='line_1_14' title="bbox 148 941 964 996; baseline -0.001 -11"><span class='ocrx_word' id='word_1_67' title='bbox 148 943 476 996; x_wconf 87' lang='lat' dir='ltr'>stantinopolim</span> <span class='ocrx_word' id='word_1_68' title='bbox 494 955 592 983; x_wconf 91' lang='lat' dir='ltr'>cum</span> <span class='ocrx_word' id='word_1_69' title='bbox 610 941 723 983; x_wconf 89' lang='lat' dir='ltr'>binis</span> <span class='ocrx_word' id='word_1_70' title='bbox 738 941 890 982; x_wconf 91' lang='lat' dir='ltr'>litteris</span> <span class='ocrx_word' id='word_1_71' title='bbox 909 942 964 984; x_wconf 91' lang='lat' dir='ltr'>ad</span> 
     </span>
     <span class='ocr_line' id='line_1_15' title="bbox 147 997 964 1053; baseline -0.001 -12"><span class='ocrx_word' id='word_1_72' title='bbox 147 1001 472 1053; x_wconf 89' lang='lat' dir='ltr'>imperatorem,</span> <span class='ocrx_word' id='word_1_73' title='bbox 504 999 547 1039; x_wconf 92' lang='lat' dir='ltr'>in</span> <span class='ocrx_word' id='word_1_74' title='bbox 574 997 731 1050; x_wconf 90' lang='lat' dir='ltr'>quibus</span> <span class='ocrx_word' id='word_1_75' title='bbox 754 997 964 1050; x_wconf 84' lang='lat' dir='ltr'>praedicta</span> 
     </span>
     <span class='ocr_line' id='line_1_16' title="bbox 147 1054 962 1105; baseline -0.005 -7"><span class='ocrx_word' id='word_1_76' title='bbox 147 1057 304 1098; x_wconf 77' lang='lat' dir='ltr'>haeresi</span> <span class='ocrx_word' id='word_1_77' title='bbox 327 1056 472 1105; x_wconf 90' lang='lat' dir='ltr'>docte,</span> <span class='ocrx_word' id='word_1_78' title='bbox 500 1055 594 1096; x_wconf 89' lang='lat' dir='ltr'>fuse</span> <span class='ocrx_word' id='word_1_79' title='bbox 620 1067 670 1095; x_wconf 88' lang='lat' dir='ltr'>ac</span> <span class='ocrx_word' id='word_1_80' title='bbox 696 1054 835 1095; x_wconf 88' lang='lat' dir='ltr'>solide</span> <span class='ocrx_word' id='word_1_81' title='bbox 855 1055 962 1095; x_wconf 91' lang='lat' dir='ltr'>refu-</span> 
     </span>
     <span class='ocr_line' id='line_1_17' title="bbox 146 1110 963 1164; baseline -0.002 -10"><span class='ocrx_word' id='word_1_82' title='bbox 146 1115 255 1163; x_wconf 81' lang='lat' dir='ltr'>tata,</span> <span class='ocrx_word' id='word_1_83' title='bbox 283 1112 586 1164; x_wconf 85' lang='lat' dir='ltr'>damnatisque</span> <span class='ocrx_word' id='word_1_84' title='bbox 610 1110 826 1163; x_wconf 81' lang='lat' dir='ltr'>primariis</span> <span class='ocrx_word' id='word_1_85' title='bbox 850 1111 963 1152; x_wconf 91' lang='lat' dir='ltr'>illius</span> 
     </span>
    </p>
   </div>
   <div class='ocr_carea' id='block_1_6' title="bbox 147 1167 1021 1220">
    <p class='ocr_par' dir='ltr' id='par_1_6' title="bbox 147 1167 1116 1223">
     <span class='ocr_line' id='line_1_18' title="bbox 147 1167 1021 1220; baseline -0.005 -9"><span class='ocrx_word' id='word_1_86' title='bbox 147 1168 446 1218; x_wconf 67' lang='lat' dir='ltr'>sectatoribus,</span> <span class='ocrx_word' id='word_1_87' title='bbox 469 1168 618 1219; x_wconf 76' lang='lat' dir='ltr'>sergio</span> <span class='ocrx_word' id='word_1_88' title='bbox 640 1167 814 1216; x_wconf 84' lang='lat' dir='ltr'>scilicet,</span> <span class='ocrx_word' id='word_1_89' title='bbox 839 1167 962 1219; x_wconf 86' lang='lat' dir='ltr'>Cyro,</span> <span class='ocrx_word' id='word_1_90' title='bbox 1019 1197 1021 1220; x_wconf 69' lang='lat' dir='ltr'>s</span> 
     </span>
    </p>
   </div>
   <div class='ocr_carea' id='block_1_7' title="bbox 145 1223 963 1956">
    <p class='ocr_par' dir='ltr' id='par_1_7' title="bbox 145 1223 963 1956">
     <span class='ocr_line' id='line_1_19' title="bbox 145 1223 963 1278; baseline -0.005 -10"><span class='ocrx_word' id='word_1_91' title='bbox 145 1227 293 1276; x_wconf 85' lang='lat' dir='ltr'>Paulo,</span> <span class='ocrx_word' id='word_1_92' title='bbox 311 1224 491 1278; x_wconf 89' lang='lat' dir='ltr'>Pyrrho,</span> <span class='ocrx_word' id='word_1_93' title='bbox 509 1225 641 1266; x_wconf 90' lang='lat' dir='ltr'>Petro</span> <span class='ocrx_word' id='word_1_94' title='bbox 663 1228 705 1265; x_wconf 91' lang='lat' dir='ltr'>et</span> <span class='ocrx_word' id='word_1_95' title='bbox 725 1223 829 1272; x_wconf 72' lang='lat' dir='ltr'>aliis,</span> <span class='ocrx_word' id='word_1_96' title='bbox 849 1228 963 1265; x_wconf 90' lang='lat' dir='ltr'>ante-</span> 
     </span>
     <span class='ocr_line' id='line_1_20' title="bbox 148 1280 962 1325; baseline -0.004 0"><span class='ocrx_word' id='word_1_97' title='bbox 148 1285 345 1325; x_wconf 89' lang='lat' dir='ltr'>cessores</span> <span class='ocrx_word' id='word_1_98' title='bbox 365 1294 467 1323; x_wconf 91' lang='lat' dir='ltr'>suos</span> <span class='ocrx_word' id='word_1_99' title='bbox 486 1281 540 1323; x_wconf 92' lang='lat' dir='ltr'>ab</span> <span class='ocrx_word' id='word_1_100' title='bbox 562 1281 678 1322; x_wconf 92' lang='lat' dir='ltr'>omni</span> <span class='ocrx_word' id='word_1_101' title='bbox 694 1281 851 1322; x_wconf 91' lang='lat' dir='ltr'>erroris</span> <span class='ocrx_word' id='word_1_102' title='bbox 866 1280 962 1322; x_wconf 86' lang='lat' dir='ltr'>labe</span> 
     </span>
     <span class='ocr_line' id='line_1_21' title="bbox 145 1338 961 1390; baseline -0.005 -9"><span class='ocrx_word' id='word_1_103' title='bbox 145 1340 358 1381; x_wconf 80' lang='lat' dir='ltr'>immunes</span> <span class='ocrx_word' id='word_1_104' title='bbox 380 1338 606 1390; x_wconf 82' lang='lat' dir='ltr'>hucusque</span> <span class='ocrx_word' id='word_1_105' title='bbox 631 1338 763 1378; x_wconf 90' lang='lat' dir='ltr'>fuisse</span> <span class='ocrx_word' id='word_1_106' title='bbox 790 1338 961 1389; x_wconf 85' lang='lat' dir='ltr'>expres—</span> 
     </span>
     <span class='ocr_line' id='line_1_22' title="bbox 147 1393 963 1445; baseline -0.004 -8"><span class='ocrx_word' id='word_1_107' title='bbox 147 1396 207 1437; x_wconf 87' lang='lat' dir='ltr'>sis</span> <span class='ocrx_word' id='word_1_108' title='bbox 242 1395 386 1438; x_wconf 89' lang='lat' dir='ltr'>verbis</span> <span class='ocrx_word' id='word_1_109' title='bbox 420 1394 669 1437; x_wconf 81' lang='lat' dir='ltr'>declaravit.</span> <span class='ocrx_word' id='word_1_110' title='bbox 722 1393 963 1445; x_wconf 87' lang='lat' dir='ltr'>Agathonis</span> 
     </span>
     <span class='ocr_line' id='line_1_23' title="bbox 146 1449 962 1504; baseline -0.005 -10"><span class='ocrx_word' id='word_1_111' title='bbox 146 1452 274 1504; x_wconf 88' lang='lat' dir='ltr'>igitur</span> <span class='ocrx_word' id='word_1_112' title='bbox 314 1452 572 1494; x_wconf 78' lang='lat' dir='ltr'>auctoritate</span> <span class='ocrx_word' id='word_1_113' title='bbox 613 1455 736 1492; x_wconf 83' lang='lat' dir='ltr'>sexta</span> <span class='ocrx_word' id='word_1_114' title='bbox 772 1449 962 1502; x_wconf 72' lang='lat' dir='ltr'>synodus</span> 
     </span>
     <span class='ocr_line' id='line_1_24' title="bbox 146 1507 963 1559; baseline -0.005 -8"><span class='ocrx_word' id='word_1_115' title='bbox 146 1509 401 1551; x_wconf 80' lang='lat' dir='ltr'>universalis</span> <span class='ocrx_word' id='word_1_116' title='bbox 421 1510 682 1559; x_wconf 77' lang='lat' dir='ltr'>congregata</span> <span class='ocrx_word' id='word_1_117' title='bbox 702 1511 784 1556; x_wconf 90' lang='lat' dir='ltr'>est,</span> <span class='ocrx_word' id='word_1_118' title='bbox 811 1507 853 1547; x_wconf 94' lang='lat' dir='ltr'>in</span> <span class='ocrx_word' id='word_1_119' title='bbox 879 1519 963 1558; x_wconf 93' lang='lat' dir='ltr'>qua</span> 
     </span>
     <span class='ocr_line' id='line_1_25' title="bbox 146 1564 963 1616; baseline -0.005 -9"><span class='ocrx_word' id='word_1_120' title='bbox 146 1564 278 1607; x_wconf 90' lang='lat' dir='ltr'>iidem</span> <span class='ocrx_word' id='word_1_121' title='bbox 310 1567 479 1607; x_wconf 89' lang='lat' dir='ltr'>errores</span> <span class='ocrx_word' id='word_1_122' title='bbox 516 1564 734 1616; x_wconf 80' lang='lat' dir='ltr'>iidemque</span> <span class='ocrx_word' id='word_1_123' title='bbox 769 1565 963 1605; x_wconf 76' lang='lat' dir='ltr'>errantes</span> 
     </span>
     <span class='ocr_line' id='line_1_26' title="bbox 147 1621 962 1663; baseline -0.004 0"><span class='ocrx_word' id='word_1_124' title='bbox 147 1621 339 1663; x_wconf 81' lang='lat' dir='ltr'>damnati</span> <span class='ocrx_word' id='word_1_125' title='bbox 353 1622 534 1663; x_wconf 80' lang='lat' dir='ltr'>fuerunt.</span> <span class='ocrx_word' id='word_1_126' title='bbox 559 1621 745 1662; x_wconf 93' lang='lat' dir='ltr'>Demum</span> <span class='ocrx_word' id='word_1_127' title='bbox 761 1633 859 1661; x_wconf 92' lang='lat' dir='ltr'>cum</span> <span class='ocrx_word' id='word_1_128' title='bbox 872 1624 962 1660; x_wconf 89' lang='lat' dir='ltr'>tres</span> 
     </span>
     <span class='ocr_line' id='line_1_27' title="bbox 147 1678 963 1730; baseline -0.005 -10"><span class='ocrx_word' id='word_1_129' title='bbox 147 1691 283 1720; x_wconf 84' lang='lat' dir='ltr'>annos</span> <span class='ocrx_word' id='word_1_130' title='bbox 310 1683 355 1720; x_wconf 89' lang='lat' dir='ltr'>et</span> <span class='ocrx_word' id='word_1_131' title='bbox 382 1678 572 1730; x_wconf 90' lang='lat' dir='ltr'>quinque</span> <span class='ocrx_word' id='word_1_132' title='bbox 599 1678 768 1719; x_wconf 83' lang='lat' dir='ltr'>circiter</span> <span class='ocrx_word' id='word_1_133' title='bbox 792 1689 963 1717; x_wconf 90' lang='lat' dir='ltr'>menses</span> 
     </span>
     <span class='ocr_line' id='line_1_28' title="bbox 147 1733 963 1788; baseline -0.005 -12"><span class='ocrx_word' id='word_1_134' title='bbox 147 1733 343 1785; x_wconf 86' lang='lat' dir='ltr'>sedisset,</span> <span class='ocrx_word' id='word_1_135' title='bbox 362 1735 433 1788; x_wconf 89' lang='lat' dir='ltr'>pie</span> <span class='ocrx_word' id='word_1_136' title='bbox 453 1734 561 1776; x_wconf 88' lang='lat' dir='ltr'>obiit</span> <span class='ocrx_word' id='word_1_137' title='bbox 578 1735 621 1775; x_wconf 92' lang='lat' dir='ltr'>in</span> <span class='ocrx_word' id='word_1_138' title='bbox 639 1733 839 1783; x_wconf 88' lang='lat' dir='ltr'>Domino,</span> <span class='ocrx_word' id='word_1_139' title='bbox 859 1737 902 1773; x_wconf 87' lang='lat' dir='ltr'>et</span> <span class='ocrx_word' id='word_1_140' title='bbox 920 1733 963 1772; x_wconf 94' lang='lat' dir='ltr'>in</span> 
     </span>
     <span class='ocr_line' id='line_1_29' title="bbox 145 1789 961 1844; baseline -0.001 -11"><span class='ocrx_word' id='word_1_141' title='bbox 145 1791 324 1833; x_wconf 83' lang='lat' dir='ltr'>basilica</span> <span class='ocrx_word' id='word_1_142' title='bbox 341 1792 549 1844; x_wconf 87' lang='lat' dir='ltr'>principis</span> <span class='ocrx_word' id='word_1_143' title='bbox 566 1789 881 1843; x_wconf 90' lang='lat' dir='ltr'>Apostolorum</span> <span class='ocrx_word' id='word_1_144' title='bbox 899 1803 961 1832; x_wconf 93' lang='lat' dir='ltr'>se-</span> 
     </span>
     <span class='ocr_line' id='line_1_30' title="bbox 146 1847 675 1900; baseline -0.002 -11"><span class='ocrx_word' id='word_1_145' title='bbox 146 1847 332 1900; x_wconf 79' lang='lat' dir='ltr'>pulturae</span> <span class='ocrx_word' id='word_1_146' title='bbox 349 1847 580 1890; x_wconf 79' lang='lat' dir='ltr'>mandatus</span> <span class='ocrx_word' id='word_1_147' title='bbox 599 1852 675 1889; x_wconf 89' lang='lat' dir='ltr'>est.</span> 
     </span>
     <span class='ocr_line' id='line_1_31' title="bbox 200 1904 551 1956; baseline 0.003 -13"><span class='ocrx_word' id='word_1_148' title='bbox 200 1904 250 1955; x_wconf 95' lang='lat' dir='ltr'><strong>R.</strong></span> <span class='ocrx_word' id='word_1_149' title='bbox 272 1904 362 1946; x_wconf 83' lang='lat' dir='ltr'>Iste</span> <span class='ocrx_word' id='word_1_150' title='bbox 381 1909 448 1946; x_wconf 90' lang='lat' dir='ltr'>est</span> <span class='ocrx_word' id='word_1_151' title='bbox 467 1904 551 1956; x_wconf 90' lang='lat' dir='ltr'>qui.</span> 
     </span>
    </p>
   </div>
   <div class='ocr_carea' id='block_1_8' title="bbox 147 1965 964 2195">
    <p class='ocr_par' dir='ltr' id='par_1_8' title="bbox 147 1965 964 2195">
     <span class='ocr_line' id='line_1_32' title="bbox 198 1965 963 2006; baseline -0.003 -7"><span class='ocrx_word' id='word_1_152' title='bbox 198 1965 242 1999; x_wconf 93' lang='lat' dir='ltr'>In</span> <span class='ocrx_word' id='word_1_153' title='bbox 265 1966 328 2000; x_wconf 92' lang='lat' dir='ltr'>III.</span> <span class='ocrx_word' id='word_1_154' title='bbox 350 1966 546 2001; x_wconf 86' lang='lat' dir='ltr'>Nocturno</span> <span class='ocrx_word' id='word_1_155' title='bbox 570 1965 736 1999; x_wconf 82' lang='lat' dir='ltr'>Homilia</span> <span class='ocrx_word' id='word_1_156' title='bbox 762 1965 799 1997; x_wconf 87' lang='lat' dir='ltr'>in</span> <span class='ocrx_word' id='word_1_157' title='bbox 821 1965 963 2006; x_wconf 76' lang='lat' dir='ltr'>Evang.</span> 
     </span>
     <span class='ocr_line' id='line_1_33' title="bbox 147 2013 963 2058; baseline -0.004 -9"><span class='ocrx_word' id='word_1_158' title='bbox 147 2014 273 2049; x_wconf 89' lang='lat' dir='ltr'>Homo</span> <span class='ocrx_word' id='word_1_159' title='bbox 291 2015 459 2058; x_wconf 73' lang='lat' dir='ltr'>peregre.</span> <span class='ocrx_word' id='word_1_160' title='bbox 482 2016 527 2049; x_wconf 77' lang='lat' dir='ltr'>de</span> <span class='ocrx_word' id='word_1_161' title='bbox 551 2015 684 2049; x_wconf 73' lang='lat' dir='ltr'>eodem</span> <span class='ocrx_word' id='word_1_162' title='bbox 704 2014 806 2047; x_wconf 72' lang='lat' dir='ltr'>Com.</span> <span class='ocrx_word' id='word_1_163' title='bbox 826 2014 851 2046; x_wconf 92' lang='lat'>1.</span> <span class='ocrx_word' id='word_1_164' title='bbox 868 2013 963 2046; x_wconf 80' lang='lat' dir='ltr'>loco.</span> 
     </span>
     <span class='ocr_line' id='line_1_34' title="bbox 200 2061 964 2105; baseline -0.005 -8"><span class='ocrx_word' id='word_1_165' title='bbox 200 2063 242 2097; x_wconf 93' lang='lat' dir='ltr'>In</span> <span class='ocrx_word' id='word_1_166' title='bbox 267 2063 500 2105; x_wconf 70' lang='lat' dir='ltr'>Quadragcs.</span> <span class='ocrx_word' id='word_1_167' title='bbox 528 2063 657 2097; x_wconf 72' lang='lat' dir='ltr'>Lectio</span> <span class='ocrx_word' id='word_1_168' title='bbox 680 2062 727 2095; x_wconf 82' lang='lat' dir='ltr'>ix.</span> <span class='ocrx_word' id='word_1_169' title='bbox 752 2062 797 2095; x_wconf 78' lang='lat' dir='ltr'>de</span> <span class='ocrx_word' id='word_1_170' title='bbox 816 2061 964 2098; x_wconf 62' lang='lat' dir='ltr'>Homil„</span> 
     </span>
     <span class='ocr_line' id='line_1_35' title="bbox 149 2108 963 2146; baseline -0.006 0"><span class='ocrx_word' id='word_1_171' title='bbox 149 2116 185 2145; x_wconf 87' lang='lat' dir='ltr'>et</span> <span class='ocrx_word' id='word_1_172' title='bbox 209 2122 401 2146; x_wconf 79' lang='lat' dir='ltr'>commem.</span> <span class='ocrx_word' id='word_1_173' title='bbox 423 2112 543 2146; x_wconf 65' lang='lat' dir='ltr'>Fcrizc</span> <span class='ocrx_word' id='word_1_174' title='bbox 569 2111 617 2144; x_wconf 75' lang='lat' dir='ltr'>ad</span> <span class='ocrx_word' id='word_1_175' title='bbox 643 2110 801 2145; x_wconf 67' lang='lat' dir='ltr'>Laudes,</span> <span class='ocrx_word' id='word_1_176' title='bbox 827 2108 963 2142; x_wconf 74' lang='lat' dir='ltr'>deinde</span> 
     </span>
     <span class='ocr_line' id='line_1_36' title="bbox 149 2159 529 2195; baseline -0.005 -1"><span class='ocrx_word' id='word_1_177' title='bbox 149 2159 183 2194; x_wconf 83' lang='lat' dir='ltr'>S.</span> <span class='ocrx_word' id='word_1_178' title='bbox 208 2159 401 2195; x_wconf 84' lang='lat' dir='ltr'>Valentini</span> <span class='ocrx_word' id='word_1_179' title='bbox 424 2160 529 2194; x_wconf 80' lang='lat' dir='ltr'>Mart.</span> 
     </span>
    </p>
   </div>
   <div class='ocr_carea' id='block_1_9' title="bbox 350 2212 760 2286">
    <p class='ocr_par' dir='ltr' id='par_1_9' title="bbox 350 2212 760 2286">
     <span class='ocr_line' id='line_1_37' title="bbox 350 2212 760 2286; baseline -0.005 0"><span class='ocrx_word' id='word_1_180' title='bbox 350 2245 431 2286; x_wconf 90' lang='lat' dir='ltr'>Die</span> <span class='ocrx_word' id='word_1_181' title='bbox 452 2246 510 2285; x_wconf 90' lang='lat'>15.</span> <span class='ocrx_word' id='word_1_182' title='bbox 528 2212 760 2286; x_wconf 88' lang='lat' dir='ltr'>Februarii.</span> 
     </span>
    </p>
   </div>
   <div class='ocr_carea' id='block_1_10' title="bbox 187 2312 963 2694">
    <p class='ocr_par' dir='ltr' id='par_1_10' title="bbox 187 2312 963 2694">
     <span class='ocr_line' id='line_1_38' title="bbox 241 2312 874 2361; baseline -0.009 -5"><span class='ocrx_word' id='word_1_183' title='bbox 241 2314 284 2355; x_wconf 88' lang='lat' dir='ltr'>S.</span> <span class='ocrx_word' id='word_1_184' title='bbox 301 2314 533 2355; x_wconf 76' lang='lat' dir='ltr'>Martinae</span> <span class='ocrx_word' id='word_1_185' title='bbox 554 2314 593 2353; x_wconf 86' lang='lat' dir='ltr'>V</span> <span class='ocrx_word' id='word_1_186' title='bbox 598 2314 670 2361; x_wconf 74' lang='lat' dir='ltr'>irg.</span> <span class='ocrx_word' id='word_1_187' title='bbox 692 2319 733 2353; x_wconf 86' lang='lat' dir='ltr'>ct</span> <span class='ocrx_word' id='word_1_188' title='bbox 754 2312 874 2351; x_wconf 89' lang='lat' dir='ltr'>Mart.</span> 
     </span>
     <span class='ocr_line' id='line_1_39' title="bbox 476 2379 638 2422; baseline -0.012 -9"><span class='ocrx_word' id='word_1_189' title='bbox 476 2379 638 2422; x_wconf 73' lang='lat' dir='ltr'>Duplex.</span> 
     </span>
     <span class='ocr_line' id='line_1_40' title="bbox 201 2432 963 2486; baseline -0.007 -16"><span class='ocrx_word' id='word_1_190' title='bbox 201 2436 335 2470; x_wconf 81' lang='lat' dir='ltr'>Omnia</span> <span class='ocrx_word' id='word_1_191' title='bbox 360 2439 399 2470; x_wconf 86' lang='lat' dir='ltr'>ut</span> <span class='ocrx_word' id='word_1_192' title='bbox 425 2436 461 2469; x_wconf 89' lang='lat' dir='ltr'>in</span> <span class='ocrx_word' id='word_1_193' title='bbox 482 2435 680 2469; x_wconf 71' lang='lat' dir='ltr'>Brcviario</span> <span class='ocrx_word' id='word_1_194' title='bbox 704 2434 763 2467; x_wconf 81' lang='lat' dir='ltr'>dic</span> <span class='ocrx_word' id='word_1_195' title='bbox 781 2432 963 2486; x_wconf 48' lang='lat' dir='ltr'>30..121n—.-</span> 
     </span>
     <span class='ocr_line' id='line_1_41' title="bbox 349 2517 761 2560; baseline -0.007 -1"><span class='ocrx_word' id='word_1_196' title='bbox 349 2518 432 2560; x_wconf 93' lang='lat' dir='ltr'>Die</span> <span class='ocrx_word' id='word_1_197' title='bbox 450 2519 519 2559; x_wconf 89' lang='grc'><strong>16.·</strong></span> <span class='ocrx_word' id='word_1_198' title='bbox 530 2517 761 2559; x_wconf 81' lang='lat' dir='ltr'>Februarii.</span> 
     </span>
     <span class='ocr_line' id='line_1_42' title="bbox 187 2583 918 2638; baseline -0.01 -9"><span class='ocrx_word' id='word_1_199' title='bbox 187 2588 238 2628; x_wconf 89' lang='lat' dir='ltr'>B.</span> <span class='ocrx_word' id='word_1_200' title='bbox 258 2586 487 2638; x_wconf 80' lang='lat' dir='ltr'>Gregorii</span> <span class='ocrx_word' id='word_1_201' title='bbox 505 2586 562 2627; x_wconf 87' lang='lat' dir='ltr'>X.</span> <span class='ocrx_word' id='word_1_202' title='bbox 586 2587 718 2636; x_wconf 78' lang='lat' dir='ltr'>I&#39;apae</span> <span class='ocrx_word' id='word_1_203' title='bbox 739 2588 780 2624; x_wconf 83' lang='lat' dir='ltr'>et</span> <span class='ocrx_word' id='word_1_204' title='bbox 802 2583 918 2624; x_wconf 89' lang='lat' dir='ltr'>Conf.</span> 
     </span>
     <span class='ocr_line' id='line_1_43' title="bbox 476 2650 638 2694; baseline -0.006 -10"><span class='ocrx_word' id='word_1_205' title='bbox 476 2650 638 2694; x_wconf 81' lang='lat' dir='ltr'>Duplex.</span> 
     </span>
    </p>
   </div>
   <div class='ocr_carea' id='block_1_11' title="bbox 148 2700 960 2799">
    <p class='ocr_par' dir='ltr' id='par_1_11' title="bbox 148 2700 960 2799">
     <span class='ocr_line' id='line_1_44' title="bbox 200 2700 960 2742; baseline -0.013 0"><span class='ocrx_word' id='word_1_206' title='bbox 200 2707 332 2742; x_wconf 80' lang='lat' dir='ltr'>Omnia</span> <span class='ocrx_word' id='word_1_207' title='bbox 352 2708 397 2742; x_wconf 89' lang='lat' dir='ltr'>dc</span> <span class='ocrx_word' id='word_1_208' title='bbox 414 2707 613 2741; x_wconf 84' lang='lat' dir='ltr'>Communi</span> <span class='ocrx_word' id='word_1_209' title='bbox 628 2705 797 2740; x_wconf 63' lang='lat' dir='ltr'>Confcss.</span> <span class='ocrx_word' id='word_1_210' title='bbox 815 2700 960 2735; x_wconf 78' lang='lat' dir='ltr'>Pontis..</span> 
     </span>
     <span class='ocr_line' id='line_1_45' title="bbox 148 2761 409 2799; baseline -0.004 -9"><span class='ocrx_word' id='word_1_211' title='bbox 148 2761 286 2798; x_wconf 72' lang='lat' dir='ltr'>praetcr</span> <span class='ocrx_word' id='word_1_212' title='bbox 306 2766 409 2799; x_wconf 79' lang='lat' dir='ltr'>sequ.</span> 
     </span>
    </p>
   </div>
   <div class='ocr_carea' id='block_1_12' title="bbox 146 2485 851 2490">
    <p class='ocr_par' dir='ltr' id='par_1_12' title="bbox 146 2485 851 2490">
     <span class='ocr_line' id='line_1_46' title="bbox 146 2485 851 2490; baseline 0 0"><span class='ocrx_word' id='word_1_213' title='bbox 146 2485 851 2490; x_wconf 95' lang='lat' dir='ltr'> </span> 
     </span>
    </p>
   </div>
   <div class='ocr_carea' id='block_1_13' title="bbox 1014 323 1828 1004">
    <p class='ocr_par' dir='ltr' id='par_1_13' title="bbox 1014 323 1828 1004">
     <span class='ocr_line' id='line_1_47' title="bbox 1347 323 1506 363; baseline 0.006 -2"><span class='ocrx_word' id='word_1_214' title='bbox 1347 323 1506 363; x_wconf 67' lang='lat' dir='ltr'>Oratio.</span> 
     </span>
     <span class='ocr_line' id='line_1_48' title="bbox 1105 382 1826 433; baseline 0.003 -12"><span class='ocrx_word' id='word_1_215' title='bbox 1105 393 1190 430; x_wconf 80' lang='lat' dir='ltr'>euS,</span> <span class='ocrx_word' id='word_1_216' title='bbox 1215 382 1287 433; x_wconf 92' lang='lat' dir='ltr'>qui</span> <span class='ocrx_word' id='word_1_217' title='bbox 1305 382 1541 423; x_wconf 78' lang='lat' dir='ltr'>Ecclesiam</span> <span class='ocrx_word' id='word_1_218' title='bbox 1560 387 1687 431; x_wconf 81' lang='lat' dir='ltr'>tuam,</span> <span class='ocrx_word' id='word_1_219' title='bbox 1711 382 1826 423; x_wconf 76' lang='lat' dir='ltr'>beati</span> 
     </span>
     <span class='ocr_line' id='line_1_49' title="bbox 1118 436 1825 490; baseline 0.003 -13"><span class='ocrx_word' id='word_1_220' title='bbox 1118 436 1317 487; x_wconf 88' lang='lat' dir='ltr'>Gregorii</span> <span class='ocrx_word' id='word_1_221' title='bbox 1369 438 1638 479; x_wconf 88' lang='lat' dir='ltr'>Confessoris</span> <span class='ocrx_word' id='word_1_222' title='bbox 1697 443 1825 490; x_wconf 92' lang='lat' dir='ltr'>atque</span> 
     </span>
     <span class='ocr_line' id='line_1_50' title="bbox 1014 493 1825 547; baseline 0.001 -13"><span class='ocrx_word' id='word_1_223' title='bbox 1014 493 1237 535; x_wconf 87' lang='lat' dir='ltr'>Pontificis</span> <span class='ocrx_word' id='word_1_224' title='bbox 1274 494 1488 545; x_wconf 88' lang='lat' dir='ltr'>religionis</span> <span class='ocrx_word' id='word_1_225' title='bbox 1525 494 1618 535; x_wconf 88' lang='lat' dir='ltr'>zelo</span> <span class='ocrx_word' id='word_1_226' title='bbox 1652 499 1694 535; x_wconf 90' lang='lat' dir='ltr'>et</span> <span class='ocrx_word' id='word_1_227' title='bbox 1726 507 1825 547; x_wconf 88' lang='lat' dir='ltr'>apo-</span> 
     </span>
     <span class='ocr_line' id='line_1_51' title="bbox 1016 549 1825 603; baseline 0.001 -13"><span class='ocrx_word' id='word_1_228' title='bbox 1016 549 1178 591; x_wconf 86' lang='lat' dir='ltr'>stolicis</span> <span class='ocrx_word' id='word_1_229' title='bbox 1199 550 1312 591; x_wconf 89' lang='lat' dir='ltr'>curis</span> <span class='ocrx_word' id='word_1_230' title='bbox 1331 550 1616 603; x_wconf 77' lang='lat' dir='ltr'>amplificasti:</span> <span class='ocrx_word' id='word_1_231' title='bbox 1637 551 1724 602; x_wconf 90' lang='lat' dir='ltr'>ejus</span> <span class='ocrx_word' id='word_1_232' title='bbox 1741 552 1825 591; x_wconf 81' lang='lat' dir='ltr'>me-</span> 
     </span>
     <span class='ocr_line' id='line_1_52' title="bbox 1014 605 1825 655; baseline 0.002 -10"><span class='ocrx_word' id='word_1_233' title='bbox 1014 605 1108 646; x_wconf 87' lang='lat' dir='ltr'>ritis</span> <span class='ocrx_word' id='word_1_234' title='bbox 1137 611 1179 647; x_wconf 92' lang='lat' dir='ltr'>et</span> <span class='ocrx_word' id='word_1_235' title='bbox 1206 606 1512 647; x_wconf 68' lang='lat' dir='ltr'>intercessione</span> <span class='ocrx_word' id='word_1_236' title='bbox 1540 606 1746 655; x_wconf 75' lang='lat' dir='ltr'>concede3</span> <span class='ocrx_word' id='word_1_237' title='bbox 1779 611 1825 647; x_wconf 90' lang='lat' dir='ltr'>ut</span> 
     </span>
     <span class='ocr_line' id='line_1_53' title="bbox 1015 661 1826 714; baseline 0.001 -13"><span class='ocrx_word' id='word_1_238' title='bbox 1015 661 1117 702; x_wconf 89' lang='lat' dir='ltr'>fidei</span> <span class='ocrx_word' id='word_1_239' title='bbox 1153 667 1196 702; x_wconf 84' lang='lat' dir='ltr'>et</span> <span class='ocrx_word' id='word_1_240' title='bbox 1233 662 1472 703; x_wconf 79' lang='lat' dir='ltr'>sanctitatis</span> <span class='ocrx_word' id='word_1_241' title='bbox 1509 674 1620 703; x_wconf 85' lang='lat' dir='ltr'>nova</span> <span class='ocrx_word' id='word_1_242' title='bbox 1656 675 1826 714; x_wconf 87' lang='lat' dir='ltr'>semper</span> 
     </span>
     <span class='ocr_line' id='line_1_54' title="bbox 1014 717 1761 769; baseline 0.001 -12"><span class='ocrx_word' id='word_1_243' title='bbox 1014 717 1277 759; x_wconf 81' lang='lat' dir='ltr'>incrementa</span> <span class='ocrx_word' id='word_1_244' title='bbox 1296 718 1510 769; x_wconf 88' lang='lat' dir='ltr'>suscipiat.</span> <span class='ocrx_word' id='word_1_245' title='bbox 1536 718 1619 758; x_wconf 90' lang='lat' dir='ltr'>Per</span> <span class='ocrx_word' id='word_1_246' title='bbox 1637 718 1761 758; x_wconf 79' lang='lat' dir='ltr'>Dfim.</span> 
     </span>
     <span class='ocr_line' id='line_1_55' title="bbox 1068 775 1828 818; baseline 0.004 -10"><span class='ocrx_word' id='word_1_247' title='bbox 1068 776 1113 809; x_wconf 83' lang='lat' dir='ltr'>Et</span> <span class='ocrx_word' id='word_1_248' title='bbox 1144 776 1182 808; x_wconf 74' lang='lat' dir='ltr'>tit</span> <span class='ocrx_word' id='word_1_249' title='bbox 1213 785 1403 808; x_wconf 73' lang='lat' dir='ltr'>commem.</span> <span class='ocrx_word' id='word_1_250' title='bbox 1432 775 1550 809; x_wconf 52' lang='lat' dir='ltr'>Feriar-</span> <span class='ocrx_word' id='word_1_251' title='bbox 1583 777 1615 808; x_wconf 81' lang='lat' dir='ltr'>in</span> <span class='ocrx_word' id='word_1_252' title='bbox 1643 778 1828 818; x_wconf 55' lang='lat' dir='ltr'>(Juadrag.</span> 
     </span>
     <span class='ocr_line' id='line_1_56' title="bbox 1071 827 1827 863; baseline 0.003 -3"><span class='ocrx_word' id='word_1_253' title='bbox 1071 828 1108 860; x_wconf 86' lang='lat' dir='ltr'>In</span> <span class='ocrx_word' id='word_1_254' title='bbox 1139 827 1164 860; x_wconf 89' lang='lat' dir='ltr'>I.</span> <span class='ocrx_word' id='word_1_255' title='bbox 1197 827 1392 860; x_wconf 70' lang='lat' dir='ltr'>Nocturno</span> <span class='ocrx_word' id='word_1_256' title='bbox 1433 828 1627 861; x_wconf 54' lang='lat' dir='ltr'>Lectiones</span> <span class='ocrx_word' id='word_1_257' title='bbox 1660 830 1704 862; x_wconf 76' lang='lat' dir='ltr'>dc</span> <span class='ocrx_word' id='word_1_258' title='bbox 1734 831 1827 863; x_wconf 64' lang='lat' dir='ltr'>Scri-</span> 
     </span>
     <span class='ocr_line' id='line_1_57' title="bbox 1018 880 1381 918; baseline 0 -10"><span class='ocrx_word' id='word_1_259' title='bbox 1018 880 1128 918; x_wconf 72' lang='lat' dir='ltr'>ptura</span> <span class='ocrx_word' id='word_1_260' title='bbox 1153 883 1381 908; x_wconf 69' lang='lat' dir='ltr'>occurrente.</span> 
     </span>
     <span class='ocr_line' id='line_1_58' title="bbox 1066 923 1828 963; baseline 0.003 -8"><span class='ocrx_word' id='word_1_261' title='bbox 1066 923 1105 956; x_wconf 86' lang='lat' dir='ltr'>ln</span> <span class='ocrx_word' id='word_1_262' title='bbox 1131 923 1361 963; x_wconf 62' lang='lat' dir='ltr'>Quadragcs.</span> <span class='ocrx_word' id='word_1_263' title='bbox 1390 924 1602 959; x_wconf 67' lang='lat' dir='ltr'>Laudemus</span> <span class='ocrx_word' id='word_1_264' title='bbox 1633 925 1747 959; x_wconf 80' lang='lat' dir='ltr'>viros.</span> <span class='ocrx_word' id='word_1_265' title='bbox 1785 925 1828 957; x_wconf 70' lang='lat' dir='ltr'>dc</span> 
     </span>
     <span class='ocr_line' id='line_1_59' title="bbox 1019 970 1542 1004; baseline 0 -1"><span class='ocrx_word' id='word_1_266' title='bbox 1019 970 1149 1003; x_wconf 71' lang='lat' dir='ltr'>codem</span> <span class='ocrx_word' id='word_1_267' title='bbox 1174 970 1371 1003; x_wconf 64' lang='lat' dir='ltr'>Communi</span> <span class='ocrx_word' id='word_1_268' title='bbox 1395 972 1424 1004; x_wconf 73' lang='lat'>2.</span> <span class='ocrx_word' id='word_1_269' title='bbox 1449 972 1542 1003; x_wconf 73' lang='lat' dir='ltr'>loco.</span> 
     </span>
    </p>
   </div>
   <div class='ocr_carea' id='block_1_14' title="bbox 1012 1039 1838 2788">
    <p class='ocr_par' dir='ltr' id='par_1_14' title="bbox 1012 1039 1838 2664">
     <span class='ocr_line' id='line_1_60' title="bbox 1238 1039 1608 1077; baseline 0 0"><span class='ocrx_word' id='word_1_270' title='bbox 1238 1040 1285 1077; x_wconf 89' lang='lat' dir='ltr'>In</span> <span class='ocrx_word' id='word_1_271' title='bbox 1313 1040 1361 1077; x_wconf 92' lang='lat' dir='ltr'>II.</span> <span class='ocrx_word' id='word_1_272' title='bbox 1390 1039 1608 1077; x_wconf 77' lang='lat' dir='ltr'>Nocturno.</span> 
     </span>
     <span class='ocr_line' id='line_1_61' title="bbox 1316 1107 1536 1148; baseline -0.005 -2"><span class='ocrx_word' id='word_1_273' title='bbox 1316 1107 1464 1148; x_wconf 69' lang='lat' dir='ltr'>Lectio</span> <span class='ocrx_word' id='word_1_274' title='bbox 1485 1108 1536 1146; x_wconf 74' lang='lat' dir='ltr'>iv.</span> 
     </span>
     <span class='ocr_line' id='line_1_62' title="bbox 1117 1166 1825 1225; baseline -0.006 -14"><span class='ocrx_word' id='word_1_275' title='bbox 1117 1222 1118 1225; x_wconf 11' lang='grc' dir='ltr'><strong>Ἴ</strong></span> <span class='ocrx_word' id='word_1_276' title='bbox 1131 1192 1134 1213; x_wconf 85' lang='grc'><strong>;</strong></span> <span class='ocrx_word' id='word_1_277' title='bbox 1146 1170 1338 1221; x_wconf 85' lang='lat' dir='ltr'>regorius</span> <span class='ocrx_word' id='word_1_278' title='bbox 1368 1168 1574 1216; x_wconf 72' lang='lat' dir='ltr'>decimus,</span> <span class='ocrx_word' id='word_1_279' title='bbox 1606 1166 1825 1208; x_wconf 82' lang='lat' dir='ltr'>Thealdus</span> 
     </span>
     <span class='ocr_line' id='line_1_63' title="bbox 1019 1223 1825 1283; baseline -0.005 -16"><span class='ocrx_word' id='word_1_280' title='bbox 1019 1267 1020 1274; x_wconf 62' lang='grc'>,</span> <span class='ocrx_word' id='word_1_281' title='bbox 1048 1223 1138 1283; x_wconf 47' lang='grc' dir='ltr'>ζ</span> <span class='ocrx_word' id='word_1_282' title='bbox 1164 1239 1238 1267; x_wconf 88' lang='lat' dir='ltr'>seu</span> <span class='ocrx_word' id='word_1_283' title='bbox 1264 1223 1545 1266; x_wconf 76' lang='lat' dir='ltr'>Theobaldus</span> <span class='ocrx_word' id='word_1_284' title='bbox 1571 1225 1697 1264; x_wconf 79' lang='lat' dir='ltr'>antea</span> <span class='ocrx_word' id='word_1_285' title='bbox 1724 1236 1825 1264; x_wconf 93' lang='lat' dir='ltr'>nun-</span> 
     </span>
     <span class='ocr_line' id='line_1_64' title="bbox 1019 1278 1824 1334; baseline -0.006 -10"><span class='ocrx_word' id='word_1_286' title='bbox 1019 1284 1020 1296; x_wconf 64' lang='lat'><em>*</em></span> <span class='ocrx_word' id='word_1_287' title='bbox 1074 1279 1134 1299; x_wconf 51' lang='lat'>‘³⁹</span> <span class='ocrx_word' id='word_1_288' title='bbox 1163 1284 1355 1334; x_wconf 78' lang='lat' dir='ltr'>cupatus‚</span> <span class='ocrx_word' id='word_1_289' title='bbox 1374 1281 1604 1321; x_wconf 75' lang='lat' dir='ltr'>Placentiae</span> <span class='ocrx_word' id='word_1_290' title='bbox 1623 1278 1678 1321; x_wconf 89' lang='lat' dir='ltr'>ad</span> <span class='ocrx_word' id='word_1_291' title='bbox 1693 1280 1824 1319; x_wconf 91' lang='lat' dir='ltr'>AEmi-</span> 
     </span>
     <span class='ocr_line' id='line_1_65' title="bbox 1013 1335 1825 1386; baseline -0.004 -8"><span class='ocrx_word' id='word_1_292' title='bbox 1013 1338 1083 1378; x_wconf 89' lang='lat' dir='ltr'>liae</span> <span class='ocrx_word' id='word_1_293' title='bbox 1116 1337 1223 1378; x_wconf 91' lang='lat' dir='ltr'>fines</span> <span class='ocrx_word' id='word_1_294' title='bbox 1261 1336 1394 1378; x_wconf 91' lang='lat' dir='ltr'>nobili</span> <span class='ocrx_word' id='word_1_295' title='bbox 1425 1335 1725 1377; x_wconf 88' lang='lat' dir='ltr'>vicecomitum</span> <span class='ocrx_word' id='word_1_296' title='bbox 1758 1337 1825 1386; x_wconf 83' lang='lat' dir='ltr'>ge&#39;-</span> 
     </span>
     <span class='ocr_line' id='line_1_66' title="bbox 1013 1391 1825 1435; baseline -0.005 0"><span class='ocrx_word' id='word_1_297' title='bbox 1013 1407 1116 1435; x_wconf 91' lang='lat' dir='ltr'>nere</span> <span class='ocrx_word' id='word_1_298' title='bbox 1138 1399 1264 1435; x_wconf 90' lang='lat' dir='ltr'>natus</span> <span class='ocrx_word' id='word_1_299' title='bbox 1292 1398 1369 1434; x_wconf 90' lang='lat' dir='ltr'>est.</span> <span class='ocrx_word' id='word_1_300' title='bbox 1405 1391 1673 1433; x_wconf 83' lang='lat' dir='ltr'>Adolescens</span> <span class='ocrx_word' id='word_1_301' title='bbox 1694 1391 1825 1432; x_wconf 92' lang='lat' dir='ltr'>eccle-</span> 
     </span>
     <span class='ocr_line' id='line_1_67' title="bbox 1015 1447 1824 1500; baseline -0.006 -9"><span class='ocrx_word' id='word_1_302' title='bbox 1015 1451 1200 1492; x_wconf 82' lang='lat' dir='ltr'>siasticae</span> <span class='ocrx_word' id='word_1_303' title='bbox 1218 1450 1381 1491; x_wconf 88' lang='lat' dir='ltr'>militiae</span> <span class='ocrx_word' id='word_1_304' title='bbox 1400 1447 1661 1500; x_wconf 89' lang='lat' dir='ltr'>adscriptus,</span> <span class='ocrx_word' id='word_1_305' title='bbox 1687 1447 1824 1498; x_wconf 89' lang='lat' dir='ltr'>singu-</span> 
     </span>
     <span class='ocr_line' id='line_1_68' title="bbox 1013 1504 1825 1548; baseline -0.005 -1"><span class='ocrx_word' id='word_1_306' title='bbox 1013 1507 1093 1547; x_wconf 79' lang='lat' dir='ltr'>lari</span> <span class='ocrx_word' id='word_1_307' title='bbox 1115 1507 1241 1548; x_wconf 82' lang='lat' dir='ltr'>nituit</span> <span class='ocrx_word' id='word_1_308' title='bbox 1269 1505 1495 1547; x_wconf 84' lang='lat' dir='ltr'>honestate</span> <span class='ocrx_word' id='word_1_309' title='bbox 1518 1517 1686 1545; x_wconf 91' lang='lat' dir='ltr'>morum</span> <span class='ocrx_word' id='word_1_310' title='bbox 1709 1504 1825 1544; x_wconf 83' lang='lat' dir='ltr'>vita&#39;e-</span> 
     </span>
     <span class='ocr_line' id='line_1_69' title="bbox 1015 1560 1827 1615; baseline -0.006 -11"><span class='ocrx_word' id='word_1_311' title='bbox 1015 1575 1098 1615; x_wconf 91' lang='lat' dir='ltr'>que</span> <span class='ocrx_word' id='word_1_312' title='bbox 1129 1561 1354 1611; x_wconf 84' lang='lat' dir='ltr'>munditia,</span> <span class='ocrx_word' id='word_1_313' title='bbox 1386 1560 1503 1601; x_wconf 91' lang='lat' dir='ltr'>nulla</span> <span class='ocrx_word' id='word_1_314' title='bbox 1528 1572 1748 1611; x_wconf 88' lang='lat' dir='ltr'>umquam,</span> <span class='ocrx_word' id='word_1_315' title='bbox 1779 1564 1827 1600; x_wconf 91' lang='lat' dir='ltr'>ut</span> 
     </span>
     <span class='ocr_line' id='line_1_70' title="bbox 1014 1615 1825 1668; baseline -0.006 -8"><span class='ocrx_word' id='word_1_316' title='bbox 1014 1618 1218 1668; x_wconf 82' lang='lat' dir='ltr'>creditur,</span> <span class='ocrx_word' id='word_1_317' title='bbox 1245 1618 1433 1659; x_wconf 89' lang='lat' dir='ltr'>criminis</span> <span class='ocrx_word' id='word_1_318' title='bbox 1459 1615 1715 1667; x_wconf 82' lang='lat' dir='ltr'>contagione</span> <span class='ocrx_word' id='word_1_319' title='bbox 1735 1615 1825 1667; x_wconf 93' lang='lat' dir='ltr'>pol·</span> 
     </span>
     <span class='ocr_line' id='line_1_71' title="bbox 1013 1671 1825 1717; baseline -0.006 -1"><span class='ocrx_word' id='word_1_320' title='bbox 1013 1675 1114 1717; x_wconf 84' lang='lat' dir='ltr'>luta.</span> <span class='ocrx_word' id='word_1_321' title='bbox 1147 1675 1197 1715; x_wconf 92' lang='lat' dir='ltr'>In</span> <span class='ocrx_word' id='word_1_322' title='bbox 1216 1674 1402 1715; x_wconf 77' lang='lat' dir='ltr'>Galliam</span> <span class='ocrx_word' id='word_1_323' title='bbox 1427 1685 1525 1714; x_wconf 91' lang='lat' dir='ltr'>cum</span> <span class='ocrx_word' id='word_1_324' title='bbox 1543 1672 1567 1712; x_wconf 88' lang='lat' dir='ltr'><strong>J</strong></span> <span class='ocrx_word' id='word_1_325' title='bbox 1570 1671 1707 1712; x_wconf 90' lang='lat' dir='ltr'>acobo</span> <span class='ocrx_word' id='word_1_326' title='bbox 1728 1671 1825 1712; x_wconf 89' lang='lat' dir='ltr'>Car-</span> 
     </span>
     <span class='ocr_line' id='line_1_72' title="bbox 1014 1727 1824 1778; baseline -0.009 -5"><span class='ocrx_word' id='word_1_327' title='bbox 1014 1731 1145 1773; x_wconf 79' lang='lat' dir='ltr'>dinali</span> <span class='ocrx_word' id='word_1_328' title='bbox 1162 1730 1393 1772; x_wconf 82' lang='lat' dir='ltr'>Pecorario</span> <span class='ocrx_word' id='word_1_329' title='bbox 1412 1727 1611 1778; x_wconf 81' lang='lat' dir='ltr'>Gregorii</span> <span class='ocrx_word' id='word_1_330' title='bbox 1629 1727 1730 1768; x_wconf 93' lang='lat' dir='ltr'>noni</span> <span class='ocrx_word' id='word_1_331' title='bbox 1747 1727 1824 1767; x_wconf 88' lang='lat' dir='ltr'>Le-</span> 
     </span>
     <span class='ocr_line' id='line_1_73' title="bbox 1013 1783 1824 1839; baseline -0.007 -10"><span class='ocrx_word' id='word_1_332' title='bbox 1013 1790 1115 1839; x_wconf 75' lang='lat' dir='ltr'>gato</span> <span class='ocrx_word' id='word_1_333' title='bbox 1130 1787 1361 1839; x_wconf 72' lang='lat' dir='ltr'>profectus,</span> <span class='ocrx_word' id='word_1_334' title='bbox 1377 1783 1705 1826; x_wconf 76' lang='lat' dir='ltr'>archidiaconus</span> <span class='ocrx_word' id='word_1_335' title='bbox 1719 1783 1824 1824; x_wconf 93' lang='lat' dir='ltr'>Leo-</span> 
     </span>
     <span class='ocr_line' id='line_1_74' title="bbox 1014 1839 1825 1885; baseline -0.007 0"><span class='ocrx_word' id='word_1_336' title='bbox 1014 1843 1174 1885; x_wconf 83' lang='lat' dir='ltr'>diensis</span> <span class='ocrx_word' id='word_1_337' title='bbox 1194 1842 1460 1884; x_wconf 76' lang='lat' dir='ltr'>renuntiatus</span> <span class='ocrx_word' id='word_1_338' title='bbox 1485 1844 1560 1881; x_wconf 89' lang='lat' dir='ltr'>est.</span> <span class='ocrx_word' id='word_1_339' title='bbox 1592 1840 1657 1880; x_wconf 89' lang='lat' dir='ltr'>Eo</span> <span class='ocrx_word' id='word_1_340' title='bbox 1681 1839 1724 1879; x_wconf 93' lang='lat' dir='ltr'>in</span> <span class='ocrx_word' id='word_1_341' title='bbox 1742 1839 1825 1880; x_wconf 81' lang='lat' dir='ltr'>Ita-</span> 
     </span>
     <span class='ocr_line' id='line_1_75' title="bbox 1013 1895 1838 1948; baseline -0.007 -7"><span class='ocrx_word' id='word_1_342' title='bbox 1013 1901 1114 1941; x_wconf 91' lang='lat' dir='ltr'>liam</span> <span class='ocrx_word' id='word_1_343' title='bbox 1140 1899 1365 1948; x_wconf 81' lang='lat' dir='ltr'>redeunte,</span> <span class='ocrx_word' id='word_1_344' title='bbox 1391 1897 1623 1947; x_wconf 81' lang='lat' dir='ltr'>theologiae</span> <span class='ocrx_word' id='word_1_345' title='bbox 1652 1895 1838 1937; x_wconf 88' lang='lat' dir='ltr'>Parisiis-</span> 
     </span>
     <span class='ocr_line' id='line_1_76' title="bbox 1013 1952 1826 2009; baseline -0.009 -11"><span class='ocrx_word' id='word_1_346' title='bbox 1013 1959 1192 2009; x_wconf 90' lang='lat' dir='ltr'>operam</span> <span class='ocrx_word' id='word_1_347' title='bbox 1217 1954 1351 2005; x_wconf 75' lang='lat' dir='ltr'>dedit,</span> <span class='ocrx_word' id='word_1_348' title='bbox 1379 1967 1429 1995; x_wconf 89' lang='lat' dir='ltr'>ac</span> <span class='ocrx_word' id='word_1_349' title='bbox 1454 1952 1647 2003; x_wconf 87' lang='lat' dir='ltr'>magistri</span> <span class='ocrx_word' id='word_1_350' title='bbox 1673 1959 1826 1993; x_wconf 88' lang='lat' dir='ltr'>munus</span> 
     </span>
     <span class='ocr_line' id='line_1_77' title="bbox 1013 2007 1826 2065; baseline -0.009 -11"><span class='ocrx_word' id='word_1_351' title='bbox 1013 2013 1212 2065; x_wconf 81' lang='lat' dir='ltr'>adeptus,</span> <span class='ocrx_word' id='word_1_352' title='bbox 1238 2011 1372 2052; x_wconf 90' lang='lat' dir='ltr'>verbo</span> <span class='ocrx_word' id='word_1_353' title='bbox 1396 2015 1439 2051; x_wconf 89' lang='lat' dir='ltr'>et</span> <span class='ocrx_word' id='word_1_354' title='bbox 1459 2008 1656 2060; x_wconf 80' lang='lat' dir='ltr'>exemplo</span> <span class='ocrx_word' id='word_1_355' title='bbox 1676 2007 1826 2049; x_wconf 80' lang='lat' dir='ltr'>fideles</span> 
     </span>
     <span class='ocr_line' id='line_1_78' title="bbox 1014 2066 1825 2121; baseline -0.007 -11"><span class='ocrx_word' id='word_1_356' title='bbox 1014 2083 1063 2110; x_wconf 93' lang='lat' dir='ltr'>ac</span> <span class='ocrx_word' id='word_1_357' title='bbox 1087 2068 1304 2121; x_wconf 91' lang='lat' dir='ltr'>principes</span> <span class='ocrx_word' id='word_1_358' title='bbox 1330 2066 1386 2107; x_wconf 90' lang='lat' dir='ltr'>ad</span> <span class='ocrx_word' id='word_1_359' title='bbox 1404 2066 1552 2107; x_wconf 81' lang='lat' dir='ltr'>Terrae</span> <span class='ocrx_word' id='word_1_360' title='bbox 1579 2069 1739 2106; x_wconf 87' lang='lat' dir='ltr'>sanctae</span> <span class='ocrx_word' id='word_1_361' title='bbox 1763 2076 1825 2104; x_wconf 89' lang='lat' dir='ltr'>re-</span> 
     </span>
     <span class='ocr_line' id='line_1_79' title="bbox 1013 2121 1824 2178; baseline -0.009 -11"><span class='ocrx_word' id='word_1_362' title='bbox 1013 2124 1336 2178; x_wconf 90' lang='lat' dir='ltr'>cuperationem</span> <span class='ocrx_word' id='word_1_363' title='bbox 1367 2122 1643 2164; x_wconf 80' lang='lat' dir='ltr'>vehementer</span> <span class='ocrx_word' id='word_1_364' title='bbox 1679 2121 1824 2161; x_wconf 80' lang='lat' dir='ltr'>accen-</span> 
     </span>
     <span class='ocr_line' id='line_1_80' title="bbox 1014 2176 1825 2232; baseline -0.009 -10"><span class='ocrx_word' id='word_1_365' title='bbox 1014 2181 1086 2223; x_wconf 90' lang='lat' dir='ltr'>dit.</span> <span class='ocrx_word' id='word_1_366' title='bbox 1127 2182 1177 2221; x_wconf 89' lang='lat' dir='ltr'>In</span> <span class='ocrx_word' id='word_1_367' title='bbox 1203 2179 1370 2232; x_wconf 74' lang='lat' dir='ltr'>syriam</span> <span class='ocrx_word' id='word_1_368' title='bbox 1402 2176 1558 2219; x_wconf 90' lang='lat' dir='ltr'>deinde</span> <span class='ocrx_word' id='word_1_369' title='bbox 1584 2176 1825 2229; x_wconf 84' lang='lat' dir='ltr'>peregrina-</span> 
     </span>
     <span class='ocr_line' id='line_1_81' title="bbox 1013 2231 1826 2287; baseline -0.009 -8"><span class='ocrx_word' id='word_1_370' title='bbox 1013 2243 1096 2287; x_wconf 86' lang='lat' dir='ltr'>tus,</span> <span class='ocrx_word' id='word_1_371' title='bbox 1121 2237 1224 2278; x_wconf 93' lang='lat' dir='ltr'>dum</span> <span class='ocrx_word' id='word_1_372' title='bbox 1241 2235 1302 2277; x_wconf 92' lang='lat' dir='ltr'>ibi</span> <span class='ocrx_word' id='word_1_373' title='bbox 1321 2247 1488 2276; x_wconf 89' lang='lat' dir='ltr'>sacram</span> <span class='ocrx_word' id='word_1_374' title='bbox 1508 2231 1826 2285; x_wconf 80' lang='lat' dir='ltr'>expeditionem</span> 
     </span>
     <span class='ocr_line' id='line_1_82' title="bbox 1013 2287 1826 2345; baseline -0.009 -10"><span class='ocrx_word' id='word_1_375' title='bbox 1013 2295 1202 2345; x_wconf 81' lang='lat' dir='ltr'>urgeret,</span> <span class='ocrx_word' id='word_1_376' title='bbox 1235 2305 1259 2333; x_wconf 92' lang='lat' dir='ltr'>a</span> <span class='ocrx_word' id='word_1_377' title='bbox 1293 2289 1608 2338; x_wconf 81' lang='lat' dir='ltr'>CardinalibuS,</span> <span class='ocrx_word' id='word_1_378' title='bbox 1639 2287 1826 2330; x_wconf 84' lang='lat' dir='ltr'>Viterbii</span> 
     </span>
     <span class='ocr_line' id='line_1_83' title="bbox 1012 2343 1824 2391; baseline -0.01 0"><span class='ocrx_word' id='word_1_379' title='bbox 1012 2349 1236 2391; x_wconf 90' lang='lat' dir='ltr'>Pontificis</span> <span class='ocrx_word' id='word_1_380' title='bbox 1256 2347 1511 2389; x_wconf 90' lang='lat' dir='ltr'>electionem</span> <span class='ocrx_word' id='word_1_381' title='bbox 1533 2345 1576 2385; x_wconf 91' lang='lat' dir='ltr'>in</span> <span class='ocrx_word' id='word_1_382' title='bbox 1595 2356 1750 2385; x_wconf 88' lang='lat' dir='ltr'>annum</span> <span class='ocrx_word' id='word_1_383' title='bbox 1768 2343 1824 2384; x_wconf 91' lang='lat' dir='ltr'>fe-</span> 
     </span>
     <span class='ocr_line' id='line_1_84' title="bbox 1012 2399 1826 2457; baseline -0.01 -10"><span class='ocrx_word' id='word_1_384' title='bbox 1012 2419 1059 2447; x_wconf 89' lang='lat' dir='ltr'>re</span> <span class='ocrx_word' id='word_1_385' title='bbox 1078 2405 1253 2447; x_wconf 83' lang='lat' dir='ltr'>tertium</span> <span class='ocrx_word' id='word_1_386' title='bbox 1270 2400 1632 2457; x_wconf 58' lang='lat' dir='ltr'>protrahentibus</span> <span class='ocrx_word' id='word_1_387' title='bbox 1650 2400 1694 2439; x_wconf 92' lang='lat' dir='ltr'>in</span> <span class='ocrx_word' id='word_1_388' title='bbox 1710 2399 1826 2440; x_wconf 86' lang='lat' dir='ltr'>Petri</span> 
     </span>
     <span class='ocr_line' id='line_1_85' title="bbox 1013 2454 1823 2508; baseline -0.012 -4"><span class='ocrx_word' id='word_1_389' title='bbox 1013 2461 1160 2504; x_wconf 88' lang='lat' dir='ltr'>sedem</span> <span class='ocrx_word' id='word_1_390' title='bbox 1180 2462 1355 2502; x_wconf 84' lang='lat' dir='ltr'>evectus</span> <span class='ocrx_word' id='word_1_391' title='bbox 1375 2462 1451 2508; x_wconf 88' lang='lat' dir='ltr'>est,</span> <span class='ocrx_word' id='word_1_392' title='bbox 1470 2469 1580 2498; x_wconf 88' lang='lat' dir='ltr'>anno</span> <span class='ocrx_word' id='word_1_393' title='bbox 1599 2454 1823 2496; x_wconf 78' lang='lat' dir='ltr'>millesimo</span> 
     </span>
     <span class='ocr_line' id='line_1_86' title="bbox 1013 2511 1823 2567; baseline -0.012 -7"><span class='ocrx_word' id='word_1_394' title='bbox 1013 2517 1308 2560; x_wconf 78' lang='lat' dir='ltr'>ducentesimo</span> <span class='ocrx_word' id='word_1_395' title='bbox 1333 2513 1650 2567; x_wconf 76' lang='lat' dir='ltr'>septuagesimo</span> <span class='ocrx_word' id='word_1_396' title='bbox 1673 2511 1823 2564; x_wconf 92' lang='lat' dir='ltr'>primo.</span> 
     </span>
     <span class='ocr_line' id='line_1_87' title="bbox 1068 2569 1555 2624; baseline -0.006 -13"><span class='ocrx_word' id='word_1_397' title='bbox 1068 2574 1117 2624; x_wconf 94' lang='lat' dir='ltr'>R.</span> <span class='ocrx_word' id='word_1_398' title='bbox 1139 2573 1288 2614; x_wconf 82' lang='lat' dir='ltr'>Inveni</span> <span class='ocrx_word' id='word_1_399' title='bbox 1305 2569 1456 2612; x_wconf 88' lang='lat' dir='ltr'>David.</span> <span class='ocrx_word' id='word_1_400' title='bbox 1477 2569 1555 2609; x_wconf 84' lang='lat'>24*</span> 
     </span>
     <span class='ocr_line' id='line_1_88' title="bbox 1219 2624 1522 2664; baseline -0.01 0"><span class='ocrx_word' id='word_1_401' title='bbox 1219 2642 1223 2645; x_wconf 25' lang='grc' dir='ltr'><strong>Α</strong></span> <span class='ocrx_word' id='word_1_402' title='bbox 1318 2624 1465 2664; x_wconf 79' lang='lat' dir='ltr'>Lectio</span> <span class='ocrx_word' id='word_1_403' title='bbox 1487 2637 1522 2661; x_wconf 81' lang='lat' dir='ltr'>v.</span> 
     </span>
    </p>

    <p class='ocr_par' dir='ltr' id='par_1_15' title="bbox 1089 2678 1822 2788">
     <span class='ocr_line' id='line_1_89' title="bbox 1089 2678 1822 2736; baseline -0.012 -10"><span class='ocrx_word' id='word_1_404' title='bbox 1089 2686 1244 2736; x_wconf 82' lang='lat' dir='ltr'>ccepto</span> <span class='ocrx_word' id='word_1_405' title='bbox 1289 2679 1558 2724; x_wconf 81' lang='lat' dir='ltr'>Ptolemaide</span> <span class='ocrx_word' id='word_1_406' title='bbox 1603 2678 1822 2720; x_wconf 90' lang='lat' dir='ltr'>electionis</span> 
     </span>
     <span class='ocr_line' id='line_1_90' title="bbox 1114 2733 1822 2788; baseline -0.011 -6"><span class='ocrx_word' id='word_1_407' title='bbox 1114 2740 1306 2788; x_wconf 84' lang='lat' dir='ltr'>decreto,</span> <span class='ocrx_word' id='word_1_408' title='bbox 1333 2739 1375 2779; x_wconf 91' lang='lat' dir='ltr'>in</span> <span class='ocrx_word' id='word_1_409' title='bbox 1402 2737 1570 2779; x_wconf 78' lang='lat' dir='ltr'>Italiam</span> <span class='ocrx_word' id='word_1_410' title='bbox 1598 2733 1822 2785; x_wconf 79' lang='lat' dir='ltr'>navigavit,</span> 
     </span>
    </p>
   </div>
   <div class='ocr_carea' id='block_1_15' title="bbox 1012 1166 1145 1313">
    <p class='ocr_par' dir='ltr' id='par_1_16' title="bbox 1012 1166 1145 1313">
     <span class='ocr_line' id='line_1_91' title="bbox 1012 1166 1145 1313; baseline 0 1677"><span class='ocrx_word' id='word_1_411' title='bbox 1012 1166 1145 1313; x_wconf 95' lang='lat' dir='ltr'> </span> 
     </span>
    </p>
   </div>
  </div>
 </body>
</html>
