2040 2990
183 182 230 219 48
719 184 824 217 Furia

852 182 1018 217 secunda
1047 182 1094 215 ud
1120 180 1355 214 Matutinum.

238 277 334 319 Filii
362 280 508 318 autem
534 273 773 323 heminum,
802 273 825 298 *
853 272 898 313 in
915 273 1005 323 teg-

185 334 299 376 mine
327 333 493 374 alairum
520 332 694 373 tuarum
722 327 972 382 sperabunt.

236 388 571 431 Inebriabuntur
607 386 661 428 ab
696 385 898 427 ubertate
930 385 1006 426 do-

184 459 279 488 mus
306 450 413 487 tuae:
440 446 463 470 *
492 450 535 486 61
553 444 748 486 torrente
768 441 1005 494 voluptatis

184 509 270 545 tuae
289 501 465 555 potabis
486 513 572 542 eos.

236 558 451 609 Queniam
468 555 587 610 apud
599 561 644 598 te
660 558 726 596 est
741 554 839 595 fons
854 554 971 595 vitae:
983 554 1006 579 *

185 621 228 657 et
248 615 291 656 in
310 614 472 656 lumine
490 619 566 655 tuo
587 610 831 654 videbimus
850 610 1006 652 lumen.

235 670 465 713 praetende
503 666 848 710 misericerdiam
887 672 1007 708 tuam

185 727 420 770 scientibus
447 732 509 775 te,
537 726 559 751 *
589 730 631 767 et
658 723 863 776 justitiam
888 728 1007 765 tuam

186 785 263 834 his,
284 784 358 836 qui
378 788 498 824 recto
518 786 617 823 sunt
636 779 779 822 corde.

236 840 338 882 Non
345 839 487 881 veniat
494 838 599 879 mihi
608 850 686 890 pes
696 835 956 889 superbiae:*
966 841 1008 878 et

186 909 340 938 manus
363 895 608 949 peccateris
630 906 717 935 non
735 895 910 934 meveat
927 905 1007 933 me.

239 952 306 995 Ibi
321 951 571 994 ceciderunt
593 950 667 1003 qui
680 951 917 1002 operantur
933 949 1007 989 ini-

190 1010 417 1062 quitatem:
436 1010 459 1033 *
479 1007 651 1060 expulsi
666 1011 776 1055 sunt,
791 1018 871 1047 1166
884 1010 1008 1058 potu-

188 1069 312 1108 erunt
331 1071 457 1107 stare.

244 1125 338 1164 Ant.
370 1124 580 1174 Expugna
603 1120 904 1172 impugnantes
929 1131 1010 1161 me.

247 1182 340 1221 Ant.
373 1177 539 1220 Revela.

463 1240 655 1280 Psalmus
676 1241 739 1278 36.

190 1292 334 1398 Noli
354 1294 548 1336 aemulari
566 1294 609 1335 in
623 1293 972 1344 malignantibus:
988 1295 1011 1320 *

286 1364 428 1404 neque
460 1350 670 1393 zelaveris
705 1350 910 1392 facientes
937 1351 1011 1391 ini-

190 1409 410 1461 quitatem.

243 1465 456 1515 Queniam
475 1470 697 1516 tamquam
716 1464 879 1505 foenum
896 1464 1012 1505 vele-

193 1522 299 1563 citer
319 1523 534 1562 arescent:
548 1522 571 1546 *
586 1525 629 1562 et
646 1520 1013 1573 quemadmodum

195 1577 314 1619 elera
332 1577 565 1619 herbarum
585 1577 671 1619 cito
691 1576 903 1619 decident.

246 1634 383 1687 Spera
400 1633 443 1674 in
462 1634 671 1683 Demino,
695 1638 739 1675 et
764 1634 830 1674 fac
848 1633 1014 1676 bonita-

194 1696 300 1733 tem:
315 1691 338 1715 *
354 1695 396 1732 et
410 1689 603 1731 inhabita
618 1695 789 1739 terram,
809 1695 852 1732 et
868 1693 1015 1742 pasce-

195 1747 253 1787 ris
271 1747 313 1787 in
333 1746 491 1788 divitiis
512 1747 611 1797 ejus.

246 1802 478 1844 Delectare
503 1803 545 1843 in
564 1802 772 1844 Demino:
790 1803 813 1828 *
834 1808 877 1844 et
896 1802 1017 1845 dabit

196 1858 275 1901 tibi
292 1859 524 1911 petitienes
544 1858 688 1901 cordis
706 1859 779 1900 tui.

248 1914 413 1956 Revela
441 1915 630 1957 Demino
662 1916 776 1957 viam
803 1920 937 1965 tuam,
975 1922 1018 1958 et

200 1984 327 2024 spera
345 1971 387 2011 in
407 1983 479 2012 eo:
498 1972 520 1997 *
541 1977 583 2013 61
602 1972 697 2024 ipse
716 1972 855 2014 faciet.

250 2028 306 2069 Et
329 2026 486 2069 edecet
511 2028 633 2079 quasi
651 2028 795 2069 lumen
815 2029 1018 2080 justitiam

199 2089 335 2125 tuam:
363 2088 406 2125 et
433 2083 635 2134 judicium
653 2090 774 2126 tuum
798 2091 1019 2138 tamquam

200 2139 441 2181 meridiem:
455 2140 478 2164 ¹⁸¹
493 2139 692 2182 subditus
701 2146 805 2193 *esto
820 2142 1019 2192 Demino‚

201 2201 244 2238 et
263 2208 341 2237 ora
359 2208 468 2237 eum.

251 2251 353 2293 Noli
373 2251 567 2293 aemulari
586 2252 627 2293 in
652 2265 720 2302 eo,
746 2253 819 2304 qui
843 2266 1020 2306 prospe-

202 2309 321 2349 ratur
341 2308 384 2348 in
401 2308 470 2349 via
492 2321 588 2350 sua:
613 2310 635 2334 ¹⁸¹
658 2309 701 2350 in
726 2308 898 2351 hemine
922 2310 1020 2351 faci-

202 2365 300 2405 ente
318 2363 554 2415 injustitias.

253 2420 413 2461 Desine
429 2419 483 2461 ab
499 2421 572 2470 ira,
590 2426 632 2463 61
643 2420 894 2473 derelinque
909 2422 1020 2463 fure-

202 2489 312 2518 rem:
330 2477 354 2501 *
373 2476 460 2518 noli
487 2476 681 2518 aemulari
700 2482 747 2519 ut
765 2477 1020 2529 maligneris.

254 2533 467 2583 Queniam
483 2534 555 2585 qui
571 2533 868 2583 malignantur,
884 2540 1021 2575 exter-

202 2588 496 2630 minabuntur:
530 2591 552 2614 *
587 2590 845 2631 sustinentes
879 2596 1020 2632 autem

204 2645 452 2693 Deminum‚
484 2646 564 2698 ipsi
596 2644 916 2688 haereditabunt
940 2652 1021 2688 ter-

204 2715 306 2743 ram.

1110 271 1167 312 Et
1194 269 1338 311 adhuc
1363 266 1585 321 pusillum,
1621 270 1665 308 et
1689 278 1777 308 non
1806 266 1888 307 erit

1058 328 1284 381 peccator:
1307 326 1331 351 *
1358 330 1402 366 61
1421 335 1591 376 quaeres
1610 322 1757 364 locum
1785 323 1886 375 ejus,

1059 389 1102 426 et
1120 396 1207 425 non
1225 381 1430 423 invenies.

1112 438 1326 481 Mansueti
1371 442 1517 478 autem
1563 434 1889 477 haereditabunt

1059 503 1239 539 terram:
1258 496 1280 521 *
1300 500 1343 537 et
1363 492 1698 536 delectabuntur
1718 492 1761 534 in
1781 491 1887 533 mul-

1058 552 1243 596 titudine
1262 551 1393 605 pacis

1112 608 1375 651 Observabit
1390 608 1599 660 peccator
1614 606 1792 657 justum:
1806 606 1829 631 *
1845 610 1889 647 et

1060 666 1261 709 stridebit
1285 676 1418 717 super
1443 676 1542 705 eum
1567 661 1770 704 dentibus
1789 661 1889 703 suis.

1111 722 1324 764 Deminus
1344 725 1490 762 autem
1508 718 1707 761 irridebit
1727 731 1841 760 eum:
1865 718 1888 744 *

1062 780 1265 832 queniam
1275 777 1489 831 prespicit
1504 775 1624 829 quod
1634 776 1778 818 veniet
1794 774 1888 817 dies

1061 849 1161 889 ejus.

1114 896 1319 938 Gladium
1362 895 1701 946 evaginaverunt
1735 905 1888 946 pecca-

1060 956 1198 996 teres:
1216 954 1239 979 *
1259 951 1537 994 intenderunt
1554 964 1705 993 arcum
1723 962 1859 999 suum,

1113 1010 1172 1052 Ut
1182 1009 1384 1062 dejiciant
1392 1011 1635 1061 pauperem
1646 1012 1690 1049 et
1699 1009 1891 1060 inopem:

1062 1068 1085 1093 *
1105 1072 1152 1108 ut
1170 1065 1389 1108 trucident
1408 1070 1554 1107 rectos
1575 1063 1720 1106 corde.

1115 1122 1298 1165 Gladius
1333 1124 1485 1164 eerum
1517 1121 1651 1164 intret
1683 1120 1728 1162 in
1756 1118 1893 1162 corda

1063 1182 1277 1234 ipserum:
1295 1179 1318 1205 *
1335 1184 1378 1221 et
1395 1192 1522 1220 arcus
1539 1180 1691 1221 eerum
1706 1176 1891 1219 confrin-

1063 1240 1201 1288 gatur.

1116 1293 1271 1335 Melius
1283 1297 1350 1334 681
1359 1291 1581 1334 medicum
1590 1292 1715 1344 justo,
1725 1291 1750 1317 *
1760 1302 1893 1343 super

1065 1350 1236 1392 divitias
1257 1351 1540 1402 peccaterum
1557 1348 1727 1390 multas.

1117 1407 1331 1457 Queniam
1383 1405 1564 1448 brachia
1610 1405 1893 1458 peccaterum

1066 1465 1363 1505 conterentur:
1407 1464 1430 1488 *
1477 1462 1707 1504 confirmat
1747 1465 1893 1503 autem

1066 1522 1201 1573 justos
1219 1520 1444 1561 Deminus.

1117 1577 1252 1618 Novit
1294 1576 1508 1617 Deminus
1554 1574 1647 1616 dies
1691 1573 1894 1615 imacula-

1066 1635 1227 1675 terum:
1259 1634 1283 1658 *
1316 1638 1359 1675 et
1397 1631 1632 1674 haereditas
1667 1632 1820 1673 cerum
1850 1630 1894 1671 in

1068 1692 1279 1731 aeternum
1298 1689 1390 1731 erit.

1118 1746 1219 1788 Non
1262 1744 1581 1787 confundentur
1615 1744 1661 1785 in
1695 1745 1895 1797 tempore

1068 1802 1194 1852 malo,
1215 1807 1258 1844 et
1272 1803 1316 1843 in
1331 1801 1485 1844 diebus
1501 1801 1625 1843 famis
1641 1799 1896 1842 saturabim-

1069 1865 1156 1901 tur:
1175 1860 1198 1885 *
1220 1859 1320 1911 quia
1337 1860 1594 1912 peccateres
1614 1856 1829 1910 peribunt.

1120 1915 1289 1957 Inimici
1307 1928 1414 1957 vero
1432 1914 1611 1956 Demini
1632 1926 1737 1955 mox
1755 1918 1804 1955 ut
1821 1912 1896 1954 ho-

1070 1972 1286 2014 norificati
1301 1972 1460 2013 fuerint
1476 1976 1520 2013 et
1535 1970 1732 2013 exaltati:
1751 1970 1774 1996 *
1795 1969 1898 2011 defi-

1072 2028 1245 2078 cientes,
1266 2027 1636 2081 quemadmodum
1661 2027 1803 2068 fumus
1827 2025 1898 2067 de-

1072 2085 1228 2126 sicient.

1124 2140 1394 2182 Mutuabitur
1407 2142 1627 2193 peccator,
1647 2144 1691 2182 et
1708 2151 1796 2181 non
1816 2138 1898 2180 sol-

1073 2202 1165 2239 vet:
1196 2198 1219 2223 *
1251 2197 1387 2248 justus
1419 2202 1565 2239 autem
1598 2196 1828 2238 miseretur
1856 2199 1900 2237 et

1071 2253 1244 2295 tribuet.

1125 2309 1236 2360 Quia
1267 2309 1576 2351 benedicentes
1605 2309 1643 2351 ei
1670 2307 1899 2350 haeredita-

1072 2366 1181 2407 bunt
1195 2370 1375 2407 terram:
1390 2367 1413 2391 *
1428 2366 1739 2408 maledicentes
1754 2369 1899 2406 autem

1074 2423 1113 2463 ei
1133 2422 1416 2475 disperibunt.

1126 2477 1259 2531 Apud
1272 2478 1508 2520 Deminum
1523 2491 1699 2529 gressus
1713 2476 1900 2518 heminis

1075 2535 1332 2585 dirigentur:
1351 2536 1373 2560 *
1394 2542 1437 2577 et
1456 2536 1569 2577 viam
1590 2537 1680 2587 ejus
1699 2533 1828 2576 volet.

1126 2591 1235 2632 Cum
1254 2591 1475 2641 ceciderit,
1501 2606 1587 2634 non
1612 2590 1858 2634 collidetur:
1878 2591 1900 2615 *

1076 2648 1176 2699 quia
1217 2647 1430 2688 Deminus
1475 2649 1682 2701 suppenit
1726 2660 1901 2689 manum

1076 2716 1207 2745 suam.
