2040 2990
672 205 770 238 [nfra
802 204 1092 237 ilcbtlnmndum
1121 204 1143 236 Ι.
1170 203 1383 236 Adventus.

252 365 270 401 t
294 302 632 401 commogduszgffl
650 315 998 412 ¹superliminaria

264 414 490 456 cardinum
508 428 534 456 a
552 428 663 457 voce
687 414 929 463 clamantis,
954 418 997 454 et

170 471 326 513 domus
352 471 521 523 repleta
546 476 613 513 est
640 471 771 512 fumo.
811 471 867 511 Et
893 469 997 511 dixi:

169 528 251 568 Vae
269 526 390 576 mihi,
420 528 521 579 quia
539 527 672 577 tacui,
701 527 802 579 quia
820 526 886 567 vir
904 525 996 577 pol-

169 583 285 624 lntus
313 582 440 624 labiis
464 596 546 634 ego
571 596 682 633 sum,
710 588 754 624 et
780 583 824 623 in
850 581 996 623 medio

167 639 320 692 p6puli
348 639 519 691 polluta
547 639 662 680 labia
687 638 887 680 habentis
913 650 996 688 ego

168 695 335 745 habito,
360 700 404 736 et
428 696 596 746 Regem
614 695 852 736 Dominum
876 706 996 735 exer-

168 754 332 792 cituum
351 750 441 792 vidi
461 752 598 793 Oculis
613 751 733 792 meis.
760 751 817 791 Et
831 750 997 791 volavit

167 807 225 848 ad
243 820 314 849 me
333 820 444 848 unus
465 807 519 849 de
535 806 773 860 seraphim,
794 811 838 848 et
851 806 894 846 in
909 818 996 846 ma-

167 877 226 904 nu
246 865 336 915 ejus
356 863 564 912 calculus,
590 876 720 916 quem
743 862 909 915 f6rcipe
932 865 996 903 tu-

167 920 278 961 lerat
298 919 352 962 de
373 920 510 961 altari.
538 921 594 962 Et
612 919 755 970 tetigit
775 932 825 960 os
840 931 997 969 meum,

168 981 211 1017 et
230 975 353 1018 dixit:
377 976 492 1018 Ecce
511 977 654 1027 tetigit
672 975 757 1017 hoc
776 974 892 1016 labia
912 979 997 1024 tua,

167 1037 212 1073 et
228 1033 447 1075 auferetur
462 1033 667 1085 iniquitas
679 1037 765 1082 tua,
786 1036 830 1073 et
843 1033 996 1083 pecca-

165 1093 259 1130 tum
275 1094 398 1131 tuum
415 1088 707 1130 mundabitur.

223 1146 270 1196 1112
296 1146 580 1188 Salvatorem.
599 1146 685 1186 135.

473 1218 621 1258 Lectio
644 1218 695 1257 iii.

248 1289 266 1325 t
293 1283 439 1326 audivi
466 1296 621 1325 vocem
648 1282 826 1324 Domini
854 1282 996 1323 dice'n-

261 1340 331 1381 tis:
356 1341 498 1390 Quem
516 1338 709 1381 mittam?
737 1343 781 1380 et
801 1338 897 1391 quis
916 1337 997 1379 ibit

166 1395 316 1437 nobis?
337 1397 393 1438 Et
409 1396 513 1437 dixi:
532 1397 648 1437 Ecce
664 1407 757 1446 ego,
776 1395 900 1435 mitte
915 1407 996 1435 me.

166 1452 222 1493 Et
257 1452 380 1494 dixit:
420 1452 563 1502 Vade,
600 1457 644 1494 et
676 1451 797 1493 dices
829 1450 996 1503 pdpulo

167 1507 281 1549 huic:
313 1508 476 1550 Audite
510 1508 752 1557 audientes,
785 1513 829 1549 et
861 1507 996 1548 nolite

166 1564 422 1615 intelligere:
450 1570 494 1606 et
522 1565 669 1607 videte
694 1564 923 1613 visionem,
952 1568 996 1605 et

166 1620 301 1661 nolite
321 1623 600 1672 cognoscere.
625 1621 813 1662 Excaeca
828 1632 905 1661 cor
920 1621 995 1671 po-

167 1676 258 1728 puli
277 1676 419 1728 hujus,
448 1682 491 1718 et
519 1690 647 1718 aures
676 1677 766 1728 ejus
795 1678 996 1727 aggrava,

167 1738 211 1774 et
230 1733 382 1774 oc'ulos
407 1734 497 1784 ejus
523 1733 694 1783 claude,
719 1746 774 1774 ne
799 1733 912 1774 forte
936 1734 996 1773 vi-

168 1788 269 1830 deat
289 1789 425 1831 oculis
444 1790 544 1840 suis,
565 1794 608 1831 et
625 1788 803 1831 auribus
821 1789 909 1830 suis
924 1792 995 1830 au-

167 1844 267 1894 diat,
287 1852 331 1887 et
347 1845 481 1888 corde
496 1859 577 1888 suo
590 1845 813 1896 intelligat,
833 1850 877 1887 et
896 1858 995 1887 con·

167 1903 373 1951 vertatur,
394 1907 437 1943 et
457 1915 607 1944 sanem
627 1915 737 1944 eum.

222 1958 270 2006 Rg.
297 1957 494 2000 Obsecro
513 1958 713 2000 Domine.
733 1959 820 1999 135.

225 2020 290 2060 Ad
326 2022 480 2062 liencd.
521 2025 616 2064 Ant.
660 2025 772 2064 Ecce
801 2023 946 2065 veniet
972 2024 996 2049 *

167 2076 288 2119 Deus
315 2082 359 2119 et
381 2077 514 2119 homo
540 2078 594 2119 de
614 2078 748 2120 domo
768 2078 912 2121 David
931 2092 995 2121 se-

169 2133 273 2175 dere
291 2134 334 2174 in
353 2132 522 2183 throno,
543 2134 723 2187 alleluja.

223 2192 290 2232 Ad
317 2192 485 2239 Magnif.
527 2195 623 2234 Ant.
665 2197 728 2236 Ex
752 2196 948 2248 AEgypto
972 2196 996 2221 *

168 2249 324 2292 vocavi
359 2249 516 2291 Fssium
555 2263 714 2291 meum:
751 2252 911 2302 veniet,
949 2257 997 2293 ut

169 2306 308 2347 salvet
325 2305 537 2358 populum
559 2319 695 2348 suum.

417 2417 445 2453 S
471 2429 496 2453 a
518 2418 544 2454 b
569 2418 595 2454 b
622 2429 647 2454 a
670 2422 687 2454 t
713 2429 749 2454 ο.

352 2474 416 2515 De
445 2474 559 2515 Isaia
586 2475 820 2527 Propheta.

276 2537 426 2578 Lectio
448 2539 470 2577 i.
649 2555 655 2562 ·
738 2542 838 2592 Cap.
860 2542 894 2581 7.

260 2604 278 2639 t
296 2598 457 2640 factum
473 2604 539 2640 est
554 2599 596 2639 in
612 2599 765 2641 diebus
781 2600 930 2642 Achaz
950 2602 995 2642 fi-

277 2653 322 2694 lii
341 2654 540 2704 Joathan,
559 2654 635 2695 filii
657 2656 776 2697 Oziae
797 2657 911 2707 regis
926 2658 948 2696 J
952 2671 995 2698 u-

171 2710 246 2759 da,
279 2710 475 2752 ascendit
502 2712 637 2753 Rasin
666 2725 743 2753 rex
770 2713 924 2764 Syriae,
954 2719 997 2755 et

1048 297 1221 338 Phacee
1247 295 1363 336 filius
1391 294 1606 336 Romeliae
1631 307 1710 336 rex
1732 294 1879 345 Israel,

1050 353 1093 393 in
1111 351 1369 401 Jerusalem,
1395 350 1452 392 ad
1470 349 1761 403 praeliandum
1780 363 1880 392 con-

1048 414 1117 450 tra
1142 421 1252 450 eam:
1285 412 1329 449 et
1355 419 1444 448 non
1471 408 1710 459 potuerunt
1734 406 1880 449 debel-

1048 464 1140 505 lare
1169 477 1276 506 eam.
1313 464 1370 505 Et
1396 462 1705 504 nuntiaverunt
1730 462 1881 505 domui

1048 520 1208 570 David,
1242 520 1453 562 dicentes:
1490 518 1725 571 Requievit
1756 519 1881 572 syria

1049 590 1181 630 super
1200 577 1427 629 Ephraim,
1456 580 1500 617 et
1524 576 1794 617 commotum
1814 580 1881 618 est

1049 645 1126 674 cor
1146 633 1252 684 ejuS‚
1288 638 1332 675 et
1355 645 1431 674 cor
1455 631 1609 684 populi
1628 632 1736 684 ejuS,
1768 631 1882 674 sicut

1047 691 1279 731 moventur
1315 689 1431 740 ligna
1467 688 1675 730 silvarum
1711 700 1736 729 a
1770 688 1881 730 fdcie

1048 746 1177 788 venti.
1204 746 1261 788 Et
1281 745 1390 788 dixit
1405 745 1621 787 Dominus
1637 743 1694 786 ad
1708 744 1881 786 Isa1'am:

1048 802 1270 853 Egredere
1302 802 1346 843 in
1378 805 1610 844 occursum
1638 800 1790 842 Achaz
1822 806 1880 850 tu,

1049 863 1093 900 et
1125 859 1198 911 qui
1231 858 1465 900 derelictus
1499 863 1566 900 est
1596 858 1620 898 J
1623 857 1732 899 asub
1765 857 1882 899 filius

1048 920 1166 965 tuus,
1210 915 1267 956 ad
1307 916 1552 956 extremum
1592 913 1882 967 aquaeductus

1048 971 1228 1023 piscinae
1255 971 1496 1024 superioris
1519 971 1563 1011 in
1582 970 1653 1012 via
1671 970 1781 1021 Agri
1804 970 1882 1012 ful-

1048 1027 1171 1068 lonis.

1104 1086 1154 1136 R'·
1178 1084 1295 1126 Ecce
1314 1084 1450 1134 virgo.
1470 1084 1557 1125 135.

1364 1157 1517 1198 Lectio
1539 1157 1577 1197 ii.

1132 1227 1151 1264 t
1170 1221 1291 1264 dices
1311 1221 1368 1263 ad
1391 1234 1504 1264 eum:
1525 1221 1641 1263 Vide
1665 1226 1713 1263 ut
1737 1221 1883 1263 sileas:
1909 1245 1913 1250 ‚

1139 1278 1231 1319 noli
1249 1278 1414 1328 timere,
1434 1284 1478 1320 et
1497 1291 1575 1320 cor
1589 1283 1713 1320 tuum
1727 1290 1782 1319 ne
1797 1278 1882 1319 for-

1048 1333 1186 1376 midet
1221 1347 1247 1375 a
1284 1334 1455 1376 duabus
1492 1334 1644 1376 caudis
1679 1334 1883 1376 titi6num

1049 1390 1352 1441 fumigantium
1370 1391 1556 1432 istorum
1575 1391 1618 1431 in
1639 1391 1705 1431 ira
1723 1390 1883 1432 furoris

1049 1447 1185 1488 Rasin
1212 1447 1328 1498 regis
1356 1447 1510 1499 syriae,
1547 1452 1591 1488 et
1618 1446 1697 1488 fssii
1723 1447 1883 1488 Rome-

1048 1503 1133 1544 h'ae:
1156 1516 1209 1545 eo
1231 1503 1352 1556 quod
1371 1503 1602 1546 consilium
1619 1503 1764 1545 inierit
1783 1515 1883 1544 con-

1047 1565 1117 1601 tra
1134 1565 1179 1601 te
1198 1560 1323 1612 syria
1341 1560 1385 1601 in
1403 1560 1567 1602 malum
1585 1559 1813 1612 Ephraim,
1839 1563 1884 1600 et

1048 1616 1163 1657 filius
1182 1616 1410 1666 Romeliae,
1429 1615 1640 1658 dicentes:
1659 1614 1882 1657 Ascenda-

1047 1685 1145 1713 mus
1165 1672 1222 1714 ad
1238 1673 1263 1713 J
1264 1672 1407 1723 udam,
1428 1677 1472 1714 et
1490 1672 1753 1713 suscitemus
1772 1684 1883 1722 eum,

1049 1733 1093 1770 et
1111 1728 1352 1770 avellamus
1372 1741 1471 1770 eum
1490 1728 1548 1770 ad
1565 1741 1666 1778 nos,
1686 1732 1730 1770 et
1747 1730 1881 1780 pona-

1048 1798 1146 1826 mus
1181 1798 1331 1836 regem
1365 1785 1410 1826 in
1440 1784 1589 1826 medio
1622 1784 1713 1836 ejus
1744 1783 1883 1825 filium

1048 1841 1227 1883 Tabeel.

1107 1904 1155 1954 R.
1179 1902 1343 1944 Audite
1361 1902 1556 1944 verbum.
1576 1902 1664 1943 136.

1355 1975 1507 2015 Lectio
1529 1975 1582 2015 iii.

1131 2044 1150 2081 t
1173 2039 1332 2092 adjecit
1354 2040 1570 2082 Dominus
1594 2039 1716 2092 loqui
1743 2039 1799 2082 ad
1823 2040 1881 2081 A·

1146 2095 1269 2147 chaz,
1294 2095 1458 2138 dicens:
1481 2096 1589 2138 Pete
1611 2095 1691 2138 tibi
1710 2096 1882 2147 signum

1049 2166 1075 2194 a
1092 2153 1284 2194 D6min0
1309 2153 1407 2194 Deo
1435 2158 1513 2194 tuo
1541 2153 1585 2193 in
1612 2152 1882 2205 profundum

1048 2209 1214 2258 inferni,
1233 2209 1325 2250 sive
1343 2209 1387 2249 in
1407 2208 1630 2250 excelsum
1648 2222 1792 2262 supra.
1824 2209 1882 2250 Et

1049 2265 1159 2308 dixit
1185 2264 1354 2306 Achaz:
1384 2265 1486 2306 Non
1519 2270 1688 2317 petam,
1721 2270 1766 2307 et
1792 2277 1882 2317 non

1048 2321 1228 2364 tentabo
1256 2321 1505 2362 Dominum.
1548 2321 1605 2362 Et
1633 2320 1756 2363 dixit:
1793 2320 1882 2362 Au-

1050 2378 1140 2420 dite
1164 2389 1269 2428 ergo
1294 2376 1452 2419 domus
1470 2376 1631 2418 David:
1654 2376 1881 2428 Numquid

1049 2447 1205 2486 parum
1223 2433 1350 2474 vobis
1370 2438 1446 2483 est,
1465 2432 1676 2484 molestos
1693 2445 1790 2474 esse
1804 2432 1880 2474 ho-

1048 2490 1253 2539 minibuS‚
1282 2489 1383 2541 quia
1401 2489 1577 2530 molesti
1595 2488 1700 2530 estis
1721 2493 1764 2530 et
1782 2488 1880 2530 Deo

1049 2545 1172 2588 meo?
1199 2546 1387 2598 Propter
1410 2545 1496 2586 hoc
1520 2544 1643 2586 dabit
1664 2544 1880 2586 D6minus

1049 2602 1145 2654 ipse
1159 2601 1286 2643 vobis
1306 2602 1488 2652 signum.
1508 2601 1624 2642 Ecce
1639 2600 1762 2651 virgo
1779 2613 1879 2643 con-

1050 2658 1197 2711 cipiet,
1226 2663 1270 2699 et
1293 2657 1436 2710 pariet
1458 2656 1613 2706 filium,
1643 2661 1686 2698 et
1705 2656 1879 2698 vocabi-

1048 2719 1119 2755 tur
1143 2726 1303 2756 nomen
1328 2714 1418 2765 ejus
1442 2713 1710 2754 Emmanuel.
1747 2713 1879 2765 Buty-
