2040 2990
608 191 659 225 31.
685 191 773 226 Dec.
821 194 854 226 S.
880 192 1058 228 Silvestri
1084 195 1201 238 Papae
1225 202 1260 230 et
1284 197 1393 231 Conf.

141 285 230 328 vis?
271 286 406 336 Vide,
440 299 571 339 quam
604 288 827 339 signanter
859 289 968 330 Scri-

140 347 270 397 ptura
295 343 566 395 singulorum
589 344 720 386 libret
746 347 970 387 momenta

140 399 385 442 verborum.
419 401 661 451 Festinant,
686 401 842 453 inquit,
862 402 969 444 Ver-

140 455 246 498 bum
286 455 448 498 videre.
505 457 679 498 Etenim
723 471 822 499 cum
866 471 968 500 caro

139 512 317 554 Domini
344 512 533 562 videtur,
560 514 758 556 Verbum
783 513 968 566 videtur,

143 568 262 622 quod
282 574 350 611 est
367 570 516 611 Filius.

194 627 244 679 R.
276 625 474 668 Verbum
499 639 601 668 caro
627 627 792 668 factum
817 633 899 678 est,
926 634 969 670 et

140 682 356 724 habitavit
388 682 433 723 in
466 682 609 724 nobis:
638 685 661 710 *
692 684 749 726 Et
780 684 968 726 vidimus

140 738 324 790 gloriam
344 740 446 791 ejus,
464 739 650 790 gloriam
671 741 794 793 quasi
812 741 968 792 Unige-

140 795 218 836 niti
236 808 262 837 a
278 796 427 845 Patre,
454 795 631 848 plenum
654 797 806 848 gratiae
830 802 874 839 et
899 810 968 839 ve-

140 852 291 893 ritatis.
326 846 374 899 Y«.
402 852 559 894 Omnia
583 866 662 906 per
686 854 830 906 ipsum
855 854 968 895 facta

140 912 256 958 sunt,
280 914 325 950 et
348 909 441 950 sine
466 908 563 962 ipso
581 909 744 951 factum
766 915 831 951 est
850 910 968 951 nihil.

140 964 196 1006 Et
214 964 414 1006 vidimus.

424 1020 574 1060 Lectio
599 1020 680 1059 viii.

231 1091 289 1119 on
311 1077 536 1120 mediocre
564 1078 668 1120 fidei
693 1079 775 1121 tibi
797 1080 882 1121 hoc
909 1081 967 1121 vi-

243 1134 398 1176 deatur
423 1135 690 1188 exemplum,
723 1136 844 1188 quod
870 1137 967 1178 vilis

139 1190 196 1232 sit
221 1193 412 1244 persona
439 1193 679 1244 pastorum.
722 1192 850 1234 Certe
880 1206 967 1245 quo

139 1247 267 1288 vilior
282 1246 339 1289 ad
353 1246 642 1299 prudentiam,
663 1261 715 1290 eo
730 1250 967 1301 pretiosior

139 1303 196 1346 ad
213 1303 359 1346 fidem.
386 1303 487 1345 Non
502 1306 728 1357 gymnasia
743 1305 888 1347 choris
903 1319 967 1347 re-

138 1360 250 1402 ferta
281 1361 542 1414 sapientum,
573 1361 652 1403 sed
679 1362 855 1415 plebem
879 1363 966 1403 Do-

138 1417 282 1458 minus
315 1417 558 1470 simplicem
591 1418 835 1470 requisivit,
869 1416 967 1471 qu'ae

139 1473 369 1526 phalerare
394 1473 559 1525 audita,
589 1479 633 1515 et
657 1474 805 1516 fucare
830 1478 966 1516 nesci-

139 1534 216 1571 ret.
271 1529 538 1583 Simplicitas
584 1530 699 1572 enim
745 1531 966 1583 quaeritur,

138 1598 226 1627 non
245 1586 427 1628 ambitio
448 1585 733 1628 desideratur.

190 1643 241 1695 R·.
269 1642 307 1684 Ο
335 1643 503 1694 Regem
532 1643 649 1693 coeli,
687 1644 756 1685 cui
780 1644 883 1685 talia
908 1644 965 1685 fa-

138 1699 359 1741 mulantur
387 1699 614 1752 obsequia:
643 1700 816 1742 stabulo
843 1701 966 1752 p6ni-

137 1761 225 1806 tur,
245 1755 320 1808 qui
339 1755 536 1798 continet
553 1756 779 1798 mundum:
797 1756 819 1780 *
841 1757 866 1798 J
868 1762 966 1798 acet

137 1812 182 1853 in
214 1812 451 1866 praesepio,
493 1817 537 1854 et
567 1813 613 1853 in
646 1813 770 1855 coelis
802 1818 965 1865 regnat.

138 1863 188 1916 V.
205 1869 347 1911 Natus
367 1872 434 1910 est
452 1868 580 1910 nobis
600 1868 734 1911 hodie
751 1869 965 1919 Salvator,

140 1925 214 1978 qui
238 1929 305 1967 est
324 1924 523 1966 Christus
541 1925 772 1975 D6minus‚
797 1926 841 1966 in
865 1926 965 1967 civi-

137 1984 228 2024 tate
246 1980 402 2023 David.
429 1982 455 2022 J
457 1986 565 2023 acet.
596 1982 757 2023 Gloria.
784 1982 919 2023 Jaeet.

440 2039 590 2080 Lectio
611 2039 663 2079 ix.

137 2088 280 2195 Nec
317 2094 638 2137 contemnenda
674 2099 803 2148 putes
842 2095 965 2147 quasi

241 2151 344 2193 vilia
371 2151 507 2194 verba
534 2153 772 2204 pastorum.
823 2151 863 2192 A
891 2163 965 2203 pa-

139 2207 331 2250 storibus
351 2208 466 2250 enim
480 2208 619 2249 Maria
636 2207 770 2249 fidem
789 2207 965 2258 conigit.

139 2264 180 2304 A
197 2264 451 2317 pastoribus
468 2264 660 2317 populus
676 2263 732 2305 ad
747 2264 831 2305 Dei
846 2276 964 2305 reve-

138 2320 323 2362 rentiam
340 2322 642 2372 00113rege‘1tur.
669 2320 816 2361 Mirati
835 2320 966 2361 etiam

139 2382 239 2418 sunt
265 2389 418 2419 omnes
446 2377 519 2429 qui
543 2376 792 2427 audierunt,
821 2376 876 2418 de
900 2377 964 2426 iis,

141 2444 241 2484 quae
277 2432 535 2475 dicebantur
567 2445 592 2474 a
623 2432 874 2485 pastoribus
909 2432 965 2474 ad

139 2488 270 2540 ipsos.
317 2489 455 2531 Maria
491 2494 638 2530 autem
674 2488 965 2530 conservabat

140 2543 284 2585 Omnia
323 2544 458 2586 verba
495 2544 607 2594 haec,
655 2545 882 2586 couferens
921 2544 965 2584 in

140 2598 274 2641 corde
299 2613 392 2642 suo.
424 2601 656 2642 Discamus
682 2605 844 2642 sanctae
869 2599 964 2641 Vir-

139 2655 251 2706 ginis
276 2656 320 2696 in
346 2657 547 2699 omnibus
572 2657 836 2706 castitatem,
866 2668 964 2707 quae

140 2724 228 2753 non
252 2712 394 2754 minus
418 2725 495 2755 ore
517 2713 696 2766 pudiea,
724 2726 855 2765 quam
872 2714 963 2754 cor-

1021 302 1147 342 pore,
1182 293 1435 342 argumenta
1463 292 1565 334 fidei
1594 294 1846 337 conferebat

1021 347 1065 386 in
1085 347 1231 389 corde.
1287 352 1349 391 Te
1368 349 1511 390 Deum
1529 349 1767 392 laudamus.
1787 353 1845 392 14.

1078 410 1141 443 Ad
1167 411 1283 445 Laud.
1316 414 1441 446 omniu
1476 414 1653 449 (licuntur
1684 417 1781 451 sicut
1815 419 1848 451 in

1024 458 1182 492 Nutix'it.
1214 457 1292 492 188.
1351 461 1397 494 Et
1429 468 1516 503 post
1554 465 1773 498 &rationem
1812 468 1849 500 rit

1025 516 1220 542 commem.
1248 509 1293 542 de
1322 511 1355 542 S.
1382 510 1595 552 Stephano,
1627 519 1661 545 ct
1691 514 1848 557 reliquis

1025 556 1155 589 Octav.
1179 553 1253 589 212.

1075 608 1137 641 Ad
1164 608 1288 642 Horas
1319 611 1445 643 omniu
1477 611 1654 645 (licuntur
1684 614 1779 647 sicut
1812 615 1846 647 in

1023 654 1181 690 Nativit.
1208 657 1372 691 Domini.
1398 657 1473 692 189.

1077 709 1137 742 Ad
1162 709 1363 753 Vespera&
1400 712 1483 745 Ant.
1516 718 1551 745 ct
1582 713 1640 746 I‘s.
1669 714 1714 747 (lc
1744 714 1847 747 Nati-

1023 756 1152 798 vitate,
1171 758 1251 792 190.
1283 765 1318 792 ct
1338 760 1424 793 Ant.
1452 760 1710 803 duplicantur:
1737 763 1846 805 Cupi-

1023 805 1142 838 tulum
1169 811 1203 839 ct
1229 807 1374 850 reliqua
1404 808 1449 841 dc
1476 810 1510 842 S.
1536 810 1733 843 Silvas-tm.

1074 858 1112 891 S'i
1155 858 1308 892 Festum
1347 860 1381 893 S.
1415 861 1588 895 Sila-stri
1632 863 1775 895 venerit
1812 863 1844 895 in

1023 905 1234 943 Dominica,
1262 908 1386 948 agitur
1411 908 1433 941 (l
1449 919 1457 928 ³
1479 909 1590 942 Festo
1612 921 1693 943 cum
1714 922 1845 944 comm.

1022 952 1130 986 Dom.
1158 955 1193 987 in
1220 955 1243 988 I.
1263 955 1376 998 Περ,
1403 964 1436 989 ct
1464 957 1577 990 Laud.
1604 964 1689 991 unte
1714 969 1844 991 comm.

1023 1002 1190 1035 omnium
1217 1002 1463 1040 Octuvurum:
1490 1012 1524 1038 ct
1553 1006 1597 1038 ix.
1624 1006 1750 1039 Lectio
1777 1007 1846 1040 crit

1023 1049 1069 1083 dc
1096 1050 1233 1084 Ilomil.
1260 1051 1482 1085 Dominicae.
1503 1053 1576 1087 216.

1380 1129 1485 1157 {38}-

1207 1198 1290 1239 Die
1314 1199 1372 1238 31.
1396 1198 1662 1239 Decembris.

1021 1266 1070 1305 In
1083 1267 1215 1307 Festo
1225 1267 1267 1307 S.
1280 1266 1510 1307 Silvestri
1529 1267 1656 1318 Pupio
1671 1274 1711 1308 et
1726 1268 1843 1307 Conf.

1356 1332 1514 1375 Duplex.

1072 1388 1106 1420 A
1133 1388 1256 1431 Cupit.
1288 1389 1414 1422 omniu
1447 1389 1491 1422 dc
1518 1389 1718 1423 Communi
1746 1391 1842 1423 (Ion-

1022 1436 1180 1469 fessoris
1204 1436 1412 1470 Pontificis.
1435 1434 1505 1478 [49]

1354 1492 1516 1534 Oratio.

1021 1544 1105 1650 D
1115 1560 1140 1588 a
1152 1549 1401 1599 quaesumus
1418 1549 1695 1598 omnipotens
1709 1546 1843 1587 Deus:

1121 1609 1169 1645 ut
1197 1604 1314 1645 beati
1345 1603 1542 1645 Silvestri
1570 1602 1843 1643 Confessoris

1017 1660 1082 1701 tui
1105 1664 1237 1712 atque
1256 1660 1481 1702 Pontificis
1505 1657 1755 1700 veneranda
1777 1670 1843 1699 so-

1017 1716 1235 1766 lemnitas,
1261 1722 1304 1758 et
1324 1716 1603 1758 devotionem
1626 1714 1752 1756 nobis
1772 1717 1842 1755 au-

1017 1778 1119 1824 geat
1139 1778 1183 1814 et
1200 1773 1396 1814 salutem.
1423 1773 1507 1813 Per
1526 1770 1773 1812 D6minum.

1073 1838 1119 1871 Et
1143 1838 1183 1870 fit
1206 1839 1299 1870 com.
1320 1836 1365 1869 de
1385 1836 1551 1869 Octuvis
1571 1842 1610 1869 ut
1628 1846 1752 1879 supra.
1767 1834 1841 1869 213.

1175 1904 1263 1944 Ad
1295 1903 1679 1944 matutinum.

1071 1966 1208 2001 Omnia
1252 1967 1298 2000 de
1347 1966 1546 2000 Communi
1595 1967 1839 2000 Confessoris

1020 2015 1218 2049 Pontificis
1242 2013 1320 2057 [50]
1345 2019 1484 2057 practer
1508 2014 1718 2048 Lectiones.

1250 2080 1297 2118 In
1325 2080 1354 2118 1.
1383 2079 1417 2118 N
1420 2080 1604 2118 octurno.

1112 2143 1179 2183 De
1205 2141 1406 2194 Epistola
1433 2139 1489 2182 ad
1518 2140 1753 2181 Romanos.

1142 2201 1295 2243 Lectio
1316 2201 1339 2240 i.
1552 2200 1654 2251 Cap.
1674 2202 1709 2240 2.

1021 2266 1029 2289 ⁴2
1055 2266 1097 2311 εἰ(
1113 2266 1282 2314 ropter
1307 2260 1426 2314 quod
1451 2259 1758 2302 inexcusabilis
1783 2271 1840 2308 eS,

1148 2331 1174 2360 o
1206 2318 1339 2359 homo
1373 2317 1530 2366 omnis,
1564 2316 1638 2368 qui
1665 2315 1840 2367 judicas,

1024 2348 1125 2396 Ἣ
1146 2375 1198 2415 In
1218 2387 1304 2427 quo
1326 2374 1439 2415 enim
1461 2372 1625 2425 judicas
1645 2371 1840 2420 alterum,

1016 2433 1207 2484 teipsum
1234 2430 1513 2472 condemnas:
1545 2427 1699 2470 eadem
1727 2427 1840 2469 enim

1016 2488 1108 2539 agis
1125 2500 1223 2539 quae
1239 2486 1415 2539 judicas.
1435 2486 1603 2528 Scimus
1619 2484 1732 2527 enim
1743 2485 1840 2535 quo-

1015 2544 1133 2584 niam
1159 2543 1365 2596 judicium
1392 2543 1476 2584 Dei
1505 2546 1571 2583 est
1599 2539 1838 2582 secundum

1016 2599 1247 2641 veritatem
1271 2599 1315 2640 in
1342 2611 1436 2648 eos,
1465 2598 1539 2650 qui
1566 2597 1670 2638 talia
1696 2599 1837 2646 agunt.

1015 2657 1253 2698 Existimas
1270 2661 1416 2697 autem
1434 2654 1532 2703 hoc,
1551 2666 1577 2694 ο
1597 2652 1744 2700 homo,
1764 2650 1837 2702 qui

1002 2709 1182 2763 'judicas
1202 2724 1293 2762 εοε,
1319 2711 1393 2763 qui
1415 2710 1520 2752 talia
1538 2713 1685 2760 agunt,
1712 2713 1755 2748 et
1778 2706 1836 2747 fa—
