2080 2990
808 215 1017 248 Commune
1044 224 1118 247 non
1145 212 1356 254 Virginurn.

288 311 414 352 Pater
431 311 592 349 noster.

286 372 530 412 Absolutio.
559 370 703 420 Ipsius
722 370 874 421 pietas.

286 424 335 475 V.
359 424 472 467 Jube
495 424 666 466 domne.

289 485 446 526 Bened.
476 486 596 524 Deus
615 481 746 523 Pater
768 483 1058 534 omnipotens.

237 563 299 602 Ex
317 558 429 601 libro
450 558 588 600 sancti
608 558 832 600 Ambrosii
851 557 1058 611 Episcopi

527 614 583 657 de
601 614 771 657 Viduis.

508 686 634 730 Prope
660 686 782 719 finem.

533 744 684 785 Lectio
705 743 756 783 iv.

239 805 277 848 ,ἐξ
320 811 367 848 ς
382 811 507 850 grum
521 797 636 838 hunc
648 796 858 838 Ecclesiae
872 795 1061 838 fertilem

242 851 248 887 γ’
273 847 369 920 ΞΞᾌ
396 867 540 903 cerno,
552 866 667 895 nunc
678 853 940 903 integritatis
951 853 1061 894 flore

247 911 366 937 ⁴*ss
395 913 670 960 vernantem,
697 922 812 951 nunc
836 909 1061 951 viduitatis

234 970 449 1020 gravitate
483 967 739 1020 pollentem,
779 978 893 1007 nunc
930 966 1062 1007 etiam

235 1025 424 1078 conjugii
474 1023 688 1065 fructibus
732 1022 1062 1065 redundantem.

234 1082 349 1124 Nam
369 1081 452 1124 etsi
471 1080 643 1130 diversi,
663 1082 789 1121 unius
808 1084 956 1121 tamen
970 1079 1062 1131 agri

235 1139 403 1180 fructus
432 1142 548 1179 sunt:
576 1150 656 1178 nec
683 1141 806 1179 tanta
833 1135 1062 1177 hortorum

236 1195 340 1245 lilia,
360 1200 535 1247 quantae
554 1196 702 1235 aristae
722 1195 935 1245 segetum,
953 1195 1062 1234 mes-

236 1252 348 1294 sium
377 1252 526 1305 spicae:
556 1250 937 1303 compluriumque
966 1251 1063 1302 spa-

237 1309 296 1351 tia
329 1310 586 1361 camporum
616 1306 881 1360 recipiendis
913 1308 1063 1360 aptan-

236 1371 306 1407 tur
335 1364 591 1414 seminibus,
619 1377 750 1416 quam
777 1362 961 1405 redditis
989 1375 1063 1404 no-

236 1422 356 1464 vales
374 1421 590 1463 fructibus
608 1421 830 1462 feriantur.
858 1420 982 1461 Bona
1001 1432 1063 1461 er-

236 1492 292 1530 go
312 1478 517 1528 viduitas,
547 1490 645 1530 quae
664 1477 798 1519 toties
818 1476 1064 1529 apostolico

236 1535 397 1588 judicio
415 1534 694 1588 praedicatur.
721 1534 832 1575 Haec
848 1533 963 1575 enim
977 1546 1063 1574 ma-

236 1595 372 1643 gistra
386 1591 501 1641 fidei,
519 1593 728 1642 magistra
749 1595 815 1632 est
836 1589 1064 1632 castitatis.

290 1652 340 1703 Rg.
370 1648 561 1701 Propter
592 1647 840 1696 veritatem,
873 1652 916 1688 et
946 1659 1063 1687 man-

238 1705 529 1754 suetudinem,
556 1709 600 1746 et
624 1704 847 1756 iustitiam:
867 1710 891 1734 *
909 1703 965 1744 Et
991 1702 1062 1744 de-

239 1761 370 1804 ducet
401 1766 445 1804 te
476 1760 733 1802 mirabiliter
765 1759 946 1801 dextera
977 1763 1063 1800 tua.

238 1821 287 1870 Y.
315 1818 470 1872 Specie
488 1823 565 1860 tua
583 1822 627 1859 et
646 1815 971 1870 pulchritudine
989 1820 1064 1858 tua

238 1875 431 1925 intende,
459 1877 674 1928 prospere
697 1872 908 1927 procede,
937 1878 981 1914 et
1000 1885 1063 1914 re-

237 1945 333 1983 gna.
368 1933 424 1974 Et
444 1932 645 1988 deducet.

291 1990 452 2031 Bened.
480 1988 676 2031 Christus
695 1989 933 2041 perpetuae.

548 2057 699 2098 Lectio
722 2071 757 2096 r.

239 2114 415 2221 Unde
440 2120 483 2157 et
502 2115 564 2156 illi
587 2115 662 2167 qui
681 2115 864 2157 deorum
884 2117 1064 2157 suorum

343 2171 558 2213 adulteria
589 2176 632 2213 et
663 2171 828 2225 probra
858 2174 1063 2214 veneran-

239 2233 321 2279 tur,
359 2228 592 2270 coelibatus
629 2233 672 2270 et
711 2228 935 2270 viduitatis
981 2234 1064 2270 sta-

238 2287 362 2327 tuere
390 2297 562 2338 poenas,
589 2290 639 2327 ut
665 2285 810 2326 aemuli
837 2286 1065 2327 criminum

238 2342 501 2384 mulctarent
520 2340 665 2383 studia
679 2342 899 2393 virtutum,
918 2342 1066 2395 specie

241 2398 429 2451 quidem,
449 2411 536 2450 qua
554 2397 886 2439 foecunditatem
902 2401 1066 2451 quaere-

239 2460 354 2505 rent,
382 2455 462 2497 sed
488 2454 651 2504 studio,
682 2467 769 2506 quo
789 2455 1067 2507 propositum

241 2512 455 2554 castitatis
492 2511 729 2552 abolerent.
775 2510 889 2552 Nam
925 2512 1067 2553 confe-

242 2569 322 2611 ctis
343 2573 386 2610 et
404 2568 530 2610 miles
550 2567 778 2620 stipendiis
798 2580 919 2608 arma
934 2568 1066 2620 depo-

241 2626 315 2675 nit,
335 2630 378 2667 et
394 2625 549 2667 relicto
571 2624 718 2666 officio
740 2623 860 2677 quod
876 2624 1067 2675 gerebat,

242 2682 299 2724 ad
317 2682 498 2735 propria
516 2683 748 2723 veteranus
771 2693 871 2722 rura
893 2680 1067 2722 dimitti-

240 2743 328 2789 tur,
356 2744 404 2780 ut
429 2743 473 2780 et
496 2739 590 2791 ipse
616 2738 818 2780 exercitae
843 2737 1068 2779 laboribus

1110 306 1213 347 vitae
1226 303 1423 355 requiem
1437 303 1750 354 consequatur3
1769 305 1813 343 et
1829 299 1938 341 elios

1113 374 1215 414 spes
1238 360 1398 402 futurae
1428 358 1587 411 quietis
1617 356 1855 399 subeundis
1879 356 1938 398 fa-

1113 419 1198 460 ciat
1225 415 1433 470 operibus
1460 414 1769 468 promptiores.
1814 413 1938 464 Agri-

1112 474 1209 516 cola
1229 485 1405 526 quoque
1422 471 1635 513 maturior
1649 470 1939 523 torquendam

1112 531 1209 572 aliis
1234 530 1391 572 stivam
1419 527 1667 577 committit,
1695 532 1739 569 et
1765 526 1939 579 juvenili

1112 589 1319 639 gravatus
1337 587 1471 638 opere
1485 583 1808 638 providentiam
1822 595 1939 625 curae

1114 644 1260 686 senilis
1278 642 1495 695 explorat:
1514 641 1649 682 vitem
1662 639 1831 681 facilius
1845 644 1939 682 ton-

1114 700 1234 750 dere,
1275 711 1405 752 quam
1436 699 1655 751 premere,
1691 701 1740 738 ut
1770 696 1940 748 juvene-

1114 759 1307 799 scentem
1325 755 1544 797 luxuriam
1563 753 1784 806 reprimat,
1805 757 1849 794 et
1867 751 1940 794 ad-

1114 813 1381 855 olescentem
1411 811 1636 852 lasciviam
1666 809 1778 851 falce
1806 811 1941 851 succi-

1115 869 1204 911 dat:
1227 871 1463 922 parcorum
1482 865 1717 920 quamdam
1735 867 1942 919 partuum

1115 926 1363 968 castitatem
1383 924 1547 966 docens
1567 923 1698 965 etiam
1716 922 1760 963 in
1779 921 1941 964 vitibus

1116 981 1416 1036 expetendam.

1166 1052 1216 1103 R.
1254 1046 1457 1088 Dilexisti
1483 1044 1707 1096 justitiam,
1740 1047 1783 1085 et
1810 1042 1942 1085 odisti

1115 1105 1406 1158 iniquitatem:
1427 1109 1451 1133 *
1480 1102 1723 1154 Propterea
1747 1099 1871 1141 unxit
1898 1105 1943 1142 te

1116 1163 1254 1211 DeuS,
1306 1161 1428 1202 Deus
1473 1163 1574 1200 tuus
1623 1156 1722 1198 oleo
1767 1156 1945 1198 laetitiae.

1115 1216 1165 1268 V.
1192 1219 1381 1271 Propter
1404 1215 1650 1264 veritatem,
1677 1217 1721 1254 et
1745 1225 1944 1254 mansue-

1117 1274 1324 1324 tudinem,
1345 1277 1389 1315 et
1407 1271 1624 1325 justitiam.
1651 1269 1906 1322 Propterea.

1168 1338 1331 1381 Bened.
1359 1339 1514 1389 Ignem
1531 1335 1599 1377 sui
1617 1334 1790 1376 amoris.

1418 1417 1570 1458 Lectio
1590 1416 1644 1456 vi.

1118 1478 1320 1586 Similis
1343 1481 1446 1523 huic
1463 1480 1598 1522 vidua
1614 1479 1735 1522 velut
1753 1479 1946 1521 emeritis

1194 1541 1402 1581 veterana
1417 1536 1646 1590 stipendiis
1662 1535 1888 1586 castitatisx,
1903 1540 1947 1577 et

1117 1597 1154 1638 si
1181 1596 1370 1649 conjugii
1397 1607 1519 1635 arma
1546 1593 1755 1646 deponat,
1788 1591 1946 1634 domus

1115 1658 1262 1695 tamen
1291 1654 1427 1694 totius
1457 1663 1615 1703 pacem
1641 1649 1869 1700 gubernat:
1902 1654 1947 1690 et

1117 1710 1154 1751 si
1172 1708 1382 1751 vehendis
1406 1706 1612 1749 oneribus
1636 1706 1795 1755 otiosa,
1819 1705 1944 1746 mari—

1117 1765 1262 1808 tandis
1292 1769 1439 1807 tamen
1470 1761 1711 1815 junioribus
1742 1761 1945 1815 provida,

1117 1822 1193 1864 ubi
1212 1822 1354 1864 cultus
1373 1820 1537 1870 utilior,
1563 1818 1639 1861 ubi
1658 1818 1825 1860 fruetus
1843 1817 1946 1860 ube-

1117 1880 1206 1921 rior
1221 1879 1287 1929 sit,
1307 1890 1491 1931 quarum
1501 1875 1706 1929 copulam
1721 1875 1947 1928 aptiorem,

1114 1936 1242 1978 senili
1260 1935 1475 1986 gravitate
1495 1932 1700 1986 disponit.
1735 1932 1891 1984 Itaque
1910 1931 1948 1972 si

1115 1991 1429 2035 maturioribus
1440 2003 1572 2043 quam
1581 1987 1819 2042 iunioribus
1830 2000 1945 2030 com-

1116 2050 1300 2091 mittitur
1324 2061 1444 2100 ager,
1472 2060 1549 2089 cur
1574 2050 1704 2099 putes
1726 2044 1946 2087 utiliorem

1116 2111 1299 2159 nuptam
1318 2118 1416 2148 esse
1439 2117 1570 2157 quam
1587 2100 1787 2146 viduam?
1815 2101 1946 2152 Quod

1117 2164 1153 2204 si
1178 2165 1486 2217 persecutores
1511 2159 1615 2202 fidei
1636 2161 1946 2213 persecutores

1117 2220 1291 2262 fuerunt
1315 2219 1446 2260 etiam
1463 2216 1702 2259 viduitatis:
1726 2216 1878 2268 utique
1896 2215 1943 2256 fi-

1117 2276 1218 2319 dem
1237 2274 1520 2328 sequentibus
1538 2273 1727 2315 viduitas
1749 2284 1837 2313 non
1859 2284 1942 2325 pro

1117 2332 1334 2386 supplicio
1349 2330 1553 2383 fugienda
1568 2335 1644 2380 est,
1663 2328 1743 2372 sed
1754 2328 1943 2370 tenenda

1117 2402 1200 2443 pro
1219 2388 1415 2443 praemio.

1174 2456 1222 2507 Ru
1237 2453 1390 2495 Fallax
1408 2451 1560 2503 gratia,
1581 2454 1624 2493 et
1639 2463 1750 2491 vana
1769 2454 1836 2492 est
1851 2449 1943 2503 pul-

1119 2509 1338 2553 chritudo:
1367 2513 1389 2535 *
1414 2507 1571 2549 Mulier
1601 2507 1759 2549 timens
1790 2507 1944 2555 Deum,

1118 2569 1214 2621 ipsa
1233 2565 1491 2608 laudabitur.
1522 2560 1571 2612 V.
1592 2564 1706 2605 Date
1726 2563 1765 2605 ei
1786 2563 1841 2606 de
1859 2563 1944 2604 fru-

1120 2630 1193 2666 ctu
1224 2625 1430 2665 manuum
1463 2623 1656 2670 suarum,
1693 2625 1736 2662 et
1766 2619 1945 2662 laudent

1120 2694 1217 2723 eam
1243 2680 1287 2721 in
1315 2678 1454 2732 portis
1479 2679 1614 2730 opera
1639 2678 1740 2729 ejus.
1779 2676 1945 2718 Mulier.

1123 2737 1271 2779 Gloria
1290 2735 1420 2777 Patri.
1453 2733 1620 2776 Mulier.
