2080 2990
689 201 727 234 ln
757 201 879 234 Festis
908 202 945 234 B.
972 201 1017 233 M
1011 201 1101 234 nic
1129 200 1170 233 Υ
1195 210 1240 242 p
1235 211 1262 232 r
1288 210 1437 233 annum.

527 301 676 341 Lectio
699 301 735 340 ii.

222 362 445 466 Mecum
478 367 579 405 sunt
610 361 789 411 divitiae,
822 366 866 403 et
893 361 1042 412 gloria,

338 435 446 475 opes
466 419 668 473 superbae
689 424 732 460 et
751 418 1042 470 13811113.Μο-

216 480 298 521 lior
319 484 385 521 est
405 478 519 520 enim
539 477 705 517 fructus
723 488 846 517 meus
862 487 980 524 auro,
999 479 1043 516 et

216 535 364 589 lapide
391 534 606 588 pretioso,
632 537 676 574 et
702 532 919 583 genimina
946 543 1044 572 mea

218 594 397 656 argento
417 591 569 633 electo.
597 590 647 631 In
663 589 746 630 viis
765 588 938 641 justitiae
958 589 1044 628 3111-

217 649 337 698 bulo,
365 648 409 689 in
437 646 582 688 medio
609 646 862 688 semitarum
887 644 1044 696 judicii,

217 711 265 747 ut
286 705 421 747 ditem
442 704 671 755 diligentes
690 714 777 751 me,
806 706 849 743 et
873 700 1044 742 thesau-

217 775 291 803 ros
312 763 463 803 eorum
483 760 687 813 repleam.
714 758 931 799 Dominus
945 770 1045 810 pos-

219 817 333 860 sedit
358 830 428 859 me
453 817 497 858 in
521 816 644 857 initio
663 815 833 856 viarum
858 816 1044 863 suarum,

219 877 453 927 antequam
469 872 706 926 quidquam
721 871 885 912 faceret
899 883 924 911 a
937 870 1046 923 prin-

218 931 345 984 cipio.
372 930 443 972 Ab
465 931 632 971 aeterno
653 927 855 970 ordinata
875 939 981 976 sum,
1003 931 1046 968 et

218 1001 271 1029 ex
297 987 486 1040 antiquis
515 988 749 1037 antequam
773 990 891 1026 terra
909 984 1046 1025 fieret.

217 1043 426 1086 Nondum
450 1048 572 1085 erant
597 1041 759 1094 abyssi,
786 1046 830 1082 et
857 1052 939 1091 ego
963 1041 1047 1092 jam

219 1102 434 1153 concepta
459 1112 593 1141 eram:
622 1098 809 1140 necdum
835 1097 979 1139 fontes
1004 1109 1044 1138 3-

219 1159 403 1210 quarum
433 1159 682 1208 eruperant:
710 1154 898 1196 necdum
926 1166 1045 1195 mon-

217 1219 284 1255 tes
312 1214 434 1265 gravi
462 1212 579 1254 mole
611 1214 914 1253 constiterant:
946 1215 1046 1251 ante

218 1271 353 1312 colles
374 1283 455 1322 ego
475 1268 760 1322 parturiebar.

271 1340 318 1389 1<
351 1334 724 1387 Congratulamini
750 1333 857 1374 mihi
883 1345 1046 1382 omnes,

219 1392 293 1444 qui
322 1391 500 1442 diligitis
528 1390 782 1440 Dominum,
820 1390 921 1442 quia
947 1402 1046 1431 cum

219 1461 361 1490 essem
377 1447 572 1501 parvula,
593 1446 739 1500 placui
761 1446 1003 1487 Altissimo:
1022 1452 1042 1474 *

218 1506 274 1547 Et
294 1504 351 1546 (10
370 1504 478 1545 111018
498 1503 741 1545 visceribus
761 1503 890 1555 genui
905 1503 1047 1544 Deum

219 1566 262 1603 et
280 1561 511 1602 hominem.
539 1554 588 1606 Υ.
610 1560 793 1601 Beatam
812 1572 882 1601 me
899 1559 1046 1600 dicent

219 1630 370 1658 omnes
389 1616 706 1667 generationes,
727 1616 828 1668 quia
846 1615 1046 1656 ancillam

218 1673 425 1715 humilem
444 1673 638 1725 respexit
656 1673 788 1714 Deus.
816 1672 884 1713 Et.

272 1738 431 1779 Bencd.
460 1737 648 1790 Spiritus
669 1737 809 1778 sancti
827 1737 977 1789 gratia.
1033 1791 1038 1794 Ι

520 1813 670 1854 Lectio
691 1813 744 1853 iii.

221 1879 425 1983 Beatus
453 1883 587 1925 homo
621 1882 695 1935 qui
724 1881 847 1923 audit
874 1895 961 1932 me,
1001 1886 1045 1924 et

314 1939 388 1990 qui
408 1940 559 1991 vigilat
582 1938 639 1981 ad
658 1939 775 1980 fores
800 1951 921 1980 meas
942 1951 1046 1991 quo-

218 1995 341 2045 tidie,
373 2000 416 2037 et
444 1996 651 2037 observat
678 1994 735 2037 ad
766 2000 919 2048 postes
946 1996 1047 2037 ostii

219 2052 315 2093 mei.
344 2052 427 2102 Qui
446 2065 515 2094 me
535 2052 762 2102 invenerit,
781 2052 973 2094 inveniet
988 2052 1046 2093 vi-

220 2113 320 2158 tam,
341 2113 383 2149 et
402 2108 572 2150 hauriet
591 2108 777 2150 salutem
796 2121 821 2149 3
840 2108 1047 2149 Domino:

221 2164 295 2216 qui
314 2170 459 2206 autem
478 2165 521 2205 in
540 2177 611 2206 me
629 2165 896 2217 peccaverit,
915 2164 1048 2206 laedet

221 2220 410 2262 animam
426 2233 559 2262 suam.
580 2221 755 2271 Omnes,
770 2221 845 2273 qui
859 2234 929 2263 me
945 2220 1047 2262 ode·

221 2282 335 2327 runt,
368 2276 553 2328 diligunt
586 2283 784 2319 mortem.
826 2277 1047 2330 Sapientia

220 2333 455 2375 aedificavit
473 2333 557 2375 sibi
577 2332 771 2383 domum,
795 2333 956 2375 excidit
976 2346 1045 2375 co-

220 2390 391 2431 lumnas
424 2394 604 2442 septem.
645 2389 894 2431 Immolavit
925 2390 1045 2431 victi-

220 2458 314 2488 mas
338 2459 455 2496 suas,
486 2446 660 2487 miscuit
684 2446 846 2495 vinum,
878 2451 922 2488 et
946 2459 1046 2500 pro·

221 2502 368 2555 posuit
386 2515 582 2544 mensam
605 2515 740 2544 suam.
776 2503 895 2546 Misit
918 2507 1046 2548 ancil-

220 2559 286 2600 las
311 2571 412 2600 suas
436 2564 484 2600 ut
502 2561 712 2601 vocarent
737 2559 793 2602 ad
813 2573 974 2613 arcem,
1005 2568 1047 2605 et

221 2615 279 2658 ad
297 2616 457 2656 moenia
474 2616 677 2658 civitatis:
696 2617 741 2658 Si
757 2618 853 2669 quis
869 2624 936 2660 est
950 2621 1046 2671 1131·-

220 2672 362 2723 vulus,
382 2673 527 2714 veniat
546 2672 603 2714 ad
621 2686 701 2715 me.
734 2673 791 2715 Et
810 2674 1045 2727 insipienti-

220 2728 303 2771 bus
331 2728 480 2771 locuta
507 2734 591 2771 est:
622 2730 798 2780 Venite,
830 2731 1046 2774 comedite

1093 305 1251 361 panem
1264 306 1420 345 meum,
1436 299 1480 337 et
1492 294 1631 337 bibite
1641 296 1787 338 vinum
1799 297 1919 350 quod

1094 349 1247 390 miscui
1266 349 1402 391 vobis.

1153 418 1199 467 R·
1230 414 1367 457 Beata
1395 428 1443 457 es
1469 416 1608 468 Virgo
1634 417 1787 468 Maria,
1820 431 1919 471 quae

1096 471 1332 512 Dominum
1393 474 1597 524 portasti,
1668 473 1920 516 Creatorem

1096 527 1260 569 mundi:
1301 531 1322 554 *
1362 528 1562 571 Genuisti
1603 530 1677 582 qui
1722 535 1766 572 te
1807 530 1920 580 fecit,

1097 588 1141 625 et
1177 584 1221 624 in
1263 586 1474 626 aeternum
1510 588 1741 638 permanes
1772 587 1921 638 Virg'o.

1100 637 1147 689 Υ
1180 640 1276 682 Ave
1304 641 1457 691 Maria,
1492 643 1631 692 gratia
1662 643 1807 696 plena,
1834 643 1921 684 Do-

1098 696 1239 737 minus
1284 701 1440 738 tecum.
1501 698 1711 741 Genuisti.
1772 699 1922 741 Gloria

1097 753 1228 794 Patri.
1266 753 1477 796 Genuisti.

1328 834 1376 872 In
1399 833 1448 872 II.
1470 833 1692 872 Nocturno.

1149 899 1248 939 Ant.
1278 897 1434 950 Specie
1463 902 1538 940 tua
1565 900 1589 926 *
1617 903 1660 940 et
1687 898 1924 952 pulchritu-

1098 952 1198 994 dine
1217 957 1292 995 tua
1314 953 1508 1003 intende,
1536 956 1748 1008 prospere
1772 957 1923 1008 proce-

1099 1008 1165 1059 de,
1185 1014 1228 1051 et
1247 1022 1391 1060 regna.

1365 1082 1561 1123 Psalmus
1590 1084 1656 1123 44.

1140 1150 1401 1192 ructavit
1440 1163 1517 1192 cor
1556 1163 1702 1192 meum
1742 1151 1925 1193 verbum

1106 1207 1207 1268 ᾗ,
1230 1206 1409 1248 bonum:
1450 1208 1474 1233 *
1515 1206 1614 1248 dico
1661 1219 1744 1258 ego
1790 1209 1926 1260 opera

1107 1266 1207 1288 -''—<
1230 1276 1328 1305 mea
1347 1263 1451 1315 regi.

1150 1322 1318 1372 Lingua
1349 1333 1447 1362 mea
1475 1320 1667 1363 calamus
1696 1320 1869 1370 scribae,
1901 1321 1925 1347 *

1100 1378 1309 1420 velociter
1337 1376 1578 1419 scribentis.

1151 1434 1385 1487 Speciosus
1419 1433 1559 1475 forma
1590 1446 1684 1486 prae
1716 1433 1816 1474 filiis
1850 1433 1925 1475 ho-

1099 1492 1273 1540 minum,
1302 1489 1459 1532 diffusa
1487 1494 1554 1531 est
1573 1490 1714 1541 gratia
1731 1490 1776 1530 in
1798 1489 1925 1532 labiis

1099 1548 1199 1589 tuis:
1214 1548 1237 1573 *
1247 1548 1485 1600 propterea
1505 1545 1729 1588 benedixit
1745 1551 1790 1588 te
1804 1546 1925 1588 Deus

1099 1605 1142 1645 in
1171 1606 1393 1646 aeternum.

1152 1661 1395 1711 Accingere
1422 1658 1568 1710 gladio
1602 1663 1679 1700 tuo
1707 1672 1840 1712 super
1867 1659 1925 1701 fe-

1099 1730 1197 1758 mur
1223 1722 1357 1765 tuum,
1385 1716 1408 1741 *
1435 1715 1748 1768 potentissime,

1151 1773 1304 1826 Specie
1331 1778 1407 1814 tua
1430 1777 1474 1813 et
1500 1770 1822 1824 pulchritudine
1848 1777 1924 1814 tua

1099 1831 1122 1856 *
1158 1829 1351 1879 intende,
1385 1830 1598 1882 prospere
1635 1827 1844 1881 procede,
1880 1833 1925 1871 et

1099 1899 1243 1937 regna.

1150 1944 1339 1996 Propter
1357 1942 1598 1991 veritatem,
1618 1946 1662 1983 et
1678 1944 1923 1984 mansuetu-

1101 2000 1257 2050 dinem,
1286 2004 1330 2041 et
1357 1998 1576 2050 justitiam:
1608 1998 1632 2023 *
1665 2003 1709 2040 et
1736 1996 1925 2040 deducet

1099 2062 1143 2099 te
1170 2055 1425 2098 mirabiliter
1453 2054 1634 2096 dextera
1660 2059 1746 2096 tua.

1154 2114 1333 2164 Sagittae
1366 2117 1454 2154 tuae
1482 2114 1637 2160 acutae,
1663 2110 1816 2163 populi
1843 2110 1924 2152 sub

1099 2176 1143 2212 te
1173 2168 1340 2218 cadent,
1368 2169 1392 2194 *
1419 2168 1463 2209 in
1491 2166 1626 2209 corda
1652 2167 1925 2209 inimicorum

1101 2239 1227 2278 reg1s.

1153 2281 1289 2324 Sedes
1308 2286 1383 2323 tua
1401 2280 1521 2322 Deus
1547 2280 1592 2320 in
1615 2279 1823 2321 saeculum
1847 2280 1924 2320 sae-

1104 2339 1204 2381 culi:
1231 2339 1255 2364 *
1282 2337 1404 2388 virga
1432 2335 1682 2378 directionis
1712 2335 1835 2386 virga
1861 2347 1925 2376 re-

1101 2408 1175 2446 gm
1200 2395 1274 2437 tui.

1152 2450 1354 2493 Dilexisti
1379 2449 1594 2501 justitiam,
1622 2453 1666 2490 et
1693 2447 1825 2490 odisti
1850 2447 1925 2488 ini·

1103 2508 1328 2560 quitatem:
1337 2507 1361 2532 *
1371 2506 1606 2558 propterea
1618 2505 1741 2546 unxit
1750 2510 1794 2546 te
1804 2504 1925 2546 Deus

1100 2564 1220 2606 Deus
1247 2569 1347 2605 tuus
1381 2562 1480 2603 oleo
1508 2561 1672 2603 laetitiae
1704 2573 1798 2613 prae
1826 2573 1924 2602 con-

1101 2619 1292 2662 sortibus
1318 2619 1415 2661 11118.

1154 2675 1342 2729 Myrrha,
1370 2680 1414 2716 et
1440 2678 1573 2725 gutta,
1600 2678 1645 2715 et
1672 2673 1790 2715 casia
1812 2684 1838 2713 a
1856 2683 1925 2713 ve-

1101 2732 1314 2776 stimentis
1332 2731 1429 2781 tuiS,
1446 2743 1472 2772 3
1487 2730 1688 2772 domibus
1708 2727 1925 2771 eburneis:
