2080 2990
620 214 685 247 llic
716 215 760 246 11.
791 214 873 247 Dec.
922 216 954 246 Η.
985 213 1135 246 Damasi
1166 212 1279 254 l'apw
1304 218 1337 245 ct
1365 213 1471 244 (lons.

502 310 648 349 Lecti«)
673 310 722 348 ix.

202 342 383 463 Quam
397 361 476 403 tibi
491 361 618 402 aliam
633 360 890 414 praedixisse
900 359 1020 400 Deus

301 417 482 467 videtur,
503 417 678 470 quando
699 416 755 458 ad
774 417 1020 468 serpentem

200 475 274 515 ait:
302 474 554 515 Inimicitias
582 486 742 526 ponam
770 473 879 513 inter
907 476 950 513 te
979 476 1021 512 et

199 528 449 572 mulierem?
504 530 559 571 Et
591 530 626 571 si
662 529 804 571 adhuc
835 527 1020 576 dubitas,

200 587 320 639 quod
344 586 398 628 de
420 587 557 627 Maria
581 586 752 635 dixerit,
779 584 880 626 audi
904 583 1022 636 quod

201 644 412 696 sequitur:
442 644 547 695 Ipsa
575 645 771 684 conteret
799 646 930 693 caput
957 646 1021 681 tu-

199 714 282 741 um.
320 700 398 741 Cui
422 699 517 741 haec
543 701 715 740 servata
738 697 920 739 victoria
945 701 1021 746 est,

200 757 281 797 nisi
317 754 491 797 Mariae?
552 756 654 808 Ipsa
694 753 847 807 procul
887 753 1021 795 dubio

201 818 332 865 caput
367 812 570 854 contrivit
606 805 885 858 venenatum,
924 822 1021 861 quae

201 868 496 911 omnimodam
509 868 685 919 maligni
700 867 1022 918 suggestionem

200 931 290 967 tam
317 924 371 967 de
398 925 539 966 carnis
563 924 784 972 illecebra,
814 936 944 975 quam
968 922 1022 963 de

201 982 357 1023 mentis
390 981 594 1033 superbia
623 980 805 1021 deduxit
834 978 890 1020 ad
917 978 1022 1019 nihi-

201 1038 300 1079 lum.
355 1038 495 1087 Quam
523 1050 628 1079 vero
662 1037 790 1078 aliam
817 1035 1023 1076 Salomon

202 1094 461 1147 requirebat,
479 1107 576 1135 cum
592 1093 779 1135 dicebat:
798 1092 1024 1134 Mulierem

202 1151 361 1192 fortem
410 1151 506 1203 quis
555 1149 769 1191 inveniet?
829 1149 1025 1190 Noverat

204 1208 366 1260 quippe
387 1207 452 1248 vir
477 1207 651 1259 sapiens
670 1206 795 1257 hujus
817 1218 946 1247 sexus
965 1205 1024 1245 in-

201 1264 470 1312 firmitatem,
503 1263 654 1314 fragile
683 1275 862 1315 corpus,
894 1261 1024 1303 lubri-

203 1333 298 1361 cam
312 1325 512 1361 mentem.
537 1320 648 1370 Quia
664 1325 810 1360 tamen
826 1324 869 1360 et
883 1319 1025 1359 Deum

202 1375 366 1427 legerat
394 1376 664 1428 promisisse,
693 1381 737 1417 et
762 1376 822 1416 ita
850 1374 1026 1416 videbat

203 1436 454 1483 congruere,
472 1438 519 1473 ut
536 1432 609 1484 qui
630 1434 793 1473 vicerat
810 1444 889 1484 per
907 1431 1025 1472 femi-

203 1501 317 1537 nam,
345 1489 590 1530 vinceretur
613 1502 691 1541 per
715 1489 871 1540 ipsam,
899 1487 1025 1529 vehe-

203 1546 370 1586 menter
387 1544 606 1586 admirans
626 1544 780 1596 ajebat:
799 1544 1026 1586 Mulierem

203 1601 360 1642 fortem
380 1601 476 1652 quis
496 1599 706 1643 inveniet?
736 1600 864 1651 Quod
882 1605 948 1642 est
967 1599 1026 1641 di-

205 1670 317 1699 cere:
337 1658 373 1698 si
388 1658 448 1699 ita
464 1657 518 1699 de
533 1670 663 1698 manu
678 1655 848 1698 ferninae
864 1656 1026 1709 pendet

205 1719 247 1755 et
274 1719 424 1755 nostra
453 1714 644 1755 omnium
673 1713 809 1763 salus,
837 1720 880 1754 et
908 1713 1026 1753 inno-

205 1770 357 1811 centiae
374 1770 604 1820 restitutio,
625 1775 668 1811 et
682 1769 737 1810 de
751 1769 877 1811 hoste
893 1770 1025 1811 victo-

204 1826 282 1867 ria:
314 1826 438 1867 fortis
467 1829 642 1867 omnino
675 1828 854 1867 necesse
886 1830 952 1867 est
979 1831 1027 1867 ut

205 1882 503 1934 provideatur,
527 1896 625 1934 quae
649 1881 705 1923 ad
727 1887 896 1923 tantum
916 1894 1027 1934 opus

205 1939 344 1990 possit
369 1952 464 1980 esse
488 1939 655 1981 idenea.
714 1942 774 1981 'l'e
793 1939 946 1980 Deum.
970 1939 1027 1978 14.

261 2001 299 2034 ln
311 2001 426 2034 Laud.
439 2002 580 2033 titt-0151.
595 2000 672 2032 Fer.
689 2011 730 2033 uc
742 2000 776 2033 5.
791 1997 1026 2031 Melchiudis.

264 2054 358 2093 Ant.
391 2052 471 2101 Qui
500 2051 593 2092 odit
621 2052 807 2092 animam
835 2064 958 2092 suam
984 2051 1027 2091 in

207 2106 291 2148 hoc
309 2107 488 2156 mundo,
513 2108 557 2148 in
576 2108 709 2149 vitam
731 2109 939 2149 aeternam
959 2120 1027 2149 cu-

208 2163 343 2205 studit
363 2176 468 2205 eam.

252 2218 299 2267 Υ.
312 2220 337 2260 J
338 2225 459 2261 ustus
470 2225 517 2261 ut
527 2220 670 2272 palma
682 2220 865 2262 florebit.
884 2220 931 2270 ὶᾷ.
941 2220 1027 2261 Sic-

207 2280 255 2316 ut
274 2275 429 2317 cedrus
448 2276 602 2317 Libani
622 2276 990 2329 multiplicabitur.

264 2333 426 2374 Oratio.
459 2333 766 2374 Infirmitatem.
793 2334 894 2373 390.

268 2390 377 2433 Yesp⁴
400 2401 419 2423 a
438 2389 558 2432 Capit.
578 2388 623 2421 de
648 2399 750 2431 sequ.
770 2399 853 2422 cum
875 2392 1029 2424 comem.

213 2443 290 2472 Oct.
317 2445 350 2471 et
377 2437 507 2471 Furiae.

400 2514 482 2555 Die
503 2516 552 2554 11.
572 2513 838 2555 Decembris.

272 2579 315 2620 S.
334 2578 539 2619 Damasi
566 2578 693 2628 l‘upae
716 2584 756 2617 et
779 2579 968 2618 (limfess.

495 2638 750 2680 Semiduplcx.

268 2691 403 2724 Omnia
433 2691 478 2723 de
505 2691 664 2723 Coffiuni
692 2691 798 2723 (jons.
828 2691 930 2724 l'ont.
958 2688 1028 2731 [49]

217 2746 354 2781 macter
378 2739 586 2781 sequentia.

1408 308 1569 346 Oratio.

1074 359 1283 463 Exaudi
1307 360 1494 402 Demine
1521 372 1675 412 preces
1702 364 1892 401 nostras:

1167 423 1210 459 et
1227 417 1539 459 interveniente
1554 416 1684 458 beato
1698 416 1892 457 Damaso

1073 474 1333 515 Confessore
1351 478 1427 514 tuo
1447 478 1578 525 atque
1593 472 1814 522 Pontifice,
1834 472 1892 512 in-

1073 530 1339 582 dulgentiam
1367 528 1494 570 nobis
1525 528 1668 570 tribue
1696 528 1893 581 placatus

1073 591 1117 628 et
1135 599 1298 639 pacem.
1326 586 1410 627 Per
1428 585 1673 626 Dominum.

1129 650 1273 683 Deinde
1302 650 1337 681 tit
1364 656 1557 680 commem.
1583 646 1661 679 Oet.

1132 704 1226 741 Ant.
1260 698 1398 740 llodie
1418 699 1594 748 egressa
1614 701 1681 738 est
1700 697 1821 747 virga
1840 696 1895 738 de

1074 756 1221 797 radice
1244 756 1382 797 Jesse:
1409 754 1541 796 hodie
1569 753 1660 795 sine
1688 753 1775 794 ulla
1798 766 1896 806 pec-

1075 813 1161 854 cati
1174 812 1273 853 labe
1289 814 1502 863 concepta
1517 815 1582 851 est
1596 810 1748 851 Maria:
1765 809 1897 850 hodie

1075 872 1309 911 contritum
1331 873 1397 910 est
1420 867 1474 909 ab
1495 879 1547 908 ea
1566 871 1699 919 caput
1721 865 1919 919 serpen-'

1075 926 1130 967 tis
1149 925 1325 977 antiqui,
1344 924 1526 975 alleluia.

1134 979 1178 1030 X'.
1202 980 1441 1022 Imaculata
1466 979 1706 1031 Conceptio
1731 982 1798 1020 est
1822 977 1897 1018 ho-

1077 1038 1148 1080 die
1162 1042 1326 1079 sanctae
1341 1037 1491 1078 Mariae
1502 1036 1704 1086 Virginis.
1726 1035 1774 1076 R.
1790 1035 1898 1085 Quae

1077 1095 1291 1148 serpentis
1307 1098 1438 1146 caput
1452 1093 1647 1144 virgineo
1666 1091 1779 1144 pede
1799 1103 1898 1132 con—

1077 1152 1208 1194 trivit.

1412 1199 1574 1239 Oratio.

1078 1251 1253 1357 Deus,
1275 1255 1348 1306 qui
1366 1267 1446 1307 per
1464 1253 1792 1295 Immaculatam
1806 1252 1902 1294 Vir-

1187 1312 1299 1363 ginis
1340 1311 1682 1364 Conceptionem
1723 1309 1900 1360 dignum

1077 1369 1188 1410 Filio
1210 1374 1286 1410 tuo
1311 1367 1606 1409 habitaculum
1627 1365 1902 1419 praeparasti:

1079 1427 1346 1477 quaesumus3
1372 1430 1420 1466 ut
1447 1425 1521 1477 qui
1546 1437 1600 1466 ex
1625 1428 1767 1465 morte
1793 1422 1901 1474 ejus-

1079 1482 1179 1523 dem
1194 1482 1291 1522 Filii
1307 1481 1371 1523 tui
1386 1483 1584 1534 praevisa,
1604 1493 1700 1522 eam
1714 1479 1768 1520 ab
1786 1478 1902 1520 omni

1078 1538 1175 1579 labe
1191 1538 1480 1591 praeservasti,
1494 1550 1576 1578 nos
1592 1548 1768 1589 quoque
1782 1547 1902 1576 mun-

1079 1594 1160 1636 dos
1180 1596 1270 1646 ejus
1284 1594 1596 1636 intercessione
1616 1592 1672 1634 ad
1691 1598 1735 1633 te
1751 1603 1902 1645 perve-

1079 1653 1170 1692 nire
1189 1650 1417 1693 concedas.
1452 1651 1536 1691 Per
1554 1648 1756 1691 eumdem
1774 1648 1901 1688 Dfim.

1135 1709 1176 1742 ln
1211 1709 1234 1742 l.
1266 1708 1461 1742 Nocturno
1496 1706 1695 1740 Lectiones
1730 1704 1775 1738 de
1806 1703 1902 1738 Scri-

1084 1762 1193 1800 ptura
1219 1762 1450 1790 occurrente.

1314 1818 1362 1856 In
1382 1817 1431 1855 11.
1451 1816 1672 1868 Nocturno.

1384 1877 1532 1917 Lectio
1554 1876 1604 1915 iv.

1084 1942 1385 1988 }‘'{f1,.,ss3‘'2712111121stis
1412 1935 1654 1987 Hispanus,
1690 1933 1755 1975 vir
1787 1934 1903 1984 egre-

1114 1990 1180 2047 {iij
1197 2002 1205 2043 ,ἐ
1224 1992 1319 2042 gius
1334 1996 1377 2033 et
1392 1990 1587 2033 eruditus
1602 1990 1646 2030 in
1657 1989 1903 2042 Scripturis,

1152 2044 1202 2072 44
1223 2048 1387 2089 indicto
1423 2047 1565 2099 primo
1602 2045 1903 2087 Constantino-

1081 2104 1277 2157 politano
1309 2103 1494 2145 concilio
1525 2102 1734 2143 nefariam
1761 2101 1903 2143 Euno-

1081 2162 1156 2202 mii
1181 2166 1224 2202 et
1246 2159 1493 2201 Macedonii
1516 2158 1718 2199 haeresim
1746 2160 1903 2199 exstin-

1080 2218 1153 2258 xit.
1173 2216 1295 2258 Idem
1310 2216 1628 2256 Ariminensem
1643 2215 1903 2256 conventum

1081 2286 1107 2315 a
1131 2273 1306 2314 Liberio
1335 2273 1419 2324 jam
1447 2278 1547 2313 ante
1575 2271 1798 2322 rejectum,
1829 2272 1902 2311 ite-

1081 2343 1176 2371 rum
1200 2328 1520 2371 condemnavit:
1543 2328 1586 2368 in
1607 2340 1710 2380 quo,
1734 2332 1782 2367 ut
1803 2326 1903 2367 scri-

1081 2386 1146 2427 bit
1174 2390 1350 2426 sanctus
1373 2384 1681 2435 Hier6nymus,
1705 2382 1904 2424 Valentis

1081 2442 1358 2494 potissimum
1396 2445 1439 2481 et
1474 2440 1643 2490 Ursacii
1680 2438 1904 2480 fraudibus

1083 2498 1304 2540 damnatio
1349 2496 1543 2538 Nicaenae
1588 2496 1691 2537 fidei
1737 2494 1903 2537 concla-

1082 2557 1199 2596 mata
1213 2554 1306 2595 fuit:
1325 2560 1369 2595 et
1383 2553 1671 2603 ingemiscens
1689 2552 1808 2593 orbis
1823 2556 1904 2592 ter-

1082 2614 1237 2660 rarum,
1251 2622 1297 2651 se
1309 2610 1518 2650 Arianum
1530 2621 1625 2650 esse
1635 2609 1815 2649 miratus
1827 2612 1903 2649 est.

1142 2674 1190 2723 R«.
1210 2670 1360 2711 Inveni
1383 2668 1527 2711 David
1551 2683 1724 2711 servum
1750 2681 1904 2717 meum,

1083 2728 1180 2769 oleo
1207 2731 1359 2768 sancto
1383 2738 1482 2767 meo
1507 2726 1610 2767 unxi
1634 2738 1751 2767 eum:
1775 2729 1796 2751 *
1816 2724 1904 2765 Ma-
