2040 2990
754 189 860 222 Feriu
881 188 1048 221 secunda
1069 188 1115 220 ud
1138 187 1297 220 Laudes

242 287 350 338 Quia
370 284 579 326 fortitudo
598 297 706 328 mea,
735 289 778 325 et
802 282 895 324 laus
914 295 1011 324 mea

189 343 410 390 Dominus,
437 342 460 366 *
489 346 532 382 et
564 341 702 382 faetus
735 345 801 381 est
832 339 935 380 mihi
968 339 1010 379 in

189 399 382 440 salutem.

239 455 459 497 Haurietis
500 467 636 507 aquas
672 454 715 494 in
755 452 915 503 gaudio
955 451 1009 493 de

190 511 378 553 sentibus
414 500 667 552 Salvaturis:
708 511 731 534 *
773 515 816 551 et
857 508 1009 550 dicetis

187 568 229 608 in
267 567 337 609 die
371 567 460 608 illa:
502 566 775 608 Confitemini
810 565 1009 613 DOmino,

188 629 232 665 et
258 624 459 665 invocate
486 636 643 665 nornen
673 623 779 674 ejus:

238 684 378 726 Notas
402 684 530 725 facite
553 684 595 725 in
614 682 788 736 pupulis
807 681 1008 722 adinven-

188 741 328 782 tiones
347 742 453 793 ejus:
471 742 494 766 *
513 741 776 781 mementete
806 737 1009 790 quoniam

190 797 408 839 excelsum
437 802 503 838 est
530 809 686 837 nomen
716 796 816 846 ejus.

243 858 424 899 Caritate
458 858 646 898 Dumino
685 856 887 908 queniam
922 868 1008 895 ma-

187 914 343 964 gnifiee
372 914 488 955 fecit:
515 914 538 939 *
566 913 815 954 annuntiate
848 911 932 952 hoc
966 911 1008 951 in

188 970 387 1011 universa
418 975 544 1011 terra.

239 1030 431 1079 Exsulta,
454 1036 496 1072 et
515 1030 643 1072 lauda
662 1029 872 1071 habitatio
891 1029 1008 1070 Sion:

187 1088 210 1112 *
239 1087 339 1139 quia
366 1100 547 1137 magnus
574 1087 617 1127 in
644 1085 789 1128 medio
820 1086 883 1127 tui
914 1098 1007 1126 san-

187 1149 282 1185 ctus
310 1143 456 1185 Israel.

240 1205 336 1245 Ant.
373 1205 620 1245 Conversus
655 1208 721 1245 est
754 1203 874 1243 furor
908 1207 1008 1243 tuus

185 1260 381 1310 D6mine,
411 1266 453 1302 et
481 1260 732 1302 consolatus
761 1272 807 1301 es
834 1272 915 1300 me.

238 1317 334 1357 Ant.
376 1316 572 1359 Laudate
612 1318 635 1342 *
677 1316 911 1358 Duminum
953 1315 1007 1357 de

186 1373 319 1415 coelis.

239 1437 298 1471 Ps.
324 1437 433 1473 idem.
459 1443 498 1471 ut
523 1448 637 1481 supra
664 1438 714 1474 17.

239 1489 361 1532 Cupit.
378 1501 541 1533 sequens
558 1490 697 1524 dieitur
712 1490 746 1523 in
763 1491 826 1524 ser.
839 1491 944 1524 Offie.
958 1491 1005 1525 ab

187 1539 265 1570 (let.
280 1538 416 1580 Epiph.
433 1550 551 1581 usque
567 1539 613 1572 ud
631 1539 736 1572 Doni.
755 1539 780 1572 1.
799 1539 1005 1581 Quudrugst

187 1584 272 1617 aliis
299 1587 534 1629 temporibus
559 1587 748 1621 habentur
772 1588 939 1630 propria.

239 1650 492 1701 Capitulum.
696 1652 819 1692 Rom.
841 1653 895 1692 13.
916 1652 955 1693 d.

186 1710 338 1818 Nox
366 1716 605 1769 praecessit,
637 1716 730 1759 dies
762 1724 907 1760 autem
935 1732 1007 1771 ap-

298 1774 617 1826 propinquavit.
628 1773 894 1826 Abjiciamus
903 1788 1008 1827 ergo

189 1830 321 1881 Opera
361 1829 655 1880 tenebrarum,
697 1836 740 1873 et
779 1830 1009 1874 induamur

187 1897 306 1926 arma
339 1885 457 1927 lucis.
510 1886 630 1929 Sicut
658 1887 701 1928 in
729 1886 799 1929 die
826 1887 1008 1931 honeste

187 1940 466 1983 ambulemus.

495 2003 699 2054 Hymnus.

284 2068 468 2122 plendor
496 2073 689 2123 paternae
717 2072 878 2122 gluriae,

306 2126 374 2167 De
401 2126 497 2168 luce
525 2126 666 2169 lucem
694 2129 930 2181 preferens,

265 2181 361 2223 Lux
387 2182 506 2230 lucis
534 2189 577 2225 et
606 2184 701 2225 fons
728 2184 910 2235 luminis,

265 2238 392 2280 Diem
420 2238 513 2280 dies
541 2239 800 2282 illuminans:

226 2301 446 2355 Verusque
474 2303 539 2345 sol
567 2304 756 2354 illabere,

266 2358 430 2401 Micans
457 2360 597 2402 nitere
625 2362 810 2414 perpeti:

265 2414 486 2468 Jubarque
515 2417 652 2458 sancti
679 2418 863 2470 Spiritus

266 2471 450 2513 Infunde
478 2473 637 2514 nostris
665 2474 873 2516 sensibus.

226 2533 344 2578 Votis
372 2538 577 2579 vocemus
606 2543 649 2579 et
675 2539 860 2588 Patrem,

267 2593 441 2634 Patrem
469 2595 658 2645 potentis
686 2596 849 2645 gratiae,

268 2649 442 2690 Patrem
470 2651 671 2702 perennis
698 2650 865 2701 gluriae:

270 2704 452 2757 Culpam
480 2706 643 2756 releget
670 2706 891 2749 lubricam.

1090 281 1329 323 Confirmet
1356 286 1479 322 actus
1507 281 1726 321 strenuos:

1141 338 1306 379 Dentes
1334 336 1539 379 retundat
1566 334 1717 377 invidi:

1141 394 1276 435 Casus
1305 392 1516 434 secundet
1545 394 1745 445 asperos:

1140 449 1324 501 Agenda
1352 454 1472 491 recte
1500 448 1669 499 dirigat.

1093 513 1280 553 Mentem
1307 510 1522 562 gubernet
1550 515 1594 551 et
1620 514 1760 561 regat:

1138 568 1201 610 Sit
1229 580 1339 621 pura
1366 566 1493 609 nobis
1522 566 1716 608 castitas:

1140 624 1270 666 Fides
1300 623 1446 665 calere
1474 623 1652 673 ferveat,

1139 680 1323 722 Fraudis
1351 682 1519 722 venena
1545 680 1721 721 nesciat.

1090 742 1374 795 christusque
1402 741 1530 784 nobis
1557 742 1614 784 sit
1641 741 1774 791 cibus,

1138 800 1363 851 Potusque
1391 804 1541 841 noster
1569 798 1625 840 sit
1652 797 1778 839 fides:

1139 856 1249 897 Laeti
1277 855 1478 897 bibamus
1507 854 1700 897 sdbriam

1139 913 1443 954 Profusienem
1470 912 1668 965 Spiritus.

1088 974 1235 1015 Laetus
1264 973 1357 1015 dies
1385 973 1456 1014 hie
1483 974 1694 1015 transeat:

1138 1030 1286 1072 Pudor
1315 1030 1370 1071 sit
1397 1034 1446 1071 ut
1474 1029 1730 1071 diluculum:

1139 1086 1269 1128 Fides
1298 1087 1417 1128 velut
1443 1085 1666 1128 meridies:

1139 1143 1456 1197 Crepusculum
1483 1156 1607 1185 mens
1635 1143 1812 1186 nesciat.

1090 1202 1261 1242 Aurera
1288 1200 1431 1242 lucem
1458 1199 1673 1253 pruvehit‚

1140 1258 1248 1299 Cum
1275 1257 1372 1299 luce
1400 1256 1528 1300 nobis
1555 1256 1743 1310 predeat

1137 1315 1187 1355 In
1214 1315 1345 1356 Patre
1372 1318 1492 1355 totus
1520 1313 1668 1363 Filius,

1137 1371 1194 1412 Et
1221 1376 1340 1413 totus
1367 1371 1411 1411 in
1439 1370 1592 1413 Verbo
1619 1370 1761 1412 Pater.

1090 1432 1182 1474 Deo
1210 1432 1330 1474 Patri
1357 1432 1414 1474 sit
1441 1432 1590 1483 gloria,

1136 1489 1328 1542 Eiusque
1357 1488 1439 1531 soli
1466 1488 1589 1539 Filio,

1139 1546 1247 1587 Cum
1275 1546 1439 1599 Spiritu
1466 1544 1697 1595 Par-adito,

1136 1602 1264 1644 Nunc
1292 1607 1336 1644 et
1363 1615 1443 1656 per
1471 1614 1599 1644 omne
1627 1600 1847 1643 saeculum.

1371 1658 1524 1701 Amen.

1115 1722 1196 1761 Per
1227 1722 1409 1762 Annum.
1455 1714 1506 1766 V.
1534 1718 1711 1773 Repleti
1739 1730 1887 1761 sumus

1059 1790 1185 1818 mane
1213 1776 1512 1819 misericordia
1539 1781 1625 1818 tua.
1659 1776 1709 1827 Re.
1734 1774 1887 1816 Exsul-

1059 1834 1257 1882 tavimuS‚
1285 1838 1329 1875 et
1357 1832 1564 1876 delectati
1591 1845 1752 1874 sumus.

1115 1891 1183 1932 Ad
1224 1891 1381 1933 Bened.
1417 1892 1515 1932 Ant.
1570 1888 1836 1931 Benedictus
1863 1888 1888 1914 *

1060 1945 1272 1987 Dominus
1300 1946 1421 1988 Deus
1448 1946 1597 1988 Israel.

1115 2009 1153 2043 In
1168 2010 1292 2044 Feriis
1311 2010 1524 2053 Adventus,
1539 2009 1712 2050 Quatuor
1724 2007 1887 2050 Tempo-

1061 2067 1152 2095 rum,
1178 2062 1214 2092 et
1229 2058 1459 2099 Vigiliarum
1473 2068 1561 2102 quae
1577 2058 1793 2100 jejunantur
1812 2054 1888 2096 (ex-

1061 2110 1171 2148 cepta
1196 2106 1310 2148 vigil.
1338 2107 1465 2141 Nativ.
1490 2105 1671 2144 Domini),
1693 2108 1783 2148 post
1799 2102 1886 2136 Ant.

1061 2154 1108 2186 ud
1130 2153 1271 2188 Bened.
1295 2154 1473 2189 dicuntur
1495 2165 1599 2198 sequ.
1619 2154 1757 2187 Preces
1775 2150 1887 2185 flexis

1060 2202 1238 2242 genibus:
1255 2202 1341 2236 aliis
1358 2203 1597 2247 temporibus
1608 2211 1685 2236 non
1700 2200 1886 2235 dicuntur.

1059 2258 1250 2364 Kyrie
1279 2262 1453 2305 eleison.
1507 2264 1678 2306 Christe
1711 2264 1886 2306 eleison.

1189 2319 1321 2371 Kyrie
1350 2319 1524 2362 eleison.

1115 2376 1242 2417 Pater
1261 2381 1420 2418 noster.
1441 2383 1579 2418 totum
1598 2377 1755 2418 dicitur
1771 2376 1886 2417 clara

1062 2444 1167 2471 voce
1198 2432 1324 2472 etiam
1357 2433 1394 2471 in
1431 2434 1648 2486 Vesperis.

1113 2482 1161 2533 Y.
1190 2488 1246 2530 Et
1273 2502 1327 2529 ne
1355 2502 1434 2531 nos
1463 2489 1643 2532 inducas
1676 2490 1718 2531 in
1748 2494 1884 2532 tenta-

1061 2544 1233 2607 tienem.
1264 2546 1309 2595 Rg.
1339 2545 1426 2587 Sed
1449 2546 1585 2588 libera
1610 2560 1691 2588 nos
1715 2560 1740 2588 a
1758 2546 1885 2588 malo.

1115 2600 1161 2646 Y.
1190 2601 1284 2651 Ego
1318 2600 1423 2643 dixi:
1457 2603 1644 2645 Demine
1677 2604 1886 2645 miserere

1061 2657 1156 2698 mei.
1187 2658 1232 2707 Rg.
1262 2658 1375 2699 Sana
1399 2658 1585 2700 animam
1603 2673 1756 2710 meam,
1785 2660 1886 2713 quia

1063 2713 1242 2764 peccavi
1269 2713 1358 2755 tibi.
