2080 2990
797 207 1007 243 Commune
1032 208 1322 252 Apostolorum.

234 301 318 350 Qui
336 300 499 353 templa
520 300 620 342 coeli
640 300 854 350 clanditis,

283 358 502 409 Serasque
520 356 657 400 verbo
677 357 857 408 selvitis,

283 414 377 456 Nos
397 427 422 455 a
441 416 567 456 reatu
586 414 743 456 nexios

282 471 403 513 Solvi
422 471 579 524 jubete,
609 474 871 525 quaesumus.

239 542 462 595 l‘raecepta
481 554 667 594 quorum
685 542 887 595 pretinus

283 599 490 651 Languor
510 598 717 651 salusque
737 599 943 640 sentiunt:

282 657 443 698 Sanate
462 660 632 698 mentes
651 655 898 706 languidas:

284 714 456 765 Augete
475 725 557 754 nos
576 712 822 754 virtutibus.

234 784 300 833 Ut,
328 796 428 824 cum
447 782 610 824 redibit
629 781 793 824 arbiter

283 841 334 881 In
355 839 440 882 fine
462 839 662 881 Christus
682 839 842 889 saeculi,

282 897 377 939 Nos
398 896 652 950 sempiterni
671 895 819 947 gaudii

198 964 206 974 ·
284 953 510 996 Concedat
530 966 626 995 esse
646 955 888 1006 cempoteS.

241 1024 361 1074 Patri,
389 1023 604 1076 simulque
624 1022 747 1073 Filio,

283 1080 472 1134 Tibique
492 1085 643 1122 sancte
663 1079 862 1133 Spiritus,

283 1138 404 1180 Sicut
419 1138 508 1187 fuit,
538 1137 593 1179 sit
608 1137 764 1190 jugiter

283 1195 471 1238 Saeclum
486 1207 566 1248 per
577 1207 706 1236 omne
716 1194 866 1245 gleria.
881 1194 1035 1236 Amen.

255 1251 304 1303 V.
335 1257 385 1297 In
415 1269 590 1299 omnem
618 1260 782 1297 terram
810 1256 944 1298 exivit
968 1268 1035 1297 so-

206 1326 286 1355 nus
307 1315 469 1355 00111111.
488 1313 538 1365 R.
563 1313 620 1355 Et
633 1313 678 1354 in
692 1313 802 1355 fines
818 1312 937 1355 orbis
952 1317 1035 1355 ter-

205 1383 266 1412 rae
286 1370 423 1412 verba
441 1372 605 1412 00111111.

256 1433 327 1474 Ad
357 1431 530 1483 Magnis.
560 1432 659 1472 Ant.
695 1430 894 1473 Tradent
922 1431 1035 1473 enirn

205 1501 285 1530 vos
313 1488 336 1514 *
364 1488 407 1528 in
436 1488 644 1539 conciliis,
673 1493 717 1531 et
739 1488 783 1529 in
802 1488 1036 1541 synagogis

206 1546 296 1586 suis
315 1545 601 1596 flagellabunt
619 1558 711 1596 vos,
732 1550 775 1587 et
794 1549 894 1587 ante
909 1557 1036 1596 reges

207 1607 250 1644 et
276 1602 491 1655 praesides
516 1602 733 1644 ducemini
759 1607 943 1656 propter
966 1615 1036 1643 me

206 1659 248 1700 in
268 1659 568 1702 testimenium
587 1660 682 1710 illis,
711 1665 755 1702 et
774 1659 1002 1702 Gentibus.

312 1732 539 1774 Canticum
559 1730 607 1771 B.
627 1730 777 1772 Mariae
797 1731 917 1782 Virg.

507 1792 623 1828 Lucae
642 1792 669 1827 1.
687 1803 717 1827 c.

205 1837 517 1945 Magnificat
540 1842 564 1868 *
591 1842 735 1884 anima
763 1855 862 1885 mea
886 1843 1035 1885 Demi-

337 1913 456 1941 num:

258 1953 313 1994 Et
338 1952 573 1994 exsultavit
601 1952 780 2006 spiritus
807 1966 930 1996 meus
949 1954 973 1980 *
992 1954 1035 1995 in

205 2010 303 2051 Deo
324 2010 504 2051 salutari
522 2023 634 2052 meo.

258 2067 369 2117 Quia
388 2067 582 2120 respexit
601 2065 891 2110 humilitatem
907 2068 1035 2110 ancil-

206 2123 260 2164 1ae
276 2137 382 2165 suae:
397 2124 420 2150 *
436 2137 539 2166 ecce
560 2124 675 2166 enim
691 2138 745 2167 ex
759 2124 844 2167 1100
859 2125 1036 2168 beatam

205 2193 275 2222 me
295 2180 444 2222 dicent
463 2194 617 2223 omnes
636 2183 955 2233 generationes.

258 2238 369 2288 Quia
379 2237 482 2280 fecit
498 2237 603 2279 mihi
618 2251 777 2289 magna
789 2240 862 2292 qui
878 2244 1036 2293 potens

206 2299 286 2336 est:
305 2295 328 2320 *
348 2299 393 2337 et
411 2299 611 2336 sanctum
631 2308 790 2337 nomen
810 2297 911 2349 ejus.

256 2352 313 2394 Et
335 2351 638 2394 misericordia
662 2353 753 2404 ejus
778 2366 803 2394 a
824 2355 1036 2406 progenie

206 2410 249 2450 in
268 2409 502 2462 progenies
522 2409 546 2435 *
565 2409 822 2451 timentibus
843 2423 954 2453 eum.

258 2466 382 2508 Fecit
396 2466 642 2519 potentiam
655 2466 699 2507 in
709 2466 892 2509 brachio
906 2481 1003 2510 suo:
1013 2471 1037 2497 *

207 2523 414 2575 dispersit
423 2522 641 2576 superbos
648 2528 795 2565 mente
803 2524 949 2567 cordis
959 2526 1036 2567 sui.

258 2580 476 2633 Depesuit
498 2582 706 2633 potentes
725 2580 781 2623 de
802 2581 923 2633 sede,
942 2584 966 2610 *
994 2588 1038 2625 et

207 2637 418 2680 exaltavit
436 2636 633 2679 humiles.

258 2694 514 2736 Esurientes
541 2694 740 2748 implevit
767 2694 914 2737 bonis:
941 2697 964 2722 *
994 2703 1037 2738 et
1094 2725 1098 2745 ί
1124 2687 1145 2725 2²:

209 2752 367 2794 divites
388 2751 553 2794 dimisit
571 2752 733 2794 inanes.

1138 300 1341 354 Suscepit
1365 300 1503 343 Israel
1525 303 1712 354 puerum
1736 315 1875 352 suum,
1893 303 1917 329 *

1087 357 1347 400 recordatus
1366 358 1683 401 misericerdiae
1702 372 1805 401 suae.

1139 415 1261 457 Sicut
1288 415 1463 457 locutus
1491 420 1559 458 est
1586 415 1643 458 ad
1667 420 1817 469 patres
1843 429 1917 457 no-

1088 477 1214 523 stros,
1233 473 1256 498 *
1276 471 1512 523 Abraham,
1531 477 1575 515 et
1591 473 1745 515 semini
1764 474 1854 526 01118
1873 473 1916 514 111

1088 529 1260 571 saecula.

1141 586 1293 629 Gloria
1312 587 1443 630 Patri.

1140 649 1187 683 Et
1210 648 1396 692 repetitur
1420 648 1658 692 Antiphona.

1138 701 1271 737 Oratio
1289 700 1458 745 propria.

1252 769 1340 810 Ad
1366 768 1755 811 Matutinum.

1141 833 1266 875 Invit.
1294 833 1461 882 Regem
1483 830 1806 884 Apostolerum
1828 831 1917 873 De-

1087 889 1264 938 minum,
1286 889 1308 914 *
1335 888 1495 930 Venite
1516 888 1763 930 adoremus.

1138 951 1206 991 Ps.
1243 950 1407 1000 Venite,
1437 950 1714 992 exsultemus.
1735 951 1774 992 2.

1396 1027 1605 1078 Hymnus.

1291 1092 1417 1133 terna
1437 1089 1598 1132 Christi
1618 1093 1822 1140 munera,-

1318 1147 1639 1201 Apostolerum
1656 1147 1853 1200 gleriam,

1218 1204 1394 1246 Palmas
1411 1209 1455 1247 et
1474 1204 1662 1257 hymnos
1682 1204 1857 1246 debitos

1218 1261 1355 1303 Laetis
1376 1263 1583 1303 canamus
1601 1261 1832 1304 mentibus.

1167 1326 1468 1369 Ecclesiarum
1486 1326 1726 1380 Principes,

1219 1383 1332 1426 Belli
1351 1383 1641 1436 triumphales
1661 1383 1807 1433 duces,

1218 1440 1422 1482 Coelestis
1442 1440 1554 1482 aulae
1573 1441 1745 1491 milites,

1221 1498 1278 1540 Et
1296 1510 1402 1540 vera
1419 1497 1573 1540 mundi
1590 1497 1766 1540 lumina.

1166 1562 1342 1605 Deveta
1359 1564 1614 1604 sanctarum
1632 1562 1756 1613 111108,

1221 1621 1392 1661 Invicta
1411 1632 1513 1672 spes
1533 1619 1816 1670 credentium,

1221 1677 1424 1719 Perfecta
1443 1676 1605 1718 Christi
1625 1677 1785 1718 caritas

1219 1733 1374 1775 Mundi
1392 1735 1628 1786 tyrannum
1645 1733 1846 1776 001110111.

1170 1800 1221 1840 In
1239 1799 1307 1840 his
1326 1799 1517 1840 Paterna
1535 1798 1685 1851 gleria,

1219 1857 1270 1897 In
1288 1855 1357 1897 his
1375 1855 1617 1909 triumphat
1635 1855 1782 1905 Filius,

1220 1914 1271 1954 In
1289 1913 1357 1955 his
1376 1913 1580 1955 voluntas
1599 1912 1800 1966 Spiritus,

1221 1970 1393 2012 Coelum
1411 1970 1607 2023 repletur
1625 1969 1800 2021 gaudio.

1172 2033 1304 2086 Patri,
1332 2035 1550 2088 simulque
1568 2035 1692 2086 Filio,

1220 2092 1411 2146 Tibique
1431 2097 1582 2134 sancte
1600 2092 1799 2145 SpirituS,

1217 2150 1339 2192 Sicut
1358 2149 1448 2200 fuit,
1477 2149 1534 2191 sit
1552 2149 1708 2202 jugiter

1219 2207 1407 2249 Saeclum
1426 2219 1507 2259 per
1525 2218 1655 2248 omne
1672 2205 1823 2257 gleria.

1451 2263 1606 2305 Amen.

1325 2336 1375 2375 In
1401 2337 1432 2376 Ι.
1460 2336 1683 2377 Nocturno.

1140 2403 1240 2443 Ant.
1268 2403 1317 2443 In
1343 2415 1518 2444 omnem
1544 2407 1707 2444 terram
1736 2403 1759 2429 *
1788 2403 1922 2444 exivit

1091 2473 1224 2502 sonus
1235 2460 1399 2509 eerum,
1414 2464 1459 2501 et
1470 2459 1514 2500 in
1530 2459 1640 2501 fines
1656 2459 1775 2501 orbis
1789 2464 1920 2502 terrae

1091 2517 1228 2560 verba
1246 2517 1410 2559 eo'rum.

1366 2575 1563 2616 Psalmus
1582 2576 1640 2616 18.

1210 2640 1283 2683 oeli
1316 2641 1520 2682 enarrant
1550 2639 1735 2689 gloriam
1762 2639 1865 2689 Dei,
1897 2639 1920 2665 *

1142 2683 1201 2735 Ἤ
1222 2702 1266 2739 01
1281 2699 1416 2750 epera
1429 2697 1636 2737 manuum
1653 2697 1744 2748 ejus
1759 2699 1919 2737 annun-

1097 2750 1107 2766 1
1129 2742 1187 2766 καί

1099 2761 1195 2784 ³³&-
1221 2754 1300 2796 tiat
1319 2754 1650 2795 firmamentum.
