2080 2990
548 198 720 232 Secunda
748 198 807 231 dic
835 198 927 230 infra
956 200 1032 230 (let.
1059 197 1206 230 Immac.
1233 198 1345 230 (Ione.
1372 197 1409 230 B.
1435 197 1479 230 M.
1501 197 1542 230 Y.

199 294 297 336 labe
320 294 447 347 plane
475 293 677 334 immunis
705 292 1021 345 amplissimum

200 351 254 392 de
291 352 470 402 antiquo
510 351 713 402 serpente
750 348 1018 401 triumphum

199 406 380 448 referret
397 411 486 448 tam
505 405 767 447 venerabilis
783 410 931 455 mater,
952 404 1020 445 cui

198 463 318 504 Deus
344 463 473 504 Pater
501 462 675 503 unicum
700 462 856 502 Fssium
884 473 1020 509 suum,

200 532 330 571 quem
354 518 410 561 de
434 518 567 561 corde
592 531 671 559 suo
700 517 915 569 aequalem
939 516 1020 558 sibi

197 576 402 627 genitum,
420 581 643 627 tamquam
663 576 855 627 seipsum
870 573 1020 623 diligit,

199 632 261 673 ita
288 631 393 673 dare
425 631 661 684 dispesuit,
692 636 741 671 ut
766 629 1020 671 naturaliter

200 693 315 730 esset
332 701 443 736 unus
459 687 661 739 idemque
682 686 922 728 communis
937 685 1021 726 Dei

199 744 340 786 Patris
360 749 403 785 et
422 744 613 795 Virginis
632 743 777 783 Filius.

255 800 445 850 jo'Nihil
473 800 742 852 inquinatum
768 799 812 839 in
840 810 936 839 eam
961 797 1020 837 in-

200 857 351 898 currit:
377 856 398 877 *¹
424 856 597 898 Candor
622 860 688 897 est
710 855 819 896 lucis
843 855 1019 913 aeternae

201 918 244 954 et
271 913 495 965 speculum
523 913 615 954 sine
642 911 822 952 macula.
869 907 916 953 δ’.
943 910 1022 950 Est

201 969 314 1011 enim
340 969 435 1010 haec
463 968 704 1021 speciesior
731 967 840 1016 sole,
869 970 911 1007 et
935 966 1020 1007 luci

201 1027 455 1078 comparata
479 1025 696 1066 invenitur
720 1023 883 1077 purior.
916 1022 1021 1063 Can-

202 1081 284 1123 dor
305 1087 382 1124 est.
613 1127 619 1134 ,
701 1127 708 1134 ⁸

502 1126 650 1167 Lect1o
671 1140 722 1166 vi.

204 1177 383 1300 Quam
415 1193 670 1245 originalem
703 1195 899 1244 augestae
927 1192 1023 1234 Vir-

302 1251 412 1301 ginis
444 1250 736 1292 innocentiam
764 1262 863 1291 cum
892 1248 1023 1290 admi-

200 1305 325 1348 rabili
356 1307 550 1359 ejusdem
583 1307 812 1348 sanctitate
846 1305 1023 1358 praecel-

199 1365 337 1415 saque
351 1363 435 1405 Dei
450 1363 602 1404 Matris
621 1362 830 1413 dignitate
849 1364 1023 1403 omnino

202 1418 494 1461 cohaerentem
548 1419 763 1461 cathelica
816 1418 1024 1466 Ecclesia,
1082 1422 1099 1439 ³⁴

202 1488 300 1527 quae
327 1488 352 1516 a
378 1480 529 1518 sancto
556 1488 730 1528 semper
756 1475 914 1517 edecta
933 1474 1024 1527 Spi-

200 1532 287 1573 ritu
313 1532 514 1573 coh'imna
540 1537 606 1573 est
630 1545 681 1573 ac
705 1532 1025 1573 firmamentum

201 1588 409 1638 veritatis,
427 1594 650 1641 tamquam
665 1588 910 1629 doctrinam
924 1589 1023 1639 pes-

202 1643 348 1686 sidens
373 1644 578 1686 divinitus
604 1646 844 1697 acceptam,
872 1649 916 1685 et
939 1656 1023 1685 coe-

200 1700 324 1742 lestis
361 1700 640 1742 revelatienis
673 1700 875 1752 depesito
910 1712 1024 1741 com-

201 1757 462 1810 prehensam
494 1756 722 1810 multiplici
753 1757 1025 1798 continenter

202 1814 380 1863 ratiene,
400 1813 729 1866 splendidisque
747 1813 872 1854 factis
886 1813 1024 1864 magis

202 1870 245 1910 in
265 1869 358 1911 dies
377 1870 608 1923 explicare,
627 1871 876 1923 propenere
894 1882 945 1910 ac
964 1869 1024 1909 fo-

203 1927 305 1967 vere
320 1939 556 1979 numquam
570 1926 746 1968 destitit.
771 1926 898 1966 Hanc
912 1925 1026 1967 enim

204 1982 446 2023 doctrinam
483 1982 537 2024 ab
574 1982 886 2035 antiquissimis
919 1986 1024 2023 tem-

203 2038 383 2091 peribus
402 2039 635 2089 vigentem,
658 2052 710 2080 ac
727 2038 921 2080 fidelium
939 2038 1024 2079 ani-

204 2095 285 2136 mis
313 2095 486 2147 penitus
512 2096 702 2144 insitam,
732 2100 775 2137 et
802 2097 1024 2136 sacrerum

204 2151 460 2192 Antistitum
475 2152 589 2192 curis
609 2151 851 2203 studiisque
864 2164 943 2204 per
958 2164 1024 2192 ca-

204 2206 415 2248 thelicum
435 2207 588 2248 orbem
609 2208 791 2249 mirifice
812 2210 1025 2260 propaga-

203 2268 311 2313 tam,
342 2263 438 2316 ipsa
464 2263 660 2305 Ecclesia
686 2263 1026 2306 luculentissime

206 2319 479 2370 significavit,
503 2333 602 2361 cum
622 2320 816 2371 ejusdem
835 2320 1026 2371 Virginis

208 2375 550 2428 Conceptienem
604 2376 781 2428 publico
834 2376 1026 2417 fidelium

207 2431 340 2473 cultui
381 2444 433 2473 ac
472 2432 742 2473 veneratieni
779 2435 1027 2484 propenere

206 2501 293 2530 non
311 2486 537 2529 dubitavit.
564 2489 661 2538 Quo
680 2487 837 2529 illustri
853 2489 1028 2540 quidem

207 2545 323 2586 facto
367 2544 504 2597 ipsius
542 2544 734 2595 Virginis
772 2544 1028 2596 Conceptie-

208 2613 308 2642 nem
326 2600 461 2642 veluti
480 2600 752 2651 singularem,
771 2600 922 2641 miram
942 2605 985 2642 et
1005 2614 1029 2641 a

207 2657 474 2709 reliquerum
516 2656 739 2698 heminum
781 2656 1029 2709 primerdiis

207 2714 460 2765 longissime
497 2715 729 2763 secretam,
775 2718 818 2755 et
853 2716 1029 2755 omnino

1071 296 1266 332 sanctam
1293 292 1520 334 colendam
1548 292 1757 344 exhibuit,
1791 307 1889 335 cum

1070 347 1267 388 Ecclesia
1301 349 1472 389 nennisi
1506 348 1562 390 de
1595 349 1763 392 Sanctis
1796 350 1889 392 dies

1071 403 1206 445 festos
1226 404 1511 446 concelebret.

1129 467 1172 517 lxffa
1199 465 1377 515 Signum
1394 478 1610 517 magnum.
1635 467 1728 508 382.

1293 539 1339 576 In
1359 538 1428 576 111.
1448 537 1669 576 Nocturno.

1071 604 1221 645 Lectio
1245 604 1383 645 sancti
1403 605 1628 656 Evangelii
1653 605 1892 648 secundum

1396 661 1572 703 Lucam.

1176 715 1324 755 Lectio
1347 715 1413 754 vii.
1592 713 1693 765 Cap.
1709 714 1737 752 1.
1754 725 1787 753 c.

1073 774 1149 880 In
1176 778 1251 820 illo
1279 781 1494 832 tempore:
1527 779 1686 820 Missus
1714 784 1781 821 est
1807 779 1894 821 An-

1143 836 1266 887 gelus
1295 836 1473 878 Gabriel
1501 849 1526 876 a
1552 836 1649 877 Deo
1677 836 1720 877 in
1747 836 1893 878 civita-

1073 896 1163 933 tem
1178 892 1384 942 Galilaeae,
1403 892 1471 933 cui
1491 904 1649 933 nomen
1663 891 1895 942 Nazareth,

1075 948 1131 990 ad
1140 949 1365 1000 Virginem
1381 948 1691 1001 desponsatam
1705 949 1811 999 viro,
1827 949 1895 990 cui

1074 1017 1233 1046 nomen
1256 1010 1347 1046 erat
1370 1004 1549 1057 Joseph,
1576 1003 1630 1046 de
1654 1004 1785 1046 domo
1810 1005 1894 1046 Da-

1075 1061 1163 1111 vid,
1190 1066 1233 1102 et
1256 1073 1416 1102 nomen
1438 1061 1632 1112 Virginis
1655 1061 1803 1102 Maria.
1839 1061 1896 1103 Et

1074 1117 1252 1170 reliqua.

1078 1191 1263 1232 llomilia
1279 1192 1418 1233 sancti
1430 1191 1664 1244 Sophrenii
1675 1191 1895 1244 Episcopi.

1173 1251 1342 1285 Homilia
1367 1251 1404 1285 in
1428 1251 1607 1294 Deiparae
1632 1250 1797 1284 Annunt.

1078 1303 1276 1372 tfffsfssffiijuid
1300 1304 1457 1344 missus
1482 1303 1638 1346 beatus
1663 1303 1735 1345 ille
1755 1303 1896 1354 Ange-

1078 1347 1088 1418 ³¹>x
1110 1355 1173 1396 'f
1188 1387 1195 1417 ,⁴
1218 1360 1286 1401 lus
1322 1359 1379 1401 ad
1413 1360 1639 1411 Virginem
1675 1360 1897 1411 integerri-

1078 1401 1134 1438 Ιχ
1153 1439 1158 1440 ⁷
1218 1429 1334 1458 mam
1367 1414 1497 1458 dicit?
1549 1417 1639 1458 Aut
1674 1415 1897 1469 quemodo

1075 1473 1386 1514 faustissimum
1404 1472 1489 1514 hoc
1507 1473 1705 1515 mintium
1723 1472 1809 1525 ipsi
1826 1471 1897 1514 de-

1075 1529 1182 1571 fert?
1223 1530 1319 1571 Ave
1346 1529 1486 1580 gratia
1513 1529 1658 1582 plena,
1685 1528 1899 1570 Deminus

1075 1591 1230 1627 tecum.
1262 1586 1303 1626 A
1325 1585 1486 1636 gaudio
1510 1585 1661 1638 incipit
1680 1598 1776 1626 eam
1795 1584 1899 1626 allo-

1078 1643 1152 1694 qui
1183 1642 1255 1683 ille
1286 1642 1434 1693 gaudii
1464 1642 1652 1683 nuntius.
1703 1641 1900 1682 Noverat

1078 1699 1191 1740 enim
1216 1704 1258 1740 et
1281 1698 1410 1751 plane
1434 1697 1613 1748 sciebat,
1635 1698 1834 1739 mintium
1851 1697 1899 1737 il-

1076 1755 1152 1796 lud
1180 1768 1306 1796 suum
1332 1755 1542 1796 universis
1566 1753 1814 1796 hominibus
1838 1758 1898 1795 at-

1079 1824 1163 1863 que
1183 1810 1383 1852 emnibus
1398 1811 1562 1863 pariter
1576 1810 1785 1852 creaturis
1799 1813 1899 1861 gasi-

1078 1866 1197 1909 dium
1211 1869 1378 1920 parare,
1394 1872 1437 1908 et
1453 1866 1672 1919 queslibet
1686 1879 1711 1908 a
1726 1865 1899 1919 quibus·

1078 1927 1266 1976 cumque
1277 1923 1452 1965 doleres
1464 1923 1697 1975 expellere3
1708 1925 1900 1972 neverat,

1079 1993 1133 2022 ex
1149 1979 1294 2022 divina
1305 1980 1430 2032 hujus
1444 1980 1639 2032 mysterii
1654 1979 1900 2030 cognitiene

1077 2036 1288 2078 mundum
1306 2036 1467 2078 himine
1487 2036 1748 2086 collustrari;
1770 2038 1899 2077 neve—

1078 2099 1160 2143 rat,
1193 2094 1352 2135 erreris
1382 2092 1519 2144 disjici
1550 2092 1794 2143 caliginem3
1826 2093 1900 2133 ne—

1078 2155 1219 2199 verat,
1268 2149 1442 2192 retundi
1485 2149 1639 2194 mortis
1683 2148 1901 2198 aculeum,

1078 2208 1271 2255 neverat,
1296 2206 1383 2247 vim
1404 2205 1696 2258 corruptienis
1714 2204 1901 2255 infringi;

1078 2264 1271 2311 neverat,
1293 2261 1460 2303 inferno
1480 2261 1709 2302 victeriam
1729 2260 1901 2310 auferri3

1080 2320 1271 2369 neverat,
1294 2317 1479 2359 salutem
1501 2316 1673 2370 perdito
1695 2315 1901 2367 affulgere

1080 2375 1259 2424 hemini,
1288 2374 1361 2426 qui
1385 2373 1540 2415 horum
1564 2373 1778 2414 malerum
1802 2373 1900 2424 jugo

1081 2430 1240 2482 jamdiu
1255 2429 1545 2483 premebatur,
1565 2442 1619 2471 ex
1636 2442 1721 2481 quo
1738 2429 1903 2470 scilicet

1080 2500 1106 2528 a
1133 2486 1325 2540 paradisi
1354 2486 1521 2528 deliciis
1551 2485 1775 2539 expulsus,
1806 2490 1851 2527 et
1877 2498 1901 2526 a

1081 2544 1211 2585 beato
1233 2542 1307 2584 illo
1328 2542 1548 2584 domicilio
1573 2544 1733 2594 ejectus
1753 2542 1901 2584 fuerat.

1080 2601 1319 2653 Propterea
1329 2598 1557 2649 legatienis
1571 2611 1661 2640 suae
1674 2597 1902 2640 exerdium

1082 2670 1107 2698 a
1133 2655 1292 2707 gaudio
1317 2655 1452 2705 ducit3
1480 2657 1714 2708 propterea
1742 2656 1901 2696 serme-

1081 2713 1207 2755 nibus
1230 2712 1319 2753 suis
1341 2711 1489 2763 gaudii
1509 2725 1639 2754 voces
1660 2710 1903 2764 praemittit3
