2040 2990
601 219 701 252 Infra
729 218 1019 252 llebdmnadam
1048 218 1080 251 ii.
1109 223 1195 260 post
1220 216 1486 260 Epiphaniam.

197 323 263 360 tes
278 318 372 366 hoc,
389 318 594 369 quoniam
611 318 647 358 si
662 330 774 358 unus
788 329 870 370 pro
887 317 1020 358 omni-

196 375 278 417 bus
298 376 494 415 mortuus
516 379 592 423 est,
612 386 717 425 ergo
738 386 889 415 omnes
907 375 1019 414 mor-

197 432 258 473 tui
284 436 397 472 sunt:
422 435 465 472 et
489 443 571 483 pro
595 430 797 472 omnibus
823 432 1020 471 mortuus

198 492 263 529 est
284 487 498 529 Christus:
524 492 571 528 ut
595 492 638 529 et
665 488 738 540 qui
757 487 918 535 vivunt,
937 487 1020 537 jam

196 557 285 585 non
304 543 386 585 sibi
406 544 570 593 vivant,
596 543 675 585 sed
701 544 740 585 ei
766 543 839 595 qui
858 555 939 595 pro
959 543 1020 594 ip-

197 602 256 642 sis
274 603 472 642 mortuus
492 605 559 642 est
577 605 621 642 et
639 600 885 642 resurrexit.

247 659 296 709 Ru
335 658 428 709 Ego
458 657 568 707 dixi,
601 658 787 699 Domine
814 658 1021 698 miserere

196 715 297 755 mei:
324 716 345 738 *
378 714 491 755 Sana
518 715 706 775 animam
733 727 891 764 meam,
922 713 1022 766 quia

196 771 377 824 peccavi
404 770 494 812 tibi.
536 768 583 815 λ’.
616 771 686 813 Ab
719 770 919 812 omnibus
947 771 1021 811 ini-

198 827 438 879 quitatibus
463 829 570 869 meis
595 828 714 880 eripe
735 840 804 868 me
823 828 1021 868 Domine.

197 884 319 925 Sana.
348 883 499 926 Gloria
518 885 648 926 Patri.
676 885 800 925 Sana.

379 987 561 1024 Feria
600 987 841 1034 Quarta.

197 1044 263 1082 De
274 1041 473 1093 Epistola
484 1041 677 1082 secunda
692 1040 748 1082 ad
761 1040 1021 1082 Corinthios.

299 1108 450 1148 Lectio
472 1108 493 1146 ἰ.
760 1106 861 1157 Cap.
882 1106 916 1145 7.

222 1174 268 1214 [τ]
296 1176 343 1204 as
383 1175 487 1214 ergo
524 1162 734 1204 habentes
773 1162 1023 1215 promissio·

206 1179 239 1258 1Ιί
255 1179 284 1257 ἸΙ
312 1233 400 1268 nes,
420 1219 641 1269 carissimi,
665 1219 923 1260 mundemus
943 1231 1023 1259 nos

199 1276 253 1318 ab
288 1276 405 1317 omni
442 1276 768 1328 inquinamento
806 1275 948 1316 carnis
981 1280 1024 1317 et

200 1334 394 1386 spiritus,
419 1333 695 1385 perficientes
719 1332 1023 1374 sanctificatio-

199 1403 299 1431 nem
331 1390 374 1430 in
407 1390 565 1431 timore
595 1389 690 1430 Dei.
745 1389 899 1441 Capite
932 1402 1024 1431 nos.

199 1447 427 1488 Neminem
454 1446 661 1496 laesimus,
688 1446 903 1487 neminem
931 1458 1024 1487 cor-

200 1503 406 1556 rupimus,
423 1503 638 1544 neminem
654 1502 1025 1544 circumvenimus.

199 1560 300 1601 Non
325 1559 381 1601 ad
407 1559 815 1601 condemnationem
834 1564 1025 1600 vestram

201 1616 311 1658 dico.
351 1616 639 1658 Praediximus
670 1616 799 1666 enim,
833 1615 952 1668 quod
982 1616 1023 1657 in

201 1672 408 1714 cordibus
434 1673 595 1714 nostris
621 1673 727 1714 estis
751 1672 808 1714 ad
834 1685 1025 1714 commo-

200 1729 409 1779 riendum,
430 1735 473 1771 et
493 1729 549 1771 ad
571 1729 903 1771 convivendum.

253 1791 298 1841 Rg.
339 1786 406 1828 Ne
440 1786 687 1839 perdideris
718 1799 788 1827 me
821 1799 920 1827 cum
950 1786 1024 1827 ini-

203 1843 440 1896 quitatibus
465 1843 588 1885 meis:
604 1847 626 1868 *
647 1843 802 1895 Neque
825 1843 868 1883 in
895 1842 1026 1884 finem

202 1900 339 1941 iratus
358 1902 555 1941 reserves
575 1899 690 1941 mala
708 1912 816 1941 mea.
846 1894 896 1946 V.
924 1899 1026 1940 Non

202 1956 337 1997 intres
361 1956 405 1997 in
435 1956 640 2008 judicium
671 1970 770 1998 cum
796 1969 924 1998 servo
949 1961 1025 1997 tuo

202 2012 401 2054 Domine.
427 2013 594 2065 Neque.

509 2074 659 2114 Lectio
678 2074 716 2114 ii.

308 2125 398 2167 ulta
416 2126 521 2167 mihi
538 2126 700 2168 fiducia
719 2131 786 2167 est
803 2126 922 2178 apud
936 2138 1026 2175 vos,

317 2182 455 2223 multa
483 2182 588 2223 mihi
617 2182 820 2232 gloriatio
844 2195 926 2235 pro
953 2195 1025 2224 vo-

201 2239 284 2289 bis,
335 2239 528 2291 repletus
574 2252 669 2280 sum
715 2239 1025 2289 consolatione,

203 2295 512 2348 superabundo
524 2295 685 2347 gaudio
702 2296 744 2336 in
760 2297 878 2337 omni
892 2296 1024 2338 tribu·
1087 2311 1112 2339 ξς»

202 2352 363 2394 latione
383 2357 543 2393 nostra.
575 2352 689 2393 Nam
708 2357 752 2393 et
771 2365 869 2393 cum
887 2353 1026 2394 venis·

203 2410 347 2449 semus
396 2409 439 2448 in
490 2408 809 2458 Macedoniam,
865 2409 1027 2451 nullam

202 2465 398 2517 requiem
430 2464 581 2506 habuit
611 2477 712 2506 caro
743 2470 908 2515 nostra,
949 2465 1027 2507 sed

202 2533 375 2562 omnem
393 2520 719 2563 tribulationem
730 2522 849 2573 passi
864 2535 1027 2564 sumus:

203 2577 307 2619 foris
340 2591 516 2630 pugnae,
552 2578 668 2618 intus
702 2578 893 2619 timores.
940 2579 1027 2621 Sed

204 2635 277 2686 qui
292 2634 544 2675 consolatur
558 2634 756 2683 humiles,
776 2635 1027 2677 consolatus

203 2697 270 2733 est
289 2703 370 2732 nos
389 2691 509 2732 Deus
529 2691 571 2731 in
591 2690 780 2733 adventu
800 2691 899 2732 Titi.
927 2691 1027 2733 Non

202 2747 343 2789 solum
367 2752 513 2789 autem
539 2748 581 2788 in
601 2747 791 2790 adventu
816 2749 921 2800 ejus,
949 2749 1027 2792 sed

1073 315 1204 357 etiam
1223 316 1267 356 in
1292 315 1608 366 consolatione,
1634 330 1719 369 qua
1740 330 1892 360 conso-

1071 372 1185 413 latus
1214 377 1281 413 est
1308 372 1353 413 in
1380 372 1522 422 vobis,
1549 373 1740 416 referens
1766 374 1893 416 nobis

1072 434 1266 470 vestrum
1293 428 1576 479 desiderium,
1603 435 1795 472 vestrum
1822 431 1893 473 fle-

1071 491 1179 534 tum,
1225 490 1416 526 vestram
1456 486 1775 528 aemulationem
1812 500 1894 540 pro

1072 554 1152 591 me,
1172 542 1233 583 ita
1251 547 1299 583 ut
1317 542 1456 592 magis
1475 542 1720 594 gauderem.

1125 601 1175 652 R.
1192 599 1398 639 Paratum
1418 611 1494 640 cor
1513 612 1659 641 meum
1674 600 1805 650 Deus,
1821 613 1894 654 pa-

1073 657 1216 695 ratum
1248 667 1325 696 cor
1356 667 1515 696 meum:
1547 656 1569 679 *
1603 655 1815 706 Cantabo,
1852 662 1896 699 et

1073 711 1289 764 psalmum
1325 711 1467 753 dicam
1493 712 1694 754 Domino.
1734 707 1785 760 V.
1814 713 1896 754 Ex-

1075 771 1204 819 surge
1230 767 1368 818 gloria
1390 781 1506 818 mea,
1534 772 1720 821 exsurge
1738 770 1896 823 psalte-

1073 825 1184 865 rium
1199 830 1243 866 et
1257 824 1433 874 eithara,
1449 828 1680 877 exsurgam
1693 825 1898 868 diluculo.

1075 880 1284 923 Cantabo.

1375 935 1525 975 Lectio
1545 935 1600 975 iii.

1159 991 1335 1033 uoniam
1359 991 1441 1032 etsi
1469 991 1724 1033 contristavi
1749 1003 1829 1033 vos
1854 991 1899 1032 in

1171 1047 1367 1100 epistola,
1386 1061 1474 1089 non
1492 1061 1562 1090 me
1581 1048 1781 1102 po'enitet:
1801 1053 1845 1090 et
1862 1048 1899 1089 si

1074 1105 1328 1158 poeniteret,
1365 1103 1519 1145 videns
1558 1104 1676 1157 quod
1713 1104 1900 1157 epistola

1075 1161 1148 1202 illa
1173 1161 1270 1212 (etsi
1296 1160 1352 1202 ad
1376 1160 1544 1212 horam)
1569 1174 1649 1203 vos
1675 1160 1900 1203 contrista-

1077 1218 1151 1268 vit;
1177 1231 1292 1259 nunc
1310 1216 1497 1268 gaudeo:
1515 1231 1604 1259 non
1624 1218 1725 1270 quia
1743 1217 1900 1259 contri-

1077 1274 1180 1316 stati
1216 1274 1339 1324 estiS‚
1384 1273 1464 1316 sed
1510 1275 1610 1327 quja
1654 1274 1901 1316 contristati

1078 1331 1183 1372 estis
1209 1330 1265 1372 ad
1290 1331 1604 1383 poenitentiam.
1644 1330 1902 1372 Contristati

1077 1388 1192 1429 enim
1215 1387 1321 1429 estis
1344 1386 1584 1429 seeundum
1602 1388 1760 1437 Deum,
1786 1391 1835 1429 ut
1857 1387 1901 1428 in

1076 1443 1196 1485 nullo
1235 1443 1544 1485 detrimentum
1583 1443 1807 1496 patiamini
1846 1457 1901 1486 ex

1077 1500 1214 1542 nobis.
1242 1501 1350 1551 Quae
1370 1500 1484 1542 enim
1504 1500 1743 1542 secundum
1758 1500 1901 1542 Deum

1077 1557 1254 1599 tristitia
1280 1562 1363 1607 est,
1392 1557 1694 1610 poenitentiam
1720 1557 1764 1598 in
1789 1556 1901 1598 salu-

1076 1619 1166 1656 tem
1186 1613 1388 1656 stabilem
1411 1615 1633 1666 operatur:
1657 1613 1807 1656 saeculi
1830 1626 1900 1655 au-

1077 1675 1165 1712 tem
1184 1670 1361 1712 tristitia
1377 1674 1563 1712 mortem
1583 1672 1800 1723 operatur.

1130 1728 1178 1779 R.
1215 1726 1402 1779 Adjutor
1435 1739 1558 1768 meus
1593 1726 1674 1769 tibi
1706 1726 1901 1780 psallam,

1079 1786 1180 1838 quia
1194 1785 1315 1826 Deus
1330 1785 1561 1836 susceptor
1575 1797 1698 1826 meus
1712 1797 1772 1826 es:
1782 1784 1804 1808 *¹
1816 1783 1901 1826 De-

1077 1855 1129 1884 us
1146 1854 1281 1891 meus,
1302 1839 1602 1882 misericordia
1617 1853 1724 1883 mea.
1752 1841 1800 1892 R.
1816 1840 1903 1882 Lae-

1077 1898 1222 1949 tabor,
1252 1902 1294 1939 et
1314 1896 1542 1939 exsultabo
1567 1897 1611 1938 in
1629 1901 1689 1947 te,
1717 1896 1902 1950 psallam

1078 1954 1243 1996 nomini
1265 1959 1343 1996 tuo
1366 1953 1601 1996 Altissime.
1635 1954 1765 1996 Deus.
1798 1952 1901 1995 Glo-

1079 2012 1142 2054 ria
1159 2011 1289 2053 Patri.
1317 2011 1449 2052 Deus.

1291 2119 1451 2155 Feria
1483 2119 1695 2167 Quinta.

1078 2177 1145 2218 De
1154 2175 1354 2229 Epistola
1369 2175 1562 2218 secunda
1576 2175 1633 2218 ad
1643 2175 1902 2218 Corinthios.

1182 2240 1331 2281 Lectio
1352 2241 1375 2280 i.
1611 2241 1714 2293 Cap.
1735 2242 1797 2282 10.

1111 2349 1112 2352 ¹
1135 2310 1247 2350 pse
1267 2301 1412 2339 autem
1434 2309 1517 2347 ego
1535 2295 1695 2338 Paulus
1716 2296 1901 2338 obsecro

1130 2372 1150 2387 -·
1190 2366 1269 2395 vos
1313 2366 1392 2406 per
1436 2352 1814 2394 mansuetudinem
1858 2358 1902 2394 et

1078 2410 1340 2452 modestiam
1379 2408 1554 2458 Christi,
1595 2409 1669 2460 qui
1709 2409 1753 2449 in
1792 2409 1902 2450 facie

1081 2467 1257 2520 quidem
1275 2465 1450 2507 humilis
1469 2478 1565 2506 sum
1584 2465 1696 2507 inter
1715 2478 1809 2515 vos,
1829 2465 1901 2507 ab·

1081 2537 1180 2566 sens
1204 2528 1350 2564 autem
1375 2521 1551 2563 confido
1578 2522 1621 2562 in
1644 2521 1780 2564 vobis.
1816 2522 1902 2563 Ro-

1080 2593 1136 2632 go
1154 2585 1300 2622 autem
1319 2591 1413 2628 vos,
1433 2591 1487 2619 ne
1504 2591 1698 2631 praesens
1718 2577 1903 2621 audeam

1080 2650 1159 2690 per
1183 2649 1278 2678 eam
1301 2634 1625 2685 confidentiam,
1652 2648 1738 2688 qua
1761 2635 1902 2676 existi-

1079 2706 1175 2736 mor
1194 2692 1356 2734 audere
1376 2692 1418 2732 in
1439 2691 1668 2744 quosdam,
1696 2691 1770 2744 qui
1792 2690 1902 2732 arbi-

1079 2752 1250 2793 trantur
1284 2761 1366 2791 nos
1402 2753 1626 2800 tamquam
1663 2746 1903 2790 secundum
