<?xml version="1.0" encoding="UTF-8"?>
<!DOCTYPE html PUBLIC "-//W3C//DTD XHTML 1.0 Transitional//EN"
    "http://www.w3.org/TR/xhtml1/DTD/xhtml1-transitional.dtd">
<html xmlns="http://www.w3.org/1999/xhtml" xml:lang="en" lang="en">
 <head>
  <title>
</title>
<meta http-equiv="Content-Type" content="text/html;charset=utf-8" />
  <meta name='ocr-system' content='tesseract 3.04.00' />
  <meta name='ocr-capabilities' content='ocr_page ocr_carea ocr_par ocr_line ocrx_word'/>
</head>
<body>
  <div class='ocr_page' id='page_1' title='image "./p1breviariumroma00cathuoft_0160.png"; bbox 0 0 2040 2990; ppageno 0'>
   <div class='ocr_carea' id='block_1_1' title="bbox 830 204 1259 239">
    <p class='ocr_par' dir='ltr' id='par_1_1' title="bbox 830 204 1259 239">
     <span class='ocr_line' id='line_1_1' title="bbox 830 204 1259 239; baseline 0 -2"><span class='ocrx_word' id='word_1_1' title='bbox 830 207 999 239; x_wconf 63' lang='lat' dir='ltr'>Subbzlto</span> <span class='ocrx_word' id='word_1_2' title='bbox 1026 204 1073 238; x_wconf 73' lang='lat' dir='ltr'>nd</span> <span class='ocrx_word' id='word_1_3' title='bbox 1101 204 1259 238; x_wconf 70' lang='lat' dir='ltr'>Laudes.</span> 
     </span>
    </p>
   </div>
   <div class='ocr_carea' id='block_1_2' title="bbox 197 305 1027 2230">
    <p class='ocr_par' dir='ltr' id='par_1_2' title="bbox 198 305 1020 417">
     <span class='ocr_line' id='line_1_2' title="bbox 198 305 1020 358; baseline -0.007 -6"><span class='ocrx_word' id='word_1_4' title='bbox 198 312 221 337; x_wconf 90' lang='lat'>*</span> <span class='ocrx_word' id='word_1_5' title='bbox 240 308 445 351; x_wconf 73' lang='lat' dir='ltr'>Haeccine</span> <span class='ocrx_word' id='word_1_6' title='bbox 471 307 621 349; x_wconf 83' lang='lat' dir='ltr'>reddis</span> <span class='ocrx_word' id='word_1_7' title='bbox 641 306 832 348; x_wconf 80' lang='lat' dir='ltr'>Demino</span> <span class='ocrx_word' id='word_1_8' title='bbox 855 305 1020 358; x_wconf 85' lang='lat' dir='ltr'>popule</span> 
     </span>
     <span class='ocr_line' id='line_1_3' title="bbox 198 363 646 417; baseline -0.011 -8"><span class='ocrx_word' id='word_1_9' title='bbox 198 367 330 409; x_wconf 88' lang='lat' dir='ltr'>stulte</span> <span class='ocrx_word' id='word_1_10' title='bbox 350 370 394 407; x_wconf 93' lang='lat' dir='ltr'>et</span> <span class='ocrx_word' id='word_1_11' title='bbox 413 363 646 417; x_wconf 84' lang='lat' dir='ltr'><strong>insipiens?</strong></span> 
     </span>
    </p>

    <p class='ocr_par' dir='ltr' id='par_1_3' title="bbox 197 420 1020 578">
     <span class='ocr_line' id='line_1_4' title="bbox 248 420 1019 475; baseline -0.006 -11"><span class='ocrx_word' id='word_1_12' title='bbox 248 421 474 475; x_wconf 90' lang='lat' dir='ltr'><strong>Numquid</strong></span> <span class='ocrx_word' id='word_1_13' title='bbox 514 433 602 462; x_wconf 94' lang='lat' dir='ltr'>non</span> <span class='ocrx_word' id='word_1_14' title='bbox 647 420 743 473; x_wconf 92' lang='lat' dir='ltr'>ipse</span> <span class='ocrx_word' id='word_1_15' title='bbox 786 423 853 460; x_wconf 90' lang='lat' dir='ltr'>est</span> <span class='ocrx_word' id='word_1_16' title='bbox 893 422 1019 471; x_wconf 91' lang='lat' dir='ltr'>pater</span> 
     </span>
     <span class='ocr_line' id='line_1_5' title="bbox 197 475 1020 531; baseline -0.007 -10"><span class='ocrx_word' id='word_1_17' title='bbox 197 485 309 530; x_wconf 60' lang='lat' dir='ltr'>tuus</span> <span class='ocrx_word' id='word_1_18' title='bbox 328 480 351 505; x_wconf 88' lang='lat'>*</span> <span class='ocrx_word' id='word_1_19' title='bbox 373 478 447 531; x_wconf 92' lang='lat' dir='ltr'>qui</span> <span class='ocrx_word' id='word_1_20' title='bbox 463 476 662 531; x_wconf 91' lang='lat' dir='ltr'>possedit</span> <span class='ocrx_word' id='word_1_21' title='bbox 686 481 747 525; x_wconf 86' lang='lat' dir='ltr'>te,</span> <span class='ocrx_word' id='word_1_22' title='bbox 773 481 816 517; x_wconf 91' lang='lat' dir='ltr'>et</span> <span class='ocrx_word' id='word_1_23' title='bbox 834 475 951 524; x_wconf 89' lang='lat' dir='ltr'>fecit,</span> <span class='ocrx_word' id='word_1_24' title='bbox 977 479 1020 516; x_wconf 89' lang='lat' dir='ltr'>et</span> 
     </span>
     <span class='ocr_line' id='line_1_6' title="bbox 197 534 451 578; baseline -0.008 0"><span class='ocrx_word' id='word_1_25' title='bbox 197 535 362 578; x_wconf 85' lang='lat' dir='ltr'>creavit</span> <span class='ocrx_word' id='word_1_26' title='bbox 380 534 451 577; x_wconf 87' lang='lat' dir='ltr'>te?</span> 
     </span>
    </p>

    <p class='ocr_par' dir='ltr' id='par_1_4' title="bbox 198 588 1019 701">
     <span class='ocr_line' id='line_1_7' title="bbox 248 588 1019 643; baseline -0.009 -8"><span class='ocrx_word' id='word_1_27' title='bbox 248 593 469 635; x_wconf 91' lang='lat' dir='ltr'>Memento</span> <span class='ocrx_word' id='word_1_28' title='bbox 494 591 662 633; x_wconf 89' lang='lat' dir='ltr'>dierum</span> <span class='ocrx_word' id='word_1_29' title='bbox 681 589 977 643; x_wconf 84' lang='lat' dir='ltr'>antiquorum,</span> <span class='ocrx_word' id='word_1_30' title='bbox 996 588 1019 614; x_wconf 89' lang='lat'>*</span> 
     </span>
     <span class='ocr_line' id='line_1_8' title="bbox 198 645 890 701; baseline -0.009 -10"><span class='ocrx_word' id='word_1_31' title='bbox 198 650 343 701; x_wconf 82' lang='lat' dir='ltr'>cogita</span> <span class='ocrx_word' id='word_1_32' title='bbox 362 648 666 701; x_wconf 69' lang='lat' dir='ltr'>generationes</span> <span class='ocrx_word' id='word_1_33' title='bbox 684 645 890 698; x_wconf 87' lang='lat' dir='ltr'>singulas:</span> 
     </span>
    </p>

    <p class='ocr_par' dir='ltr' id='par_1_5' title="bbox 198 706 1021 861">
     <span class='ocr_line' id='line_1_9' title="bbox 249 706 1020 757; baseline -0.006 -10"><span class='ocrx_word' id='word_1_34' title='bbox 249 707 479 757; x_wconf 89' lang='lat' dir='ltr'>Interroga</span> <span class='ocrx_word' id='word_1_35' title='bbox 505 709 675 757; x_wconf 91' lang='lat' dir='ltr'>patrem</span> <span class='ocrx_word' id='word_1_36' title='bbox 703 708 842 752; x_wconf 91' lang='lat' dir='ltr'>tuum,</span> <span class='ocrx_word' id='word_1_37' title='bbox 878 706 922 743; x_wconf 92' lang='lat' dir='ltr'>et</span> <span class='ocrx_word' id='word_1_38' title='bbox 949 714 1020 742; x_wconf 93' lang='lat' dir='ltr'>an-</span> 
     </span>
     <span class='ocr_line' id='line_1_10' title="bbox 198 760 1021 811; baseline -0.006 -7"><span class='ocrx_word' id='word_1_39' title='bbox 198 762 415 804; x_wconf 87' lang='lat' dir='ltr'>nuntiabit</span> <span class='ocrx_word' id='word_1_40' title='bbox 443 761 539 803; x_wconf 91' lang='lat' dir='ltr'>tibi:</span> <span class='ocrx_word' id='word_1_41' title='bbox 567 762 590 786; x_wconf 90' lang='lat'>*</span> <span class='ocrx_word' id='word_1_42' title='bbox 618 760 803 811; x_wconf 85' lang='lat' dir='ltr'>majores</span> <span class='ocrx_word' id='word_1_43' title='bbox 831 763 949 808; x_wconf 86' lang='lat' dir='ltr'>tuos,</span> <span class='ocrx_word' id='word_1_44' title='bbox 978 762 1021 800; x_wconf 90' lang='lat' dir='ltr'>et</span> 
     </span>
     <span class='ocr_line' id='line_1_11' title="bbox 199 818 455 861; baseline -0.008 0"><span class='ocrx_word' id='word_1_45' title='bbox 199 819 346 861; x_wconf 90' lang='lat' dir='ltr'>dicent</span> <span class='ocrx_word' id='word_1_46' title='bbox 364 818 455 861; x_wconf 91' lang='lat' dir='ltr'>tibi.</span> 
     </span>
    </p>

    <p class='ocr_par' dir='ltr' id='par_1_6' title="bbox 198 871 1021 1039">
     <span class='ocr_line' id='line_1_12' title="bbox 255 871 1021 927; baseline -0.009 -9"><span class='ocrx_word' id='word_1_47' title='bbox 255 875 440 927; x_wconf 82' lang='lat' dir='ltr'>Quando</span> <span class='ocrx_word' id='word_1_48' title='bbox 494 873 719 917; x_wconf 83' lang='lat' dir='ltr'>dividebat</span> <span class='ocrx_word' id='word_1_49' title='bbox 768 871 1021 913; x_wconf 90' lang='lat' dir='ltr'>Altissimus</span> 
     </span>
     <span class='ocr_line' id='line_1_13' title="bbox 200 928 1020 984; baseline -0.007 -10"><span class='ocrx_word' id='word_1_50' title='bbox 200 933 384 974; x_wconf 85' lang='lat' dir='ltr'>Gentes:</span> <span class='ocrx_word' id='word_1_51' title='bbox 405 933 429 958; x_wconf 82' lang='lat'>*</span> <span class='ocrx_word' id='word_1_52' title='bbox 451 930 627 984; x_wconf 89' lang='lat' dir='ltr'>quando</span> <span class='ocrx_word' id='word_1_53' title='bbox 652 928 886 982; x_wconf 89' lang='lat' dir='ltr'>separabat</span> <span class='ocrx_word' id='word_1_54' title='bbox 904 928 1020 969; x_wconf 89' lang='lat' dir='ltr'>filios</span> 
     </span>
     <span class='ocr_line' id='line_1_14' title="bbox 198 989 352 1039; baseline -0.019 -8"><span class='ocrx_word' id='word_1_55' title='bbox 198 989 352 1039; x_wconf 85' lang='lat' dir='ltr'>Adam,</span> 
     </span>
    </p>

    <p class='ocr_par' dir='ltr' id='par_1_7' title="bbox 199 1041 1023 1154">
     <span class='ocr_line' id='line_1_15' title="bbox 251 1041 1021 1095; baseline -0.006 -8"><span class='ocrx_word' id='word_1_56' title='bbox 251 1044 488 1087; x_wconf 87' lang='lat' dir='ltr'>Constituit</span> <span class='ocrx_word' id='word_1_57' title='bbox 516 1042 727 1084; x_wconf 90' lang='lat' dir='ltr'>terminos</span> <span class='ocrx_word' id='word_1_58' title='bbox 755 1041 1021 1095; x_wconf 83' lang='lat' dir='ltr'>populorum</span> 
     </span>
     <span class='ocr_line' id='line_1_16' title="bbox 199 1097 1023 1154; baseline -0.007 -10"><span class='ocrx_word' id='word_1_59' title='bbox 199 1103 223 1129; x_wconf 85' lang='lat'>*</span> <span class='ocrx_word' id='word_1_60' title='bbox 251 1103 370 1154; x_wconf 83' lang='lat' dir='ltr'>juxta</span> <span class='ocrx_word' id='word_1_61' title='bbox 398 1104 626 1142; x_wconf 81' lang='lat' dir='ltr'>numerum</span> <span class='ocrx_word' id='word_1_62' title='bbox 657 1098 847 1140; x_wconf 83' lang='lat' dir='ltr'>fili6rum</span> <span class='ocrx_word' id='word_1_63' title='bbox 874 1097 1023 1139; x_wconf 79' lang='lat' dir='ltr'>Israel.</span> 
     </span>
    </p>

    <p class='ocr_par' dir='ltr' id='par_1_8' title="bbox 199 1155 1023 1263">
     <span class='ocr_line' id='line_1_17' title="bbox 249 1155 1022 1208; baseline -0.008 -7"><span class='ocrx_word' id='word_1_64' title='bbox 249 1160 358 1201; x_wconf 91' lang='lat' dir='ltr'>Pars</span> <span class='ocrx_word' id='word_1_65' title='bbox 368 1155 708 1206; x_wconf 69' lang='lat' dir='ltr'>autemDOmini,</span> <span class='ocrx_word' id='word_1_66' title='bbox 716 1155 907 1208; x_wconf 78' lang='lat' dir='ltr'>pepulus</span> <span class='ocrx_word' id='word_1_67' title='bbox 917 1155 1022 1206; x_wconf 92' lang='lat' dir='ltr'>ejus:</span> 
     </span>
     <span class='ocr_line' id='line_1_18' title="bbox 199 1211 1023 1263; baseline -0.007 -5"><span class='ocrx_word' id='word_1_68' title='bbox 199 1217 222 1242; x_wconf 90' lang='lat'>*</span> <span class='ocrx_word' id='word_1_69' title='bbox 241 1215 376 1257; x_wconf 84' lang='lat' dir='ltr'><strong>Jacob</strong></span> <span class='ocrx_word' id='word_1_70' title='bbox 397 1213 611 1256; x_wconf 87' lang='lat' dir='ltr'>funiculus</span> <span class='ocrx_word' id='word_1_71' title='bbox 629 1211 901 1253; x_wconf 81' lang='lat' dir='ltr'>haereditatis</span> <span class='ocrx_word' id='word_1_72' title='bbox 922 1212 1023 1263; x_wconf 91' lang='lat' dir='ltr'>ejus.</span> 
     </span>
    </p>

    <p class='ocr_par' dir='ltr' id='par_1_9' title="bbox 200 1269 1022 1427">
     <span class='ocr_line' id='line_1_19' title="bbox 250 1269 1022 1318; baseline -0.005 -5"><span class='ocrx_word' id='word_1_73' title='bbox 250 1272 423 1313; x_wconf 81' lang='lat' dir='ltr'>Invenit</span> <span class='ocrx_word' id='word_1_74' title='bbox 451 1284 550 1313; x_wconf 92' lang='lat' dir='ltr'>eum</span> <span class='ocrx_word' id='word_1_75' title='bbox 578 1270 621 1310; x_wconf 92' lang='lat' dir='ltr'>in</span> <span class='ocrx_word' id='word_1_76' title='bbox 649 1274 767 1311; x_wconf 89' lang='lat' dir='ltr'>terra</span> <span class='ocrx_word' id='word_1_77' title='bbox 789 1269 980 1318; x_wconf 87' lang='lat' dir='ltr'>deserta,</span> <span class='ocrx_word' id='word_1_78' title='bbox 999 1269 1022 1293; x_wconf 85' lang='lat'>*</span> 
     </span>
     <span class='ocr_line' id='line_1_20' title="bbox 200 1325 1022 1377; baseline -0.006 -6"><span class='ocrx_word' id='word_1_79' title='bbox 200 1330 243 1370; x_wconf 89' lang='lat' dir='ltr'>in</span> <span class='ocrx_word' id='word_1_80' title='bbox 271 1329 371 1370; x_wconf 94' lang='lat' dir='ltr'>loco</span> <span class='ocrx_word' id='word_1_81' title='bbox 399 1327 606 1377; x_wconf 85' lang='lat' dir='ltr'>horroris,</span> <span class='ocrx_word' id='word_1_82' title='bbox 636 1330 679 1367; x_wconf 92' lang='lat' dir='ltr'>et</span> <span class='ocrx_word' id='word_1_83' title='bbox 707 1330 844 1367; x_wconf 79' lang='lat' dir='ltr'>vastae</span> <span class='ocrx_word' id='word_1_84' title='bbox 873 1325 1022 1367; x_wconf 82' lang='lat' dir='ltr'>solitu-</span> 
     </span>
     <span class='ocr_line' id='line_1_21' title="bbox 200 1386 332 1427; baseline -0.008 0"><span class='ocrx_word' id='word_1_85' title='bbox 200 1386 332 1427; x_wconf 85' lang='lat' dir='ltr'>dinis:</span> 
     </span>
    </p>

    <p class='ocr_par' dir='ltr' id='par_1_10' title="bbox 202 1439 1024 1550">
     <span class='ocr_line' id='line_1_22' title="bbox 252 1439 1024 1490; baseline -0.005 -6"><span class='ocrx_word' id='word_1_86' title='bbox 252 1441 552 1484; x_wconf 80' lang='lat' dir='ltr'>Circumduxit</span> <span class='ocrx_word' id='word_1_87' title='bbox 571 1453 680 1490; x_wconf 82' lang='lat' dir='ltr'>eum,</span> <span class='ocrx_word' id='word_1_88' title='bbox 700 1444 743 1481; x_wconf 92' lang='lat' dir='ltr'>et</span> <span class='ocrx_word' id='word_1_89' title='bbox 761 1439 926 1481; x_wconf 86' lang='lat' dir='ltr'>docuit:</span> <span class='ocrx_word' id='word_1_90' title='bbox 940 1439 964 1464; x_wconf 87' lang='grc'><strong><em>*</em></strong></span> <span class='ocrx_word' id='word_1_91' title='bbox 981 1444 1024 1480; x_wconf 90' lang='lat' dir='ltr'>et</span> 
     </span>
     <span class='ocr_line' id='line_1_23' title="bbox 202 1496 1024 1550; baseline -0.006 -9"><span class='ocrx_word' id='word_1_92' title='bbox 202 1498 437 1541; x_wconf 86' lang='lat' dir='ltr'>custodivit</span> <span class='ocrx_word' id='word_1_93' title='bbox 453 1497 577 1550; x_wconf 86' lang='lat' dir='ltr'>quasi</span> <span class='ocrx_word' id='word_1_94' title='bbox 593 1496 805 1550; x_wconf 89' lang='lat' dir='ltr'>pupillam</span> <span class='ocrx_word' id='word_1_95' title='bbox 820 1496 935 1537; x_wconf 86' lang='lat' dir='ltr'>oculi</span> <span class='ocrx_word' id='word_1_96' title='bbox 947 1496 1024 1537; x_wconf 91' lang='lat' dir='ltr'>sui.</span> 
     </span>
    </p>

    <p class='ocr_par' dir='ltr' id='par_1_11' title="bbox 201 1552 1024 1718">
     <span class='ocr_line' id='line_1_24' title="bbox 253 1552 1023 1607; baseline -0.005 -10"><span class='ocrx_word' id='word_1_97' title='bbox 253 1555 374 1597; x_wconf 88' lang='lat' dir='ltr'>Sicut</span> <span class='ocrx_word' id='word_1_98' title='bbox 406 1554 552 1607; x_wconf 87' lang='lat' dir='ltr'>aquila</span> <span class='ocrx_word' id='word_1_99' title='bbox 581 1555 829 1607; x_wconf 87' lang='lat' dir='ltr'>provocans</span> <span class='ocrx_word' id='word_1_100' title='bbox 862 1552 918 1594; x_wconf 91' lang='lat' dir='ltr'>ad</span> <span class='ocrx_word' id='word_1_101' title='bbox 951 1565 1023 1594; x_wconf 90' lang='lat' dir='ltr'>vo-</span> 
     </span>
     <span class='ocr_line' id='line_1_25' title="bbox 201 1610 1024 1665; baseline -0.005 -10"><span class='ocrx_word' id='word_1_102' title='bbox 201 1612 380 1655; x_wconf 88' lang='lat' dir='ltr'>landum</span> <span class='ocrx_word' id='word_1_103' title='bbox 397 1611 543 1665; x_wconf 92' lang='lat' dir='ltr'>pullos</span> <span class='ocrx_word' id='word_1_104' title='bbox 563 1623 678 1659; x_wconf 89' lang='lat' dir='ltr'>suos,</span> <span class='ocrx_word' id='word_1_105' title='bbox 693 1610 717 1636; x_wconf 88' lang='lat'>*</span> <span class='ocrx_word' id='word_1_106' title='bbox 733 1615 777 1651; x_wconf 93' lang='lat' dir='ltr'>et</span> <span class='ocrx_word' id='word_1_107' title='bbox 795 1622 926 1662; x_wconf 90' lang='lat' dir='ltr'>super</span> <span class='ocrx_word' id='word_1_108' title='bbox 948 1622 1024 1652; x_wconf 91' lang='lat' dir='ltr'>eos</span> 
     </span>
     <span class='ocr_line' id='line_1_26' title="bbox 202 1670 403 1718; baseline -0.01 -6"><span class='ocrx_word' id='word_1_109' title='bbox 202 1670 403 1718; x_wconf 78' lang='lat' dir='ltr'>v61itans,</span> 
     </span>
    </p>

    <p class='ocr_par' dir='ltr' id='par_1_12' title="bbox 204 1723 1025 1881">
     <span class='ocr_line' id='line_1_27' title="bbox 252 1723 1025 1779; baseline -0.005 -11"><span class='ocrx_word' id='word_1_110' title='bbox 252 1725 475 1779; x_wconf 85' lang='lat' dir='ltr'>Expandit</span> <span class='ocrx_word' id='word_1_111' title='bbox 490 1724 581 1766; x_wconf 87' lang='lat' dir='ltr'>alas</span> <span class='ocrx_word' id='word_1_112' title='bbox 597 1737 708 1774; x_wconf 88' lang='lat' dir='ltr'>suas,</span> <span class='ocrx_word' id='word_1_113' title='bbox 730 1728 774 1765; x_wconf 90' lang='lat' dir='ltr'>et</span> <span class='ocrx_word' id='word_1_114' title='bbox 789 1723 1025 1776; x_wconf 81' lang='lat' dir='ltr'>assumpsit</span> 
     </span>
     <span class='ocr_line' id='line_1_28' title="bbox 204 1780 1025 1835; baseline -0.006 -10"><span class='ocrx_word' id='word_1_115' title='bbox 204 1797 319 1834; x_wconf 89' lang='lat' dir='ltr'>eum,</span> <span class='ocrx_word' id='word_1_116' title='bbox 338 1783 361 1808; x_wconf 87' lang='lat'>*</span> <span class='ocrx_word' id='word_1_117' title='bbox 381 1787 513 1835; x_wconf 92' lang='lat' dir='ltr'>atque</span> <span class='ocrx_word' id='word_1_118' title='bbox 540 1781 734 1834; x_wconf 88' lang='lat' dir='ltr'>portavit</span> <span class='ocrx_word' id='word_1_119' title='bbox 761 1781 805 1821; x_wconf 92' lang='lat' dir='ltr'>in</span> <span class='ocrx_word' id='word_1_120' title='bbox 834 1780 1025 1821; x_wconf 81' lang='lat' dir='ltr'>humeris</span> 
     </span>
     <span class='ocr_line' id='line_1_29' title="bbox 204 1853 305 1881; baseline 0 0"><span class='ocrx_word' id='word_1_121' title='bbox 204 1853 305 1881; x_wconf 80' lang='lat' dir='ltr'>suis.</span> 
     </span>
    </p>

    <p class='ocr_par' dir='ltr' id='par_1_13' title="bbox 203 1893 1025 1995">
     <span class='ocr_line' id='line_1_30' title="bbox 255 1893 1025 1946; baseline -0.004 -9"><span class='ocrx_word' id='word_1_122' title='bbox 255 1896 469 1938; x_wconf 82' lang='lat' dir='ltr'>Deminus</span> <span class='ocrx_word' id='word_1_123' title='bbox 497 1895 617 1937; x_wconf 92' lang='lat' dir='ltr'>solus</span> <span class='ocrx_word' id='word_1_124' title='bbox 646 1893 734 1936; x_wconf 85' lang='lat' dir='ltr'>dux</span> <span class='ocrx_word' id='word_1_125' title='bbox 763 1894 852 1946; x_wconf 91' lang='lat' dir='ltr'>ejus</span> <span class='ocrx_word' id='word_1_126' title='bbox 881 1894 975 1935; x_wconf 87' lang='lat' dir='ltr'>fuit:</span> <span class='ocrx_word' id='word_1_127' title='bbox 1002 1894 1025 1919; x_wconf 86' lang='lat'>*</span> 
     </span>
     <span class='ocr_line' id='line_1_31' title="bbox 203 1950 983 1995; baseline -0.005 -1"><span class='ocrx_word' id='word_1_128' title='bbox 203 1958 249 1995; x_wconf 89' lang='lat' dir='ltr'>et</span> <span class='ocrx_word' id='word_1_129' title='bbox 266 1965 355 1994; x_wconf 90' lang='lat' dir='ltr'>non</span> <span class='ocrx_word' id='word_1_130' title='bbox 374 1957 467 1994; x_wconf 90' lang='lat' dir='ltr'>erat</span> <span class='ocrx_word' id='word_1_131' title='bbox 486 1965 585 1994; x_wconf 91' lang='lat' dir='ltr'>cum</span> <span class='ocrx_word' id='word_1_132' title='bbox 604 1964 657 1993; x_wconf 92' lang='lat' dir='ltr'>eo</span> <span class='ocrx_word' id='word_1_133' title='bbox 678 1951 785 1993; x_wconf 91' lang='lat' dir='ltr'>deus</span> <span class='ocrx_word' id='word_1_134' title='bbox 805 1950 983 1993; x_wconf 89' lang='lat' dir='ltr'>alienus.</span> 
     </span>
    </p>

    <p class='ocr_par' dir='ltr' id='par_1_14' title="bbox 205 2007 1027 2175">
     <span class='ocr_line' id='line_1_32' title="bbox 258 2007 1027 2061; baseline -0.004 -10"><span class='ocrx_word' id='word_1_135' title='bbox 258 2009 494 2051; x_wconf 88' lang='lat' dir='ltr'>Constituit</span> <span class='ocrx_word' id='word_1_136' title='bbox 522 2022 620 2050; x_wconf 93' lang='lat' dir='ltr'>eum</span> <span class='ocrx_word' id='word_1_137' title='bbox 650 2020 781 2061; x_wconf 89' lang='lat' dir='ltr'>super</span> <span class='ocrx_word' id='word_1_138' title='bbox 809 2007 1027 2049; x_wconf 78' lang='lat' dir='ltr'>excelsam</span> 
     </span>
     <span class='ocr_line' id='line_1_33' title="bbox 205 2064 1026 2108; baseline -0.004 0"><span class='ocrx_word' id='word_1_139' title='bbox 205 2070 383 2108; x_wconf 87' lang='lat' dir='ltr'>terram:</span> <span class='ocrx_word' id='word_1_140' title='bbox 416 2066 439 2091; x_wconf 91' lang='lat'>*</span> <span class='ocrx_word' id='word_1_141' title='bbox 473 2070 522 2107; x_wconf 94' lang='lat' dir='ltr'>ut</span> <span class='ocrx_word' id='word_1_142' title='bbox 565 2064 814 2106; x_wconf 83' lang='lat' dir='ltr'>comederet</span> <span class='ocrx_word' id='word_1_143' title='bbox 860 2064 1026 2106; x_wconf 84' lang='lat' dir='ltr'>fructus</span> 
     </span>
     <span class='ocr_line' id='line_1_34' title="bbox 206 2124 419 2175; baseline -0.005 -11"><span class='ocrx_word' id='word_1_144' title='bbox 206 2124 419 2175; x_wconf 80' lang='lat' dir='ltr'>agrorum,</span> 
     </span>
    </p>

    <p class='ocr_par' dir='ltr' id='par_1_15' title="bbox 257 2177 1027 2230">
     <span class='ocr_line' id='line_1_35' title="bbox 257 2177 1027 2230; baseline -0.004 -9"><span class='ocrx_word' id='word_1_145' title='bbox 257 2179 316 2221; x_wconf 90' lang='lat' dir='ltr'>Ut</span> <span class='ocrx_word' id='word_1_146' title='bbox 331 2182 506 2230; x_wconf 79' lang='lat' dir='ltr'>sugeret</span> <span class='ocrx_word' id='word_1_147' title='bbox 520 2178 606 2220; x_wconf 89' lang='lat' dir='ltr'>mel</span> <span class='ocrx_word' id='word_1_148' title='bbox 621 2177 676 2219; x_wconf 92' lang='lat' dir='ltr'>de</span> <span class='ocrx_word' id='word_1_149' title='bbox 686 2182 822 2230; x_wconf 88' lang='lat' dir='ltr'>petra,</span> <span class='ocrx_word' id='word_1_150' title='bbox 832 2177 855 2203; x_wconf 86' lang='lat'><strong><em>*</em></strong></span> <span class='ocrx_word' id='word_1_151' title='bbox 867 2178 1027 2219; x_wconf 80' lang='lat' dir='ltr'>oleum-</span> 
     </span>
    </p>
   </div>
   <div class='ocr_carea' id='block_1_3' title="bbox 206 2234 1029 2510">
    <p class='ocr_par' dir='ltr' id='par_1_16' title="bbox 206 2234 757 2288">
     <span class='ocr_line' id='line_1_36' title="bbox 206 2234 757 2288; baseline -0.005 -11"><span class='ocrx_word' id='word_1_152' title='bbox 206 2247 293 2288; x_wconf 92' lang='lat' dir='ltr'>que</span> <span class='ocrx_word' id='word_1_153' title='bbox 312 2234 493 2277; x_wconf 83' lang='lat' dir='ltr'>desaxo</span> <span class='ocrx_word' id='word_1_154' title='bbox 513 2234 757 2276; x_wconf 87' lang='lat' dir='ltr'>durissimo.</span> 
     </span>
    </p>

    <p class='ocr_par' dir='ltr' id='par_1_17' title="bbox 206 2290 1029 2446">
     <span class='ocr_line' id='line_1_37' title="bbox 258 2290 1028 2344; baseline -0.001 -11"><span class='ocrx_word' id='word_1_155' title='bbox 258 2292 470 2344; x_wconf 69' lang='lat' dir='ltr'>Butyrum</span> <span class='ocrx_word' id='word_1_156' title='bbox 494 2291 548 2333; x_wconf 95' lang='lat' dir='ltr'>de</span> <span class='ocrx_word' id='word_1_157' title='bbox 574 2293 787 2340; x_wconf 88' lang='lat' dir='ltr'>armento,</span> <span class='ocrx_word' id='word_1_158' title='bbox 815 2294 858 2332; x_wconf 91' lang='lat' dir='ltr'>et</span> <span class='ocrx_word' id='word_1_159' title='bbox 886 2290 953 2332; x_wconf 90' lang='lat' dir='ltr'>lac</span> <span class='ocrx_word' id='word_1_160' title='bbox 973 2290 1028 2332; x_wconf 92' lang='lat' dir='ltr'>de</span> 
     </span>
     <span class='ocr_line' id='line_1_38' title="bbox 206 2347 1029 2400; baseline 0 -11"><span class='ocrx_word' id='word_1_161' title='bbox 206 2348 365 2390; x_wconf 82' lang='lat' dir='ltr'>ovibus</span> <span class='ocrx_word' id='word_1_162' title='bbox 391 2349 415 2374; x_wconf 87' lang='lat'>*</span> <span class='ocrx_word' id='word_1_163' title='bbox 443 2361 543 2389; x_wconf 89' lang='lat' dir='ltr'>cum</span> <span class='ocrx_word' id='word_1_164' title='bbox 570 2347 700 2400; x_wconf 87' lang='lat' dir='ltr'>adipe</span> <span class='ocrx_word' id='word_1_165' title='bbox 728 2348 957 2398; x_wconf 84' lang='lat' dir='ltr'>agnorum,</span> <span class='ocrx_word' id='word_1_166' title='bbox 986 2353 1029 2389; x_wconf 87' lang='lat' dir='ltr'>et</span> 
     </span>
     <span class='ocr_line' id='line_1_39' title="bbox 209 2404 778 2446; baseline -0.004 0"><span class='ocrx_word' id='word_1_167' title='bbox 209 2407 393 2446; x_wconf 89' lang='lat' dir='ltr'>arietum</span> <span class='ocrx_word' id='word_1_168' title='bbox 412 2405 601 2446; x_wconf 85' lang='lat' dir='ltr'>filiorum</span> <span class='ocrx_word' id='word_1_169' title='bbox 617 2404 778 2445; x_wconf 86' lang='lat' dir='ltr'>Basan:</span> 
     </span>
    </p>

    <p class='ocr_par' dir='ltr' id='par_1_18' title="bbox 259 2460 1028 2510">
     <span class='ocr_line' id='line_1_40' title="bbox 259 2460 1028 2510; baseline -0.001 -8"><span class='ocrx_word' id='word_1_170' title='bbox 259 2461 316 2503; x_wconf 90' lang='lat' dir='ltr'>Et</span> <span class='ocrx_word' id='word_1_171' title='bbox 334 2461 482 2502; x_wconf 89' lang='lat' dir='ltr'>hircos</span> <span class='ocrx_word' id='word_1_172' title='bbox 506 2474 605 2502; x_wconf 92' lang='lat' dir='ltr'>cum</span> <span class='ocrx_word' id='word_1_173' title='bbox 626 2460 818 2502; x_wconf 77' lang='lat' dir='ltr'>medulla</span> <span class='ocrx_word' id='word_1_174' title='bbox 836 2461 986 2510; x_wconf 90' lang='lat' dir='ltr'>tritici,</span> <span class='ocrx_word' id='word_1_175' title='bbox 1005 2462 1028 2486; x_wconf 89' lang='lat'>*</span> 
     </span>
    </p>
   </div>
   <div class='ocr_carea' id='block_1_4' title="bbox 210 2516 1029 2795">
    <p class='ocr_par' dir='ltr' id='par_1_19' title="bbox 210 2516 1028 2616">
     <span class='ocr_line' id='line_1_41' title="bbox 210 2516 1028 2569; baseline -0.001 -10"><span class='ocrx_word' id='word_1_176' title='bbox 210 2522 254 2559; x_wconf 90' lang='lat' dir='ltr'>et</span> <span class='ocrx_word' id='word_1_177' title='bbox 282 2518 536 2569; x_wconf 88' lang='lat' dir='ltr'>sanguinem</span> <span class='ocrx_word' id='word_1_178' title='bbox 568 2530 665 2558; x_wconf 87' lang='lat' dir='ltr'>uvae</span> <span class='ocrx_word' id='word_1_179' title='bbox 694 2516 867 2558; x_wconf 86' lang='lat' dir='ltr'>biberet</span> <span class='ocrx_word' id='word_1_180' title='bbox 894 2530 1028 2558; x_wconf 87' lang='lat' dir='ltr'>mera-</span> 
     </span>
     <span class='ocr_line' id='line_1_42' title="bbox 210 2587 442 2616; baseline -0.009 0"><span class='ocrx_word' id='word_1_181' title='bbox 210 2587 442 2616; x_wconf 78' lang='lat' dir='ltr'>cissimum.</span> 
     </span>
    </p>

    <p class='ocr_par' dir='ltr' id='par_1_20' title="bbox 210 2629 1029 2795">
     <span class='ocr_line' id='line_1_43' title="bbox 261 2629 1029 2679; baseline 0 -8"><span class='ocrx_word' id='word_1_182' title='bbox 261 2631 536 2672; x_wconf 67' lang='lat' dir='ltr'>Incrassatus</span> <span class='ocrx_word' id='word_1_183' title='bbox 565 2634 633 2671; x_wconf 90' lang='lat' dir='ltr'>est</span> <span class='ocrx_word' id='word_1_184' title='bbox 661 2629 866 2679; x_wconf 88' lang='lat' dir='ltr'>dilectus,</span> <span class='ocrx_word' id='word_1_185' title='bbox 896 2634 939 2671; x_wconf 87' lang='lat' dir='ltr'>et</span> <span class='ocrx_word' id='word_1_186' title='bbox 967 2643 1029 2671; x_wconf 88' lang='lat' dir='ltr'>re-</span> 
     </span>
     <span class='ocr_line' id='line_1_44' title="bbox 210 2686 1029 2739; baseline -0.002 -10"><span class='ocrx_word' id='word_1_187' title='bbox 210 2687 467 2729; x_wconf 79' lang='lat' dir='ltr'>calcitravit:</span> <span class='ocrx_word' id='word_1_188' title='bbox 501 2687 523 2711; x_wconf 88' lang='lat'>*</span> <span class='ocrx_word' id='word_1_189' title='bbox 557 2687 841 2736; x_wconf 86' lang='lat' dir='ltr'>incrassatus,</span> <span class='ocrx_word' id='word_1_190' title='bbox 877 2686 1029 2739; x_wconf 92' lang='lat' dir='ltr'>impinâ€”</span> 
     </span>
     <span class='ocr_line' id='line_1_45' title="bbox 211 2743 625 2795; baseline -0.002 -10"><span class='ocrx_word' id='word_1_191' title='bbox 211 2746 378 2795; x_wconf 84' lang='lat' dir='ltr'>guatus,</span> <span class='ocrx_word' id='word_1_192' title='bbox 406 2743 625 2793; x_wconf 85' lang='lat' dir='ltr'>dilatatus,</span> 
     </span>
    </p>
   </div>
   <div class='ocr_carea' id='block_1_5' title="bbox 1072 302 1909 2785">
    <p class='ocr_par' dir='ltr' id='par_1_21' title="bbox 1073 302 1900 410">
     <span class='ocr_line' id='line_1_46' title="bbox 1124 302 1899 356; baseline -0.004 -10"><span class='ocrx_word' id='word_1_193' title='bbox 1124 304 1371 356; x_wconf 90' lang='lat' dir='ltr'>Dereliquit</span> <span class='ocrx_word' id='word_1_194' title='bbox 1404 304 1549 345; x_wconf 93' lang='lat' dir='ltr'>Deum</span> <span class='ocrx_word' id='word_1_195' title='bbox 1582 302 1795 344; x_wconf 67' lang='lat' dir='ltr'>factorem</span> <span class='ocrx_word' id='word_1_196' title='bbox 1831 315 1899 343; x_wconf 91' lang='lat' dir='ltr'>su-</span> 
     </span>
     <span class='ocr_line' id='line_1_47' title="bbox 1073 358 1900 410; baseline -0.004 -7"><span class='ocrx_word' id='word_1_197' title='bbox 1073 374 1158 410; x_wconf 83' lang='lat' dir='ltr'>um,</span> <span class='ocrx_word' id='word_1_198' title='bbox 1168 362 1192 386; x_wconf 87' lang='lat'>*</span> <span class='ocrx_word' id='word_1_199' title='bbox 1204 366 1247 403; x_wconf 90' lang='lat' dir='ltr'>et</span> <span class='ocrx_word' id='word_1_200' title='bbox 1262 360 1446 402; x_wconf 87' lang='lat' dir='ltr'>recessit</span> <span class='ocrx_word' id='word_1_201' title='bbox 1460 373 1486 401; x_wconf 87' lang='lat' dir='ltr'>a</span> <span class='ocrx_word' id='word_1_202' title='bbox 1496 360 1594 401; x_wconf 93' lang='lat' dir='ltr'>Deo</span> <span class='ocrx_word' id='word_1_203' title='bbox 1611 358 1793 400; x_wconf 86' lang='lat' dir='ltr'>salutari</span> <span class='ocrx_word' id='word_1_204' title='bbox 1807 371 1900 400; x_wconf 91' lang='lat' dir='ltr'>suo.</span> 
     </span>
    </p>

    <p class='ocr_par' dir='ltr' id='par_1_22' title="bbox 1072 415 1900 573">
     <span class='ocr_line' id='line_1_48' title="bbox 1125 415 1899 459; baseline -0.004 0"><span class='ocrx_word' id='word_1_205' title='bbox 1125 418 1484 459; x_wconf 89' lang='lat' dir='ltr'>Provocaverunt</span> <span class='ocrx_word' id='word_1_206' title='bbox 1510 429 1609 458; x_wconf 90' lang='lat' dir='ltr'>eum</span> <span class='ocrx_word' id='word_1_207' title='bbox 1627 415 1672 457; x_wconf 90' lang='lat' dir='ltr'>in</span> <span class='ocrx_word' id='word_1_208' title='bbox 1693 415 1778 458; x_wconf 89' lang='lat' dir='ltr'>diis</span> <span class='ocrx_word' id='word_1_209' title='bbox 1799 415 1899 458; x_wconf 89' lang='lat' dir='ltr'>alie-</span> 
     </span>
     <span class='ocr_line' id='line_1_49' title="bbox 1072 471 1900 525; baseline -0.004 -9"><span class='ocrx_word' id='word_1_210' title='bbox 1072 475 1151 525; x_wconf 87' lang='lat' dir='ltr'>nis,</span> <span class='ocrx_word' id='word_1_211' title='bbox 1165 475 1189 500; x_wconf 88' lang='lat'>*</span> <span class='ocrx_word' id='word_1_212' title='bbox 1205 479 1248 516; x_wconf 89' lang='lat' dir='ltr'>et</span> <span class='ocrx_word' id='word_1_213' title='bbox 1267 475 1311 515; x_wconf 92' lang='lat' dir='ltr'>in</span> <span class='ocrx_word' id='word_1_214' title='bbox 1330 471 1733 516; x_wconf 83' lang='lat' dir='ltr'>abominati6nibus</span> <span class='ocrx_word' id='word_1_215' title='bbox 1748 471 1806 514; x_wconf 88' lang='lat' dir='ltr'>ad</span> <span class='ocrx_word' id='word_1_216' title='bbox 1820 472 1900 513; x_wconf 89' lang='lat' dir='ltr'>ira-</span> 
     </span>
     <span class='ocr_line' id='line_1_50' title="bbox 1074 531 1644 573; baseline -0.005 0"><span class='ocrx_word' id='word_1_217' title='bbox 1074 531 1278 573; x_wconf 83' lang='lat' dir='ltr'>cundiam</span> <span class='ocrx_word' id='word_1_218' title='bbox 1302 531 1644 572; x_wconf 89' lang='lat' dir='ltr'>concitaverunt.</span> 
     </span>
    </p>

    <p class='ocr_par' dir='ltr' id='par_1_23' title="bbox 1073 585 1901 696">
     <span class='ocr_line' id='line_1_51' title="bbox 1124 585 1901 635; baseline -0.004 -6"><span class='ocrx_word' id='word_1_219' title='bbox 1124 588 1470 629; x_wconf 88' lang='lat' dir='ltr'>Immolaverunt</span> <span class='ocrx_word' id='word_1_220' title='bbox 1490 585 1731 635; x_wconf 74' lang='lat' dir='ltr'>daemoniis,</span> <span class='ocrx_word' id='word_1_221' title='bbox 1752 590 1796 627; x_wconf 88' lang='lat' dir='ltr'>et</span> <span class='ocrx_word' id='word_1_222' title='bbox 1813 598 1901 627; x_wconf 91' lang='lat' dir='ltr'>non</span> 
     </span>
     <span class='ocr_line' id='line_1_52' title="bbox 1073 642 1774 696; baseline -0.004 -10"><span class='ocrx_word' id='word_1_223' title='bbox 1073 645 1182 695; x_wconf 89' lang='lat' dir='ltr'>Deo,</span> <span class='ocrx_word' id='word_1_224' title='bbox 1201 646 1224 671; x_wconf 88' lang='lat'>*</span> <span class='ocrx_word' id='word_1_225' title='bbox 1245 644 1340 694; x_wconf 91' lang='lat' dir='ltr'>diis,</span> <span class='ocrx_word' id='word_1_226' title='bbox 1361 657 1473 696; x_wconf 91' lang='lat' dir='ltr'>quos</span> <span class='ocrx_word' id='word_1_227' title='bbox 1492 642 1774 695; x_wconf 84' lang='lat' dir='ltr'>ignorabant:</span> 
     </span>
    </p>

    <p class='ocr_par' dir='ltr' id='par_1_24' title="bbox 1075 699 1902 811">
     <span class='ocr_line' id='line_1_53' title="bbox 1124 699 1900 753; baseline -0.004 -10"><span class='ocrx_word' id='word_1_228' title='bbox 1124 702 1240 743; x_wconf 91' lang='lat' dir='ltr'>Novi</span> <span class='ocrx_word' id='word_1_229' title='bbox 1282 702 1572 753; x_wconf 89' lang='lat' dir='ltr'>recentesque</span> <span class='ocrx_word' id='word_1_230' title='bbox 1608 701 1837 751; x_wconf 87' lang='lat' dir='ltr'>venerunt,</span> <span class='ocrx_word' id='word_1_231' title='bbox 1876 699 1900 725; x_wconf 86' lang='grc'>*</span> 
     </span>
     <span class='ocr_line' id='line_1_54' title="bbox 1075 757 1902 811; baseline -0.002 -11"><span class='ocrx_word' id='word_1_232' title='bbox 1075 771 1187 811; x_wconf 92' lang='lat' dir='ltr'>quos</span> <span class='ocrx_word' id='word_1_233' title='bbox 1209 771 1297 800; x_wconf 93' lang='lat' dir='ltr'>non</span> <span class='ocrx_word' id='word_1_234' title='bbox 1318 758 1549 800; x_wconf 90' lang='lat' dir='ltr'>coluerunt</span> <span class='ocrx_word' id='word_1_235' title='bbox 1566 761 1717 810; x_wconf 87' lang='lat' dir='ltr'>patres</span> <span class='ocrx_word' id='word_1_236' title='bbox 1738 757 1902 799; x_wconf 80' lang='lat' dir='ltr'>eerum.</span> 
     </span>
    </p>

    <p class='ocr_par' dir='ltr' id='par_1_25' title="bbox 1074 813 1902 914">
     <span class='ocr_line' id='line_1_55' title="bbox 1125 813 1902 867; baseline -0.003 -11"><span class='ocrx_word' id='word_1_237' title='bbox 1125 816 1269 857; x_wconf 92' lang='lat' dir='ltr'>Deum</span> <span class='ocrx_word' id='word_1_238' title='bbox 1289 815 1364 867; x_wconf 93' lang='lat' dir='ltr'>qui</span> <span class='ocrx_word' id='word_1_239' title='bbox 1383 819 1428 856; x_wconf 93' lang='lat' dir='ltr'>te</span> <span class='ocrx_word' id='word_1_240' title='bbox 1448 813 1598 866; x_wconf 90' lang='lat' dir='ltr'>genuit</span> <span class='ocrx_word' id='word_1_241' title='bbox 1616 813 1902 865; x_wconf 83' lang='lat' dir='ltr'>dereliquisti,</span> 
     </span>
     <span class='ocr_line' id='line_1_56' title="bbox 1074 869 1901 914; baseline -0.004 0"><span class='ocrx_word' id='word_1_242' title='bbox 1074 873 1098 898; x_wconf 87' lang='lat'>*</span> <span class='ocrx_word' id='word_1_243' title='bbox 1114 877 1158 914; x_wconf 90' lang='lat' dir='ltr'>et</span> <span class='ocrx_word' id='word_1_244' title='bbox 1173 872 1337 914; x_wconf 89' lang='lat' dir='ltr'>oblitus</span> <span class='ocrx_word' id='word_1_245' title='bbox 1350 884 1396 913; x_wconf 92' lang='lat' dir='ltr'>es</span> <span class='ocrx_word' id='word_1_246' title='bbox 1407 870 1587 912; x_wconf 85' lang='lat' dir='ltr'>Domini</span> <span class='ocrx_word' id='word_1_247' title='bbox 1603 870 1816 912; x_wconf 85' lang='lat' dir='ltr'>creatoris</span> <span class='ocrx_word' id='word_1_248' title='bbox 1827 869 1901 912; x_wconf 92' lang='lat' dir='ltr'>tui.</span> 
     </span>
    </p>

    <p class='ocr_par' dir='ltr' id='par_1_26' title="bbox 1075 926 1902 1085">
     <span class='ocr_line' id='line_1_57' title="bbox 1126 926 1902 979; baseline -0.004 -8"><span class='ocrx_word' id='word_1_249' title='bbox 1126 929 1252 971; x_wconf 89' lang='lat' dir='ltr'>Vidit</span> <span class='ocrx_word' id='word_1_250' title='bbox 1262 928 1490 978; x_wconf 79' lang='lat' dir='ltr'>Dominus,</span> <span class='ocrx_word' id='word_1_251' title='bbox 1505 932 1549 969; x_wconf 93' lang='lat' dir='ltr'>et</span> <span class='ocrx_word' id='word_1_252' title='bbox 1563 927 1622 979; x_wconf 87' lang='lat' dir='ltr'>ad</span> <span class='ocrx_word' id='word_1_253' title='bbox 1630 926 1902 969; x_wconf 81' lang='lat' dir='ltr'>iracundiam</span> 
     </span>
     <span class='ocr_line' id='line_1_58' title="bbox 1076 985 1901 1038; baseline -0.004 -10"><span class='ocrx_word' id='word_1_254' title='bbox 1076 986 1322 1028; x_wconf 83' lang='lat' dir='ltr'>concitatus</span> <span class='ocrx_word' id='word_1_255' title='bbox 1351 990 1434 1027; x_wconf 91' lang='lat' dir='ltr'>est:</span> <span class='ocrx_word' id='word_1_256' title='bbox 1455 985 1480 1010; x_wconf 88' lang='grc'>*</span> <span class='ocrx_word' id='word_1_257' title='bbox 1505 985 1607 1037; x_wconf 89' lang='lat' dir='ltr'>quia</span> <span class='ocrx_word' id='word_1_258' title='bbox 1633 985 1901 1038; x_wconf 88' lang='lat' dir='ltr'>provocave-</span> 
     </span>
     <span class='ocr_line' id='line_1_59' title="bbox 1075 1041 1682 1085; baseline -0.003 -1"><span class='ocrx_word' id='word_1_259' title='bbox 1075 1047 1176 1085; x_wconf 92' lang='lat' dir='ltr'>runt</span> <span class='ocrx_word' id='word_1_260' title='bbox 1197 1056 1296 1084; x_wconf 94' lang='lat' dir='ltr'>eum</span> <span class='ocrx_word' id='word_1_261' title='bbox 1316 1042 1396 1083; x_wconf 87' lang='lat' dir='ltr'>fssii</span> <span class='ocrx_word' id='word_1_262' title='bbox 1415 1042 1483 1083; x_wconf 89' lang='lat' dir='ltr'>sui</span> <span class='ocrx_word' id='word_1_263' title='bbox 1505 1046 1549 1084; x_wconf 93' lang='lat' dir='ltr'>et</span> <span class='ocrx_word' id='word_1_264' title='bbox 1566 1041 1682 1083; x_wconf 86' lang='lat' dir='ltr'>fssiae.</span> 
     </span>
    </p>

    <p class='ocr_par' dir='ltr' id='par_1_27' title="bbox 1076 1098 1903 1256">
     <span class='ocr_line' id='line_1_60' title="bbox 1126 1098 1902 1142; baseline -0.004 0"><span class='ocrx_word' id='word_1_265' title='bbox 1126 1101 1184 1142; x_wconf 84' lang='lat' dir='ltr'>Et</span> <span class='ocrx_word' id='word_1_266' title='bbox 1199 1100 1275 1141; x_wconf 90' lang='lat' dir='ltr'>ait:</span> <span class='ocrx_word' id='word_1_267' title='bbox 1292 1098 1579 1141; x_wconf 81' lang='lat' dir='ltr'>Abscendam</span> <span class='ocrx_word' id='word_1_268' title='bbox 1592 1098 1749 1140; x_wconf 88' lang='lat' dir='ltr'>faciem</span> <span class='ocrx_word' id='word_1_269' title='bbox 1759 1110 1902 1140; x_wconf 88' lang='lat' dir='ltr'>meam</span> 
     </span>
     <span class='ocr_line' id='line_1_61' title="bbox 1076 1155 1903 1207; baseline -0.004 -8"><span class='ocrx_word' id='word_1_270' title='bbox 1076 1157 1131 1199; x_wconf 89' lang='lat' dir='ltr'>ab</span> <span class='ocrx_word' id='word_1_271' title='bbox 1151 1157 1225 1207; x_wconf 90' lang='lat' dir='ltr'>eis,</span> <span class='ocrx_word' id='word_1_272' title='bbox 1244 1157 1268 1183; x_wconf 88' lang='grc'><em>*</em></span> <span class='ocrx_word' id='word_1_273' title='bbox 1288 1161 1332 1199; x_wconf 93' lang='lat' dir='ltr'>et</span> <span class='ocrx_word' id='word_1_274' title='bbox 1352 1155 1643 1198; x_wconf 87' lang='lat' dir='ltr'>considerabo</span> <span class='ocrx_word' id='word_1_275' title='bbox 1662 1155 1903 1197; x_wconf 90' lang='lat' dir='ltr'>novissima</span> 
     </span>
     <span class='ocr_line' id='line_1_62' title="bbox 1077 1216 1244 1256; baseline -0.012 0"><span class='ocrx_word' id='word_1_276' title='bbox 1077 1216 1244 1256; x_wconf 79' lang='lat' dir='ltr'>e6rum:</span> 
     </span>
    </p>

    <p class='ocr_par' dir='ltr' id='par_1_28' title="bbox 1077 1268 1904 1370">
     <span class='ocr_line' id='line_1_63' title="bbox 1128 1268 1904 1323; baseline -0.003 -11"><span class='ocrx_word' id='word_1_277' title='bbox 1128 1270 1368 1313; x_wconf 89' lang='lat' dir='ltr'>Generatio</span> <span class='ocrx_word' id='word_1_278' title='bbox 1398 1270 1513 1312; x_wconf 90' lang='lat' dir='ltr'>enim</span> <span class='ocrx_word' id='word_1_279' title='bbox 1540 1269 1749 1323; x_wconf 87' lang='lat' dir='ltr'>perversa</span> <span class='ocrx_word' id='word_1_280' title='bbox 1778 1272 1862 1319; x_wconf 87' lang='lat' dir='ltr'>est,</span> <span class='ocrx_word' id='word_1_281' title='bbox 1879 1268 1904 1294; x_wconf 82' lang='grc'>*</span> 
     </span>
     <span class='ocr_line' id='line_1_64' title="bbox 1077 1326 1450 1370; baseline -0.005 0"><span class='ocrx_word' id='word_1_282' title='bbox 1077 1332 1121 1370; x_wconf 95' lang='lat' dir='ltr'>et</span> <span class='ocrx_word' id='word_1_283' title='bbox 1140 1327 1341 1369; x_wconf 90' lang='lat' dir='ltr'>infideles</span> <span class='ocrx_word' id='word_1_284' title='bbox 1359 1326 1450 1368; x_wconf 87' lang='lat' dir='ltr'>filii.</span> 
     </span>
    </p>

    <p class='ocr_par' dir='ltr' id='par_1_29' title="bbox 1077 1383 1906 1541">
     <span class='ocr_line' id='line_1_65' title="bbox 1128 1383 1906 1438; baseline -0.003 -12"><span class='ocrx_word' id='word_1_285' title='bbox 1128 1385 1220 1438; x_wconf 90' lang='lat' dir='ltr'>Ipsi</span> <span class='ocrx_word' id='word_1_286' title='bbox 1255 1397 1326 1426; x_wconf 92' lang='lat' dir='ltr'>me</span> <span class='ocrx_word' id='word_1_287' title='bbox 1361 1384 1717 1437; x_wconf 87' lang='lat' dir='ltr'>provocaverunt</span> <span class='ocrx_word' id='word_1_288' title='bbox 1753 1383 1798 1424; x_wconf 91' lang='lat' dir='ltr'>in</span> <span class='ocrx_word' id='word_1_289' title='bbox 1835 1395 1906 1433; x_wconf 91' lang='lat' dir='ltr'>eo,</span> 
     </span>
     <span class='ocr_line' id='line_1_66' title="bbox 1078 1440 1905 1494; baseline -0.002 -11"><span class='ocrx_word' id='word_1_290' title='bbox 1078 1442 1153 1494; x_wconf 91' lang='lat' dir='ltr'>qui</span> <span class='ocrx_word' id='word_1_291' title='bbox 1170 1454 1259 1483; x_wconf 94' lang='lat' dir='ltr'>non</span> <span class='ocrx_word' id='word_1_292' title='bbox 1277 1446 1370 1483; x_wconf 89' lang='lat' dir='ltr'>erat</span> <span class='ocrx_word' id='word_1_293' title='bbox 1384 1441 1518 1492; x_wconf 90' lang='lat' dir='ltr'>Deus,</span> <span class='ocrx_word' id='word_1_294' title='bbox 1528 1441 1552 1468; x_wconf 89' lang='lat'>*</span> <span class='ocrx_word' id='word_1_295' title='bbox 1564 1445 1608 1483; x_wconf 94' lang='lat' dir='ltr'>et</span> <span class='ocrx_word' id='word_1_296' title='bbox 1622 1440 1905 1482; x_wconf 88' lang='lat' dir='ltr'>irritaverunt</span> 
     </span>
     <span class='ocr_line' id='line_1_67' title="bbox 1077 1498 1537 1541; baseline -0.002 -2"><span class='ocrx_word' id='word_1_297' title='bbox 1077 1499 1121 1539; x_wconf 93' lang='lat' dir='ltr'>in</span> <span class='ocrx_word' id='word_1_298' title='bbox 1140 1498 1409 1541; x_wconf 77' lang='lat' dir='ltr'>vanitatibus</span> <span class='ocrx_word' id='word_1_299' title='bbox 1429 1498 1537 1540; x_wconf 88' lang='lat' dir='ltr'>suis:</span> 
     </span>
    </p>

    <p class='ocr_par' dir='ltr' id='par_1_30' title="bbox 1077 1553 1907 1711">
     <span class='ocr_line' id='line_1_68' title="bbox 1128 1553 1907 1608; baseline -0.003 -12"><span class='ocrx_word' id='word_1_300' title='bbox 1128 1555 1186 1598; x_wconf 87' lang='lat' dir='ltr'>Et</span> <span class='ocrx_word' id='word_1_301' title='bbox 1206 1568 1287 1608; x_wconf 90' lang='lat' dir='ltr'>ego</span> <span class='ocrx_word' id='word_1_302' title='bbox 1307 1554 1565 1608; x_wconf 76' lang='lat' dir='ltr'>provocabo</span> <span class='ocrx_word' id='word_1_303' title='bbox 1587 1567 1664 1596; x_wconf 94' lang='lat' dir='ltr'>eos</span> <span class='ocrx_word' id='word_1_304' title='bbox 1682 1553 1728 1595; x_wconf 92' lang='lat' dir='ltr'>in</span> <span class='ocrx_word' id='word_1_305' title='bbox 1746 1566 1811 1605; x_wconf 84' lang='lat' dir='ltr'>eo,</span> <span class='ocrx_word' id='word_1_306' title='bbox 1831 1553 1907 1605; x_wconf 93' lang='lat' dir='ltr'>qui</span> 
     </span>
     <span class='ocr_line' id='line_1_69' title="bbox 1077 1609 1907 1665; baseline -0.002 -12"><span class='ocrx_word' id='word_1_307' title='bbox 1077 1625 1166 1654; x_wconf 90' lang='lat' dir='ltr'>non</span> <span class='ocrx_word' id='word_1_308' title='bbox 1182 1617 1250 1654; x_wconf 92' lang='lat' dir='ltr'>est</span> <span class='ocrx_word' id='word_1_309' title='bbox 1264 1612 1466 1665; x_wconf 84' lang='lat' dir='ltr'>populus,</span> <span class='ocrx_word' id='word_1_310' title='bbox 1477 1611 1501 1638; x_wconf 87' lang='lat'>*</span> <span class='ocrx_word' id='word_1_311' title='bbox 1513 1611 1610 1653; x_wconf 86' lang='lat' dir='ltr'>etin</span> <span class='ocrx_word' id='word_1_312' title='bbox 1625 1615 1756 1663; x_wconf 89' lang='lat' dir='ltr'>gente</span> <span class='ocrx_word' id='word_1_313' title='bbox 1770 1609 1907 1652; x_wconf 84' lang='lat' dir='ltr'>stulta</span> 
     </span>
     <span class='ocr_line' id='line_1_70' title="bbox 1078 1668 1392 1711; baseline -0.006 0"><span class='ocrx_word' id='word_1_314' title='bbox 1078 1669 1261 1711; x_wconf 89' lang='lat' dir='ltr'>irritabo</span> <span class='ocrx_word' id='word_1_315' title='bbox 1281 1668 1392 1710; x_wconf 88' lang='lat' dir='ltr'>illos.</span> 
     </span>
    </p>

    <p class='ocr_par' dir='ltr' id='par_1_31' title="bbox 1077 1724 1907 1880">
     <span class='ocr_line' id='line_1_71' title="bbox 1128 1724 1907 1778; baseline 0 -12"><span class='ocrx_word' id='word_1_316' title='bbox 1128 1725 1248 1778; x_wconf 85' lang='lat' dir='ltr'>Ignis</span> <span class='ocrx_word' id='word_1_317' title='bbox 1260 1727 1496 1767; x_wconf 87' lang='lat' dir='ltr'>succensus</span> <span class='ocrx_word' id='word_1_318' title='bbox 1508 1724 1631 1766; x_wconf 91' lang='lat' dir='ltr'>estin</span> <span class='ocrx_word' id='word_1_319' title='bbox 1639 1724 1787 1766; x_wconf 84' lang='lat' dir='ltr'>furore</span> <span class='ocrx_word' id='word_1_320' title='bbox 1793 1735 1907 1774; x_wconf 83' lang='lat' dir='ltr'>meo,</span> 
     </span>
     <span class='ocr_line' id='line_1_72' title="bbox 1077 1780 1907 1834; baseline -0.002 -10"><span class='ocrx_word' id='word_1_321' title='bbox 1077 1783 1101 1808; x_wconf 85' lang='lat'>*</span> <span class='ocrx_word' id='word_1_322' title='bbox 1118 1788 1161 1824; x_wconf 91' lang='lat' dir='ltr'>et</span> <span class='ocrx_word' id='word_1_323' title='bbox 1176 1781 1349 1824; x_wconf 89' lang='lat' dir='ltr'>ardebit</span> <span class='ocrx_word' id='word_1_324' title='bbox 1362 1794 1504 1834; x_wconf 91' lang='lat' dir='ltr'>usque</span> <span class='ocrx_word' id='word_1_325' title='bbox 1519 1781 1576 1823; x_wconf 89' lang='lat' dir='ltr'>ad</span> <span class='ocrx_word' id='word_1_326' title='bbox 1590 1780 1748 1822; x_wconf 85' lang='lat' dir='ltr'>inferni</span> <span class='ocrx_word' id='word_1_327' title='bbox 1763 1782 1907 1823; x_wconf 85' lang='lat' dir='ltr'>novis-</span> 
     </span>
     <span class='ocr_line' id='line_1_73' title="bbox 1079 1852 1203 1880; baseline -0.008 0"><span class='ocrx_word' id='word_1_328' title='bbox 1079 1852 1203 1880; x_wconf 80' lang='lat' dir='ltr'>sima:</span> 
     </span>
    </p>

    <p class='ocr_par' dir='ltr' id='par_1_32' title="bbox 1078 1894 1907 2051">
     <span class='ocr_line' id='line_1_74' title="bbox 1130 1894 1907 1947; baseline -0.004 -10"><span class='ocrx_word' id='word_1_329' title='bbox 1130 1895 1462 1947; x_wconf 87' lang='lat' dir='ltr'>Devorabitque</span> <span class='ocrx_word' id='word_1_330' title='bbox 1490 1899 1655 1936; x_wconf 88' lang='lat' dir='ltr'>terram</span> <span class='ocrx_word' id='word_1_331' title='bbox 1687 1906 1788 1936; x_wconf 89' lang='lat' dir='ltr'>cum</span> <span class='ocrx_word' id='word_1_332' title='bbox 1813 1894 1907 1945; x_wconf 90' lang='lat' dir='ltr'>ger-</span> 
     </span>
     <span class='ocr_line' id='line_1_75' title="bbox 1078 1949 1906 2002; baseline -0.004 -8"><span class='ocrx_word' id='word_1_333' title='bbox 1078 1953 1195 1995; x_wconf 88' lang='lat' dir='ltr'>mine</span> <span class='ocrx_word' id='word_1_334' title='bbox 1231 1965 1311 1994; x_wconf 90' lang='lat' dir='ltr'>suo</span> <span class='ocrx_word' id='word_1_335' title='bbox 1323 1984 1332 2002; x_wconf 89' lang='lat'>â€š</span> <span class='ocrx_word' id='word_1_336' title='bbox 1365 1952 1390 1978; x_wconf 83' lang='grc'>*</span> <span class='ocrx_word' id='word_1_337' title='bbox 1425 1956 1469 1994; x_wconf 90' lang='lat' dir='ltr'>et</span> <span class='ocrx_word' id='word_1_338' title='bbox 1504 1951 1720 1993; x_wconf 77' lang='lat' dir='ltr'>mentium</span> <span class='ocrx_word' id='word_1_339' title='bbox 1755 1949 1906 1992; x_wconf 86' lang='lat' dir='ltr'>funda-</span> 
     </span>
     <span class='ocr_line' id='line_1_76' title="bbox 1078 2008 1494 2051; baseline -0.005 0"><span class='ocrx_word' id='word_1_340' title='bbox 1078 2011 1227 2051; x_wconf 90' lang='lat' dir='ltr'>menta</span> <span class='ocrx_word' id='word_1_341' title='bbox 1254 2008 1494 2050; x_wconf 81' lang='lat' dir='ltr'>comburet.</span> 
     </span>
    </p>

    <p class='ocr_par' dir='ltr' id='par_1_33' title="bbox 1081 2061 1907 2174">
     <span class='ocr_line' id='line_1_77' title="bbox 1131 2061 1907 2121; baseline -0.004 -14"><span class='ocrx_word' id='word_1_342' title='bbox 1131 2065 1422 2118; x_wconf 85' lang='lat' dir='ltr'>Congregabo</span> <span class='ocrx_word' id='word_1_343' title='bbox 1451 2077 1585 2118; x_wconf 91' lang='lat' dir='ltr'>super</span> <span class='ocrx_word' id='word_1_344' title='bbox 1613 2076 1690 2106; x_wconf 92' lang='lat' dir='ltr'>eos</span> <span class='ocrx_word' id='word_1_345' title='bbox 1723 2061 1855 2121; x_wconf 82' lang='lat' dir='ltr'>mala,</span> <span class='ocrx_word' id='word_1_346' title='bbox 1882 2062 1907 2088; x_wconf 79' lang='lat'>Â¹â¸Â¹</span> 
     </span>
     <span class='ocr_line' id='line_1_78' title="bbox 1081 2119 1907 2174; baseline -0.005 -10"><span class='ocrx_word' id='word_1_347' title='bbox 1081 2128 1124 2165; x_wconf 92' lang='lat' dir='ltr'>et</span> <span class='ocrx_word' id='word_1_348' title='bbox 1152 2124 1336 2174; x_wconf 87' lang='lat' dir='ltr'>sagittas</span> <span class='ocrx_word' id='word_1_349' title='bbox 1363 2134 1485 2164; x_wconf 89' lang='lat' dir='ltr'>meas</span> <span class='ocrx_word' id='word_1_350' title='bbox 1510 2119 1744 2173; x_wconf 91' lang='lat' dir='ltr'>complebo</span> <span class='ocrx_word' id='word_1_351' title='bbox 1767 2119 1812 2160; x_wconf 92' lang='lat' dir='ltr'>in</span> <span class='ocrx_word' id='word_1_352' title='bbox 1833 2119 1907 2161; x_wconf 91' lang='lat' dir='ltr'>eis.</span> 
     </span>
    </p>

    <p class='ocr_par' dir='ltr' id='par_1_34' title="bbox 1079 2176 1907 2278">
     <span class='ocr_line' id='line_1_79' title="bbox 1133 2176 1907 2233; baseline -0.006 -12"><span class='ocrx_word' id='word_1_353' title='bbox 1133 2179 1454 2221; x_wconf 85' lang='lat' dir='ltr'>Consumentur</span> <span class='ocrx_word' id='word_1_354' title='bbox 1474 2178 1598 2233; x_wconf 65' lang='lat' dir='ltr'>fame,</span> <span class='ocrx_word' id='word_1_355' title='bbox 1617 2178 1641 2203; x_wconf 83' lang='lat'>*</span> <span class='ocrx_word' id='word_1_356' title='bbox 1662 2181 1706 2219; x_wconf 93' lang='lat' dir='ltr'>et</span> <span class='ocrx_word' id='word_1_357' title='bbox 1728 2176 1907 2218; x_wconf 88' lang='lat' dir='ltr'>devoraÎ‡</span> 
     </span>
     <span class='ocr_line' id='line_1_80' title="bbox 1079 2233 1906 2278; baseline -0.005 -1"><span class='ocrx_word' id='word_1_358' title='bbox 1079 2238 1190 2278; x_wconf 91' lang='lat' dir='ltr'>bunt</span> <span class='ocrx_word' id='word_1_359' title='bbox 1216 2247 1293 2277; x_wconf 90' lang='lat' dir='ltr'>eos</span> <span class='ocrx_word' id='word_1_360' title='bbox 1322 2248 1425 2277; x_wconf 89' lang='lat' dir='ltr'>aves</span> <span class='ocrx_word' id='word_1_361' title='bbox 1445 2247 1597 2276; x_wconf 89' lang='lat' dir='ltr'>morsu</span> <span class='ocrx_word' id='word_1_362' title='bbox 1618 2233 1906 2275; x_wconf 88' lang='lat' dir='ltr'>amarissimo:</span> 
     </span>
    </p>

    <p class='ocr_par' dir='ltr' id='par_1_35' title="bbox 1081 2289 1907 2458">
     <span class='ocr_line' id='line_1_81' title="bbox 1131 2289 1907 2334; baseline -0.006 0"><span class='ocrx_word' id='word_1_363' title='bbox 1131 2293 1300 2334; x_wconf 88' lang='lat' dir='ltr'>Dentes</span> <span class='ocrx_word' id='word_1_364' title='bbox 1327 2291 1569 2332; x_wconf 89' lang='lat' dir='ltr'>bestiarum</span> <span class='ocrx_word' id='word_1_365' title='bbox 1604 2290 1836 2331; x_wconf 84' lang='lat' dir='ltr'>immittam</span> <span class='ocrx_word' id='word_1_366' title='bbox 1862 2289 1907 2329; x_wconf 93' lang='lat' dir='ltr'>in</span> 
     </span>
     <span class='ocr_line' id='line_1_82' title="bbox 1082 2346 1907 2398; baseline -0.006 -7"><span class='ocrx_word' id='word_1_367' title='bbox 1082 2361 1175 2398; x_wconf 88' lang='lat' dir='ltr'>eos,</span> <span class='ocrx_word' id='word_1_368' title='bbox 1199 2348 1223 2374; x_wconf 87' lang='lat'>*</span> <span class='ocrx_word' id='word_1_369' title='bbox 1245 2360 1343 2389; x_wconf 92' lang='lat' dir='ltr'>cum</span> <span class='ocrx_word' id='word_1_370' title='bbox 1371 2348 1519 2389; x_wconf 87' lang='lat' dir='ltr'>furore</span> <span class='ocrx_word' id='word_1_371' title='bbox 1546 2346 1812 2389; x_wconf 89' lang='lat' dir='ltr'>trahentium</span> <span class='ocrx_word' id='word_1_372' title='bbox 1839 2358 1907 2386; x_wconf 92' lang='lat' dir='ltr'>su-</span> 
     </span>
     <span class='ocr_line' id='line_1_83' title="bbox 1081 2403 1830 2458; baseline -0.003 -13"><span class='ocrx_word' id='word_1_373' title='bbox 1081 2418 1160 2458; x_wconf 92' lang='lat' dir='ltr'>per</span> <span class='ocrx_word' id='word_1_374' title='bbox 1187 2408 1361 2453; x_wconf 80' lang='lat' dir='ltr'>terram,</span> <span class='ocrx_word' id='word_1_375' title='bbox 1389 2409 1522 2456; x_wconf 88' lang='lat' dir='ltr'>atque</span> <span class='ocrx_word' id='word_1_376' title='bbox 1551 2403 1830 2456; x_wconf 90' lang='lat' dir='ltr'>serpentium.</span> 
     </span>
    </p>

    <p class='ocr_par' dir='ltr' id='par_1_36' title="bbox 1081 2458 1908 2627">
     <span class='ocr_line' id='line_1_84' title="bbox 1132 2458 1907 2511; baseline -0.004 -9"><span class='ocrx_word' id='word_1_377' title='bbox 1132 2461 1258 2502; x_wconf 91' lang='lat' dir='ltr'>Foris</span> <span class='ocrx_word' id='word_1_378' title='bbox 1278 2460 1469 2502; x_wconf 88' lang='lat' dir='ltr'>vastabit</span> <span class='ocrx_word' id='word_1_379' title='bbox 1489 2473 1566 2501; x_wconf 91' lang='lat' dir='ltr'>eos</span> <span class='ocrx_word' id='word_1_380' title='bbox 1586 2459 1768 2511; x_wconf 85' lang='lat' dir='ltr'>gladius,</span> <span class='ocrx_word' id='word_1_381' title='bbox 1789 2462 1832 2500; x_wconf 90' lang='lat' dir='ltr'>et</span> <span class='ocrx_word' id='word_1_382' title='bbox 1847 2458 1907 2499; x_wconf 94' lang='lat' dir='ltr'>inâ€”</span> 
     </span>
     <span class='ocr_line' id='line_1_85' title="bbox 1081 2515 1908 2571; baseline -0.005 -11"><span class='ocrx_word' id='word_1_383' title='bbox 1081 2523 1153 2560; x_wconf 90' lang='lat' dir='ltr'>tus</span> <span class='ocrx_word' id='word_1_384' title='bbox 1174 2529 1328 2571; x_wconf 88' lang='lat' dir='ltr'>pavor,</span> <span class='ocrx_word' id='word_1_385' title='bbox 1346 2518 1370 2542; x_wconf 86' lang='lat'>*</span> <span class='ocrx_word' id='word_1_386' title='bbox 1389 2518 1590 2569; x_wconf 79' lang='lat' dir='ltr'>juvenem</span> <span class='ocrx_word' id='word_1_387' title='bbox 1610 2515 1739 2557; x_wconf 90' lang='lat' dir='ltr'>simul</span> <span class='ocrx_word' id='word_1_388' title='bbox 1756 2527 1808 2557; x_wconf 92' lang='lat' dir='ltr'>ac</span> <span class='ocrx_word' id='word_1_389' title='bbox 1826 2517 1908 2556; x_wconf 88' lang='lat' dir='ltr'>vir-</span> 
     </span>
     <span class='ocr_line' id='line_1_86' title="bbox 1081 2572 1908 2627; baseline -0.002 -12"><span class='ocrx_word' id='word_1_390' title='bbox 1081 2575 1237 2627; x_wconf 90' lang='lat' dir='ltr'>ginem,</span> <span class='ocrx_word' id='word_1_391' title='bbox 1248 2573 1485 2614; x_wconf 91' lang='lat' dir='ltr'>lactentem</span> <span class='ocrx_word' id='word_1_392' title='bbox 1496 2585 1595 2613; x_wconf 93' lang='lat' dir='ltr'>cum</span> <span class='ocrx_word' id='word_1_393' title='bbox 1605 2572 1784 2614; x_wconf 85' lang='lat' dir='ltr'>homine</span> <span class='ocrx_word' id='word_1_394' title='bbox 1793 2584 1908 2613; x_wconf 89' lang='lat' dir='ltr'>sene.</span> 
     </span>
    </p>

    <p class='ocr_par' dir='ltr' id='par_1_37' title="bbox 1083 2627 1909 2785">
     <span class='ocr_line' id='line_1_87' title="bbox 1134 2627 1908 2671; baseline -0.003 0"><span class='ocrx_word' id='word_1_395' title='bbox 1134 2630 1252 2671; x_wconf 83' lang='lat' dir='ltr'>Dixi:</span> <span class='ocrx_word' id='word_1_396' title='bbox 1286 2629 1476 2671; x_wconf 88' lang='lat' dir='ltr'>Ubinam</span> <span class='ocrx_word' id='word_1_397' title='bbox 1510 2627 1636 2670; x_wconf 87' lang='lat' dir='ltr'>sunt?</span> <span class='ocrx_word' id='word_1_398' title='bbox 1673 2629 1697 2655; x_wconf 86' lang='lat'>*</span> <span class='ocrx_word' id='word_1_399' title='bbox 1734 2630 1908 2670; x_wconf 87' lang='lat' dir='ltr'>cessare</span> 
     </span>
     <span class='ocr_line' id='line_1_88' title="bbox 1083 2683 1909 2728; baseline -0.004 0"><span class='ocrx_word' id='word_1_400' title='bbox 1083 2687 1239 2728; x_wconf 89' lang='lat' dir='ltr'>faciam</span> <span class='ocrx_word' id='word_1_401' title='bbox 1276 2698 1329 2727; x_wconf 86' lang='lat' dir='ltr'>ex</span> <span class='ocrx_word' id='word_1_402' title='bbox 1365 2685 1616 2727; x_wconf 90' lang='lat' dir='ltr'>hominibus</span> <span class='ocrx_word' id='word_1_403' title='bbox 1651 2683 1909 2726; x_wconf 82' lang='lat' dir='ltr'>memoriam</span> 
     </span>
     <span class='ocr_line' id='line_1_89' title="bbox 1083 2756 1245 2785; baseline -0.019 0"><span class='ocrx_word' id='word_1_404' title='bbox 1083 2756 1245 2785; x_wconf 90' lang='lat' dir='ltr'>eorum.</span> 
     </span>
    </p>
   </div>
   <div class='ocr_carea' id='block_1_6' title="bbox 131 141 1971 2833">
    <p class='ocr_par' dir='ltr' id='par_1_38' title="bbox 131 141 1971 2833">
     <span class='ocr_line' id='line_1_90' title="bbox 131 141 1971 2833; baseline 0 0"><span class='ocrx_word' id='word_1_405' title='bbox 131 141 1971 2833; x_wconf 95' lang='lat' dir='ltr'> </span> 
     </span>
    </p>
   </div>
  </div>
 </body>
</html>
