2080 2990
788 237 996 270 Commune
1023 236 1311 279 Apostolorum.

197 327 338 380 plagae
367 328 532 368 eorum:
551 327 574 352 *
599 331 642 368 01
664 326 895 367 infirmatae
924 330 1023 367 sunt

198 387 350 426 contra
369 395 446 424 008
465 383 623 434 linguae
643 385 804 424 eorum.

251 439 507 481 Conturbati
526 444 626 480 sunt
646 452 797 480 omnes
819 440 892 491 qui
907 439 1023 481 vide-

197 496 303 538 bant
327 508 418 537 eos:
437 496 460 522 *
481 500 525 537 et
548 496 691 537 timuit
715 496 855 537 omnis
878 495 1023 537 homo.

249 553 306 594 Et
330 552 692 593 annuntiaverunt
721 554 856 605 opera
879 552 977 602 Dei,
1001 553 1023 578 *

198 614 242 651 et
260 609 376 650 facta
396 609 486 660 ejus
504 607 820 649 intellexerunt.

247 664 489 706 Laetabitur
513 665 651 716 justus
675 664 719 704 in
742 664 951 714 Domino,
981 670 1024 706 et

198 720 393 774 sperabit
411 721 455 761 in
475 733 544 771 eo,
562 721 586 747 *
606 725 650 762 et
668 720 962 762 laudabuntur
981 734 1023 762 o-

197 791 321 820 mnes
340 778 447 820 recti
467 776 611 818 corde.

254 838 350 878 Ant.
374 834 751 875 Annuntiaverunt
774 836 908 886 opera
927 835 1024 876 Dei:

199 896 243 933 et
261 891 378 932 facta
398 891 488 942 ejus
502 890 824 939 intellexerunt.

249 946 298 997 V.
311 946 559 988 Constitues
571 959 647 988 eos
657 947 878 999 principes
894 960 1025 1000 super

199 1016 374 1045 omnem
391 1008 565 1045 terram.
594 1007 639 1056 Ηι.
663 1004 880 1045 Memores
899 1009 1026 1046 erunt

198 1060 385 1101 nominis
403 1060 466 1101 tui
483 1060 682 1101 Domine.

254 1119 380 1158 Pater
399 1121 559 1158 noster.

252 1175 493 1216 Absolutio.
524 1175 665 1225 Ipsius
685 1176 837 1226 pietas.

250 1226 297 1278 Y.
335 1229 446 1271 Jube
484 1229 655 1271 domne.
707 1232 863 1273 Bencd.
909 1233 1024 1272 Deus

197 1286 328 1328 Pater
356 1289 646 1339 omnipotens.

262 1352 414 1394 Sermo
434 1352 574 1394 sancti
594 1352 796 1403 Gregorii
814 1353 959 1405 Papae.

197 1409 336 1443 Homil.
353 1410 411 1442 231».
433 1410 468 1442 in
489 1410 710 1451 Evangelia.
736 1415 823 1452 post
844 1410 1020 1443 medium.

499 1459 648 1499 Lectio
668 1459 719 1497 iv.

204 1514 412 1556 ἡ
516 1520 596 1557 est:
631 1515 818 1568 Spiritus
845 1516 1025 1557 Domini

222 1621 225 1624 ¹
244 1571 258 1623 ζ
315 1571 487 1613 ornavit
505 1571 654 1613 coelos.
697 1571 964 1614 Ornamenta
984 1586 1023 1615 e-

316 1628 405 1669 nim
447 1628 661 1670 coelorum
702 1634 803 1670 sunt
837 1629 1023 1671 virtutes

195 1684 541 1738 praedicantium.
583 1685 692 1735 Quae
720 1685 924 1727 videlicet
957 1699 1022 1727 or-

197 1743 399 1783 namenta
418 1740 580 1782 Paulus
600 1744 837 1792 enumerat,
858 1742 1023 1784 dicens:

195 1797 283 1839 Alii
307 1797 436 1839 datur
458 1810 539 1850 per
563 1794 771 1850 Spiritum
794 1811 938 1840 sermo
959 1812 1022 1840 83-

196 1854 385 1907 pientiae,
403 1854 475 1895 alii
494 1867 638 1896 sermo
658 1855 851 1896 scientiae
871 1859 1022 1897 secun-

196 1910 300 1952 dum
316 1910 519 1952 eumdem
533 1910 753 1963 Spiritum,
773 1911 896 1953 alteri
911 1912 1022 1954 fides

195 1967 239 2008 in
268 1967 425 2009 eodem
443 1967 617 2019 Spiritu,
646 1967 718 2008 alii
744 1969 885 2018 gratia
913 1969 1022 2009 sani-

195 2025 335 2066 tatum
353 2024 397 2065 in
417 2036 504 2065 uno
523 2024 703 2076 Spiritu,
733 2024 805 2065 alii
824 2025 1022 2077 operatio

195 2080 424 2130 virtatum,
457 2080 528 2121 alii
555 2080 806 2133 prophetia,
839 2081 911 2122 alii
939 2081 1022 2123 dis-

196 2137 333 2179 cretio
367 2137 613 2190 spirituum,
652 2137 723 2178 alii
754 2139 915 2188 genera
947 2138 1023 2178 lin-

196 2195 394 2243 guarum,
430 2193 502 2235 alii
528 2194 832 2247 interpretatio
861 2196 1022 2236 sermo-

197 2253 310 2291 n'um.
346 2250 457 2292 Haec
480 2255 627 2292 autem
651 2251 797 2292 omnia
817 2253 1023 2303 operatur

197 2319 309 2347 unus
327 2311 459 2359 atque
473 2306 590 2349 idem
604 2306 802 2360 Spiritus,
823 2306 1023 2349 dividens

197 2362 376 2414 singulis
396 2368 527 2416 prout
545 2363 648 2405 vult.

250 2420 299 2470 Rt.
316 2419 423 2461 Vidi
442 2420 699 2472 conjunctos
714 2421 843 2470 viros,
863 2420 1022 2463 haben-

198 2479 264 2515 tes
291 2474 544 2527 splendidas
572 2481 735 2526 vestes,
765 2482 808 2519 et
827 2477 1023 2528 Angelus

197 2530 374 2571 Domini
391 2531 564 2574 locutus
585 2538 652 2575 est
675 2509 735 2575 ad
750 2547 830 2583 me,
860 2531 1023 2575 dicens:

198 2589 218 2610 *
253 2587 333 2628 Isti
359 2593 460 2630 sunt
488 2589 569 2630 viri
597 2590 735 2631 8311011
763 2590 867 2632 facti
895 2591 1023 2631 amici

197 2643 291 2684 Dei.
324 2639 371 2689 Ns.
396 2644 499 2686 Vidi
516 2645 732 2698 Angelum
751 2647 835 2688 Dei
854 2647 1023 2696 fortem,

198 2699 418 2741 volantem
432 2714 511 2753 per
526 2702 719 2744 medium
730 2703 902 2753 eoelum,
913 2716 1022 2744 voce

196 2769 353 2807 magna
365 2756 627 2801 clamantem
637 2764 680 2802 et
695 2759 924 2803 dicentem.
934 2760 1023 2802 Isti.

1852 228 1901 272 [9]

1132 328 1290 369 Bened.
1319 324 1520 368 Christus
1540 328 1777 379 perpetuae.

1386 389 1534 429 Lectio
1558 404 1592 428 v,

1079 419 1240 543 Quot
1265 451 1369 490 ergo
1395 444 1496 480 sunt
1519 438 1636 480 bona
1661 439 1901 492 praedican-

1181 496 1306 545 tium,
1333 500 1400 537 tot
1420 501 1520 536 sunt
1539 498 1795 537 ornamenta
1815 509 1900 537 000-

1074 552 1227 593 10111111.
1269 553 1383 593 Η1110
1407 564 1556 593 11118118
1582 552 1792 604 scriptum
1818 558 1902 594 est:

1074 609 1225 650 Verbo
1258 609 1436 650 Domini
1469 609 1570 649 00011
1602 609 1762 650 firmati
1790 614 1901 650 sunt.

1074 665 1273 707 Verbum
1312 666 1426 707 enim
1458 666 1635 706 Domini
1668 665 1803 706 Filius
1836 671 1902 707 est

1075 723 1227 764 Patris.
1242 722 1329 764 Sed
1345 722 1525 764 eosdem
1540 722 1689 771 000108,
1700 721 1902 763 videlicet

1076 785 1253 821 sanctos
1281 779 1542 832 Apostolos,
1580 784 1627 820 ut
1654 783 1748 820 tota
1777 779 1902 819 simul

1076 842 1226 878 8311013
1235 836 1428 878 Trinitas
1440 835 1697 878 ostendatur
1709 837 1902 888 operata,

1076 895 1256 945 repente
1286 894 1340 935 de
1369 893 1508 934 sancti
1536 892 1722 945 Spiritus
1752 891 1903 933 divini·

1075 952 1166 991 tate
1182 949 1444 1002 adjungitur:
1468 950 1524 991 Et
1539 949 1694 1002 spiritu
1709 949 1797 989 oris
1814 949 1903 999 ejus

1077 1007 1217 1047 omnis
1228 1007 1366 1048 virtus
1383 1009 1546 1048 eorum.
1565 1005 1787 1047 Coelorum
1799 1018 1902 1055 ergo

1077 1064 1214 1104 virtus
1236 1063 1291 1105 de
1310 1064 1474 1116 Spiritu
1498 1068 1672 1115 sumpta
1693 1067 1775 1103 est:
1805 1062 1904 1113 quia

1076 1119 1228 1161 mundi
1243 1119 1368 1172 hujus
1379 1118 1673 1172 potestatibus
1685 1120 1903 1159 contraire

1077 1189 1165 1217 non
1193 1180 1527 1229 praesumerent,
1554 1176 1637 1216 nisi
1663 1187 1740 1216 eos
1765 1175 1905 1215 sancti

1076 1233 1262 1285 Spiritus
1282 1233 1494 1275 fortitudo
1516 1232 1759 1274 solidasset.
1793 1232 1903 1281 Qua-

1076 1289 1140 1331 les
1171 1303 1360 1342 namque
1394 1289 1602 1331 doctores
1632 1293 1796 1329 83110130
1826 1289 1903 1329 Εο-

1077 1346 1222 1387 clesiae
1246 1352 1347 1388 31110
1373 1346 1611 1388 adventum
1630 1345 1755 1396 hujus
1774 1344 1903 1397 Spiri-

1076 1408 1146 1444 tus
1166 1403 1336 1452 fuerint,
1359 1403 1534 1444 scimus:
1563 1407 1606 1443 et
1625 1406 1727 1454 post
1747 1401 1903 1442 adven-

1076 1464 1169 1501 tum
1197 1459 1322 1509 illius,
1355 1460 1476 1511 cujus
1504 1458 1772 1500 fortitudinis
1802 1457 1903 1499 facti

1077 1516 1174 1566 sint,
1202 1516 1506 1568 conspicimus.

1133 1576 1178 1615 Ra
1198 1573 1324 1614 Beati
1345 1573 1461 1622 estis,
1481 1585 1580 1613 cum
1598 1570 1904 1612 maledixerint

1076 1628 1202 1670 vobis
1224 1629 1434 1678 homineS,
1456 1634 1499 1670 et
1512 1628 1731 1681 persecuti
1747 1640 1826 1668 vos
1842 1626 1903 1667 fu-

1077 1686 1199 1735 erint,
1229 1690 1272 1727 et
1291 1685 1480 1727 dixerint
1499 1697 1627 1726 omne
1649 1684 1811 1725 malum
1832 1683 1903 1724 ad-

1077 1745 1250 1784 versum
1279 1755 1375 1792 vos,
1411 1743 1687 1790 mentientes,
1721 1745 1903 1793 propter

1075 1813 1159 1842 me:
1186 1803 1206 1823 ¹*
1234 1798 1434 1840 Gaudete
1461 1803 1503 1839 et
1529 1797 1761 1845 exsultate,
1797 1798 1901 1848 quo-

1075 1857 1190 1897 niam
1213 1868 1382 1897 merces
1401 1860 1546 1896 vestra
1567 1854 1749 1906 copiosa
1769 1858 1835 1894 est
1858 1853 1901 1893 in

1075 1913 1210 1955 coelis.
1227 1907 1273 1958 δ”.
1291 1912 1399 1953 Cum
1410 1924 1489 1952 vos
1505 1910 1678 1952 oderint
1691 1910 1899 1958 homines,

1076 1975 1119 2011 et
1139 1982 1238 2010 cum
1258 1968 1559 2021 separaverint
1577 1980 1668 2016 VOS,
1688 1971 1731 2008 et
1746 1979 1900 2019 expro-

1074 2026 1312 2074 braverint,
1346 2030 1389 2066 et
1415 2024 1618 2076 ejecerint
1645 2036 1803 2064 nomen
1831 2036 1900 2064 ve-

1076 2088 1212 2124 strum
1255 2086 1477 2134 tamquam
1519 2080 1680 2121 malum
1719 2085 1901 2133 propter

1075 2139 1232 2180 Filium
1251 2138 1449 2179 hominis.
1478 2138 1678 2179 Gaudete
1700 2142 1743 2179 et
1762 2137 1900 2179 exsul-

1075 2198 1176 2237 tate.

1124 2254 1284 2295 Bened.
1318 2255 1465 2303 Ignem
1485 2251 1550 2293 sui
1570 2251 1741 2293 amoris.

1379 2312 1528 2352 Lectio
1551 2312 1600 2351 ri.

1077 2361 1242 2468 Certe
1270 2364 1352 2406 iste
1379 2365 1473 2417 ipse
1501 2369 1653 2417 pastor
1680 2363 1901 2412 Ecclesiae,

1166 2420 1223 2462 ad
1243 2421 1363 2472 cujus
1386 2421 1726 2463 sacratissimum
1742 2432 1901 2472 corpus

1076 2477 1289 2527 sedemus,
1311 2482 1484 2530 quantae
1501 2477 1747 2527 debilitatis,
1770 2489 1900 2528 quan-

1075 2536 1221 2586 taeque
1254 2533 1495 2575 formidinis
1530 2537 1629 2574 ante
1666 2532 1900 2574 adventum

1075 2591 1261 2643 Spiritus
1285 2590 1430 2641 fuerit,
1459 2589 1614 2631 ancilla
1637 2589 1814 2630 ostiaria
1838 2600 1900 2628 re-

1077 2647 1235 2700 quisita
1269 2646 1397 2688 dicat.
1440 2647 1536 2688 Una
1566 2646 1679 2687 enim
1710 2644 1900 2686 mulieris

1076 2716 1185 2745 voce
1205 2706 1457 2756 percussus,
1494 2702 1597 2744 dum
1615 2702 1728 2743 mori
1748 2701 1899 2750 timuit,

1075 2760 1209 2802 vitam
1223 2760 1408 2813 negavit.
1427 2760 1483 2800 Et
1497 2758 1780 2815 pensandum,
1799 2756 1899 2811 quia
