2080 2990
228 213 297 249 478

687 209 756 242 Dic
782 213 810 242 (3.
837 210 944 243 Febr.
993 212 1026 242 S.
1052 209 1127 242 'l'iii
1158 208 1281 250 Episc.
1308 215 1343 242 ct
1369 209 1476 242 Cons.

430 312 492 352 In
517 311 579 352 H.
609 311 861 363 vesperis.

283 376 378 411 Ant.v
398 374 653 417 Cap..115mn.
672 381 707 409 ct
725 370 767 415 Χ.
787 376 832 410 dc
848 377 965 410 Laud.
984 374 1058 407 476.

232 422 288 454 l‘s.
313 428 350 454 ut
377 422 411 454 in
436 422 458 454 l.
481 422 593 464 vesp.
617 423 663 456 de
686 424 828 457 (Iomm.
851 425 985 466 Apost.
1011 420 1058 464 [2]

228 476 262 503 ct
287 470 372 502 loco
403 470 465 502 ult.
490 469 549 502 l‘s.
579 470 713 505 Lauda
733 470 960 505 Jerusalem.
985 468 1058 511 [84]

285 524 458 567 A(:;1pit.
486 524 523 558 slt
551 525 596 558 dc
622 537 726 569 sequ.
749 537 834 560 cum
860 537 1055 560 commem.

228 572 391 613 praeced.
417 578 452 604 ct
478 574 511 605 S.
536 572 743 607 Dorothczc
765 574 866 615 vir-«4.
893 580 927 607 ct
950 574 1055 607 Mart.

445 649 528 691 Die
548 651 586 690 6.
604 649 842 691 Februarii.

366 714 410 755 S.
439 713 537 754 Titi
565 713 705 763 Episc.
735 720 777 753 et
807 713 926 752 Conf.

559 776 722 819 Duplex

281 830 416 863 Omnia
454 831 499 863 dc
532 832 675 865 Comm.
712 832 819 866 Cous.
850 831 957 864 I'ont.
986 828 1057 872 [49]
1123 823 1142 830 ⁴⁴

227 885 367 919 praeter
392 888 497 920 sequ.
527 877 587 920 (m.
610 881 634 911 t.
657 876 707 918 v.)

565 934 727 975 Oratio.

226 982 401 1087 Deus,
422 989 496 1041 qui
514 989 693 1031 beatum
712 989 861 1030 Titum
880 990 1056 1031 Confes-

326 1049 472 1088 sorem
495 1051 619 1087 tuum
643 1051 774 1097 atque
798 1046 1057 1087 Pontificem

226 1102 483 1155 apostolicis
536 1101 769 1143 virtiitibus
822 1101 1057 1144 decorasti:

228 1159 318 1210 ejus
350 1158 516 1199 meritis
544 1163 587 1199 et
615 1157 927 1199 intercessione
956 1171 1055 1199 con-

226 1214 349 1264 cede3
380 1220 428 1256 ut
460 1215 570 1265 juste
603 1219 647 1255 et
680 1214 752 1266 pie
784 1214 981 1255 viventes
1013 1215 1057 1255 in

224 1270 309 1312 hoc
335 1270 514 1320 saeculo,
541 1269 598 1311 ad
623 1269 851 1311 coelestem
869 1270 1057 1322 patriam

224 1329 454 1378 pervenire
471 1328 728 1367 mereamur.
755 1326 840 1366 Per
858 1326 985 1366 Dfim.

280 1391 353 1425 l‘ro
380 1402 575 1426 commem.
603 1396 637 1426 S.
664 1394 838 1435 Agathan

280 1445 377 1483 Ant.
406 1446 536 1484 Stans
560 1442 692 1483 beata
711 1441 886 1493 Agatha
906 1442 950 1482 in
968 1444 1055 1483 me-

225 1498 299 1539 dio
347 1499 553 1548 carceriS,
600 1498 806 1550 expansis
852 1497 1055 1539 manibus

224 1554 382 1595 orabat
399 1555 455 1595 ad
474 1555 726 1595 Dominum:
745 1554 934 1595 Domine
950 1554 975 1594 J
978 1567 1055 1595 esu

224 1609 406 1659 Christe,
425 1612 632 1661 magister
651 1610 778 1660 bone,
797 1611 960 1661 gratias
974 1610 1055 1651 tibi

223 1678 319 1716 ago,
340 1667 414 1718 qui
433 1679 503 1707 me
519 1666 660 1708 fecisti
675 1669 849 1708 vincere
865 1668 1054 1707 tormen-

222 1727 268 1763 ta
288 1722 555 1763 carnificum:
578 1722 678 1773 jube
700 1735 770 1764 me
789 1723 978 1763 Domine
997 1722 1054 1763 ad

223 1782 343 1819 tuam
363 1778 771 1820 immarcescibilem
791 1778 977 1829 gloriam
996 1778 1053 1819 fe-

222 1833 363 1875 liciter
382 1836 622 1886 pervenire.

276 1887 325 1938 Y.
364 1890 537 1931 Diffusa
574 1895 641 1931 est
677 1891 817 1941 gratia
849 1890 894 1930 in
925 1890 1054 1931 labiis

224 1946 323 1987 tuis.
380 1951 428 2002 Rg.
467 1947 712 1998 Propterea
748 1945 974 1987 benedixit
1008 1950 1053 1987 te

223 2002 344 2043 Deus
364 2002 408 2042 in
429 2003 651 2043 aeternum.

277 2062 439 2102 Oratio.
471 2062 602 2107 Deus,
623 2058 698 2110 qui
716 2059 838 2100 inter.
857 2058 949 2099 477.

278 2124 322 2157 Et
342 2124 380 2157 fit
399 2134 531 2157 comm.
551 2122 585 2156 S.
598 2123 808 2158 Dorotheae
822 2125 926 2166 Yirg.
944 2125 1051 2159 Mart.

280 2176 375 2215 Ant.
413 2174 522 2214 Veni
550 2186 713 2225 sponsa
738 2174 914 2224 Christi,
942 2174 1053 2215 acci-

223 2243 280 2283 pe
309 2231 535 2278 coronam‚
570 2242 700 2281 quam
728 2230 809 2271 tibi
836 2231 1054 2271 Dominus

223 2285 492 2339 praeparavit
509 2285 552 2325 in
571 2287 795 2326 aeternum.

276 2339 326 2387 Y.
363 2341 519 2393 Specie
551 2346 627 2381 tua
660 2346 704 2382 et
730 2341 1054 2394 pulchritudine

223 2403 309 2440 tua.
339 2398 388 2449 Ru
405 2396 601 2446 Intende,
621 2399 834 2450 prospere
850 2398 1054 2450 procede,

223 2459 268 2496 et
289 2466 432 2504 regna
561 2486 726 2526 Oratio.

271 2543 569 2594 ndulgentiam
614 2543 757 2593 nobis,
803 2547 1054 2595 quaesumus

289 2599 492 2649 Domine,
518 2599 650 2641 beata
669 2600 897 2641 Dorothea
915 2601 1054 2651 Virgo

225 2661 269 2697 et
287 2656 453 2708 Martyr
471 2656 691 2708 imploret:
714 2668 812 2707 quae
831 2655 911 2697 tibi
930 2662 1055 2707 grata

225 2724 400 2764 semper
420 2711 586 2752 exstitit
602 2716 646 2753 et
657 2712 814 2752 merito
829 2713 1054 2762 castitatiS,

1109 313 1153 349 et
1185 313 1274 349 tuae
1306 307 1582 359 professione
1612 308 1797 350 vittatis.
1853 307 1938 348 Per

1108 363 1347 404 Dominum
1366 368 1576 404 nostrum.

1164 422 1205 454 In
1233 422 1258 454 Ι.
1286 421 1394 455 Noct.
1424 422 1524 455 licet.
1554 422 1601 455 de
1630 421 1766 464 Script.
1794 431 1938 455 occurr.

1166 469 1208 502 In
1238 469 1428 510 Quadrag,
1460 469 1604 506 Fidelis
1628 481 1766 506 sermo.
1801 469 1847 503 dc
1877 479 1939 502 eo-

1113 516 1197 550 (lcm
1224 516 1426 550 Communi
1455 518 1481 550 1.
1506 517 1603 550 loeo.
1630 518 1698 562 [51]

1325 578 1373 615 In
1398 577 1448 615 ΙΙ.
1473 577 1695 616 Nocturno.

1415 636 1566 677 Lectio
1586 636 1639 676 iv.

1126 729 1154 756 ¹,
1190 712 1223 755 ᾗ)
1240 698 1347 739 itum
1375 697 1648 739 Cretensium
1680 700 1939 750 episcopum

1118 748 1156 806 3³2}
1190 748 1229 813 ζέε
1259 755 1332 794 vix
1376 754 1501 794 Pauli
1547 753 1755 805 Apostoli
1800 753 1938 794 verbo

1257 810 1506 851 christianae
1524 809 1629 851 fidei
1644 810 1939 860 sacramentis,

1108 866 1416 918 mysteriisque
1442 866 1679 916 excaltum,
1706 878 1758 907 ea
1783 866 1938 908 sancti-

1108 922 1213 962 tatis
1244 921 1342 963 luce
1369 921 1581 963 Ecclesiae
1611 927 1716 963 tunc
1747 922 1939 973 vagienti

1110 977 1323 1019 effulsisse
1348 979 1624 1030 compertum
1649 983 1731 1027 est,
1759 982 1808 1019 ut
1826 978 1939 1019 inter

1110 1032 1304 1084 ejasdem
1332 1034 1554 1075 Doctoris·
1571 1034 1779 1075 Gentium
1812 1031 1938 1075 disci-

1107 1088 1237 1140 pulos
1264 1090 1473 1130 meruerit
1502 1090 1715 1142 cooptari.
1762 1090 1938 1131 Ascitus

1108 1145 1152 1184 in
1199 1150 1370 1196 partem
1417 1145 1562 1186 oneris
1598 1145 1939 1197 praedicationis,

1109 1200 1222 1242 adeo
1239 1200 1569 1252 evangelizandi
1585 1199 1755 1251 ardore,
1775 1205 1819 1243 et
1834 1201 1938 1243 fide-

1107 1256 1230 1298 litate
1249 1257 1387 1298 Paulo
1408 1257 1574 1298 exstitit
1593 1270 1735 1307 carus,
1761 1262 1809 1298 ut
1830 1258 1938 1310 ipse,

1109 1325 1208 1353 cum
1252 1315 1446 1355 venisset
1485 1312 1707 1354 Troadem
1753 1318 1938 1366 propter

1107 1369 1396 1420 Evangelium
1434 1369 1611 1420 Christi,
1647 1371 1835 1411 testatus
1871 1369 1938 1419 sit,

1107 1438 1195 1466 non
1214 1425 1420 1467 habuisse
1439 1426 1635 1478 requiem
1654 1425 1827 1478 spiritui
1845 1438 1938 1474 suo,

1109 1494 1162 1523 eo
1188 1481 1308 1533 quod
1332 1482 1481 1522 Titum
1511 1482 1689 1523 fratrem
1722 1495 1849 1523 suum
1877 1481 1938 1522 ibi

1107 1550 1195 1578 non
1221 1538 1449 1579 invenerit.
1483 1538 1540 1579 Et
1567 1538 1701 1590 paulo
1727 1543 1831 1590 post
1848 1537 1937 1578 Ma-

1107 1593 1339 1634 cedoniam
1364 1598 1538 1645 petens,
1567 1606 1719 1635 rursus
1744 1606 1869 1635 suam
1892 1593 1937 1634 in

1107 1661 1207 1689 eum
1240 1650 1469 1690 caritatem
1501 1649 1562 1690 ita
1595 1650 1814 1702 exprimit:
1849 1648 1937 1690 Sed

1108 1705 1182 1756 qui
1198 1705 1452 1746 consolatur
1467 1705 1663 1755 hamiles,
1683 1705 1935 1747 consolatus

1107 1766 1174 1802 est
1192 1773 1274 1802 nos
1293 1762 1414 1802 Deus
1433 1761 1477 1801 in
1496 1761 1688 1803 adventu
1707 1762 1806 1803 Titi.

1161 1816 1211 1867 R.
1234 1818 1386 1858 Inveni
1412 1817 1558 1859 David
1582 1830 1758 1859 servum
1780 1830 1935 1868 meum,

1107 1872 1206 1913 oleo
1233 1879 1387 1915 sancto
1411 1886 1512 1915 meo
1535 1874 1640 1914 unxi
1667 1886 1780 1915 eum:
1804 1873 1827 1898 *
1845 1874 1935 1915 Ma·

1105 1941 1187 1969 nus
1203 1930 1319 1970 enim
1333 1942 1431 1971 mea
1446 1929 1725 1971 auxiliabitur
1741 1930 1791 1971 ei.
1808 1924 1859 1975 V.
1870 1930 1938 1971 Ni-

1106 1982 1167 2024 hil
1181 1985 1386 2036 proficiet
1400 1986 1600 2026 inimicus
1615 1986 1659 2026 in
1675 1998 1739 2035 eo,
1755 1990 1799 2027 et
1818 1985 1936 2027 filius

1105 2038 1348 2092 iniquitatis
1371 2054 1460 2082 non
1483 2041 1660 2083 nocebit
1685 2041 1736 2082 ei.
1769 2041 1936 2082 Manus.

1416 2099 1568 2140 Lectio
1589 2112 1627 2139 v.

1109 2132 1448 2256 Quamobrem
1468 2152 1726 2217 Corinthum
1742 2152 1798 2194 ab
1809 2153 1936 2217 ‘Apo-

1212 2209 1328 2251 stolo
1351 2221 1527 2257 missus,
1555 2221 1607 2250 ea
1633 2210 1863 2261 sapientla,
1891 2214 1936 2250 et

1106 2266 1284 2307 lenitate
1319 2265 1549 2315 legationis
1592 2264 1718 2315 hujus
1755 2268 1936 2306 manere

1106 2322 1280 2362 functus
1300 2325 1384 2369 est,
1414 2333 1512 2372 quae
1538 2320 1784 2372 praesertim
1809 2320 1865 2362 de
1889 2320 1935 2360 fi-

1107 2376 1269 2419 delium
1295 2376 1463 2428 pietate
1488 2375 1790 2428 eleemosynas
1818 2375 1935 2417 colli-

1106 2432 1272 2483 gendas
1298 2431 1355 2473 ad
1383 2431 1699 2473 sublevandam
1723 2431 1935 2473 Ecclesiae

1107 2488 1399 2530 Hebraeorum
1417 2487 1610 2539 inopiam
1629 2487 1870 2539 spectabat,
1888 2492 1936 2529 ut

1108 2543 1360 2586 Corinthios
1397 2555 1485 2584 non
1522 2543 1664 2584 solum
1696 2543 1740 2584 in
1774 2542 1935 2584 Christi

1107 2600 1195 2642 fide
1215 2599 1496 2648 continaerit,
1516 2598 1596 2640 sed
1617 2600 1747 2640 etiam
1767 2598 1934 2641 deside-

1107 2657 1233 2705 rium,
1269 2655 1436 2704 fletum,
1473 2655 1797 2697 aemulationem
1822 2655 1935 2696 inter

1108 2725 1186 2754 eos
1203 2723 1285 2764 pro
1304 2711 1458 2761 Paulo,
1478 2711 1552 2762 qui
1570 2711 1669 2753 illos
1688 2712 1856 2764 primus
1874 2711 1934 2751 in-
