2040 2990
709 203 748 235 In
778 203 899 236 feriali
925 204 1061 237 Officio
1089 205 1135 237 ad
1162 204 1339 238 Primam.

210 291 385 333 Timeat
405 305 505 333 eum
525 306 654 334 omne
674 306 823 334 semen
838 294 989 335 Israel:

158 347 182 372 *
203 348 413 399 quoniam
436 361 526 390 non
546 349 729 401 sprevit,
754 362 898 402 neque
918 350 990 391 de-

160 404 304 456 spexit
327 403 688 457 deprecationem
706 406 929 458 pauperis:

208 459 304 501 Nec
325 462 486 502 avertit
505 461 663 503 faciem
683 475 807 503 suam
827 475 853 503 a
871 463 989 504 mez*

159 519 203 557 et
222 529 321 557 cum
341 516 579 558 clamarem
599 517 656 559 ad
675 531 790 567 eum,
815 518 989 560 exaudi-

157 571 221 613 vit
239 585 320 613 me.

208 628 343 680 Apud
380 634 425 670 te
458 629 553 670 laus
589 642 688 671 mea
724 630 769 670 in
803 631 990 672 ecclesia

157 685 364 735 magna:*
377 690 482 726 vota
500 698 599 726 mea
618 685 802 727 reddam
822 687 866 727 in
889 700 988 728 con-

158 742 313 792 spectu
331 741 580 783 timentium
600 755 712 783 eum.

210 796 356 838 Edent
383 801 619 850 pauperes,
657 803 701 839 et
730 798 988 839 saturabun-

156 857 247 893 tur:
285 858 329 894 et
360 853 605 895 laudabunt
637 855 877 896 Dominum
914 855 988 906 qui

157 911 387 961 requirunt
411 923 525 951 eum:
544 911 567 935 *
587 911 736 952 vivent
761 911 897 952 corda
918 913 988 952 eo-

156 977 253 1005 rum
272 966 317 1005 in
336 966 547 1007 saeculum
567 967 728 1007 saeculi.

208 1021 564 1063 Reminiscentur
596 1027 640 1064 et
675 1024 988 1064 convertentur

157 1075 214 1117 ad
222 1077 462 1118 Dominum
472 1079 496 1103 *
509 1079 702 1119 universi
717 1079 827 1120 fines
842 1083 987 1119 terrae:

208 1133 266 1174 Et
291 1133 540 1175 adorabunt
565 1135 610 1174 in
631 1137 876 1187 conspectu
896 1135 987 1186 ejus

156 1188 179 1213 *
198 1189 416 1231 universae
436 1190 612 1231 familiae
633 1191 852 1231 Gentium.

208 1245 426 1295 Quoniam
444 1246 626 1287 Domini
651 1252 719 1288 est
747 1259 944 1297 regnum:
963 1246 986 1271 *

156 1305 200 1342 et
219 1301 314 1353 ipse
334 1301 631 1344 dominabitur
652 1303 872 1344 Gentium.

204 1357 583 1400 Manducaverunt
616 1363 660 1399 et
689 1358 986 1400 adoraverunt

154 1425 307 1454 omnes
325 1413 511 1466 pingues
530 1419 677 1455 terrae:
696 1415 720 1439 ¹⁸¹
739 1415 783 1454 in
803 1416 985 1466 conspe-

154 1473 229 1509 ctu
247 1470 339 1521 ejus
359 1469 518 1511 cadent
538 1482 691 1511 omnes
712 1470 787 1522 qui
807 1469 984 1511 descen-

155 1523 265 1566 dunt
283 1525 327 1565 in
346 1530 520 1566 terram.

203 1581 261 1622 Et
280 1581 425 1622 anima
453 1595 553 1623 mea
578 1582 640 1622 illi
661 1581 795 1623 vivet:
814 1582 837 1607 *
858 1587 902 1623 et
921 1595 984 1623 se-

152 1649 252 1678 men
272 1650 419 1678 meum
438 1637 600 1680 serviet
618 1638 712 1691 ipsi.

204 1692 546 1735 Annuntiabitur
553 1694 745 1735 Domino
759 1695 983 1745 generatio

153 1752 355 1790 ventura:
387 1750 411 1775 *
444 1754 488 1791 et
525 1750 845 1791 annuntiabunt
884 1750 995 1791 coeli*

152 1805 359 1856 justitiam
380 1805 470 1857 ejus
488 1805 655 1858 populo
676 1805 751 1858 qui
769 1808 984 1856 nascetur,

154 1873 284 1912 quem
304 1861 408 1902 fecit
426 1861 651 1902 Dominus.

212 1926 383 1961 Sabbato
409 1927 506 1961 nihil
533 1927 703 1965 additur.
737 1932 775 1962 ut
803 1939 920 1971 supra
950 1929 988 1962 in

159 1973 337 2008 Rubrica.
357 1977 410 2012 26.

212 2030 362 2065 Deinde
391 2031 532 2065 dicitur

427 2114 625 2154 Psalmus
644 2115 724 2153 118.

159 2183 325 2287 Beati
352 2198 620 2239 immaculati
652 2199 695 2239 in
730 2199 817 2239 via:
849 2200 872 2224 *
908 2199 982 2251 qui

256 2254 481 2296 ambulant
499 2255 542 2294 in
561 2254 656 2306 lege
678 2255 866 2295 Domini.

203 2309 331 2351 Beati
356 2311 430 2362 qui
455 2313 704 2351 scrutantur
732 2311 982 2351 testimonia

154 2365 289 2416 ejus:*
300 2365 343 2405 in
358 2370 455 2406 toto
472 2365 606 2407 corde
623 2368 856 2418 exquirunt
872 2379 980 2407 eum.

202 2420 304 2461 Non
326 2422 441 2462 enim
467 2421 540 2473 qui
565 2424 802 2474 operantur
829 2422 980 2473 iniqui-

152 2478 298 2525 tatem,
317 2477 340 2502 *
358 2477 402 2517 in
422 2477 503 2517 viis
523 2477 613 2528 ejus
638 2477 980 2519 ambulaverunt.

204 2531 273 2572 Tu
295 2532 513 2574 mandasti
531 2533 555 2558 *
574 2532 781 2574 mandata
809 2538 884 2574 tua
910 2545 979 2573 cu-

153 2586 308 2628 stodiri
325 2588 463 2629 nimis.

203 2642 380 2684 Utinam
395 2643 635 2694 dirigantur
651 2645 733 2685 viae
750 2657 871 2692 meae,
882 2644 906 2669 ’⁸‘
924 2642 981 2684 ad

153 2697 463 2740 custodiendas
481 2700 811 2751 justificationes
828 2705 937 2740 tuas.
981 2707 983 2711 '

305 2817 369 2842 Pars
385 2818 520 2843 Hlemalis.

1828 204 1873 240 29

1093 295 1218 337 Tunc
1236 309 1324 337 non
1345 298 1597 348 confundar,
1615 300 1639 324 *
1659 312 1758 341 cum
1776 314 1871 353 per-

1043 353 1230 403 spexero
1251 353 1294 392 in
1316 354 1516 395 omnibus
1537 355 1754 397 mandatis
1774 357 1872 397 tuis.

1096 408 1352 450 Confitebor
1366 410 1451 451 tibi·
1463 411 1507 450 in
1523 410 1762 454 directione
1779 425 1871 453 cor-

1042 462 1124 504 dis:
1144 464 1167 489 *
1187 464 1232 504 in
1257 478 1310 506 eo
1342 466 1461 517 quod
1486 466 1619 508 didici
1638 467 1795 519 judicia
1812 469 1870 520 ju-

1041 520 1172 561 stitiae
1192 525 1292 562 tuae.

1091 575 1116 616 J
1118 577 1433 619 ustificationes
1452 583 1549 619 tuas
1569 579 1827 621 custodiam:
1847 582 1870 606 *

1041 644 1130 672 non
1150 646 1220 674 me
1240 632 1519 686 derelinquas
1542 639 1869 688 usquequaque.

1092 689 1144 728 In
1192 702 1278 741 quo
1326 691 1505 741 corrigit
1550 691 1871 733 adolescentior

1040 744 1155 784 viam
1183 744 1329 786 suam?
1350 746 1436 786 *in
1466 746 1755 788 custodiendo
1785 761 1869 789 ser-

1039 802 1193 841 mones
1212 806 1323 842 tuos.

1092 856 1143 896 In
1169 862 1264 898 toto
1294 858 1429 899 corde
1454 871 1552 900 meo
1581 859 1795 911 exquisivi
1813 865 1870 901 te:

1039 912 1063 937 *
1082 926 1136 953 ne
1156 914 1344 966 repellas
1364 927 1434 955 me
1454 928 1478 955 a
1497 915 1714 956 mandatis
1733 917 1829 957 tuis.

1091 969 1143 1008 In
1168 969 1302 1011 corde
1330 983 1430 1011 meo
1459 970 1671 1012 abscondi
1696 971 1870 1024 eloquia

1039 1029 1130 1065 tua:
1150 1025 1174 1050 *
1193 1030 1241 1066 ut
1259 1039 1348 1067 non
1367 1039 1549 1079 peccem
1567 1026 1659 1068 tibi.

1091 1080 1358 1123 Benedictus
1391 1095 1437 1123 es
1470 1083 1675 1124 Domine:
1707 1083 1730 1108 *
1759 1082 1870 1125 doce

1039 1150 1109 1178 me
1128 1137 1458 1189 iustificationes
1481 1143 1590 1179 tuas.

1091 1193 1142 1233 In
1171 1193 1297 1234 labiis
1325 1195 1452 1243 meis,
1481 1195 1504 1219 *
1522 1195 1802 1247 pronuntiavi
1826 1198 1867 1237 o-

1038 1249 1155 1290 mnia
1173 1249 1331 1300 judicia
1351 1251 1439 1291 oris
1459 1251 1531 1291 tui.

1091 1306 1142 1345 In
1157 1305 1227 1346 via
1241 1306 1591 1347 testimoniorum
1606 1309 1782 1348 tuorum
1798 1306 1868 1349 de-

1038 1360 1225 1402 lectatus
1254 1374 1369 1411 sum,
1388 1363 1412 1388 *
1440 1363 1553 1403 sicut
1588 1363 1631 1402 in
1667 1362 1868 1404 omnibus

1039 1416 1212 1458 divitiis.

1090 1473 1140 1513 In
1159 1473 1376 1514 mandatis
1401 1474 1486 1514 tuis
1508 1474 1762 1515 exercebor:
1781 1475 1804 1499 *
1825 1480 1868 1516 et

1038 1529 1328 1571 considerabo
1348 1530 1441 1570 vias
1460 1535 1569 1571 tuas.

1088 1586 1138 1625 In
1163 1586 1542 1637 justificationibus
1569 1587 1655 1627 tuis
1687 1586 1866 1628 medita-

1036 1639 1133 1681 bor:
1143 1641 1167 1667 *
1178 1654 1265 1682 non
1277 1641 1511 1683 obliviscar
1521 1645 1746 1684 sermones
1756 1648 1866 1684 tuos.

1044 1741 1295 1846 Retribue
1316 1765 1444 1793 servo
1465 1757 1560 1801 tuo,
1587 1753 1758 1794 vivifica
1786 1767 1865 1795 me:

1140 1809 1164 1834 *
1184 1814 1227 1849 et
1243 1807 1490 1849 custodiam
1506 1811 1731 1850 sermones
1751 1814 1863 1850 tuos.

1088 1864 1254 1906 Revela
1283 1863 1435 1905 oculos
1463 1877 1600 1905 meos:
1620 1865 1643 1889 *
1664 1870 1707 1905 et
1727 1865 1864 1906 consi-

1036 1919 1202 1961 derabo
1222 1919 1436 1961 mirabilia
1457 1919 1511 1960 de
1535 1919 1631 1970 lege
1652 1925 1736 1961 tua.

1087 1975 1238 2017 Incola
1267 1988 1349 2026 ego
1378 1988 1475 2015 sum
1503 1975 1547 2016 in
1575 1981 1706 2017 terra:
1729 1977 1753 2002 *
1777 1990 1863 2018 non

1035 2031 1283 2073 abscondas
1303 2044 1328 2072 a
1346 2044 1416 2072 me
1436 2031 1642 2073 mandata
1661 2037 1746 2073 tua.

1088 2087 1350 2140 Concupivit
1382 2087 1525 2127 anima
1560 2101 1659 2129 mea
1696 2087 1862 2129 deside-

1034 2145 1131 2185 rare
1150 2143 1480 2195 justificationes
1504 2147 1617 2194 tuaS,
1636 2145 1659 2169 *
1678 2144 1721 2184 in
1745 2144 1863 2185 omni

1033 2201 1245 2252 tempore.

1084 2256 1327 2308 Increpasti
1351 2256 1582 2309 superbos:
1601 2257 1624 2281 *
1642 2254 1861 2296 maledicti

1035 2311 1108 2363 qui
1128 2311 1348 2353 declinant
1367 2325 1392 2352 a
1411 2311 1628 2353 mandatis
1648 2311 1744 2352 tuis.

1084 2367 1222 2408 Aufer
1241 2380 1266 2407 a
1284 2380 1355 2409 me
1377 2367 1678 2420 opprobrium,
1698 2371 1742 2408 et
1761 2378 1858 2407 con-

1032 2423 1262 2475 temptum:
1298 2424 1321 2448 *
1360 2423 1461 2475 quia
1500 2423 1749 2464 testimonia
1784 2427 1859 2462 tua

1033 2479 1258 2530 exquisivi.

1084 2534 1257 2575 Etenim
1295 2533 1502 2575 sederunt
1537 2533 1777 2586 principes,
1814 2537 1857 2573 et

1032 2588 1265 2630 adversum
1293 2603 1363 2630 me
1391 2589 1697 2641 loquebantur:
1720 2589 1744 2613 *
1771 2599 1855 2628 ser-

1031 2658 1112 2685 vus
1136 2650 1282 2686 autem
1304 2650 1405 2686 tuus
1429 2644 1714 2686 exercebatur
1735 2643 1778 2683 in
1797 2643 1854 2692 ju-

1033 2700 1366 2741 stificationibus
1385 2701 1482 2741 tuis.

1604 2819 1650 2852 3*
