2040 2990
245 326 288 375 κ.
309 321 424 362 Dum
454 326 590 363 staret
613 320 838 363 Abraham
864 322 921 363 ad
947 321 1008 362 ili-

180 390 276 419 cem
304 377 520 427 Mambre,
555 377 664 419 vidit
696 382 786 420 tres
819 379 938 420 viros
968 390 1008 418 a-

181 433 440 476 scendentes
460 447 540 487 per
561 435 692 475 viam:
720 437 741 458 *
758 435 870 477 Tres
890 434 1008 484 vidit,

180 495 223 532 et
251 504 384 532 unum
411 491 622 533 adoravit.
681 486 727 536 X'.
761 492 876 533 Ecce
903 492 1010 533 Sara

179 560 291 588 uxor
314 553 391 589 tua
414 548 557 600 pariet
581 547 661 590 tibi
686 548 839 598 filium,
869 553 912 589 et
935 560 1008 589 vo-

180 604 302 646 cabis
319 617 479 646 nomen
494 605 584 657 ejus
598 605 734 646 Isaac.
762 605 873 646 Tres
889 603 1009 646 vidit.

484 669 634 708 Lectio
658 670 707 707 ῐίἰ.

262 745 335 772 um
359 734 506 784 itaque
541 732 764 783 ingressus
803 735 920 772 esset
950 732 1007 772 A·

269 788 394 830 bram
420 789 680 841 AEgy'ptum‚
709 787 912 829 viderunt
935 788 1009 829 AE-

178 846 319 898 gyptii
351 845 578 886 mulierem
615 844 734 897 quod
768 850 886 886 esset
917 844 1010 897 pul-

180 903 285 944 chra
308 902 446 942 nimis.
484 902 541 943 Et
564 902 872 943 nuntiaverunt
895 903 1010 954 prin—

180 959 301 1012 cipes
343 958 586 1008 Pharaoni,
634 963 678 1000 et
723 957 1011 999 laudaverunt

180 1029 277 1058 eam
313 1015 432 1068 apud
467 1015 610 1056 illum:
656 1019 700 1056 et
736 1014 906 1057 sublata
944 1019 1012 1056 est

178 1073 334 1114 mulier
364 1072 407 1112 in
439 1071 619 1114 domum
646 1071 900 1113 Pharaonis.
953 1071 1010 1112 A·

179 1129 304 1171 bram
332 1141 437 1170 vero
465 1128 578 1170 bene
606 1128 673 1170 usi
701 1133 802 1169 sunt
827 1132 1010 1181 propter

179 1186 314 1228 illam:
342 1186 605 1239 fueruntque
625 1186 664 1227 ei
682 1198 788 1227 oves
809 1190 852 1226 et
871 1185 1010 1227 boves

179 1248 223 1285 et
243 1243 367 1293 asini,
392 1247 435 1284 et
455 1243 570 1285 servi
590 1247 634 1284 et
652 1242 843 1292 famulae,
868 1246 911 1283 et
931 1242 1010 1283 asi-

178 1313 246 1341 nae
280 1305 323 1341 et
356 1299 521 1341 cameli.
575 1299 833 1350 Flagellavit
865 1303 1010 1340 autem

178 1357 395 1398 Dominus
415 1356 691 1398 Pharaonem
715 1355 856 1409 plagis
877 1356 1010 1396 maxi-

178 1414 277 1463 mis,
302 1418 345 1455 et
367 1413 546 1455 domum
572 1414 662 1464 ejus
683 1418 868 1466 propter
888 1412 1010 1454 Sarai

179 1472 363 1511 uxorem
387 1470 564 1512 Abram.
600 1470 879 1522 Vocavitque
902 1468 1010 1510 Pha—

180 1540 255 1568 rao
282 1527 466 1575 Abram,
496 1532 539 1568 et
568 1526 679 1568 dixit
706 1526 763 1568 ei:
792 1525 1011 1576 Quidnam

180 1588 247 1625 est
273 1583 360 1625 hoc
394 1583 514 1636 quod
543 1583 685 1625 fecisti
711 1580 841 1623 mihi?
876 1595 1011 1635 quare

181 1654 268 1682 non
303 1640 506 1682 indicasti
539 1639 660 1692 quod
692 1652 804 1681 uxor
839 1644 915 1681 tua
947 1652 1010 1680 es—

180 1696 271 1739 set?
308 1697 449 1747 Quam
470 1696 527 1738 ob
548 1709 725 1737 causam
745 1695 894 1737 dixisti
914 1708 1011 1737 esse

180 1756 379 1795 sororem
415 1758 556 1803 tuam,
594 1758 642 1794 ut
678 1752 880 1794 tollerem
915 1765 1012 1794 eam

180 1810 286 1851 mihi
306 1810 349 1851 in
369 1808 575 1851 uxorem?
608 1809 736 1850 Nunc
755 1809 888 1860 igitur
908 1822 1012 1851 ecee

181 1868 339 1918 conjux
357 1871 443 1916 tua,
464 1867 614 1920 accipe
636 1879 743 1916 eam,
764 1871 808 1907 et
827 1865 950 1908 vade.

241 1928 289 1979 R'·
311 1929 518 1970 Tentavit
540 1928 754 1969 Dominus
775 1927 1011 1977 Abraham,

182 1990 225 2026 et
248 1985 358 2026 dixit
383 1984 439 2026 ad
460 1998 574 2026 eum:
600 1986 622 2008 ¹⁸¹
641 1984 769 2026 Tolle
793 1983 929 2025 filium
947 1989 1012 2026 tu·

180 2055 274 2091 um,
306 2055 436 2094 quem
464 2041 627 2093 diligis,
656 2042 801 2091 Isaac,
832 2046 876 2083 et
903 2040 1013 2082 offer

181 2098 302 2139 illum
344 2098 403 2139 ibi
446 2099 488 2138 in
531 2097 837 2139 holocaustum
880 2110 1013 2150 super

180 2168 314 2195 unum
338 2155 563 2204 montium,
590 2167 719 2206 quem
744 2154 897 2196 dixero
920 2153 1012 2195 tibi.

187 2210 236 2257 V.
258 2211 457 2253 Vocatus
478 2224 654 2263 quoque
678 2224 703 2252 a
723 2211 926 2261 Domino,
948 2223 1012 2252 re-

183 2267 381 2321 spondit,
414 2267 602 2309 Adsum:
637 2273 680 2308 et
709 2268 768 2309 ait
797 2268 835 2309 ei
864 2268 1012 2309 Domi-

182 2337 273 2366 nus.
302 2325 439 2366 Tolle.
474 2323 622 2365 Gloria
641 2324 773 2365 Patri.
800 2324 938 2366 Tolle.

414 2402 462 2440 In
490 2402 539 2439 Π.
568 2402 789 2440 Nocturno.

188 2470 253 2509 Ex
272 2468 384 2510 libro
405 2468 543 2510 sancti
558 2467 781 2509 Ambrosii
801 2468 1013 2521 Episcopi

310 2525 365 2567 de
384 2524 608 2566 Abraham
628 2525 892 2566 Patriarcha.

268 2587 415 2626 Lectio
437 2586 487 2623 iv.
665 2588 742 2621 Lib.
765 2589 787 2621 l.
808 2599 888 2631 cap.
906 2592 934 2621 2.

191 2654 482 2709 3','‘2'*'·'⁵;⁵iag¹¹¹¹s
520 2645 649 2698 plane
687 2645 751 2686 vir
788 2645 1013 2687 Abraham

214 2714 233 2762 ᾗ.
254 2707 301 2759 DJ,
361 2708 404 2744 et
431 2702 665 2744 multarum
692 2702 902 2743 virtutum
929 2702 1012 2743 cla-

193 2761 219 2777 ’“
240 2755 305 2777 '⁴¹³‘
359 2772 433 2800 rus
456 2758 715 2810 insignibus,
743 2772 872 2811 quem
897 2759 1011 2800 votis

756 227 951 259 Ummium«
980 226 1327 267 ‹Juniquugesimae

1061 320 1151 361 suis
1171 319 1453 373 philosophia
1473 333 1562 362 non
1581 321 1726 374 potuit
1745 322 1888 373 aequa-

1061 389 1119 418 re.
1174 377 1374 429 Denique
1402 377 1545 418 minus
1574 382 1642 419 est
1670 376 1790 430 quod
1816 376 1889 418 illa

1061 432 1200 482 finxit,
1227 446 1358 485 quam
1378 433 1498 485 quod
1522 433 1605 475 iste
1627 434 1778 485 gessit:
1802 446 1890 475 ma-

1061 491 1214 542 jorque
1235 489 1468 532 ambitioso
1493 489 1755 543 eloquentiae
1773 503 1889 532 men—

1064 546 1191 588 dacio
1217 546 1403 599 simplex
1426 547 1623 588 veritatis
1646 546 1768 588 fides.
1804 547 1889 588 Ita·

1062 616 1147 656 que
1186 602 1429 655 cujusmodi
1462 603 1593 644 fuerit
1629 603 1673 644 in
1706 615 1759 645 eo
1793 603 1889 644 viro

1062 660 1261 710 devotio,
1294 659 1634 702 consideremus.
1683 660 1748 701 Ea
1776 660 1891 701 enim

1061 717 1199 759 virtus
1228 716 1382 759 ordine
1409 716 1551 770 prima
1578 721 1663 766 est,
1696 729 1795 768 quae
1823 721 1891 758 est

1062 773 1391 815 fundamentum
1420 775 1685 815 ceterarum:
1715 773 1891 815 merito-

1063 844 1148 883 que
1183 830 1296 872 hanc
1338 830 1393 872 ab
1430 843 1483 872 eo
1521 830 1709 883 primam
1746 829 1891 881 exegit

1061 887 1197 938 Deus,
1223 887 1389 929 dicens:
1418 887 1501 928 Exi
1521 886 1576 928 de
1596 891 1714 928 terra
1733 894 1823 937 tua,
1848 890 1892 928 et

1063 943 1118 986 de
1138 944 1399 996 cognatione
1418 948 1505 994 tua,
1526 948 1570 985 et
1589 942 1645 985 de
1665 943 1797 985 domo
1817 956 1890 996 pa-

1061 1002 1140 1043 tris
1171 1001 1246 1043 tui.
1299 1001 1414 1042 Satis
1443 1001 1587 1042 fuerat
1619 999 1803 1050 dixisse,
1835 999 1890 1042 de

1062 1063 1181 1100 terra
1206 1063 1292 1100 tua.
1336 1057 1405 1099 Ibi
1431 1058 1547 1099 enim
1574 1062 1668 1099 erat
1691 1059 1810 1099 exire
1836 1056 1892 1098 de

1063 1115 1335 1167 cognatione,
1351 1117 1471 1156 exire
1485 1113 1540 1156 de
1554 1115 1738 1167 paterna
1749 1113 1892 1155 domo.

1121 1173 1170 1223 Rs.
1197 1171 1393 1223 Angelus
1420 1171 1599 1212 Domini
1631 1170 1806 1212 vocavit
1833 1170 1890 1211 A-

1062 1228 1264 1278 braham,
1305 1228 1474 1270 dicens:
1519 1230 1540 1252 *
1574 1227 1642 1269 Ne
1680 1225 1892 1269 extendas

1062 1298 1238 1326 manum
1273 1290 1394 1327 tuam
1430 1297 1563 1337 super
1594 1287 1800 1337 puerum,
1838 1296 1891 1325 eo

1064 1341 1184 1394 quod
1211 1344 1367 1384 timeas
1395 1341 1643 1382 Dominum.
1686 1334 1734 1386 Y.
1766 1340 1891 1382 Cum-

1064 1412 1149 1452 que
1175 1398 1445 1441 extendisset
1468 1410 1647 1439 manum
1670 1401 1718 1438 ut
1740 1397 1892 1438 immo-

1063 1455 1173 1497 laret
1195 1455 1350 1505 filium,
1376 1468 1479 1497 ecce
1498 1454 1694 1507 Angelus
1713 1453 1893 1495 Domini

1064 1511 1118 1554 de
1143 1512 1257 1554 coelo
1282 1511 1502 1562 clamavit,
1529 1511 1692 1553 dicens.
1728 1510 1797 1552 Ne
1821 1523 1891 1552 ex-

1062 1568 1229 1611 tendas.

1380 1620 1528 1661 Lectio
1550 1634 1586 1659 v.

1068 1678 1187 1785 Sed
1205 1682 1307 1724 ideo
1327 1681 1498 1724 addidit
1519 1680 1705 1734 singula,
1731 1684 1780 1721 ut
1800 1680 1892 1732 ejus

1141 1739 1345 1781 affectum
1363 1738 1590 1791 probaret:
1608 1750 1664 1779 ne
1682 1737 1797 1778 forte
1817 1741 1892 1778 aut

1063 1795 1364 1849 imprudenter
1415 1796 1604 1848 coepisse
1655 1793 1893 1843 videretur,

1063 1858 1139 1894 aut
1159 1853 1278 1894 fraus
1298 1852 1444 1904 aliqua
1462 1850 1682 1892 mandatis
1707 1849 1894 1891 coelesti-

1064 1909 1146 1951 bus
1178 1910 1419 1962 pararetur.
1460 1907 1547 1949 Sed
1579 1907 1694 1949 sicut
1721 1918 1894 1948 coacer-

1064 1965 1209 2008 vanda
1236 1965 1409 2007 fuerunt
1436 1965 1678 2018 praecepta,
1705 1975 1760 2004 ne
1788 1961 1895 2014 quid

1065 2023 1234 2072 lateret3
1253 2023 1313 2064 ita
1333 2021 1465 2063 etiam
1483 2018 1771 2074 proponenda
1783 2020 1895 2072 pra}-

1063 2080 1160 2129 mia,
1179 2092 1234 2120 ne
1253 2079 1366 2120 forte
1386 2078 1655 2131 desperaret.
1679 2076 1894 2118 Tentatur

1064 2142 1112 2179 ut
1131 2136 1274 2185 fortis,
1302 2135 1508 2177 incitatur
1532 2138 1580 2175 ut
1605 2133 1766 2182 fidelis,
1793 2145 1894 2185 pro-

1064 2195 1247 2235 vocatur
1278 2196 1325 2233 ut
1360 2193 1514 2243 justus:
1547 2190 1794 2242 meritoque
1823 2201 1894 2230 ex-

1064 2250 1151 2300 ivit,
1173 2247 1545 2301 quemadmodum
1559 2246 1734 2288 locutus
1752 2249 1818 2287 est
1831 2244 1895 2286 illi

1064 2306 1291 2348 Dominus.
1331 2305 1388 2346 Et
1420 2304 1555 2346 exivit
1585 2316 1685 2345 cum
1715 2314 1768 2344 eo
1797 2301 1894 2343 Lot.

1064 2364 1164 2404 Hoc
1181 2367 1342 2410 autem,
1364 2360 1483 2413 quod
1502 2372 1583 2412 pro
1602 2371 1762 2410 magno
1780 2358 1893 2400 inter

1065 2425 1236 2472 septem
1267 2418 1513 2470 sapientum
1552 2416 1669 2458 dicta
1702 2414 1892 2456 celebra-

1064 2482 1145 2526 tur,
1164 2476 1356 2526 Sequere
1376 2474 1534 2522 Deum3
1553 2472 1737 2525 perfecit
1755 2471 1893 2513 Abra-

1064 2533 1180 2581 ham,
1233 2532 1439 2582 factoque
1484 2529 1730 2582 sapientum
1776 2527 1894 2569 dicta

1065 2588 1294 2643 praevenit,
1321 2591 1364 2628 et
1390 2589 1566 2628 secutus
1592 2585 1734 2626 Deum
1759 2584 1894 2625 exivit

1065 2646 1120 2687 de
1140 2650 1256 2687 terra
1275 2656 1364 2684 sua.

1122 2700 1379 2753 R1.Vocavit
1403 2698 1599 2749 Angelus
1629 2697 1807 2738 Domini
1834 2695 1891 2737 A·

1063 2757 1246 2800 braham
1266 2756 1321 2798 de
1341 2755 1467 2805 coelo,
1492 2753 1699 2804 secundo,
1726 2753 1892 2795 dicens:
