2080 2990
231 232 325 276 [246]

262 326 400 367 Pedes
419 330 662 378 manusque
680 325 878 367 horribili

310 381 430 422 Clavi
451 383 678 423 cruentant
698 381 891 422 vulnere:

309 437 406 486 Cor,
426 438 581 486 vultus,
600 443 731 486 artuS,
751 439 933 489 pectora

307 493 441 534 Sacro
463 492 709 534 redundant
728 493 949 543 sanguine.

258 557 368 606 Flet,
389 563 495 607 orat,
515 563 559 599 et
578 557 770 598 clamans
790 557 896 598 obit:

310 614 396 654 Cor
414 613 566 654 Matris
586 613 721 654 ictum
740 611 946 654 concidit:

308 670 406 710 Heu
426 669 581 711 Mater!
604 669 690 710 heu
708 668 804 709 Fili!
828 667 955 710 dolor

307 725 485 775 Ingrata
503 725 673 775 frangat
691 726 882 777 pectora.

260 793 439 839 Montes,
460 788 702 841 sepulchra,
721 790 915 839 saxaque

307 844 585 886 Scinduntur:
605 857 718 893 arva,
739 844 925 892 flumina,

308 901 469 953 Rupes,
489 906 533 942 et
552 912 704 952 aequor
723 902 1008 949 contremunt,

308 956 569 1008 Templique
589 956 734 997 velum
753 955 974 996 scinditur.

257 1020 343 1069 Sol,
362 1020 473 1070 luna,
493 1020 663 1067 coelum,
683 1018 827 1061 sidera

305 1075 531 1126 Plangunt,
552 1081 595 1117 et
615 1075 734 1117 orbis
754 1074 946 1125 ingemit:

308 1131 345 1172 O
366 1144 446 1172 vos
465 1132 556 1181 viri,
575 1145 656 1173 vos
675 1130 857 1183 parvuli,

305 1187 478 1239 Nuptae,
498 1187 668 1240 puellae,
687 1187 892 1239 plangite.

259 1254 408 1292 Astate
427 1254 662 1293 moerentes
682 1251 810 1300 cruci,

305 1306 448 1348 Pedes
467 1308 623 1349 beatos
643 1308 802 1358 ungite,

305 1362 471 1404 Lavate
492 1364 608 1413 fletu,
627 1363 784 1413 tergite

307 1419 465 1468 Comis,
486 1425 529 1461 et
548 1432 625 1460 ore
644 1419 834 1461 lambite.

255 1483 323 1523 Tu
343 1483 535 1525 caritatis
555 1484 742 1534 victima,

305 1538 365 1580 Ut
383 1544 533 1580 nostra
551 1539 682 1580 tollas
702 1539 892 1588 crimina,

306 1594 446 1635 Nobis
466 1595 629 1636 salubri
648 1595 823 1648 perficis

306 1649 605 1702 Adoptionem
624 1652 843 1701 sanguine.

257 1714 417 1755 Nostra
436 1726 541 1765 ergo
559 1727 648 1766 pax
667 1720 710 1756 et
729 1714 936 1765 gaudium

306 1769 373 1811 Sis
393 1770 492 1819 vita,
512 1770 536 1810 J
539 1782 627 1820 esu,
647 1776 690 1812 et
710 1771 953 1823 praemum3

305 1825 372 1866 Sis
393 1825 550 1867 ductor
570 1831 613 1868 et
631 1826 707 1867 lux
726 1827 769 1866 in
788 1827 869 1875 via,

303 1881 484 1931 Merces,
504 1884 667 1923 corona
686 1883 729 1922 in
748 1883 901 1935 patria.

536 1939 689 1979 Amen.

284 1991 332 2038 Y.
362 1993 464 2044 Ipse
496 1993 748 2036 vulneratus
778 1999 845 2035 est
873 1999 1057 2047 propter

229 2046 478 2098 iniquitates
503 2054 687 2090 nostras.
724 2055 774 2106 R»,
802 2050 858 2091 Et
883 2052 1056 2092 attritus

229 2107 297 2143 est
315 2108 498 2155 propter
517 2105 683 2146 scelera
700 2110 863 2147 nostra.

284 2163 351 2203 Ad
384 2165 543 2206 Bencd.
573 2168 669 2208 Ant.
711 2166 779 2208 Ad
805 2167 956 2208 Jesum
984 2180 1055 2208 au-

229 2222 318 2258 tem
344 2218 368 2244 *
393 2231 492 2259 cum
519 2223 754 2271 venissent,
782 2228 830 2264 ut
854 2222 1057 2265 viderunt

231 2285 330 2314 eum
354 2274 438 2324 jam
461 2276 696 2326 mertuum,
724 2291 812 2319 non
836 2278 1058 2329 fregerunt

231 2329 321 2379 ejus
349 2341 491 2379 crura;
521 2330 599 2372 sed
624 2346 734 2374 unus
759 2333 944 2375 militum
968 2335 1056 2375 lan-

231 2397 309 2425 cea
329 2384 442 2426 latus
464 2387 554 2437 ejus
578 2389 758 2439 aperuit,
783 2395 826 2430 et
849 2393 1055 2432 continuo

231 2441 365 2481 exivit
384 2442 558 2492 sanguis
578 2448 621 2483 et
641 2456 766 2495 aqua.

566 2499 728 2538 (,)rati0.

232 2545 461 2648 Demine
477 2553 501 2592 J
505 2565 581 2594 esu
600 2553 781 2603 Christe,
803 2555 877 2606 qui
897 2555 952 2597 de
971 2570 1055 2598 coe-

634 236 808 269 Officium
836 236 1007 269 votivum
1034 236 1079 268 dc
1106 235 1291 268 Passionc
1319 234 1360 267 l).
1382 234 1427 267 N.
1448 234 1481 267 J.
1503 234 1542 267 C.

1111 328 1257 367 terum
1280 328 1532 367 nostrorum
1552 325 1716 368 fudisti:
1742 331 1787 368 te
1805 326 1941 367 humi-

1112 381 1209 422 liter
1233 380 1536 433 deprecemun
1559 386 1608 423 ut
1630 382 1674 422 in
1693 381 1764 423 die
1785 381 1942 434 judicii,

1112 435 1168 478 ad
1196 436 1423 478 dexteram
1450 443 1571 479 tuam
1599 436 1751 479 audire
1776 439 1941 479 merea-

1111 505 1225 533 mur:
1257 493 1417 534 Venite
1448 492 1686 535 benedicti:
1720 494 1805 544 Qui
1831 493 1942 535 vivis

1112 554 1155 589 et
1183 561 1350 599 regnas.

1383 617 1450 653 Ad
1474 617 1676 654 Primam.

1164 677 1213 716 In
1240 678 1290 729 R.
1316 677 1377 718 br.
1402 672 1452 723 Y.
1481 673 1565 723 Qui
1589 686 1671 726 pro
1697 671 1824 715 nobis
1848 673 1942 726 pati

1111 727 1317 779 dignatus
1337 741 1395 770 es.

1379 802 1447 838 Ad
1471 802 1674 838 Tertiam.

1164 861 1263 901 Ant.
1304 858 1416 900 Veni
1441 858 1498 900 ad
1521 864 1719 900 montem
1741 857 1942 912 myrrhae.

1165 921 1304 972 Capit.
1340 920 1533 961 Fratres:
1561 920 1663 960 Hoc
1681 918 1807 960 enim.
1830 918 1943 971 [245]

1166 981 1215 1030 lx‘g.
1244 980 1303 1020 br.
1331 979 1518 1021 Oblatus
1546 985 1629 1029 est,
1659 982 1680 1004 *
1708 979 1820 1029 Quia
1845 979 1942 1032 ipse

1110 1032 1259 1075 voluit.
1297 1034 1496 1076 Oblatus.
1529 1031 1577 1083 Y.
1609 1035 1667 1077 Et
1689 1035 1827 1076 livore
1851 1036 1942 1087 ejus

1111 1090 1251 1130 sanati
1277 1103 1436 1132 sumus.
1473 1091 1595 1142 Quia.
1637 1091 1789 1132 Gloria
1811 1091 1943 1132 Patri.

1111 1144 1309 1186 Oblatus.

1167 1198 1214 1248 V.
1240 1202 1427 1255 Proprio
1447 1203 1559 1244 Filio
1580 1215 1661 1244 suo
1680 1214 1769 1243 non
1787 1203 1942 1255 peper-

1111 1257 1170 1298 cit
1190 1258 1323 1299 Deus.
1360 1260 1410 1310 Rv.
1437 1258 1525 1301 Sed
1548 1271 1631 1311 pro
1657 1258 1784 1299 nobis
1809 1258 1942 1300 omni-

1110 1312 1192 1354 bus
1211 1313 1394 1356 tradidit
1413 1314 1545 1356 illum.

1387 1390 1455 1426 Ad
1477 1390 1665 1426 Sextam.

1166 1447 1267 1487 Ant.
1298 1445 1519 1487 Foderunt
1538 1458 1691 1487 manus
1710 1458 1843 1487 meas.

1190 1507 1450 1558 Capitulum.
1657 1507 1787 1549 Zach.
1807 1509 1864 1548 13.

1195 1569 1271 1611 uid
1299 1575 1399 1612 sunt
1426 1571 1571 1623 plagae
1598 1571 1696 1613 istae
1723 1571 1768 1612 in
1794 1570 1941 1612 medio

1222 1628 1429 1667 manuum
1465 1625 1664 1668 tuarum?
1718 1627 1775 1669 Et
1810 1626 1943 1669 dicet:

1109 1681 1191 1721 His
1214 1681 1417 1733 plagatus
1443 1695 1540 1723 sum
1564 1683 1608 1723 in
1631 1682 1765 1725 domo
1790 1684 1943 1724 eorum

1111 1737 1185 1787 qui
1204 1736 1444 1788 diligebant
1462 1751 1542 1779 me.

1165 1799 1215 1850 Rt-
1241 1798 1304 1839 br.
1329 1798 1517 1851 Preprio
1542 1798 1655 1840 Filio
1682 1810 1763 1840 suo
1793 1799 1816 1823 *
1837 1797 1881 1839 Ν
1883 1810 1941 1840 on

1108 1853 1307 1905 pepercit
1333 1855 1465 1896 Deus.
1519 1854 1719 1908 Preprio.
1770 1848 1821 1900 V.
1852 1852 1941 1896 Sed

1108 1921 1191 1960 pro
1218 1909 1345 1951 nobis
1373 1910 1576 1952 omnibus
1601 1910 1783 1953 tradidit
1806 1910 1940 1951 illum.

1108 1964 1221 2005 Non.
1252 1965 1402 2007 (floria
1421 1966 1550 2008 Patri.
1577 1966 1777 2019 Proprio.

1166 2020 1215 2069 Y.
1227 2022 1389 2063 Factus
1409 2027 1476 2064 est
1494 2021 1705 2065 obediens
1723 2034 1864 2074 usque
1883 2020 1941 2064 ad

1108 2083 1308 2118 mortem.
1342 2080 1392 2130 R.
1413 2078 1604 2120 Mortem
1622 2084 1769 2121 autem
1787 2077 1940 2120 crucis.

1387 2153 1456 2189 Ad
1479 2154 1664 2190 Nonam.

1164 2210 1261 2250 Ant.
1291 2210 1403 2250 Cum
1423 2211 1670 2262 accepisset
1686 2209 1712 2250 J
1714 2221 1827 2250 esus.

1190 2269 1450 2321 Capitulum.
1653 2267 1780 2308 lsaiae
1799 2268 1864 2307 53.

1192 2328 1488 2370 enerati6nem
1520 2330 1612 2380 ejus
1640 2328 1737 2380 quis
1769 2330 1939 2370 enarre-

1220 2382 1309 2426 bit?
1367 2385 1479 2434 Quia
1520 2385 1741 2426 abscissus
1780 2390 1848 2426 est
1883 2384 1938 2427 de

1108 2445 1226 2482 terra
1270 2440 1526 2482 viventium:
1570 2446 1754 2493 propter
1796 2440 1939 2482 scelus

1108 2495 1264 2548 pepuli
1282 2496 1368 2537 mei
1385 2497 1585 2549 percussi
1604 2509 1714 2538 eum.

1164 2558 1214 2608 R.
1234 2557 1293 2598 br.
1309 2557 1469 2598 Factus
1489 2562 1556 2598 est
1575 2556 1802 2599 obediens:
1825 2557 1937 2599 *Us-

343 2607 396 2647 lis
428 2606 485 2648 ad
515 2614 676 2650 terram
705 2610 760 2652 de
793 2611 888 2651 sinu
915 2612 1056 2653 Patris
1110 2625 1195 2663 que
1221 2611 1277 2653 ad
1300 2618 1497 2654 mortem.
1538 2613 1709 2654 Factus.
1751 2609 1800 2660 V.
1823 2613 1937 2654 Mor-

233 2660 517 2711 descendisti‚
562 2670 605 2705 et
646 2666 899 2716 sanguinem
934 2672 1056 2708 tuum
1108 2673 1198 2708 tem
1222 2673 1367 2710 autem
1390 2668 1542 2709 crucis.
1582 2669 1745 2720 Usque.
1789 2668 1939 2710 GlOria

231 2717 473 2767 pretiesum
504 2719 546 2759 in
578 2721 877 2763 remissiOnem
904 2736 1055 2774 pecca·
1109 2723 1238 2766 Patri.
1273 2724 1445 2765 Factus.
