2080 2990
518 241 587 275 Die
611 241 662 275 23.
688 241 771 275 Jan.
818 241 852 275 S.
877 241 1101 284 Ildcphonsi
1128 241 1252 284 Episc.
1279 247 1313 275 ct
1338 241 1444 274 Conf.

139 345 279 394 butuS,
299 342 503 384 Toletum
521 340 729 382 remeavit
748 339 804 381 ad
822 339 959 390 Euge-

139 400 268 442 nium.
315 400 555 450 Postquam
585 409 690 439 vero
723 397 861 437 factus
895 400 961 437 est

141 456 197 499 ob
232 456 334 498 vitae
378 453 628 503 candorem,
672 452 960 505 peritiamque

139 525 226 554 non
253 512 492 563 vulgarem,
521 510 575 552 ab
601 508 797 560 Eugenio
826 508 959 550 eccle-

140 569 217 610 siae
225 568 450 610 Toletanae
461 565 801 615 archidiaconus,
811 563 961 606 mundi

141 626 320 678 cupiens
339 624 520 675 laqueos
539 621 767 671 declinare,
786 621 829 661 in
848 622 959 672 Aga-

139 681 263 723 liensi
305 679 585 729 monasterio,
637 677 756 731 quod
801 677 960 718 sanctis

140 736 401 790 Martyribus
445 736 616 777 Cosmae
662 740 706 777 et
746 734 959 775 Damiano

139 799 243 835 tunc
262 798 354 835 erat
373 792 578 842 dicatum,
599 792 764 842 insigne
784 789 960 843 pietatis

141 849 356 892 cucullum
374 848 523 891 induit.
551 848 631 889 Cui
648 859 790 899 neque
809 848 960 899 paren-

139 911 221 957 tes,
249 906 608 958 jam.prece‚'jam
623 904 681 955 vi,
711 903 854 945 omnia
871 908 960 944 ten-

141 965 299 1012 tantes,
332 961 544 1004 obsistere
575 960 821 1010 valuerunt,
860 959 961 1011 quin

141 1020 393 1060 constanter
435 1018 479 1059 in
523 1017 754 1071 proposito
794 1028 961 1069 perma-

140 1077 272 1118 neret.

193 1145 242 1197 R.
267 1144 419 1186 Inveni
440 1143 586 1185 David
610 1156 783 1185 servum
806 1154 961 1191 meum,

142 1200 240 1242 eleo
286 1205 438 1242 sancto
483 1212 581 1241 meo
626 1199 730 1241 unxi
775 1212 894 1240 eum:
936 1198 959 1221 *

140 1257 295 1298 Manus
331 1258 444 1299 enim
474 1270 571 1298 mea
606 1255 881 1298 auxiliabitur
914 1255 962 1296 ei.

140 1308 191 1360 V.
221 1313 342 1354 Nihil
372 1313 573 1366 proficiet
603 1313 800 1353 inimicus
827 1312 870 1352 in
899 1324 962 1362 eo,

142 1375 186 1412 et
207 1370 323 1411 filius
346 1370 584 1422 iniquitatis
608 1382 694 1411 non
717 1368 893 1411 nocebit
913 1368 962 1410 ei.

141 1426 294 1468 Manus
314 1427 438 1468 enim.

445 1504 596 1546 Lectio
616 1517 654 1544 v.

244 1581 399 1624 onachi
436 1594 524 1624 non
553 1581 690 1623 multo
723 1585 826 1634 post
852 1579 962 1623 Ede-

271 1638 488 1692 phensum
502 1638 546 1679 in
561 1637 778 1680 demertui
793 1637 962 1679 abbatis

142 1695 287 1737 locum
322 1694 630 1747 subrogarunt:
667 1693 963 1747 suspiciebant

143 1750 358 1804 siquidem
392 1751 436 1792 in
473 1764 525 1793 eo
566 1752 743 1804 (praeter
779 1750 963 1792 virtutes

142 1807 345 1860 reliquas)
374 1808 641 1860 aequitatem,
666 1819 837 1848 morum
864 1806 962 1848 faci-

142 1863 319 1914 litatem,
337 1863 623 1916 prudentiam,
646 1877 789 1905 raram
808 1863 962 1905 sancti-

143 1919 349 1962 tudinem.
407 1920 574 1962 Tantus
618 1923 765 1972 itaque
809 1919 961 1970 fulgor,

143 1980 264 2018 tanta
287 1989 402 2018 verae
420 1977 596 2030 pietatis
618 1976 693 2018 lux
716 1975 850 2028 (quod
868 1976 963 2028 ipse

126 2032 337 2084 ¹timebat)
364 2033 500 2075 latere
523 2046 612 2075 non
638 2033 791 2086 potuit.
826 2032 963 2083 Euge-

143 2089 215 2130 nio
236 2101 424 2142 namque
446 2090 535 2132 vita
559 2090 723 2139 functo,
751 2088 871 2138 cleri,
899 2101 962 2130 se-

142 2146 271 2186 natus
285 2146 508 2198 totiusque
520 2146 673 2199 populi
687 2145 864 2187 decreto
880 2145 963 2185 To-

142 2200 314 2242 letanus
332 2201 684 2255 archiepiscopus
700 2207 765 2244 est
780 2203 963 2243 creatus.

143 2257 195 2297 In
224 2269 310 2310 quo
340 2258 516 2311 quidem
541 2258 794 2312 praesulatu,
833 2270 962 2310 quan-

143 2317 236 2371 tum
254 2313 388 2356 verbo
407 2313 698 2368 Ildephonsus
717 2313 962 2367 profecerit,

145 2381 243 2421 quae
261 2369 470 2412 miracula
488 2370 682 2421 ediderit,
709 2382 839 2423 quam
857 2369 961 2411 mul-

143 2425 200 2466 tis
240 2425 370 2468 fuerit
408 2426 653 2468 nominibus
694 2425 748 2468 de
783 2426 963 2477 Virgine

144 2481 283 2523 Matre
322 2481 434 2524 bene
473 2484 668 2533 meritus,
710 2495 797 2523 non
836 2481 962 2523 facile

146 2537 242 2589 quis
260 2538 476 2590 explicare
492 2540 685 2592 quiverit.
707 2538 964 2580 Coenobium

145 2593 358 2644 virginum
378 2594 421 2635 in
439 2595 649 2637 Deilfensi
666 2594 812 2637 villula
832 2593 963 2636 aedifi-

147 2649 276 2699 cavit,
302 2662 353 2692 ac
375 2652 542 2703 magnis
565 2650 815 2693 muneribus
834 2650 963 2692 auxit.

146 2705 390 2748 Haereticos
412 2707 635 2760 quosdam,
655 2707 728 2759 qui
747 2707 790 2747 in
807 2707 962 2759 Hispa-

146 2761 217 2803 nia
239 2761 440 2804 haeresim
461 2764 780 2813 Helvidianam,
811 2762 961 2804 tollen-

298 2901 362 2926 Pars
377 2901 510 2927 Riemann.

1011 342 1100 380 tem
1132 340 1388 390 perpetuam
1416 338 1564 379 Mariae
1592 337 1676 379 Dei
1705 337 1830 378 Geni-

1011 394 1131 436 tricis
1150 394 1456 445 virginitatem,
1481 393 1830 442 disseminabant,

1013 450 1265 492 doctissime
1298 451 1551 500 confutavit,
1589 450 1642 491 ab
1676 450 1830 502 Hispa-

1012 508 1170 559 niaque
1203 506 1385 559 depulit:
1420 519 1549 559 quam
1579 506 1831 559 disputatie-

1012 577 1111 605 nem
1126 563 1359 616 explicavit
1373 563 1495 612 libro,
1515 576 1643 615 quem
1659 563 1833 616 scripsit

1014 621 1068 662 de
1094 620 1236 662 beatae
1264 619 1414 660 Mariae
1442 620 1704 670 virginitate,
1739 632 1832 661 rem

1014 677 1222 718 miraculo
1248 676 1540 718 confirmante.
1583 675 1690 717 Cum
1720 676 1832 716 enim

1014 733 1305 786 Ildephonsus
1332 731 1388 774 ad
1414 744 1568 784 preces
1599 734 1832 773 matutinas

1013 789 1364 842 Exspectationis
1383 789 1525 830 beatae
1540 788 1688 829 Mariae
1707 789 1750 828 in
1767 801 1832 830 ec-

1014 847 1190 887 clesiam
1217 851 1347 888 nocte
1375 844 1676 894 descenderet,
1705 845 1832 885 cemi-

1014 908 1079 944 tes
1104 903 1193 954 ejus
1216 903 1258 943 in
1284 902 1481 944 ecclesiae
1500 901 1647 942 limine
1666 901 1833 951 fulgore

1016 959 1206 1011 quodam
1230 961 1456 1011 repentino
1481 957 1675 999 deterriti
1699 962 1833 999 retro-

1017 1017 1248 1057 cesserunt.
1284 1015 1362 1057 Ille
1386 1027 1491 1056 vero
1515 1013 1757 1066 intrepidus
1779 1013 1835 1055 ad

1015 1085 1134 1113 aram
1151 1074 1427 1124 progressus,
1453 1070 1677 1122 Virginem
1695 1070 1834 1122 ipsam

1015 1128 1139 1179 vidit,
1177 1133 1220 1170 et
1251 1127 1468 1169 adoravit:
1505 1127 1559 1168 ab
1593 1126 1833 1178 eademque

1015 1190 1194 1234 vestem,
1221 1197 1305 1236 qua
1323 1184 1366 1224 in
1387 1182 1610 1225 sacrificiis
1630 1184 1833 1231 uteretur,

1015 1241 1192 1294 accepit.

1066 1310 1116 1361 R·.
1146 1310 1279 1351 Posui
1310 1309 1570 1362 adjutorium
1599 1321 1729 1361 super
1757 1321 1832 1361 po-

1014 1369 1187 1416 tentem,
1207 1371 1249 1408 et
1269 1366 1454 1408 exaltavi
1473 1366 1655 1408 electum
1675 1365 1729 1407 de
1745 1365 1832 1418 ple-

1014 1424 1069 1465 be
1094 1436 1206 1465 mea:
1231 1420 1252 1444 *
1277 1423 1431 1463 Manus
1458 1423 1570 1464 enim
1596 1435 1692 1463 mea
1717 1421 1831 1463 auxi-

1014 1480 1189 1522 liabitur
1203 1480 1252 1521 ei.
1275 1471 1324 1523 V.
1345 1479 1494 1520 Inveni
1504 1478 1648 1520 David
1661 1491 1833 1519 servum

1014 1550 1174 1586 meum,
1199 1536 1296 1578 eleo
1317 1540 1467 1578 sancto
1486 1547 1583 1577 meo
1602 1535 1706 1576 unxi
1725 1547 1833 1576 eum.

1014 1594 1167 1635 Manus
1187 1594 1311 1635 enim.

1313 1670 1460 1711 Lectio
1481 1669 1532 1708 vi.

1092 1762 1165 1790 um
1198 1748 1327 1790 etiam
1360 1747 1452 1789 dies
1484 1752 1645 1789 sanctae
1673 1747 1833 1788 Leoca-

1113 1804 1196 1847 diae
1222 1805 1356 1846 festus
1381 1806 1595 1855 ageretur,
1623 1808 1666 1845 et
1693 1803 1833 1844 clerus

1015 1862 1305 1914 frequensque
1332 1860 1521 1913 papulus
1550 1861 1833 1909 convenisset,

1015 1918 1304 1970 Ildephonsus
1328 1917 1384 1958 ad
1408 1916 1686 1970 sepulchrum
1709 1916 1834 1967 virgi-

1015 1975 1081 2015 nis
1100 1972 1332 2015 Leocadiae
1352 1973 1575 2022 accedens,
1594 1972 1717 2014 flexis
1737 1985 1833 2024 sup-

1016 2030 1187 2083 pliciter
1201 2029 1381 2081 genibus
1396 2029 1668 2082 precabatur.
1693 2029 1749 2069 Et
1769 2041 1833 2069 ec-

1017 2100 1067 2128 ce
1102 2088 1296 2128 reserato
1336 2088 1515 2138 repente
1551 2084 1834 2137 sarcophago,

1017 2142 1237 2185 Leocadia
1265 2142 1535 2183 sanctissima
1565 2139 1741 2194 prediit:
1777 2141 1834 2181 vi-

1017 2199 1304 2250 dentibusque
1346 2198 1513 2240 cunctis
1550 2202 1593 2240 et
1627 2196 1832 2238 audienti-

1016 2257 1112 2305 buS,
1137 2254 1389 2307 Ildeph6nsi
1408 2254 1561 2295 merita
1581 2252 1635 2295 de
1654 2253 1833 2304 Virgine

1015 2312 1152 2353 Maria
1176 2309 1509 2360 commendavit,
1535 2309 1699 2352 dicens:
1724 2309 1761 2350 Ο
1780 2309 1833 2349 Il-

1016 2367 1251 2420 dephonse,
1266 2380 1345 2420 per
1359 2371 1403 2408 te
1413 2367 1520 2408 vivit
1529 2366 1716 2407 Demina
1726 2377 1832 2414 mea,

1016 2437 1114 2476 quae
1143 2423 1242 2466 coeli
1267 2423 1453 2465 culmina
1479 2426 1607 2464 tenet.
1644 2421 1701 2462 Et
1725 2422 1832 2473 prae-

1016 2480 1108 2522 sule
1129 2479 1376 2522 collaudato
1396 2478 1576 2521 redibat.
1603 2476 1832 2530 Ildeph6n-

1016 2550 1106 2587 sus,
1133 2549 1187 2578 ne
1210 2549 1280 2578 res
1304 2536 1396 2577 sine
1417 2534 1600 2576 testibus
1619 2538 1740 2575 tanta
1757 2535 1833 2585 pe-

1016 2594 1144 2634 steris
1178 2592 1428 2639 referretur,
1468 2592 1643 2643 arrepto
1675 2590 1832 2630 Reces-

1015 2649 1153 2691 vinthi
1170 2649 1299 2699 regis,
1327 2648 1399 2700 qui
1418 2647 1530 2688 forte
1549 2651 1651 2687 tunc
1671 2645 1832 2694 aderat,

1015 2705 1223 2758 gladiolo,
1259 2703 1482 2746 velaminis
1516 2707 1702 2754 partem,
1746 2713 1831 2753 quo

1017 2767 1148 2815 eaput
1178 2759 1410 2802 Leocadiae
1441 2758 1685 2811 tegebatur,
1721 2758 1832 2799 rese-
