2040 2990
194 185 262 220 130

848 187 910 222 Ad
936 187 1250 230 Complctorium.

242 281 406 322 Lumen
450 280 505 322 ad
548 281 859 323 revelationem
902 283 1015 323 Gen-

191 337 314 385 tium,
358 338 380 362 *
427 342 469 379 et
514 338 697 388 gloriam
742 338 883 391 plebis
927 345 1014 381 tuae

190 393 335 434 Israel.

242 449 392 491 Gloria
411 451 541 492 Patri.

244 518 341 556 Ant.
370 516 498 557 Salva
523 530 603 558 nos
628 518 814 560 Domine
839 518 1014 569 vigilan-

188 576 270 620 tes,
291 571 462 614 custodi
482 586 563 614 nos
586 572 866 616 dormientes:
891 579 938 616 ut
958 576 1015 616 vi·

188 627 370 693 gilemus
391 642 489 670 cum
505 629 689 680 Christo,
710 636 754 672 et
772 632 1014 683 requiesca-

189 697 284 725 mus
305 685 347 725 in
368 698 488 738 pace

244 763 455 803 Seque-ntes
482 760 619 794 Preces
646 770 796 802 senipei
828 760 1016 796 dicuntur

190 820 244 851 pr·
237 815 345 842 ικυῒιι
332 821 396 852 ιιιιι
399 820 444 842 im
467 808 654 842 in()iiicio
674 808 838 851 Duplici
865 815 899 842 et
919 809 1002 842 inlr·
996 820 1015 842 ιι

190 859 308 891 Oetam
315 869 356 890 is·
400 868 485 900 ιιι·ιιι
514 857 548 890 in
577 856 639 890 ier.
666 856 769 890 Offit.
789 856 919 899 semp.
940 857 1015 890 &d

190 911 304 941 vent..
344 906 499 949 quando
537 905 650 938 dictae
688 910 774 938 sunt
808 904 945 939 Preces
978 906 1015 939 in

190 954 315 997 Vesp..
342 954 519 996 dicuntur
543 954 653 987 flexis
679 953 850 996 genibus.

287 1037 379 1088 yrie
408 1036 582 1078 eleison.
636 1037 806 1079 Christe
840 1038 1014 1080 eleison.

313 1094 439 1145 Kyrie
460 1093 635 1135 eleison.

248 1155 370 1196 Pater
389 1160 549 1196 noster.
576 1159 756 1196 secreto.

243 1213 291 1265 V.
309 1220 365 1261 Et
384 1233 438 1261 ne
456 1233 537 1261 nos
555 1220 737 1262 inducas
755 1222 798 1262 in
814 1223 1014 1263 tentatio-

188 1290 297 1336 nem.
331 1279 377 1329 R·.
392 1276 478 1318 Sed
498 1276 635 1318 libera
653 1290 734 1319 nos
754 1292 779 1319 a
797 1278 925 1320 malo.

237 1341 381 1383 Credo
402 1343 444 1382 in
463 1342 617 1384 Deum.
641 1350 821 1385 secreto.

242 1402 289 1453 δ”.
308 1406 460 1448 Carnis
480 1409 856 1450 resurrectionem.
888 1409 936 1461 R=.
950 1412 1016 1453 Vi-

188 1468 277 1504 tam
293 1465 513 1504 aeternam.
550 1466 703 1506 Amen.

242 1524 291 1575 V.
318 1528 582 1571 Benedictus
608 1543 655 1572 es
679 1531 867 1574 Domine
893 1533 1014 1575 Deus

188 1588 362 1636 patrum
380 1588 641 1627 nostrorum.
680 1588 727 1638 Ru
746 1588 803 1629 Et
821 1589 1013 1632 laudabi-

188 1640 239 1681 lis
260 1646 302 1682 et
320 1641 538 1692 gloriosus
557 1644 599 1683 in
610 1644 792 1695 saecula.

244 1701 291 1752 V
323 1706 641 1750 Benedicamus
672 1709 848 1752 Patrem
880 1716 923 1752 et
947 1711 1013 1752 Fi-

189 1762 293 1803 lium
318 1776 416 1804 cum
441 1770 593 1806 sancto
617 1766 790 1818 Spiritu.
831 1768 878 1818 R·.
904 1768 1013 1809 Lau-

189 1817 357 1916 demuls,
382 1825 425 1862 et
448 1822 823 1874 superexaltemus
848 1837 947 1866 eum
971 1825 1013 1865 in

190 1888 306 1917 saecu
326 1889 361 1917 a.

244 1937 291 1988 V.
335 1942 599 1984 Benedictus
647 1957 693 1985 es
736 1946 924 1989 Domine
970 1948 1014 1988 in

190 1996 462 2039 firmamento
488 1999 598 2040 coeli.
626 2001 675 2051 Ru
694 2002 750 2043 Et
773 2002 1014 2054 laudabilis,

190 2058 233 2094 et
259 2053 492 2105 gloriosus,
522 2061 565 2097 et
592 2059 941 2109 superexaltatus
970 2060 1013 2101 in

190 2109 361 2151 saecula.

244 2167 293 2219 V.
328 2175 567 2219 Benedicat
603 2183 647 2220 et
682 2180 901 2223 custodiat
932 2195 1015 2223 nos

190 2234 469 2284 omnipotens
506 2239 548 2275 et
583 2236 832 2279 misericors
866 2238 1013 2280 Domi-

190 2301 282 2329 nus.
327 2287 372 2338 R.
399 2290 551 2332 Amen.

246 2349 292 2400 V
325 2355 518 2407 Dignare
546 2357 734 2399 Domine
762 2365 890 2402 nocte
919 2361 1013 2402 ista.

193 2410 243 2461 R·.
267 2411 367 2453 Sine
389 2415 571 2465 peccato
591 2426 672 2455 nos
693 2416 924 2458 custodire.

246 2469 293 2519 Υ.
302 2476 507 2518 Miserere
518 2479 656 2519 nostri
667 2480 866 2522 Domine.
890 2479 937 2530 R.
947 2483 1014 2523 Mi·

190 2534 335 2574 serere
356 2535 504 2575 nostri.

244 2592 293 2642 V.
310 2597 406 2639 Fiat
424 2599 724 2641 misericordia
738 2606 811 2642 tua
825 2602 1012 2646 Domine

190 2667 322 2718 sup-er
340 2667 431 2696 nos.
461 2655 507 2706 R
523 2656 902 2706 Quemadmodum
918 2674 1011 2712 spe-

189 2711 380 2753 ravimus
399 2711 442 2752 in
461 2697 516 2754 te.

1124 279 1174 331 V.
1214 284 1403 326 Domine
1449 283 1607 326 exaudi
1652 285 1894 326 orationem

1067 353 1220 381 meam.
1265 342 1313 392 Ru
1339 341 1395 382 Et
1423 340 1588 382 elamor
1614 354 1738 382 meus
1767 341 1823 382 ad
1850 346 1894 383 te

1068 410 1094 436 v
1097 397 1395 503 elViaDominus
1407 457 1644 499 vobiscum.
1671 459 1719 511 R.
1728 459 1786 500 Et
1797 471 1895 501 cum

1068 514 1223 566 spiritu
1241 520 1330 556 tuo.

1202 589 1395 630 Oremus.
1610 589 1772 631 Oratio.

1158 650 1267 699 isita,
1288 653 1538 702 quaesumus
1558 652 1757 702 Domine,
1778 651 1895 695 habi-

1171 707 1382 749 tationem
1401 708 1543 758 istam,
1565 714 1607 750 et
1627 721 1778 750 omnes
1797 709 1896 751 insi-

1069 761 1163 803 dias
1195 763 1356 804 inimici
1389 763 1444 806 ab
1477 778 1528 806 ea
1560 765 1688 816 longe
1718 765 1896 818 repelle:

1068 819 1225 869 Angeli
1256 821 1318 861 tui
1351 821 1490 862 sancti
1523 821 1720 864 habitent
1754 823 1796 863 in
1829 835 1896 872 ea,

1070 876 1142 927 qui
1162 889 1242 917 nos
1267 877 1309 917 in
1334 890 1445 930 paee
1465 878 1730 929 custodiant,
1756 884 1800 920 et
1822 878 1895 921 be—

1068 931 1258 974 nedictio
1282 938 1357 974 tua
1381 934 1436 975 sit
1461 948 1591 987 super
1610 948 1692 976 nos
1712 949 1896 989 semper.

1067 988 1152 1030 Per
1171 989 1419 1031 Dominum.

1127 1047 1172 1098 V
1205 1051 1422 1093 Dominus
1459 1052 1697 1094 vobiscum.
1760 1054 1810 1107 R.
1840 1053 1897 1095 Et

1068 1119 1167 1147 cum
1187 1108 1343 1160 spiritu
1363 1113 1452 1150 tuo.

1127 1164 1172 1216 V.
1185 1168 1504 1211 Benedieamus
1515 1170 1718 1211 Domino.
1744 1171 1896 1224 R·.Deo

1067 1224 1243 1275 gratias.

1128 1283 1285 1326 Bened.
1329 1285 1567 1328 Benedicat
1604 1292 1647 1328 et
1679 1287 1899 1330 custodiat

1068 1354 1148 1382 nos
1172 1345 1452 1395 omnipotens
1477 1349 1519 1385 et
1539 1344 1790 1386 misericors
1809 1345 1896 1386 Do-

1067 1399 1225 1449 minus,
1244 1400 1388 1449 Pater,
1414 1405 1457 1442 et
1475 1400 1625 1450 Filius,
1650 1405 1693 1442 et
1711 1394 1898 1454 Spiritus

1068 1460 1256 1497 sanctus.
1288 1455 1338 1507 R.
1356 1457 1509 1498 Amen.

1124 1526 1170 1560 Et
1189 1536 1263 1560 non
1284 1525 1424 1560 dicitur
1437 1526 1629 1562 Fidelium
1646 1526 1802 1572 animae,
1832 1526 1901 1562 sed

1073 1574 1290 1608 immediate
1317 1573 1458 1607 dicitur
1481 1583 1557 1608 una
1576 1584 1623 1608 ex
1640 1574 1900 1618 infrascriptis

1072 1622 1309 1666 Antiphonis
1335 1632 1406 1665 pro
1431 1628 1613 1666 tempore.

1126 1683 1158 1716 A
1194 1682 1307 1726 Vesp.
1343 1682 1501 1717 Sabbati
1539 1688 1625 1717 ante
1655 1683 1899 1718 Dominicam

1071 1731 1096 1765 1.
1115 1731 1318 1766 Adventus
1342 1741 1463 1775 usque
1489 1731 1537 1765 ad
1554 1731 1745 1766 Purificat.
1764 1731 1898 1767 inclus.

1353 1800 1616 1853 Antiphona.

1076 1869 1114 1902 *s
1131 1879 1135 1886 “
1155 1874 1158 1877 ’
1177 1869 1264 1910 lma
1283 1868 1596 1922 Redemptoris
1615 1871 1771 1921 Mater,
1798 1864 1896 1924 q'uae

1163 1945 1168 1954 ι
1194 1926 1345 1978 pervia
1371 1925 1472 1967 coeli

1067 1991 1201 2032 Porta
1226 2004 1391 2040 manes,
1424 1996 1468 2033 et
1492 1991 1619 2033 stella
1635 1993 1783 2042 maris,
1803 2006 1895 2035 suc-

1172 2051 1298 2089 curre
1318 2047 1501 2097 cadenti,

1066 2115 1254 2165 Surgere
1276 2113 1349 2165 qui
1369 2118 1507 2163 curat,
1527 2113 1709 2167 populo:
1728 2119 1776 2156 tu
1797 2127 1895 2167 quae

1170 2170 1368 2220 genuisti,

1067 2236 1236 2277 Natura
1251 2235 1447 2286 mirante,
1463 2241 1586 2278 tuum
1603 2242 1800 2278 sanctum
1813 2237 1895 2279 Ge-

1170 2292 1369 2342 nitorem,
1618 2315 1621 2318 -

1067 2357 1344 2455 Virgobprius
1361 2371 1412 2400 ac
1426 2359 1657 2411 posterius,
1677 2358 1896 2400 Gabrielis

1172 2427 1196 2455 a
1247 2427 1324 2455 ore

1067 2481 1251 2521 Sumens
1267 2479 1374 2520 illud
1390 2481 1495 2529 Ave,
1515 2483 1799 2532 peccatorum
1818 2481 1894 2521 mi-

1170 2549 1326 2578 serere.

1119 2605 1166 2645 In
1189 2603 1405 2645 Adventu.
1434 2600 1483 2651 V'.
1502 2607 1699 2657 Angelus
1718 2607 1895 2647 Domini

1066 2661 1280 2703 nuntiAvit
1295 2662 1456 2702 Mariae.
1486 2661 1533 2712 R.
1552 2663 1608 2705 Et
1623 2663 1824 2716 concepit
1839 2662 1895 2704 de

1065 2718 1230 2775 Spiritu
1250 2723 1413 2762 saneto.
