2040 2990
544 196 595 226 213.
623 194 856 228 Decembris.
903 196 938 227 S.
964 194 1150 236 Stephani
1178 193 1489 236 l'rotomartyris.

390 293 470 334 Ad
495 293 763 343 Vesperas.

215 370 298 401 Ant.
325 374 359 401 ct
387 367 445 401 1¹⁵¹.
473 368 519 400 dc
546 367 767 401 Nativitatc.
796 366 876 401 190.

215 425 257 457 Et
296 425 475 457 dicuntur
508 424 622 457 ctiam
660 425 695 457 in
736 425 823 457 aliis
864 425 988 458 Festis

160 474 254 505 infra
284 473 380 505 hanc
406 474 592 505 Octavum
618 473 919 506 occurrentibus.

264 536 525 587 Capitulum.
679 536 774 576 Aet.
792 538 828 575 (5.
846 536 884 576 b.

227 599 446 652 tephanus
479 604 626 641 autem
658 599 816 652 plenus
848 599 991 649 gratia

241 661 285 698 et
316 655 590 704 fortitudine,
624 655 813 697 faciebat
844 655 991 707 prodi-

158 712 230 763 gia
249 716 294 754 et
314 712 437 763 signa
453 724 613 762 magna
632 711 676 751 in
694 711 874 765 populo.

468 785 675 834 Hymnus.

275 859 362 896 euS,
382 848 559 888 tuorum
578 846 765 888 militum

286 903 403 952 Sors,
423 907 468 944 et
487 905 663 953 corona,
682 902 926 955 praemium,

235 958 412 1000 Laudes
432 960 640 1000 canentes
659 958 867 1010 Martyris

235 1015 432 1057 Absolve
451 1028 568 1056 nexu
588 1015 791 1056 criminis.

186 1089 268 1130 Hic
286 1102 445 1142 nempe
464 1089 615 1131 mundi
633 1089 806 1140 gaudia,

236 1145 294 1186 Et
312 1145 475 1187 blanda
495 1145 698 1187 fraudum
715 1145 879 1198 pabula

235 1201 411 1243 Imbuta
430 1200 531 1243 felle
554 1201 783 1253 deputans,

234 1257 440 1299 Pervenit
460 1257 517 1299 ad
536 1257 746 1299 coelestia.

192 1332 345 1372 Poenas
367 1330 559 1372 cucurrit
578 1331 762 1380 fortiter,

236 1387 293 1428 Et
312 1387 490 1429 sustulit
507 1387 704 1428 viriliter:

235 1442 531 1495 Fundensque
550 1456 632 1496 pro
659 1448 703 1484 te
723 1443 991 1493 sanguinem,

241 1499 427 1545 AEterna
447 1499 564 1541 dona
582 1499 796 1552 possidet.

187 1572 256 1613 Ob
275 1572 362 1613 hoc
381 1574 566 1624 precatu
585 1572 775 1625 supplici

234 1628 299 1670 Te
318 1628 546 1680 poscimus
564 1628 775 1680 piissime:

234 1685 286 1725 In
305 1684 391 1726 hoc
409 1683 634 1737 triumpho
653 1684 860 1736 Martyris

236 1740 419 1782 Dimitte
437 1753 601 1782 noxam
621 1740 815 1782 servulis.

188 1817 299 1863 Jesu‚
319 1813 401 1855 tibi
418 1813 476 1855 sit
495 1813 646 1865 gloria,

237 1870 322 1920 Qui
340 1874 469 1911 natus
489 1882 536 1911 es
556 1869 613 1912 de
632 1870 827 1921 Virgine,

239 1926 350 1967 Cum
368 1926 510 1975 Patre,
530 1930 575 1967 et
594 1926 710 1967 almo
730 1926 892 1979 Spiritu

236 1983 287 2023 In
307 1982 572 2034 sempiterna
591 1982 764 2023 saecula.

470 2038 623 2079 Amen.

212 2103 261 2155 V.
292 2105 539 2158 Stephanus
563 2106 674 2148 vidit
702 2107 842 2148 coelos
867 2109 989 2160 aper-

159 2168 241 2204 tos.
281 2164 333 2216 R.
356 2162 500 2211 Vidit,
525 2167 569 2203 et
594 2163 804 2205 introivit:
832 2163 989 2206 beatus

158 2219 305 2269 homo,
323 2219 394 2260 cui
413 2217 515 2260 coeli
534 2218 755 2271 patebant.

217 2284 286 2325 Ad
328 2285 502 2336 Magnis.
556 2287 656 2328 Ant.
716 2288 991 2340 Sepelierunt

159 2343 430 2396 Stephanum
455 2344 538 2385 viri
562 2345 773 2394 timorati,
807 2350 850 2386 et
880 2345 989 2387 fece-

159 2405 260 2442 runt
317 2400 545 2452 planctum
596 2413 803 2451 magnum
858 2414 990 2453 super

160 2469 270 2498 eum.

1378 287 1541 329 Oratio.

1044 345 1156 450 Da
1192 347 1337 398 nobis,
1381 351 1634 401 quaesumus
1668 349 1877 399 Domine,

1138 403 1302 444 imitari
1323 405 1443 457 quod
1458 405 1655 456 colimus,
1674 410 1723 448 ut
1738 405 1877 447 disca-

1043 471 1140 499 mus
1161 464 1205 500 et
1224 459 1428 502 inimicos
1447 460 1644 513 diligere:
1664 462 1767 514 quia
1785 462 1877 513 ejus

1044 514 1240 556 natalitia
1285 516 1577 567 celebramus,
1629 518 1705 570 qui
1753 518 1879 559 novit

1045 571 1177 612 etiam
1200 585 1283 624 pro
1307 573 1667 625 persecutoribus
1691 576 1878 616 exorare

1044 627 1284 669 Dominum
1325 635 1526 672 nostrum
1567 630 1592 671 J
1594 643 1718 672 esum
1757 629 1878 671 Chri-

1045 688 1162 725 stum
1174 684 1332 726 Filium
1344 690 1484 727 tuum:
1501 687 1587 737 Qui
1603 691 1751 728 tecum
1760 686 1879 728 vivit.

1096 758 1243 791 Deinde
1270 767 1341 800 pro
1366 758 1401 791 S.
1426 758 1588 792 Joannc.

1096 820 1194 859 Ant.
1229 819 1316 858 Iste
1336 819 1404 856 est
1421 814 1447 856 J
1448 817 1631 866 oannes,
1652 815 1727 868 qui
1745 827 1880 868 supra

1044 876 1200 924 pectus
1225 871 1405 912 Domini
1433 872 1477 912 in
1506 884 1635 913 coena
1663 871 1880 913 recubuit:

1044 927 1202 969 beatus
1213 927 1472 980 Apostolus,
1488 928 1558 969 cui
1571 927 1768 971 revelata
1779 933 1881 970 sunt

1045 986 1217 1025 secreta
1236 983 1446 1025 coelestia.

1096 1046 1146 1096 V.
1167 1047 1312 1091 Valde
1330 1048 1617 1091 honorandus
1636 1053 1704 1091 est
1721 1048 1880 1091 beatus

1043 1105 1069 1146 J
1072 1107 1248 1147 oannes.
1278 1106 1329 1157 Rz.
1356 1105 1441 1155 Qui
1460 1118 1595 1158 supra
1614 1110 1771 1158 pectus
1788 1105 1878 1146 Do-

1044 1162 1149 1202 mini
1169 1162 1213 1202 in
1233 1173 1361 1203 coena
1379 1161 1592 1204 recubuit.

1376 1230 1540 1271 Oratio.

1041 1290 1328 1395 Ecclesiam
1369 1296 1492 1334 tuam
1528 1291 1719 1334 Domine
1759 1293 1878 1335 beni-

1135 1361 1246 1399 gnus
1269 1348 1455 1390 illustra:
1478 1353 1528 1390 ut
1551 1348 1673 1390 beati
1695 1349 1878 1391 Joannis

1045 1404 1253 1457 Apostoli
1285 1405 1349 1446 tui
1386 1410 1430 1446 et
1458 1405 1753 1456 Evangelistae
1784 1405 1878 1447 illu·

1044 1461 1210 1502 minata
1237 1460 1465 1511 doctrinis,
1497 1461 1555 1503 ad
1581 1461 1699 1504 dona
1725 1463 1878 1515 perve-

1044 1518 1136 1559 niat
1158 1518 1436 1570 sempiterna.

1097 1587 1240 1621 Postea
1275 1586 1317 1621 fit
1347 1596 1545 1621 commem.
1574 1586 1621 1621 de
1648 1586 1875 1622 Nativitate.

1097 1648 1196 1688 Ant.
1232 1645 1381 1688 Hodie
1410 1646 1610 1688 Christus
1637 1651 1767 1689 natus
1795 1652 1878 1690 est:

1043 1701 1176 1744 hodie
1200 1702 1404 1744 Salvator
1428 1703 1649 1755 apparuit:
1675 1703 1810 1746 hodie
1832 1704 1878 1745 in

1044 1763 1164 1800 terra
1174 1763 1338 1800 canunt
1347 1758 1516 1809 Angeli,
1530 1758 1737 1801 laetantur
1747 1759 1879 1802 Arch-

1045 1814 1202 1865 angeli:
1239 1814 1372 1856 hodie
1410 1815 1632 1857 exsultant
1659 1816 1777 1867 justi,
1815 1815 1876 1858 di-

1045 1872 1209 1912 centes:
1235 1870 1388 1912 Gloria
1407 1871 1451 1912 in
1474 1870 1659 1912 excelsis
1677 1871 1794 1922 Deo,
1818 1871 1877 1913 al-

1044 1926 1183 1978 leluja.

1095 1986 1146 2038 V.
1179 1991 1347 2034 Notum
1374 1992 1479 2034 fecit
1504 1993 1740 2042 Dominus,
1776 1992 1876 2035 alle-

1043 2049 1141 2101 luja.
1177 2049 1227 2100 R».
1252 2049 1451 2091 Salutare
1475 2063 1614 2100 suum,
1640 2049 1823 2102 alleluja.

1380 2116 1545 2158 Oratio.

1119 2178 1297 2228 oncede,
1323 2181 1575 2231 quaesumus
1595 2182 1876 2232 omnipotens

1134 2234 1272 2276 Deus:
1296 2239 1344 2276 ut
1368 2247 1450 2276 nos
1469 2236 1691 2286 Unigeniti
1714 2236 1778 2277 tui
1801 2248 1876 2277 no-

1043 2303 1099 2332 va
1129 2303 1210 2343 per
1242 2303 1418 2332 carnem
1449 2291 1668 2334 Nativitas
1707 2291 1877 2342 liberet,

1045 2359 1157 2399 quos
1177 2346 1259 2388 sub
1278 2348 1450 2399 peccati
1471 2348 1573 2400 jugo
1594 2351 1770 2390 vetusta
1789 2350 1875 2389 ser-

1044 2404 1160 2445 vitus
1191 2408 1322 2446 tenet.
1370 2404 1456 2446 Per
1489 2404 1693 2446 eumdem
1725 2404 1875 2445 Domi-

1042 2473 1147 2500 num
1166 2465 1376 2501 nostrum.
