2040 2990
745 191 915 225 Sabbato
941 191 990 225 ad
1013 191 1250 226 Matutinum.

146 290 254 341 eius:
272 289 297 317 *
316 293 360 330 et
386 300 475 329 non
503 286 803 329 sustinuerunt
831 287 969 328 consi-

145 346 252 387 lium
276 345 377 397 ejus.

197 402 254 443 Et
299 400 617 453 concupierunt
662 399 970 452 concupiscen-

145 459 251 499 tiam
276 458 321 499 in
349 457 542 499 deserto:
568 457 592 483 *
621 461 665 498 et
691 458 971 498 tentaverunt

144 515 287 556 Deum
305 515 350 555 in
367 514 593 566 inaquoso.

196 572 254 613 Et
269 571 392 613 dedit
407 570 470 612 eis
486 570 745 623 petitionem
761 571 970 623 ipsorum:

145 629 169 654 *
196 633 240 669 et
272 627 390 668 misit
423 626 699 668 saturitatem
731 627 775 667 in
803 627 970 669 animas

146 686 308 726 eerum.

198 741 255 782 Et
291 740 572 782 irritaverunt
604 739 789 792 Moysen
825 740 869 780 in
903 753 969 782 ca-

145 797 264 839 stris:
282 798 306 825 *
324 796 476 838 Aaron
493 801 692 838 sanctum
713 797 901 838 Demini.

196 853 365 906 Aperta
393 858 459 895 est
486 858 623 903 terra,
661 858 705 894 et
739 853 971 905 deglutivit

145 910 336 951 Dathan:
351 911 374 938 *
390 915 434 951 et
453 909 628 963 operuit
644 923 776 962 super
791 923 970 962 congre-

144 967 365 1018 gationem
382 966 564 1008 Abiron.

195 1023 253 1064 Et
272 1023 437 1065 exarsit
456 1023 568 1074 ignis
587 1023 631 1064 in
653 1026 876 1075 synagoga
901 1026 970 1065 eo-

145 1093 257 1121 rum:
285 1081 309 1107 *
336 1079 511 1121 flamma
546 1079 790 1122 combussit
817 1093 970 1133 pecca-

144 1138 275 1178 tores.

197 1193 255 1234 Et
272 1192 470 1233 fecerunt
489 1192 674 1234 vitulum
696 1193 740 1233 in
758 1192 928 1234 Horeb:
946 1194 971 1219 *

146 1253 190 1290 et
209 1248 506 1290 adoraverunt
523 1249 737 1301 sculptile.

195 1305 252 1347 Et
277 1306 556 1347 mutaverunt
583 1305 768 1357 gloriam
796 1318 919 1346 suam
947 1307 971 1332 *

143 1362 188 1402 in
207 1361 537 1403 similitudinem
555 1362 681 1403 vituli
699 1361 970 1403 comedentis

142 1418 319 1459 foenum.

139 1514 142 1517 ,
198 1473 335 1516 Obliti
362 1479 465 1516 sunt
490 1474 648 1523 Deum,
682 1474 757 1525 qui
784 1474 971 1516 salvavit

145 1542 239 1580 eos,
257 1531 281 1558 *
301 1530 376 1582 qui
403 1530 508 1572 fecit
533 1530 752 1581 magnalia
775 1530 820 1571 in
839 1531 970 1584 AEgy-

143 1591 233 1639 pto,
251 1586 469 1628 mirabilia
486 1587 530 1627 in
545 1591 663 1628 terra
679 1586 830 1628 Cham:
847 1588 970 1629 terri-

144 1642 250 1685 bilia
267 1643 312 1684 in
330 1643 443 1685 Mari
462 1642 609 1685 rubro.

195 1700 252 1741 Et
271 1699 383 1741 dixit
405 1705 455 1742 ut
480 1698 758 1752 disperderet
782 1712 872 1741 eos:
891 1702 915 1728 *
934 1701 970 1742 si

143 1769 230 1798 non
253 1756 431 1809 Moyses
460 1755 625 1798 electus
654 1757 745 1807 ejus
773 1759 970 1799 stetisset

144 1813 188 1854 in
214 1812 515 1854 confractiOne
538 1813 582 1853 in
604 1814 847 1865 conspectu
866 1815 970 1865 ejus:

169 1869 230 1911 Ut
249 1870 471 1911 averteret
489 1869 600 1910 iram
619 1870 710 1922 ejus
729 1882 784 1911 ne
804 1869 970 1922 disper-

146 1925 270 1968 deret
297 1938 386 1967 eos:
414 1927 437 1953 *
464 1931 509 1967 et
534 1938 617 1978 pro
645 1925 781 1966 nihilo
810 1925 970 1967 habue-

145 1986 245 2024 runt
264 1987 426 2024 terram
447 1981 798 2024 desiderabilem:

195 2038 296 2080 Non
323 2038 606 2080 crediderunt
624 2037 762 2080 verbo
791 2039 899 2090 ejuS‚
927 2043 971 2080 et

144 2096 527 2137 murmuraverunt
580 2095 623 2135 in
675 2094 970 2137 tabernaculis

146 2151 250 2212 suis:
264 2153 288 2179 *
304 2164 392 2192 non
413 2150 700 2193 exaudierunt
719 2163 873 2194 vocem
883 2152 970 2192 Do-

145 2216 262 2243 mim.

196 2260 253 2300 Et
281 2260 469 2302 elevavit
494 2272 672 2301 manum
694 2273 818 2301 suam
838 2273 971 2312 super

147 2328 239 2356 eos:
262 2317 286 2343 *
314 2321 362 2358 ut
389 2317 693 2369 prosterneret
721 2329 798 2358 eos
827 2317 871 2357 in
899 2316 969 2358 de-

146 2373 280 2413 serto:

197 2428 254 2469 Et
277 2433 325 2469 ut
349 2428 557 2480 dejiceret
580 2441 730 2471 semen
753 2431 906 2471 eorum
926 2429 970 2469 in

146 2484 409 2526 nati6nibus:
429 2486 452 2512 *
473 2490 516 2527 et
536 2485 811 2538 dispergeret
830 2498 907 2527 eos
927 2485 970 2525 in

148 2540 410 2590 regienibus.

198 2595 255 2636 Et
278 2596 436 2638 initiati
459 2602 560 2639 sunt
577 2597 867 2650 Beelphegor:
884 2599 907 2625 *
927 2602 971 2639 et

147 2651 433 2695 comederunt
451 2654 665 2696 sacrificia
685 2656 970 2695 mortuOrum.

199 2708 255 2749 Et
275 2708 557 2752 irritaverunt
581 2723 680 2752 eum
703 2711 746 2751 in
766 2709 971 2752 adinven-

1775 187 1849 224 101

1024 284 1220 326 tionibus
1239 284 1344 325 suis:
1363 286 1387 312 *
1406 289 1450 326 et
1468 285 1759 338 multiplicata
1783 291 1850 328 est

1023 341 1067 382 in
1088 341 1150 382 eis
1170 343 1305 382 ruina.

1075 398 1132 439 Et
1157 397 1280 439 stetit
1303 397 1506 448 PhineeS‚
1531 402 1574 441 et
1598 398 1806 451 placavit:
1826 400 1849 426 *

1025 459 1068 496 et
1089 454 1277 496 cessavit
1299 455 1534 506 quassatio.

1075 512 1131 552 Et
1150 513 1402 563 reputatum
1422 515 1489 552 est
1509 511 1549 552 ei
1568 512 1611 551 in
1630 512 1849 563 justitiam,

1023 570 1047 595 *
1060 568 1104 608 in
1118 567 1448 618 generationem
1464 572 1508 609 et
1521 568 1848 618 generationem

1023 637 1163 676 usque
1182 624 1226 664 in
1247 624 1574 676 sempiternum.

1074 681 1132 722 Et
1165 680 1449 722 irritaverunt
1483 694 1582 722 eum
1615 680 1671 722 ad
1696 680 1847 732 Aquas

1023 737 1407 778 contradictionis:
1435 738 1459 764 *
1487 742 1531 779 et
1563 739 1748 778 vexatus
1783 742 1849 778 est

1022 794 1199 845 Moyses
1223 798 1407 846 propter
1434 806 1526 834 eos:
1556 794 1658 845 quia
1676 806 1847 835 exacer-

1023 850 1238 891 baverunt
1258 850 1459 902 spiritum
1481 851 1581 902 ejus.

1074 907 1131 948 Et
1155 906 1354 948 distinxit
1376 908 1421 948 in
1444 906 1572 949 labiis
1597 907 1699 948 suis:
1719 908 1742 933 *
1761 919 1849 947 non

1025 962 1383 1015 disperdiderunt
1403 964 1581 1014 Gentes,
1609 976 1718 1015 quas
1739 962 1848 1004 dixit

1023 1020 1238 1061 Deminus
1257 1019 1351 1060 illis.

1075 1077 1132 1117 Et
1161 1077 1379 1118 commisti
1406 1082 1507 1118 sunt
1533 1077 1647 1118 inter
1671 1076 1848 1125 Gentes,

1024 1137 1067 1174 et
1087 1132 1335 1174 didicerunt
1356 1135 1491 1186 opera
1514 1136 1679 1175 eorum:
1705 1137 1748 1174 et
1763 1145 1847 1173 ser-

1022 1190 1195 1230 vierunt
1235 1189 1510 1242 sculptilibus
1552 1192 1720 1232 eorum:
1754 1191 1776 1216 *
1805 1193 1849 1231 et

1023 1246 1187 1287 factum
1205 1250 1272 1287 est
1291 1246 1376 1286 illis
1395 1247 1440 1287 in
1459 1246 1725 1288 scandalum.

1075 1303 1132 1344 Et
1150 1302 1487 1344 immolaverunt
1507 1303 1622 1344 filios
1639 1314 1752 1352 suOS‚
1768 1303 1791 1328 *
1806 1307 1849 1343 et

1023 1359 1135 1400 filias
1155 1372 1256 1400 suas
1278 1359 1519 1400 daem6niis.

1074 1416 1131 1456 Et
1159 1415 1407 1457 effuderunt
1439 1416 1694 1467 sanguinem
1728 1416 1848 1456 inno-

1024 1473 1210 1513 centem:
1227 1473 1251 1498 *
1267 1472 1522 1523 sanguinem
1541 1471 1732 1512 filiOrum
1752 1474 1848 1512 suo-

1022 1541 1119 1568 rum
1140 1533 1184 1569 et
1210 1527 1399 1569 filiarum
1427 1531 1619 1577 suarum,
1649 1540 1757 1579 quas
1785 1541 1849 1569 sa-

1023 1584 1331 1626 crificaverunt
1398 1584 1674 1638 sculptilibus
1742 1584 1848 1625 Cha-

1022 1653 1145 1681 naan.

1074 1697 1132 1739 Et
1154 1697 1316 1739 infecta
1340 1702 1407 1739 est
1433 1702 1551 1738 terra
1570 1697 1613 1737 in
1634 1697 1848 1748 sanguini-

1022 1753 1121 1803 bus,
1150 1758 1194 1795 et
1222 1754 1520 1795 contaminata
1549 1757 1617 1794 est
1645 1754 1689 1793 in
1709 1753 1847 1805 operi-

1022 1810 1105 1851 bus
1134 1812 1301 1852 eorum:
1326 1812 1349 1837 *
1373 1814 1418 1851 et
1445 1809 1646 1850 fornicati
1674 1813 1775 1850 sunt
1805 1809 1847 1849 in

1023 1866 1408 1908 adinventionibus
1428 1865 1529 1906 suis.

1074 1923 1132 1964 Et
1151 1922 1289 1964 iratus
1309 1927 1377 1964 est
1402 1922 1550 1963 furore
1567 1920 1785 1962 Dominus
1804 1921 1848 1961 in

1022 1979 1235 2032 populum
1268 1992 1413 2020 suum:
1441 1980 1465 2006 *
1493 1983 1538 2020 et
1570 1977 1848 2019 abominatus

1023 2041 1091 2077 est
1110 2035 1415 2077 haereditatem
1435 2047 1569 2076 suam.

1068 2092 1125 2133 Et
1157 2091 1342 2133 tradidit
1374 2104 1450 2133 eos
1482 2091 1525 2132 in
1557 2103 1711 2132 manus
1738 2090 1848 2131 Gen-

1023 2148 1147 2189 tium:
1178 2149 1202 2175 *
1237 2152 1282 2190 et
1315 2147 1527 2189 dominati
1564 2151 1666 2188 sunt
1697 2148 1848 2188 eorum

1023 2205 1099 2256 qui
1119 2204 1308 2246 oderunt
1327 2217 1415 2246 eos.

1074 2261 1131 2303 Et
1154 2260 1476 2302 tribulaverunt
1501 2272 1577 2302 eos
1595 2258 1758 2300 inimici
1778 2259 1847 2299 eo-

1023 2330 1135 2367 rum,
1164 2322 1208 2358 et
1234 2317 1451 2358 humiliati
1479 2321 1581 2358 sunt
1609 2315 1691 2357 sub
1714 2314 1847 2355 mani-

1021 2373 1104 2415 bus
1124 2375 1290 2414 eorum:
1309 2374 1333 2400 *
1352 2386 1472 2426 saepe
1491 2372 1694 2414 liberavit
1713 2383 1800 2412 eos.

1073 2429 1168 2482 Ipsi
1186 2434 1334 2472 autem
1357 2428 1731 2471 exacerbaverunt
1750 2438 1846 2467 eum

1022 2485 1067 2525 in
1087 2485 1271 2526 consilio
1291 2498 1387 2526 suo:
1407 2487 1430 2513 *
1450 2490 1493 2527 et
1512 2483 1727 2526 humiliati
1747 2486 1846 2523 sunt

1021 2542 1067 2582 in
1087 2541 1393 2594 iniquitatibus
1412 2542 1512 2582 suis.

1074 2599 1131 2640 Et
1155 2597 1264 2640 vidit
1288 2611 1387 2639 cum
1412 2597 1740 2639 tribularentur:
1759 2596 1782 2621 *
1801 2598 1845 2635 et

1023 2654 1191 2696 audivit
1210 2654 1455 2696 orationem
1474 2655 1636 2694 eerum.

1074 2711 1131 2752 Et
1150 2723 1318 2752 memor
1342 2711 1423 2752 fuit
1446 2707 1696 2751 testamenti
1719 2706 1802 2746 sui:
1821 2706 1844 2732 *
