2040 2990
556 210 626 245 Die
651 211 680 244 3.
704 211 790 244 Dec.
837 211 871 244 S
897 210 1093 244 Francisci
1118 210 1278 244 xaverii
1306 212 1412 245 (jons.

134 317 207 345 ros
234 317 260 345 a
283 303 420 345 Paulo
449 304 578 345 tertio
605 317 687 356 pro
712 303 849 345 Indiis
877 317 954 357 po-

135 359 353 410 stulasset;
397 361 535 401 sancti
568 360 727 411 Ignatii
762 360 953 410 hortatu,

97 443 100 445 -
135 415 188 457 ab
235 415 390 458 eodem
432 416 644 457 Pontifice
689 415 745 457 ad
787 420 954 457 tantum

135 484 246 524 opus
275 485 373 514 cum
400 472 629 525 apostelici
655 472 807 514 Nuntii
832 477 954 524 pote—

135 530 247 570 state
267 528 480 580 deligitur.
507 529 572 570 Eo
593 528 818 581 appulsus,
837 528 954 570 illico

135 584 350 626 variarum
379 585 583 626 Gentium
616 584 879 626 difficillimis
912 590 956 626 et

134 641 266 682 variis
295 641 452 692 linguis
486 640 690 683 divinitus
717 641 955 682 instructus

134 698 347 749 apparuit.
401 697 513 747 Quin
552 710 651 738 eum
693 697 955 749 quandoque

135 753 262 795 unico
280 752 487 795 idi6mate
507 753 563 794 ad
580 752 775 794 diversas
791 753 954 794 Gentes

134 809 477 858 concionantem,
496 811 768 861 unaquaeque
783 822 862 850 sua
877 809 952 859 lin-

133 877 218 915 gua
235 865 487 917 loquentem
505 865 679 906 audivit.
702 865 955 907 Provincias

134 921 382 963 innumeras
400 921 587 974 pedibus
608 934 796 973 semper,
816 926 859 963 et
878 935 954 962 sae-

133 989 190 1029 pe
207 977 351 1024 nudis,
368 978 626 1030 peragravit.
654 977 808 1019 Fidem
825 978 849 1018 J
853 980 954 1030 apo-

133 1034 216 1074 niae
236 1038 280 1075 et
303 1046 380 1075 sex
400 1034 494 1074 aliis
512 1033 763 1085 regienibus
782 1035 954 1076 invexit.

133 1090 270 1131 Multa
293 1092 476 1132 centena
498 1090 720 1131 hominurn
740 1091 873 1132 millia
899 1091 955 1132 ad

134 1146 353 1188 Christum
379 1147 423 1187 in
451 1146 586 1188 Indiis
614 1148 842 1188 convertit:
869 1160 955 1188 ma-

133 1205 331 1256 gnosque
350 1204 588 1256 principes,
607 1205 820 1256 regesque
841 1217 954 1245 com-

133 1259 281 1311 plures
294 1272 420 1301 sacro
436 1260 554 1301 fonte
570 1260 770 1312 expiavit.
789 1261 846 1301 Et
858 1273 956 1301 cum

133 1320 223 1357 tam
238 1329 395 1367 magna
409 1329 491 1369 pro
506 1316 602 1358 Deo
621 1318 779 1367 ageret,
796 1329 846 1358 ea
863 1322 956 1358 erat

133 1371 387 1423 humilitate,
405 1378 454 1414 ut
474 1378 625 1414 sancto
644 1373 825 1423 Ignatio,
851 1378 955 1414 tunc

132 1430 374 1527 praeposito
394 1443 490 1480 suo,
509 1430 633 1472 flexis
652 1430 834 1481 genibus
854 1432 954 1471 scri-

165 1490 266 1527 eret.

187 1546 238 1596 Rz.
263 1542 440 1584 Amavit
459 1555 558 1584 eum
575 1542 806 1592 Deminus,
828 1547 872 1584 et
889 1555 954 1584 or-

133 1598 254 1639 navit
286 1611 404 1640 eum:
441 1598 598 1640 stolam
630 1598 782 1650 gloriae
814 1599 955 1640 induit

134 1667 249 1704 eum,
281 1662 303 1686 *
321 1656 378 1696 Et
405 1655 463 1696 ad
489 1661 640 1707 portas
664 1655 857 1707 paradisi
885 1668 955 1696 co-

134 1712 306 1754 ronavit
333 1725 442 1754 eum.
483 1710 532 1763 V.
559 1711 707 1754 Induit
736 1725 835 1753 eum
860 1712 954 1752 Dfis

133 1767 314 1809 loricam
337 1769 457 1819 fidei,
481 1773 525 1810 et
548 1769 720 1810 ornavit
743 1781 852 1809 eum.
887 1769 954 1810 Et.

435 1828 587 1869 Lectio
607 1829 659 1869 vi.

229 1893 313 1922 unc
341 1879 551 1922 dilatandi
578 1880 802 1931 Evangelii
830 1881 954 1922 ardo-

236 1950 328 1979 rem
346 1935 623 1978 multitudine
644 1941 687 1978 et
702 1936 955 1978 excellentia

133 1993 441 2035 miraculorum
471 1993 685 2034 Dominus
723 1992 955 2046 roboravit.

136 2050 264 2091 Caeco
278 2050 419 2091 visum
434 2048 633 2090 reddidit.
661 2049 851 2090 Tantum
869 2062 955 2090 ma-

134 2108 240 2147 rinae
266 2118 392 2158 aquae
419 2105 542 2156 signo
576 2105 716 2146 crucis
742 2105 956 2146 convertit

134 2162 177 2202 in
197 2161 379 2211 dulcem,
400 2166 608 2214 quantum
626 2161 871 2212 quingentis
886 2174 955 2202 ve-

135 2217 346 2267 ctoribus,
380 2218 454 2270 qui
486 2217 555 2259 siti
584 2216 871 2269 adigebantur
899 2216 955 2257 ad

134 2278 330 2323 mortem,
351 2272 425 2314 diu
444 2273 627 2315 suffecit:
648 2285 733 2324 qua
752 2273 795 2313 in
814 2273 955 2314 varias

137 2342 310 2381 quoque
339 2330 538 2380 regiones
573 2331 812 2382 asportata,
850 2330 955 2379 aegri

134 2386 309 2437 plurimi
334 2386 478 2428 subito
501 2387 639 2428 curati
658 2391 768 2428 sunt.
803 2386 955 2427 Plures

135 2443 331 2484 mortuos
349 2443 571 2484 revocavit
591 2442 647 2484 ad
666 2442 817 2492 vitam,
844 2442 955 2482 inter

137 2509 248 2548 quos
270 2498 412 2550 pridie
439 2498 658 2551 sepultum
684 2498 775 2539 erui
794 2498 955 2549 jussum

137 2566 160 2594 e
179 2553 346 2595 tumulo
367 2555 602 2604 suscitavit,
622 2554 820 2606 duosque
835 2553 955 2603 alios,

138 2609 240 2650 dum
272 2609 542 2661 efferrentur,
581 2610 854 2663 apprehensa
886 2611 955 2650 eo-

137 2678 232 2706 rum
267 2678 412 2715 manu,
446 2667 699 2719 parentibus
736 2680 760 2708 e
795 2666 954 2706 feretro
1001 2707 1004 2711 ,

139 2721 263 2763 vivos
287 2722 487 2764 restituit.
524 2723 775 2776 Prophetiae
801 2721 955 2774 spiritu

1005 304 1170 356 passim
1190 304 1377 354 afflatus,
1396 304 1583 357 plurima
1603 309 1646 346 et
1665 304 1763 345 loco
1785 309 1828 345 et

1006 362 1204 412 tempore
1250 361 1540 402 remotissima
1582 361 1827 403 enuntiavit.

1007 417 1195 458 Demum
1226 417 1269 458 in
1296 417 1508 458 Sanciano
1541 417 1738 458 Sinarum
1768 420 1828 458 in-

1007 473 1112 523 sula,
1132 473 1202 515 die
1221 473 1413 515 secunda
1430 473 1697 523 Decembris,
1722 474 1829 515 ebiit

1006 530 1161 582 plenus
1184 531 1367 579 meritis,
1392 530 1702 582 laboribusque
1729 543 1827 572 con-

1006 586 1155 628 fectus.
1181 587 1409 628 Demertui
1428 587 1616 628 cadaver
1631 587 1730 628 viva
1745 587 1827 628 cal-

1008 655 1057 684 ce
1071 656 1150 695 per
1166 643 1327 684 multos
1343 656 1514 684 menses
1530 643 1598 684 bis
1614 643 1827 692 ebrutum,

1008 698 1086 740 sed
1105 700 1276 751 penitus
1294 699 1607 751 incorruptum,
1632 699 1767 740 odore
1786 705 1828 740 et

1008 755 1216 806 sanguine
1234 755 1443 796 manavit:
1463 760 1506 796 et
1524 755 1598 796 ubi
1616 755 1827 796 Malacam

1009 811 1201 852 delatum
1233 817 1314 862 est,
1344 816 1514 864 pestem
1545 812 1828 852 saevissimam

1008 868 1236 909 confestim
1261 869 1478 910 exstinxit.
1514 868 1713 919 Denique
1738 867 1828 909 ubi-

1008 937 1093 975 que
1127 927 1340 966 terrarum
1380 925 1505 966 novis
1542 925 1828 976 maximisque

1007 980 1242 1032 fulgentem
1257 981 1487 1030 miraculis,
1505 981 1743 1031 Gregorius
1758 980 1828 1021 de-

1007 1037 1145 1078 cimus
1165 1038 1340 1089 quintus
1359 1037 1527 1079 Sanctis
1547 1036 1790 1089 adscripsit.

1064 1097 1113 1147 Rz.
1135 1095 1225 1135 Iste
1250 1094 1395 1135 homo.
1423 1093 1503 1146 [72]

1225 1174 1273 1211 In
1297 1174 1367 1212 ΙΙΙ.
1396 1175 1617 1213 Nocturno.

1010 1233 1159 1273 Lectio
1186 1232 1323 1274 sancti
1341 1231 1566 1282 Evangelii
1591 1230 1829 1272 secundum

1315 1289 1521 1329 Marcum.

1114 1349 1263 1390 Lectio
1285 1351 1351 1391 vii.
1504 1352 1562 1391 Ca
1598 1353 1678 1391 .1(ἱ.
1695 1365 1726 1392 c.

1006 1401 1082 1507 In
1101 1406 1174 1447 illo
1194 1408 1406 1458 tempore:
1426 1403 1547 1445 Dixit
1589 1416 1689 1444 esus
1705 1403 1828 1444 disci-

1080 1462 1193 1514 pulis
1222 1463 1326 1503 suis:
1358 1461 1522 1502 Euntes
1550 1460 1593 1499 in
1620 1459 1828 1500 mundum

1006 1518 1255 1559 universum
1285 1517 1522 1570 praedicate
1545 1515 1829 1566 Evangelium

1008 1575 1125 1615 omni
1144 1577 1366 1615 creaturae.
1394 1573 1449 1614 Et
1468 1572 1644 1624 reliqua.

1059 1651 1245 1693 Homilia
1265 1650 1403 1692 sancti
1424 1649 1626 1699 Gregorii
1643 1649 1787 1701 Papae.

1089 1715 1259 1749 Homilia
1275 1716 1330 1750 29.
1348 1716 1385 1749 in
1405 1716 1547 1758 Evang.
1566 1721 1653 1759 post
1672 1716 1750 1749 init.

1016 1775 1031 1799 Τ
1050 1772 1239 1823 gzffixlotset
1265 1768 1405 1808 omnis
1425 1769 1635 1808 creaturae
1655 1767 1830 1808 nemine

1016 1821 1021 1854 ἱ
1142 1824 1281 1865 omnis
1317 1823 1436 1864 natio
1475 1822 1681 1863 Gentium
1717 1822 1827 1864 desi-

1015 1882 1018 1884 ’
1139 1880 1273 1930 gnari.
1306 1879 1420 1920 Ante
1444 1878 1557 1920 enim
1581 1877 1743 1919 dictum
1768 1878 1829 1919 fu-

1008 1940 1114 1977 erat:
1141 1937 1191 1976 In
1219 1936 1333 1978 viam
1361 1935 1568 1976 Gentium
1595 1946 1649 1975 ne
1677 1933 1828 1975 abieri-

1007 1993 1077 2042 tis,
1096 2005 1210 2033 nunc
1229 1996 1374 2033 autem
1393 1990 1564 2032 dicitur:
1587 1989 1829 2032 Praedicate

1008 2048 1125 2089 omni
1161 2051 1388 2089 creaturae:
1429 2051 1479 2088 ut
1509 2046 1673 2088 scilicet
1709 2047 1829 2099 prius

1008 2117 1032 2145 a
1046 2105 1070 2144 J
1071 2103 1198 2145 udaea
1208 2103 1526 2156 Apostolorum
1541 2102 1716 2156 repulsa
1729 2116 1830 2155 prae-

1008 2159 1168 2201 dicatio
1201 2165 1305 2201 tunc
1335 2158 1462 2201 nobis
1494 2159 1537 2200 in
1569 2158 1828 2210 adjutorium

1007 2217 1149 2265 fieret,
1175 2229 1274 2257 cum
1292 2215 1404 2257 hanc
1422 2215 1495 2256 illa
1515 2215 1570 2256 ad
1591 2215 1827 2256 damnatio-

1007 2273 1072 2313 nis
1101 2285 1191 2313 suae
1218 2272 1516 2313 testimenium
1549 2270 1738 2324 superba
1765 2283 1827 2312 re-

1006 2329 1200 2381 pulisset.
1253 2328 1340 2370 Sed
1372 2341 1469 2369 cum
1503 2327 1740 2380 discipulos
1772 2326 1828 2368 ad

1006 2383 1335 2437 praedicandum
1354 2385 1528 2426 Veritas
1548 2384 1695 2432 mittit,
1724 2382 1828 2434 quid

1007 2440 1125 2481 aliud
1143 2441 1185 2480 in
1205 2441 1367 2482 mundo
1386 2441 1498 2490 facit,
1518 2440 1599 2480 nisi
1616 2451 1750 2489 grana
1765 2440 1827 2479 se-

1006 2496 1133 2536 minis
1152 2495 1342 2549 spargit?
1363 2497 1419 2538 Et
1433 2508 1573 2548 pauca
1587 2508 1720 2545 grana
1733 2494 1827 2534 mit-

1006 2552 1060 2593 tit
1070 2552 1114 2592 in
1124 2553 1298 2602 semine,
1313 2557 1361 2594 ut
1375 2552 1608 2593 multarum
1622 2550 1827 2591 messium

1007 2608 1153 2659 fruges
1171 2609 1353 2660 recipiat
1372 2621 1425 2649 ex
1444 2612 1594 2648 nostra
1611 2605 1709 2647 fide.

1059 2664 1109 2715 Rz.
1139 2665 1230 2705 Iste
1261 2670 1327 2706 est
1354 2665 1426 2716 qui
1451 2669 1551 2704 ante
1575 2663 1716 2703 Deum
1740 2673 1826 2700 ma-

1007 2733 1114 2770 gnas
1141 2721 1326 2762 virtutes
1354 2721 1560 2772 operatus
1589 2723 1674 2767 est,
1702 2721 1744 2758 et
1772 2715 1826 2757 de
