2080 2990
786 219 995 251 Commune
1021 216 1240 250 Doctorum.

153 317 296 358 minus
322 315 449 357 misit.
484 316 541 356 Et
565 315 636 356 hic
660 314 872 356 mundum
899 325 988 354 non

155 373 316 415 coelum
332 376 376 414 et
393 376 567 421 terram,
588 371 667 413 sed
681 370 892 420 homines,
914 369 988 422 qui

155 433 256 471 sunt
280 429 324 469 in
349 427 531 477 mundo,
564 428 634 469 vel
659 427 843 479 diligunt
867 439 987 466 mun-

155 485 274 535 dum,
299 486 477 537 oportet
494 484 691 535 intelligi,
717 482 876 535 quibus
894 482 987 522 illu-

154 540 371 582 minandis
386 540 596 593 Apostoli
610 540 734 581 missi
749 543 861 580 sunt.
886 538 987 579 Non

154 602 306 651 potest
321 597 474 638 civitas
490 596 703 638 abscondi
718 608 850 648 super
867 607 987 636 mon-

154 659 245 695 tem
272 653 434 706 posita:
463 653 510 694 id
537 657 620 703 est,
646 651 829 694 fundata
855 663 988 703 super

154 711 370 762 insignem
419 711 713 761 magnamque
764 708 986 760 justitiam,

157 780 288 820 quam
318 766 535 818 significat
567 766 700 807 6113111
725 765 822 817 ipse
848 777 987 815 mons,

154 824 199 864 in
220 835 307 876 quo
329 822 526 876 disputat
543 822 771 863 Dominus.

212 883 271 922 Te
289 880 433 921 Deum
451 878 691 920 laudamus.
711 879 770 919 14.

363 951 778 980 μ-ῌ-ΰῶ-

332 1012 394 1052 11.
434 1010 550 1052 Alia
576 1010 812 1052 Homilia.

157 1070 308 1113 Loctio
333 1069 473 1110 sancti
493 1068 721 1120 Evangelii
745 1068 987 1110 secundum

439 1125 709 1167 Matthaeum.

264 1189 412 1229 Lectio
436 1188 501 1227 vii.
676 1188 776 1238 Cap.
794 1188 829 1225 Γ).
848 1187 884 1226 b.

202 1261 232 1288 n
249 1247 325 1288 illo
345 1248 562 1299 tempore:
581 1246 703 1287 Dixit
716 1246 741 1287 J
744 1259 844 1288 esus
860 1247 986 1288 disci-

221 1304 337 1358 pulis
363 1303 468 1345 suis:
494 1303 590 1344 Vos
619 1303 723 1344 estis
753 1303 817 1344 sal
844 1308 986 1345 terrae.

157 1360 286 1411 Quod
305 1360 343 1402 si
361 1359 426 1401 sal
441 1359 677 1409 evanuerit,
696 1359 740 1400 in
760 1372 847 1412 quo
864 1359 986 1400 83116-

155 1415 248 1458 tur?
276 1417 334 1458 Et
353 1415 532 1468 reliqua.

191 1485 381 1528 Homilia
401 1484 540 1526 sancti
558 1484 716 1525 Hilarii
734 1484 954 1537 Episcopi.

262 1548 406 1582 Comm.
434 1548 470 1580 in
496 1547 729 1581 x11tthmum
756 1556 835 1579 cin
861 1546 890 1578 4.

172 1641 177 1650 .
202 1610 360 1651 ssz0
389 1597 495 1639 estis
524 1597 589 1638 831
616 1602 762 1639 terrae:
797 1597 918 1649 quod
951 1597 988 1638 si

167 1645 297 1738 Vs!
325 1653 393 1750 {all
411 1654 837 1751 int'atizlilattunilfuerit1
851 1653 987 1750 3111111-

254 1704 306 1746 ab
356 1723 463 1751 lum
491 1724 519 1752 v
565 1723 588 1752 e
640 1724 655 1750 1
715 1722 803 1762 quo
864 1723 913 1751 sa
932 1723 987 1751 16-

156 1744 238 1808 tur.
272 1765 360 1817 Sal,
379 1771 427 1808 ut
446 1766 652 1816 arbitror,
671 1771 802 1808 terrae
821 1766 989 1807 nullum

157 1827 235 1864 est.
268 1823 501 1874 Quomodo
529 1835 633 1874 ergo
655 1822 900 1875 Apostolos
925 1822 989 1863 sal

157 1883 289 1921 terrae
306 1878 599 1932 nuncupavit?
628 1878 716 1920 Sed
738 1881 989 1932 proprietas

159 1940 226 1977 est
255 1935 494 1988 quaerenda
521 1935 756 1985 dictorum,
786 1947 917 1987 quam
946 1939 991 1976 et

158 1992 482 2045 Apostolorum
518 1991 727 2041 officium,
774 1996 818 2033 et
851 1991 989 2043 ipsius

160 2049 263 2090 salis
282 2052 439 2090 natura
457 2048 733 2090 monstrabit.
766 2047 839 2089 Sal
859 2052 927 2089 est
946 2047 989 2087 in

159 2118 208 2147 se
249 2118 336 2147 uno
374 2105 603 2146 continens
641 2117 768 2157 aquae
803 2108 846 2145 et
877 2104 989 2155 ignis

161 2161 437 2212 elementum,
466 2166 510 2204 et
537 2161 622 2203 hoc
651 2174 705 2203 ex
728 2160 901 2203 duobus
923 2165 991 2202 est

159 2231 304 2260 unum.

306 2277 390 2316 Pro
411 2276 605 2316 Doctore
627 2274 847 2315 Pontifice.

215 2333 265 2385 R.
288 2332 467 2373 Amavit
489 2344 589 2373 eum
606 2330 834 2379 Dominus,
861 2334 903 2371 et
924 2343 989 2371 or-

161 2387 282 2429 navit
319 2400 433 2429 eum:
469 2387 628 2429 stolam
664 2386 817 2438 gloriae
850 2386 991 2427 induit

163 2455 272 2493 eum,
292 2445 314 2468 *
329 2444 386 2485 Et
405 2443 462 2485 ad
479 2448 634 2496 portas
653 2442 847 2496 paradisi
867 2454 989 2484 coro·

162 2499 283 2540 navit
299 2512 408 2541 eum.
432 2498 481 2547 X.
494 2499 642 2541 Induit
659 2511 758 2541 eum
772 2499 990 2539 Dominus

161 2554 344 2596 loricam
367 2555 486 2606 fidei,
512 2560 555 2597 et
580 2555 753 2597 ornavit
777 2568 886 2596 eum.
922 2554 990 2595 Et.

254 2616 340 2656 Pro
362 2616 556 2658 Doctore
575 2629 661 2657 non
682 2614 904 2656 Pontifice.

216 2674 265 2724 R1.
290 2673 381 2714 Iste
410 2676 477 2714 est
505 2673 580 2724 qui
606 2677 707 2714 ante
731 2673 876 2714 Deum
902 2683 990 2711 ma-

162 2741 270 2780 gnas
297 2728 482 2771 virtutes
510 2731 719 2781 operatus
748 2733 831 2779 est,
865 2732 908 2770 et
935 2727 991 2768 de

317 2871 382 2896 Pars
397 2871 531 2896 Hiemalis.

1042 311 1161 353 omni
1177 310 1311 353 corde
1322 323 1402 352 suo
1413 310 1609 352 laudavit
1619 311 1871 352 Dominum:

1041 374 1062 397 *
1091 369 1195 420 Ipse
1222 367 1466 409 intercedat
1492 380 1575 420 pro
1603 368 1799 420 peccatis
1828 370 1871 409 o-

1040 425 1206 466 mnium
1224 423 1502 477 populorum.
1533 423 1579 472 X'.
1599 425 1716 466 Ecce
1737 424 1871 466 homo

1042 481 1134 522 sine
1155 480 1343 533 querela,
1363 493 1492 522 verus
1506 480 1590 521 Dei
1605 480 1757 531 cultor,
1776 481 1871 523 abs-

1040 537 1184 578 tinens
1209 550 1256 578 86
1281 536 1335 579 ab
1364 537 1483 578 omni
1507 539 1641 589 opere
1665 537 1799 587 malo,
1828 542 1872 579 61

1041 595 1304 646 permanens
1318 593 1362 634 in
1380 593 1630 634 innocentia
1646 607 1734 635 sua.
1758 595 1872 646 Ipse.

1334 654 1484 694 Lectio
1506 655 1586 693 viii.

1136 706 1177 747 ic
1204 706 1337 756 igitur
1369 706 1413 747 in
1441 719 1615 748 omnem
1642 720 1769 747 usum
1796 706 1871 748 hu-

1145 762 1262 803 mani
1289 763 1462 814 generis
1493 762 1696 813 effectus,
1732 763 1871 804 incor-

1040 819 1290 871 ruptionem
1317 819 1598 872 corporibus,
1627 819 1784 872 quibus
1812 820 1872 860 fu-

1042 875 1123 916 erit
1156 876 1378 927 aspersus,
1418 876 1628 928 impertit,
1665 880 1708 917 61
1740 875 1796 917 ad
1830 888 1872 917 0-

1040 943 1186 972 mnem
1197 943 1374 972 sensum
1385 931 1552 973 conditi
1562 932 1734 984 saporis
1743 933 1872 985 aptis-

1042 987 1177 1028 simus
1198 991 1273 1029 est.
1302 988 1510 1040 Apostoli
1529 993 1675 1029 autem
1692 992 1793 1029 sunt
1809 1001 1872 1029 re-

1040 1056 1137 1084 rum
1170 1043 1416 1085 coelestium
1454 1044 1787 1096 praedicatores,
1831 1049 1874 1086 et

1041 1100 1304 1141 aeternitatis
1332 1100 1453 1141 velut
1479 1102 1670 1150 satores,
1699 1101 1872 1142 immor-

1039 1155 1254 1197 talitatem
1270 1156 1474 1198 omnibus
1489 1156 1762 1209 corporibus,
1783 1157 1872 1209 qui-
1923 1193 1925 1195 ,

1039 1211 1122 1253 bus
1152 1214 1303 1253 66111111
1331 1225 1475 1254 8611110
1501 1214 1706 1265 aspersus
1732 1212 1872 1261 fuerit,

1041 1267 1326 1309 conferentes.
1379 1272 1401 1319 ,Ἴ
1444 1269 1602 1310 Merito
1640 1269 1772 1320 igitur
1809 1269 1873 1310 sal

1039 1328 1169 1365 terrae
1184 1325 1423 1377 nuncupati
1440 1329 1550 1375 sunt,
1565 1337 1644 1377 per
1660 1324 1872 1366 doctrinae

1039 1380 1248 1422 virtutem
1272 1380 1456 1422 saliendi
1479 1380 1615 1422 modo
1636 1381 1872 1422 aeternitati

1040 1438 1228 1489 corpora
1247 1439 1534 1478 reservantes.

1098 1493 1212 1547 Rg.1n
1231 1493 1378 1534 medio
1397 1493 1610 1535 Ecclesiae
1631 1493 1802 1546 aperuit
1821 1506 1872 1534 os

1041 1549 1143 1600 ejus,
1172 1555 1193 1575 *
1218 1549 1275 1590 Et
1302 1549 1500 1602 implevit
1528 1563 1628 1591 eum
1654 1550 1871 1591 Dominus

1042 1606 1198 1658 spiritu
1243 1606 1472 1658 sapientiae
1523 1611 1567 1648 et
1615 1606 1872 1648 intellectus.

1047 1662 1094 1713 V.
1118 1662 1446 1704 Jucunditatem
1470 1667 1513 1704 et
1533 1663 1871 1704 exsultationem

1041 1717 1355 1760 thesaurizavit
1375 1732 1507 1772 super
1527 1732 1636 1761 eum.
1668 1719 1735 1760 Et.
1771 1719 1871 1760 (ilo-

1041 1774 1105 1814 ria
1124 1775 1255 1815 Patri.
1282 1775 1348 1815 Et.

1347 1835 1494 1874 Lectio
1520 1836 1570 1873 ix.

1047 1885 1170 1992 Sed
1196 1889 1352 1927 natura
1380 1886 1483 1927 salis
1515 1899 1690 1938 semper
1719 1885 1873 1927 eadem

1123 1946 1199 1992 est,
1218 1955 1299 1984 1166
1317 1942 1537 1983 immutari
1555 1955 1763 1993 umquam
1777 1947 1872 1994 pot-

1043 2004 1120 2040 est.
1142 1999 1309 2040 Verum
1330 1999 1431 2051 quia
1446 1998 1725 2039 conversioni
1738 1997 1872 2039 homo

1043 2055 1248 2106 subjacet,
1269 2059 1312 2096 et
1327 2054 1447 2096 solus
1462 2054 1629 2104 beatus,
1646 2053 1720 2106 qui
1734 2067 1874 2106 usque

1042 2111 1099 2152 ad
1117 2110 1249 2152 finem
1271 2110 1315 2151 in
1339 2110 1541 2151 omnibus
1560 2111 1646 2152 Dei
1665 2109 1873 2162 operibus

1041 2166 1350 2219 permanserit:
1392 2166 1494 2208 ideo
1530 2179 1607 2208 eos
1645 2166 1709 2207 sal
1743 2171 1873 2208 terrae

1042 2225 1317 2275 nuncupatos
1346 2226 1497 2264 monet
1524 2222 1569 2263 in
1593 2221 1767 2264 traditae
1791 2222 1874 2263 sibi

1041 2279 1275 2331 potestatis
1294 2279 1456 2320 virtute
1476 2280 1725 2331 persistere,
1742 2278 1872 2319 116111-

1042 2335 1196 2376 fatuati
1216 2334 1324 2375 nihil
1346 2334 1519 2384 saliant,
1549 2339 1593 2376 et
1612 2334 1713 2387 ipsi,
1742 2347 1874 2375 sensu

1042 2390 1214 2443 accepti
1243 2391 1417 2444 saporis
1445 2393 1622 2440 amisso,
1650 2389 1873 2431 vivificare

1043 2450 1251 2500 corrupta
1280 2460 1369 2489 non
1397 2447 1588 2499 possint,
1622 2450 1666 2487 et
1692 2446 1873 2498 projecti

1043 2502 1098 2544 de
1113 2503 1324 2544 Ecclesiae
1343 2502 1667 2556 promptuariis,
1688 2515 1787 2543 cum
1806 2501 1872 2542 his

1044 2571 1156 2611 quos
1196 2559 1405 2610 salierint,
1448 2558 1636 2610 pedibus
1672 2556 1871 2599 1116611611-

1042 2615 1151 2656 tium
1170 2618 1462 2668 proterantur.

1098 2674 1159 2714 Te
1178 2673 1322 2714 Deum
1341 2670 1580 2712 laudamus.
1599 2671 1659 2711 14.

1278 2741 1665 2769 m—-Q—
