2040 2990
661 225 858 259 Dominiczn
887 226 927 259 V.
954 230 1039 268 post
1066 226 1330 269 Epiphaniam.

149 324 217 361 est
238 319 324 370 lex,
349 320 386 360 si
406 320 503 371 quis
528 333 580 362 ea
599 320 791 371 legitime
812 322 973 361 utatur:

148 376 290 418 sciens
315 376 400 417 hoc
426 377 527 429 quia
553 376 624 418 lex
651 378 763 428 justo
791 389 881 418 non
907 380 973 418 est

148 432 305 485 posita,
324 432 404 474 sed
417 433 597 485 injustis,
615 439 659 475 et
672 446 761 474 non
775 432 973 482 subditis,

147 489 291 542 impiis
320 494 363 531 et
390 489 716 541 peccatoribus,
749 489 972 532 sceleratis

149 550 193 587 et
216 546 538 595 contaminatis,
564 546 794 598 parricidis
819 551 862 587 et
884 559 971 587 ma-

146 601 325 651 tricidis,
342 602 582 653 homicidis,
599 602 855 651 fornicariis,
869 615 972 643 mas·

147 658 344 700 culorum
387 658 764 707 concubitoribus,
808 658 970 711 plagia-

146 715 239 764 riis,
265 714 550 756 mendacibus
573 720 616 756 et
638 715 840 767 perjuris,
867 720 911 756 et
934 715 970 755 si

149 771 255 823 quid
282 770 399 812 aliud
429 784 546 812 sanae
577 771 788 813 doctrinae
818 771 967 813 adver·
1028 771 1115 829 [sik-¹

147 830 284 877 satur,
309 840 406 880 quae
431 832 498 868 est
520 827 759 869 secundum
777 828 969 880 Evange-

145 883 250 925 lium
268 883 421 934 gloriae
439 883 558 925 beati
576 884 674 933 Dei,
695 884 814 936 quod
833 884 969 926 credi-

144 945 238 982 tum
258 944 324 981 est
341 939 456 981 mihi.

198 998 247 1049 Rv.
274 997 412 1046 Deus,
441 997 514 1049 qui
540 996 668 1038 sedes
696 1009 826 1050 super
851 997 967 1038 thro-

144 1066 265 1102 num,
299 1058 342 1095 et
369 1052 534 1105 judicas
567 1053 837 1106 aequitatem,
872 1059 967 1095 esto

143 1109 358 1161 refugium
385 1113 630 1162 pauperum
657 1110 701 1150 in
727 1109 968 1152 tribulatio-

144 1178 213 1208 ne:
234 1168 257 1192 *
278 1166 390 1216 Quia
409 1171 457 1207 tu
476 1166 595 1207 solus
613 1166 809 1208 laborem
830 1172 873 1208 et
894 1166 967 1208 do-

143 1222 283 1264 lorem
318 1222 580 1264 consideras.
634 1220 683 1271 Y.
721 1223 821 1264 Tibi
854 1223 968 1264 enim

144 1278 378 1320 derelictus
407 1284 474 1321 est
504 1292 692 1332 pauper,
725 1279 892 1332 pupillo
920 1284 968 1320 tu

144 1335 229 1376 eris
248 1335 430 1387 adjutor.
460 1336 571 1387 Quia
588 1341 638 1377 tu
657 1335 786 1377 solus.

443 1397 593 1437 Lectio
614 1397 668 1436 iii.

146 1447 360 1556 Gratias
381 1461 464 1499 ago
485 1449 540 1498 ei,
565 1449 640 1502 qui
658 1462 728 1490 me
752 1450 966 1492 conforta-

246 1505 310 1546 vit
338 1505 511 1547 Christo
539 1505 645 1546 Jesu
671 1506 862 1547 Domino
892 1519 966 1548 no-

144 1566 251 1611 stro,
277 1561 378 1614 quia
400 1561 575 1603 fidelem
597 1574 668 1603 me
692 1563 967 1612 existimavit,

142 1630 312 1670 ponens
352 1618 397 1658 in
435 1618 693 1659 ministerio:
735 1617 811 1670 qui
846 1619 967 1671 prius

143 1673 424 1726 blasphemus
448 1674 525 1724 fui,
554 1679 598 1716 et
620 1678 894 1727 persecutor,
923 1681 967 1717 et

143 1730 498 1772 contumeliosus:
525 1730 604 1772 sed
621 1731 967 1773 misericordiam

141 1786 225 1828 Dei
244 1790 503 1829 consecutus
520 1800 626 1837 sum,
647 1788 748 1839 quia
761 1788 966 1839 ignorans

142 1842 227 1884 feci
238 1843 283 1884 in
297 1843 610 1885 incredulitate.
635 1843 966 1895 Superabunda-

142 1899 205 1941 vit
218 1904 364 1941 autem
378 1900 517 1951 gratia
527 1900 703 1940 Domini
715 1900 855 1941 nostri
868 1912 966 1942 cum

143 1954 229 1997 fide
250 1961 295 1998 et
313 1955 559 2004 dilectione,
580 1968 678 2008 quae
698 1960 765 1997 est
784 1956 827 1996 in
847 1956 965 1998 Chri-

143 2016 212 2053 sto
236 2012 351 2054 Jesu.
395 2012 559 2054 Fidelis
589 2024 750 2061 sermo,
779 2016 822 2054 et
849 2013 966 2054 omni

143 2069 397 2121 acceptione
425 2068 596 2120 dignus:
626 2068 743 2121 quod
768 2068 965 2110 Christus

141 2125 268 2166 Jesus
290 2125 410 2167 venit
432 2126 475 2166 in
495 2125 611 2166 hunc
634 2123 843 2166 mundum
866 2138 964 2177 pec-

143 2183 314 2223 catores
336 2181 481 2223 salvos
500 2182 654 2231 facere,
677 2194 860 2234 quorum
880 2182 965 2234 pri-

142 2250 238 2279 mus
258 2251 339 2289 ego
359 2251 466 2279 sum.
500 2237 587 2279 Sed
606 2237 705 2279 ideo
725 2238 964 2279 misericor-

143 2293 259 2335 diam
292 2298 553 2336 consecutus
588 2307 701 2335 sum:
737 2299 786 2335 ut
820 2294 862 2334 in
895 2307 964 2335 me

142 2350 283 2402 primo
320 2350 574 2392 ostenderet
608 2350 806 2391 Christus
838 2351 964 2391 Jesus

144 2418 316 2447 omnem
340 2407 595 2459 patientiam
621 2406 677 2448 ad
700 2407 963 2448 informatio-

143 2474 242 2503 nem
262 2465 428 2511 eorum,
451 2463 525 2515 qui
544 2462 753 2504 credituri
772 2467 872 2503 sunt
892 2462 964 2511 illi,

144 2517 187 2557 in
207 2518 341 2559 vitam
360 2521 579 2560 aeternam.

197 2575 246 2626 Rg.
270 2574 312 2614 A
335 2573 500 2616 dextris
525 2579 591 2616 est
614 2574 720 2615 mihi
738 2574 964 2622 Dominus,

144 2641 198 2670 ne
213 2631 508 2672 commovear:
525 2636 547 2659 *
561 2631 747 2683 Propter
761 2630 846 2672 hoc
861 2630 964 2671 dila-

143 2687 283 2726 tatum
303 2690 368 2727 est
388 2698 463 2728 cor
481 2700 643 2736 meum,
669 2692 711 2728 et
731 2685 965 2728 exsultavit
1007 2707 1010 2711 -

143 2740 289 2792 lingua
307 2753 415 2782 mea.
453 2737 502 2788 V.
520 2743 736 2784 Dominus
759 2755 861 2795 pars
880 2742 964 2782 hae-

1025 319 1225 361 reditatis
1244 333 1366 369 meae,
1386 325 1430 362 et
1449 321 1595 363 calicis
1614 321 1711 362 mei.
1745 322 1848 362 Pro-

1024 381 1133 428 pter.
1164 376 1314 418 Gloria
1332 377 1464 418 Patri.
1490 378 1687 430 Propter.

1250 457 1298 495 In
1326 457 1375 495 ΙΙ.
1400 457 1620 496 Nocturno.

1003 515 1177 556 .Sermo
1206 516 1344 557 sancti
1369 516 1600 567 Augustini
1627 518 1847 571 Episcopi.

1023 575 1079 609 Dc
1094 575 1231 609 Verbis
1248 578 1439 620 Apostoli.
1457 581 1572 612 Sci-m.
1586 579 1618 611 8.
1638 580 1707 612 sub
1728 579 1843 613 initio.

1324 635 1474 675 Lectio
1497 636 1547 674 iv.

1084 698 1129 734 «Γ
1150 696 1340 735 umanus
1369 707 1532 744 sermo,
1566 700 1609 736 et
1636 697 1752 737 omni
1780 710 1845 738 ac-

1174 751 1376 803 ceptione
1404 751 1575 801 dignus,
1603 752 1704 804 quia
1729 753 1845 794 Chri-

1173 811 1267 848 stus
1277 808 1298 848 J
1305 820 1404 848 esus
1417 808 1535 848 venit
1547 808 1590 848 in
1600 807 1715 850 hunc
1726 822 1844 850 mun-

1023 861 1125 903 dum
1145 866 1402 915 peccatores
1422 864 1566 905 salvos
1585 864 1738 906 facere.
1771 867 1845 907 At-

1021 919 1151 961 tende
1172 920 1471 971 Evangelium:
1494 921 1627 962 Venit
1646 922 1761 963 enim
1779 923 1845 963 Fi-

1021 975 1104 1016 lius
1129 976 1316 1018 hominis
1347 979 1564 1029 quaerere,
1596 982 1639 1018 et
1667 978 1845 1028 salvare,

1023 1033 1142 1084 quod
1161 1035 1361 1086 perierat.
1389 1034 1433 1074 Si
1448 1033 1580 1075 homo
1595 1046 1683 1075 non
1697 1035 1844 1087 periis-

1022 1093 1107 1138 set,
1140 1089 1275 1130 Filius
1306 1089 1493 1130 hominis
1526 1102 1613 1131 non
1645 1093 1845 1132 venisset.

1020 1145 1138 1195 Ergo
1171 1148 1362 1198 perierat
1393 1146 1544 1187 homo:
1578 1147 1697 1188 venit
1723 1147 1844 1188 Deus

1020 1201 1169 1251 homo,
1195 1206 1239 1243 et
1261 1202 1461 1244 inventus
1482 1208 1547 1244 est
1565 1202 1708 1244 homo.
1744 1204 1843 1245 Per-

1019 1260 1130 1300 ierat
1162 1258 1293 1300 homo
1324 1272 1404 1311 per
1435 1259 1617 1300 liberam
1649 1260 1843 1301 volunta-

1019 1320 1124 1356 tem:
1144 1315 1264 1356 venit
1278 1316 1398 1356 Deus
1413 1315 1544 1357 homo
1560 1329 1639 1368 per
1658 1316 1843 1367 gratiam

1019 1371 1320 1413 liberatricem.

1074 1433 1124 1484 Rg.
1159 1432 1299 1474 Notas
1336 1432 1442 1472 mihi
1479 1433 1621 1474 fecisti
1656 1433 1843 1475 Domine

1019 1488 1112 1529 vias
1131 1489 1247 1529 vitae:
1267 1490 1288 1512 *
1309 1488 1584 1541 Adimplebis
1603 1502 1673 1530 me
1692 1489 1844 1531 laetitia

1020 1557 1118 1585 cum
1155 1544 1277 1586 vultu
1312 1549 1408 1586 tuo:
1452 1544 1764 1587 delectationes
1800 1546 1843 1586 in

1019 1600 1200 1642 dextera
1219 1606 1295 1642 tua
1313 1613 1453 1653 usque
1472 1601 1516 1642 in
1535 1601 1676 1642 finem.
1708 1597 1757 1648 Y.
1776 1602 1845 1643 Tu

1020 1669 1066 1698 es
1079 1658 1153 1709 qui
1167 1659 1371 1699 restitues
1386 1657 1690 1699 haereditatem
1702 1671 1844 1699 meam

1018 1713 1132 1754 mihi.
1159 1713 1436 1767 Adimplebis
1455 1727 1535 1755 me.

1330 1778 1481 1818 Lectio
1503 1792 1537 1817 v.

1102 1840 1251 1889 uaeris,
1285 1840 1390 1892 quid
1420 1839 1563 1881 valeat
1595 1840 1650 1881 ad
1682 1840 1842 1881 malum

1118 1896 1302 1937 liberum
1318 1895 1567 1937 arbitrium?
1588 1896 1752 1937 Recole
1767 1896 1842 1937 ho-

1017 1953 1177 1993 minem
1205 1954 1471 2004 peccantem.
1520 1953 1708 2002 Quaeris,
1737 1952 1841 2005 quid

1017 2009 1160 2050 valeat
1179 2008 1235 2049 ad
1254 2008 1461 2049 auxilium
1475 2009 1606 2058 DeuS,
1627 2014 1669 2050 et
1687 2008 1840 2050 homo?

1016 2064 1208 2106 Attende
1230 2065 1274 2105 in
1295 2077 1347 2106 eo
1371 2065 1555 2115 gratiam
1572 2064 1841 2106 liberantem.

1016 2121 1244 2172 Nusquam
1264 2121 1408 2174 potuit
1427 2121 1488 2162 sic
1509 2121 1690 2170 ostendi,
1710 2134 1840 2173 quan-

1016 2182 1109 2217 tum
1130 2176 1274 2218 valeat
1293 2177 1495 2219 voluntas
1515 2176 1702 2218 hominis
1720 2190 1839 2218 usur-

1016 2235 1120 2285 pata
1147 2246 1227 2285 per
1254 2233 1520 2286 superbiam,
1548 2233 1606 2274 ad
1630 2233 1839 2275 utendum

1017 2289 1109 2330 sine
1128 2288 1344 2341 adjutorio
1359 2290 1458 2331 Dei:
1476 2290 1638 2330 malum
1656 2302 1743 2331 non
1762 2291 1837 2341 po-

1016 2345 1100 2386 tuit
1127 2345 1245 2397 plus,
1277 2350 1319 2386 et
1346 2345 1617 2387 manifestius
1645 2345 1839 2398 exprimi,

1018 2414 1148 2453 quam
1163 2401 1207 2442 in
1222 2401 1398 2443 homine
1416 2402 1569 2454 primo.
1597 2402 1711 2442 Ecce
1725 2401 1839 2453 perit

1015 2458 1181 2509 primus
1200 2457 1343 2508 homo,
1365 2463 1408 2500 et
1426 2457 1500 2499 ubi
1520 2462 1645 2506 esset,
1669 2457 1751 2498 nisi
1770 2470 1838 2497 ve-

1016 2516 1151 2555 nisset
1169 2514 1388 2555 secundus
1406 2513 1561 2555 homo?
1586 2513 1687 2565 quia
1706 2518 1749 2554 et
1767 2512 1838 2553 ille

1016 2569 1163 2619 homo,
1192 2569 1293 2611 ideo
1318 2576 1361 2611 et
1384 2570 1468 2611 iste
1491 2569 1641 2618 homo;
1670 2575 1712 2611 et
1738 2568 1836 2609 ideo
1858 2592 1861 2594 -

1015 2625 1228 2667 humanus
1248 2638 1402 2667 sermo.

1070 2687 1118 2738 Ru
1161 2686 1351 2737 Diligam
1392 2691 1436 2727 te
1471 2685 1659 2726 Domine
1701 2683 1836 2724 virtus

1016 2754 1132 2783 mea:
1163 2742 1377 2783 Dominus
1406 2741 1724 2782 firmamentum
1751 2751 1836 2780 me-
