2040 2990
183 226 252 262 294

184 322 367 364 latatum
387 326 454 363 est
473 332 549 363 cor
567 334 729 371 meum,
755 327 799 363 et
822 321 1009 363 exsulta-

186 379 248 420 vit
272 378 418 429 lingua
443 391 551 420 mea.
588 378 636 429 Y
665 379 881 420 Dominus
906 391 1009 431 pars

186 434 456 476 haereditatis
487 448 614 484 meae,
656 440 700 477 et
732 435 880 476 calicis
914 434 1010 476 mei.

185 491 384 544 Propter.
413 491 565 535 Gloria
582 492 714 533 Patri.
741 492 938 544 Propter.

407 574 454 612 In
484 574 533 612 Π.
562 574 783 612 Nocturno.

186 635 251 674 De
281 631 569 684 Expositione
607 631 745 672 sancti
778 630 1012 681 Augustini

185 687 397 741 Episcopi
415 689 458 729 in
477 687 723 741 Epistolam
741 687 799 729 ad
820 686 1011 729 Galatas.

363 758 402 792 111
424 759 662 795 I'rchaticmc,
682 767 784 794 tomo
802 761 829 793 4.

486 817 636 857 Lectio
660 817 709 856 iv.

194 878 236 922 V
240 874 297 926 ᾗ(
309 882 430 919 ausa,
473 874 655 922 propter
696 882 826 921 quam
861 869 1012 912 scribit

195 963 198 970 ,
222 919 299 974 ¹2⁵2-ss
325 926 569 978 Apostolus
601 926 658 968 ad
687 926 883 976 Galatas,
915 926 1012 969 haec

196 970 298 1008 &3
325 988 406 1024 est:
451 987 499 1024 ut
543 983 785 1035 intelligant
826 984 1012 1034 gratiam

185 1039 270 1081 Dei
298 1039 344 1081 id
372 1052 522 1081 secum
549 1042 697 1091 agere,
730 1046 779 1082 ut
806 1041 887 1082 sub
915 1041 1012 1093 lege

184 1096 269 1148 jam
288 1109 376 1138 non
392 1096 489 1137 sint.
517 1095 625 1137 Cum
642 1097 756 1138 enim
770 1097 1013 1150 praedicata

186 1152 249 1194 eis
269 1157 386 1194 esset
405 1152 631 1204 Evangelii
650 1154 805 1205 gratia,
834 1166 921 1195 non
941 1153 1011 1195 de-

185 1208 358 1250 fuerunt
385 1207 563 1262 quidam
593 1222 647 1251 ex
672 1210 1012 1261 circumcisione,

186 1266 384 1317 quamvis
417 1265 651 1308 Christiani
683 1267 877 1318 nomine,
907 1280 1012 1309 non-

186 1321 290 1364 dum
308 1327 455 1364 tamen
473 1325 674 1365 tenentes
696 1324 842 1377 ipsum
860 1324 1012 1376 gratiae

183 1378 455 1430 beneficium,
475 1384 518 1421 et
538 1379 681 1422 adhuc
697 1380 896 1423 volentes
916 1393 1013 1423 esse

185 1435 266 1478 sub
293 1437 497 1479 oneribus
522 1437 649 1488 legis,
676 1451 774 1490 quae
797 1439 1012 1480 Dominus

184 1493 304 1534 Deus
328 1493 601 1546 imposuerat
623 1507 712 1536 non
730 1495 906 1547 justitiae
925 1508 1012 1537 ser-

184 1549 416 1600 vientibus,
437 1550 515 1592 sed
533 1553 731 1604 peccato,
756 1552 914 1603 justam
933 1554 1011 1593 sci-

183 1605 287 1647 licet
305 1605 447 1657 legem
461 1607 630 1659 injustis
645 1607 894 1649 hominibus
909 1607 1011 1650 dan-

184 1661 243 1704 do
271 1662 328 1704 ad
356 1662 700 1705 demonstranda
727 1666 912 1717 peccata
941 1666 1011 1706 eo-

183 1732 290 1769 rum,
310 1731 397 1760 non
417 1719 663 1762 auferenda.
690 1720 793 1762 Non
808 1721 922 1762 enim
940 1734 1011 1763 au·

183 1775 266 1817 fert
284 1778 484 1828 peccata,
503 1777 586 1817 nisi
604 1777 743 1828 gratia
762 1776 883 1828 fidei,
912 1791 1010 1830 quae

183 1845 262 1885 per
282 1832 562 1875 dilectionem
585 1836 804 1886 operatur.

239 1896 286 1945 R·
325 1889 467 1932 Notas
504 1890 609 1931 mihi
646 1890 787 1932 fecisti
823 1891 1012 1934 Domine

185 1946 278 1987 vias
294 1947 412 1988 vitae:
433 1952 453 1973 *
476 1947 755 2000 Adimplebis
772 1960 842 1989 me
857 1947 1012 1990 laetitia

185 2014 284 2043 cum
320 2003 445 2045 vultu
480 2008 572 2045 tuo:
617 2003 931 2047 delectationes
967 2005 1011 2046 in

186 2058 368 2101 dextera
387 2065 463 2102 tua
480 2073 620 2112 usque
639 2061 683 2101 in
701 2061 844 2103 finem.
872 2060 919 2110 ys.
943 2062 1012 2104 Tu

185 2127 233 2156 es
262 2116 336 2167 qui
363 2119 569 2158 restitues
595 2116 899 2160 haereditatem
925 2132 1011 2161 me-

186 2184 256 2212 am
274 2171 391 2214 mihi.
419 2172 696 2225 Adimplebis
714 2187 794 2216 me.

496 2239 646 2279 Lectio
668 2254 703 2279 v.

187 2294 314 2401 Sub
335 2297 418 2340 hac
442 2311 546 2350 ergo
564 2300 707 2350 gretia
726 2301 810 2352 iam
830 2301 1011 2343 Galatas

264 2355 529 2397 constitutos
547 2355 609 2396 illi
627 2356 834 2398 volebant
854 2359 1011 2400 consti·

184 2414 310 2453 tuere
335 2410 416 2453 sub
450 2411 656 2453 oneribus
684 2412 809 2463 legis,
842 2427 1011 2457 asseve-

185 2470 333 2509 rantes
359 2467 464 2508 nihil
491 2467 554 2509 eis
579 2468 793 2521 prodesse
818 2470 1011 2522 Evange-

185 2524 301 2574 lium,
327 2524 410 2565 nisi
429 2524 856 2575 circumciderentur,
882 2532 925 2569 et
945 2529 1011 2569 ce-

184 2586 302 2622 teras
323 2580 520 2622 carnales
539 2581 563 2621 J
565 2581 710 2622 udaiei
735 2582 843 2623 ritus
864 2583 1010 2625 obser-

186 2638 384 2679 vationes
404 2637 611 2679 subirent.
639 2638 695 2679 Et
712 2638 812 2680 ideo
827 2639 1011 2680 Paulum

186 2693 451 2747 Apostolum
473 2696 725 2746 suspectum
744 2694 906 2736 habere
925 2700 1010 2737 co'e-

187 2755 362 2803 perant,
411 2763 437 2792 a
477 2763 564 2803 quo
603 2750 687 2791 illis
727 2751 1012 2802 Evangelium

693 232 889 265 Dominicu
918 232 978 265 ΙΙΙ.
1006 239 1090 274 post
1122 231 1385 274 Epiphaniam.

1061 320 1349 374 praedicatum
1385 326 1495 371 erat,
1539 326 1763 375 tamquam
1797 335 1886 365 non

1060 379 1282 419 tenentem
1328 378 1603 431 disciplinam
1639 381 1887 421 ceterorum

1062 434 1394 487 Apostolorum,
1447 435 1522 487 qui
1559 435 1725 478 Gentes
1762 437 1887 488 coge-

1062 491 1168 532 bant
1186 490 1416 543 judaizare.

1116 557 1165 608 R.‚
1207 547 1398 599 Diligam
1438 553 1483 590 te
1522 548 1713 590 Domine
1749 549 1887 591 virtus

1062 617 1174 646 mea:
1205 604 1419 645 Dominus
1451 604 1772 646 firmamentum
1801 618 1887 648 me-

1063 672 1187 710 um‚*
1226 661 1284 702 Et
1311 661 1526 711 refugium
1549 673 1705 702 meum.
1744 660 1792 712 V.
1819 662 1887 704 Li-

1062 718 1239 759 berator
1256 731 1395 767 meuS,
1413 718 1535 759 Deus
1553 730 1692 770 meus,
1715 717 1889 771 adjutor

1063 786 1198 816 meus.
1227 775 1284 816 Et
1303 774 1528 825 refugium.

1365 858 1515 899 Lectio
1539 859 1588 899 vi.

1143 909 1223 950 alis
1255 909 1431 962 quidem
1464 909 1650 962 quaestio
1682 913 1750 952 est
1777 914 1821 951 et
1847 909 1890 951 in

1153 966 1354 1019 Epistola
1377 966 1434 1008 ad
1456 967 1699 1008 Romanos:
1722 969 1889 1008 verum-

1063 1027 1211 1064 tamen
1250 1022 1424 1065 videtur
1462 1022 1629 1075 aliquid
1667 1023 1890 1072 interesse,

1066 1079 1185 1132 quod
1203 1079 1265 1121 ibi
1284 1080 1612 1121 contentionem
1630 1079 1772 1132 ipsam
1791 1078 1890 1121 diri-

1063 1136 1153 1186 mit,
1171 1135 1381 1189 litemque
1401 1136 1636 1189 componit,
1662 1148 1760 1188 quae
1779 1136 1891 1178 inter

1065 1205 1157 1243 eos,
1187 1194 1262 1246 qui
1282 1206 1335 1235 ex
1354 1194 1379 1234 J
1381 1193 1535 1243 uda‘eis,
1563 1197 1607 1234 et
1625 1205 1717 1243 eos,
1746 1193 1820 1246 qui
1838 1205 1893 1235 ex

1065 1250 1282 1292 Gentibus
1315 1249 1610 1300 crediderant,
1653 1254 1751 1291 orta
1783 1254 1892 1292 erat:

1065 1320 1165 1348 cum
1189 1306 1251 1348 illi
1276 1311 1501 1359 tamquam
1525 1319 1580 1348 ex
1603 1306 1769 1348 meritis
1789 1308 1891 1359 ope-

1064 1377 1162 1405 rum
1181 1363 1305 1415 legis,
1326 1363 1410 1405 sibi
1427 1362 1647 1405 redditum
1666 1362 1892 1414 Evangelii

1063 1420 1294 1473 praemium
1308 1420 1635 1470 arbitrarentur,
1651 1418 1770 1472 quod
1782 1421 1891 1472 prae-

1064 1477 1198 1518 mium
1224 1477 1538 1518 incircumcisis
1564 1481 1790 1529 tamquam
1816 1476 1892 1518 im-

1064 1534 1231 1575 meritis
1263 1533 1472 1576 nolebant
1504 1533 1615 1575 dari:
1645 1532 1709 1574 illi
1741 1537 1893 1575 contra

1064 1591 1088 1631 J
1089 1590 1228 1632 udeeis
1248 1603 1295 1632 se
1314 1590 1523 1643 praeferre
1541 1592 1765 1642 gestirent,
1785 1594 1891 1631 tam-

1066 1660 1196 1699 quam
1222 1646 1579 1689 interfectoribus
1606 1645 1796 1688 Domini.
1840 1646 1891 1687 In

1063 1703 1146 1745 hac
1176 1716 1284 1745 vero
1316 1703 1504 1756 epistola
1536 1702 1593 1745 ad
1625 1715 1702 1745 eos
1729 1702 1891 1754 scribit,

1065 1760 1139 1812 qui
1157 1760 1242 1812 jam
1261 1759 1470 1802 commoti
1489 1763 1612 1802 erant
1631 1759 1892 1802 auctoritAte

1063 1817 1247 1867 illorum,
1268 1817 1342 1869 qui
1361 1829 1415 1859 ex
1433 1816 1458 1858 J
1459 1816 1597 1858 udaeis
1617 1820 1750 1866 erant,
1771 1820 1815 1858 et
1833 1815 1891 1858 ad

1065 1873 1397 1916 observationes
1414 1873 1524 1925 legis
1544 1872 1771 1925 cogebant.

1117 1936 1166 1987 R.
1192 1930 1372 1972 Domini
1395 1935 1462 1972 est
1481 1935 1614 1980 terra,
1639 1934 1683 1972 et
1707 1928 1890 1982 plenitu-

1065 1987 1122 2029 do
1149 1987 1253 2038 ejus:
1272 1992 1293 2015 *
1315 1986 1447 2029 Orbis
1474 1988 1707 2037 terrarum,
1732 1990 1776 2028 et
1801 1985 1890 2027 uni-

1064 2043 1179 2085 versi
1203 2043 1278 2096 qui
1305 2043 1505 2085 habitant
1531 2043 1576 2084 in
1603 2055 1668 2085 eo.
1710 2043 1759 2095 V,
1788 2042 1891 2095 Ipse

1065 2113 1197 2153 super
1221 2100 1359 2141 maria
1384 2099 1584 2142 fundavit
1608 2112 1722 2149 eam,
1756 2103 1800 2141 et
1824 2111 1890 2140 su-

1064 2170 1143 2210 per
1162 2156 1341 2198 flumina
1359 2156 1627 2210 praeparavit
1649 2155 1779 2197 illam.
1813 2155 1890 2197 Or-

1064 2213 1143 2256 bis.
1168 2213 1322 2255 Gloria
1340 2213 1470 2256 Patri.
1499 2212 1641 2255 Orbis.

1278 2294 1326 2332 In
1354 2293 1424 2331 III.
1453 2293 1675 2333 Nocturno.

1064 2353 1219 2395 Lectio
1246 2352 1386 2394 sancti
1405 2350 1631 2403 Evangelii
1650 2350 1891 2393 secundum

1343 2408 1610 2450 Matthaeum.

1170 2474 1317 2515 Lectio
1341 2473 1405 2512 vii.
1626 2474 1727 2522 (lap.
1748 2475 1784 2510 8.

1063 2522 1140 2629 In
1163 2526 1239 2567 illo
1265 2527 1479 2578 tempore:
1507 2525 1616 2566 Cum
1642 2524 1889 2567 descendis-

1126 2587 1193 2625 set
1206 2582 1231 2623 J
1234 2595 1334 2624 esus
1354 2581 1409 2623 de
1426 2586 1586 2631 monte,
1606 2584 1770 2623 secutae
1790 2587 1891 2623 sunt

1065 2653 1164 2682 eum
1189 2638 1330 2681 turbae
1355 2639 1520 2680 multae:
1548 2644 1591 2681 et
1619 2650 1722 2680 ecce
1748 2637 1889 2691 lepro-

1066 2710 1139 2738 sus
1158 2695 1351 2745 veniens,
1377 2694 1591 2737 adorabat
1610 2708 1720 2737 eum.
1752 2695 1810 2736 Et
1826 2695 1889 2735 re-

1063 2753 1194 2806 liqua.
