2080 2990
801 216 1024 250 Benedictio
1047 215 1199 249 Mensae.

243 314 412 357 ominus
438 317 587 354 noster
613 312 739 354 Jesus
767 311 975 361 Christus,

247 371 383 412 Filius
403 369 487 411 Dei
511 369 615 419 vivi,
645 369 718 420 qui
742 368 874 411 beato
897 368 974 409 Pe-

152 433 222 471 tro
238 425 456 481 Apostolo
476 437 555 466 suo
576 424 698 466 dedit
710 426 976 478 potestatem

153 483 317 536 ligandi
344 487 474 534 atque
503 479 717 532 solvendi,
747 493 826 534 per
854 493 977 522 suam

153 541 392 594 piissimam
421 536 765 579 misericordiam
796 537 977 589 recipiat

155 596 472 639 confessionem
515 599 651 644 tuam,
697 598 740 635 et
778 596 986 635 restituat·

153 653 233 696 tibi
261 652 419 694 stolam
445 651 646 704 primam,
679 662 810 702 quam
835 650 880 689 in
904 649 976 691 ba-

153 712 358 763 ptismate
390 707 609 760 recepisti:
641 711 684 748 et
716 718 814 757 ego,
846 705 976 747 facul-

153 768 245 808 tate
275 764 381 806 mihi
413 763 469 805 ab
501 762 745 816 apostolica
773 761 878 803 sede
905 762 977 803 tri-

154 822 277 872 buta,
321 819 632 871 indulgentiam
663 819 902 872 plenariam
935 823 979 859 et

154 878 455 920 remissionem
481 875 673 918 omnium
696 877 979 928 peccatorum

154 935 235 977 tibi
261 933 468 976 concedo.
504 933 555 974 In
578 932 751 973 nomine
769 931 911 972 Patris
928 933 978 980 »1«,

156 997 199 1033 et
216 991 326 1042 Filii,
345 994 388 1032 et
406 989 591 1043 Spiritus
611 988 759 1029 sancti.
786 987 936 1029 Amen.

208 1052 291 1094 Per
324 1052 602 1093 sacrosimcta
628 1049 829 1090 humanae
856 1061 978 1101 repa-

155 1108 335 1150 rationis
359 1107 583 1160 mysteria,
611 1108 803 1148 remittat
830 1105 909 1147 tibi
935 1117 978 1146 0-

155 1167 403 1218 mnipotens
426 1164 547 1205 Deus
571 1175 721 1205 omnes
750 1162 979 1214 praesentis

1029 315 1072 352 et
1108 310 1264 351 futurae
1301 310 1402 352 vitae
1437 323 1607 363 poenas,
1656 308 1846 362 paradisi

1027 371 1179 419 portas
1199 367 1381 419 aperiat,
1409 371 1452 409 et
1477 366 1533 408 ad
1557 366 1716 417 gaudia
1738 379 1845 408 sem-

1029 424 1200 476 piterna
1216 423 1438 475 perducat.
1466 423 1615 464 Amen.

1083 478 1319 521 Benedicat
1350 484 1394 521 te
1427 482 1700 532 omnipotens
1727 480 1846 520 Deus

1029 535 1160 578 Pater
1174 540 1230 585 »1«,
1254 541 1297 577 et
1316 536 1465 586 Filius,
1489 541 1532 578 et
1551 536 1734 588 Spiritus
1754 549 1845 577 san-

1030 596 1137 634 etus.
1165 592 1316 634 Amen.

1082 652 1121 685 Si
1147 661 1237 685 vcro
1255 651 1429 684 Infirmus
1452 650 1501 682 sit
1519 650 1615 683 adeo
1633 651 1742 683 morti
1762 660 1845 692 pro-

1031 700 1166 737 ximu&
1188 703 1228 732 ut
1245 709 1367 741 neque
1386 697 1640 732 consessionis
1658 699 1845 738 generalis
1896 701 1897 706 ’

1031 747 1226 784 faciendae,
1248 757 1370 790 neque
1388 746 1671 789 praemissarum
1694 756 1845 788 precum

1028 795 1310 829 recitandarum
1333 799 1512 837 suppetat
1532 799 1695 836 tempus,
1721 795 1849 827 statim

1031 844 1211 877 sacerdos
1228 843 1532 877 benedictionem
1551 843 1585 875 ei
1603 842 1847 884 impertiatur.

1030 891 1210 925 dicendo:
1228 891 1416 926 Dominus
1432 893 1572 932 noster,
1589 893 1657 925 etc.

1082 940 1128 973 Et
1145 939 1178 973 si
1195 949 1297 973 mors
1316 939 1488 981 proxime
1508 943 1649 979 urgeat.
1670 938 1783 971 dicat:
1897 982 1899 987 Ι

1086 990 1401 1042 Indulgentiam
1435 990 1675 1042 plenariam
1711 994 1753 1030 et
1788 1002 1849 1030 re·
1897 1008 1898 1023 1

1031 1048 1282 1089 missionem
1333 1047 1523 1088 omnium
1571 1047 1851 1098 peccatorum

1031 1104 1110 1146 tibi
1134 1103 1347 1153 concedo,
1372 1103 1415 1144 in
1438 1102 1611 1143 nomine
1634 1102 1774 1143 Patris
1795 1106 1850 1152 ›1‹‚

1034 1166 1077 1202 et
1095 1160 1202 1210 Filii,
1222 1165 1265 1201 et
1283 1159 1468 1212 Spiritus
1488 1159 1635 1200 sancti.
1662 1159 1813 1200 Amen.

924 1279 1211 1317 usas-›00—

653 1407 1058 1459 BENEDIGTIO
1085 1406 1346 1456 MENSAE.

382 1521 493 1557 Ante
518 1519 760 1556 Prandium.

214 1581 403 1616 Sacerdos
427 1580 699 1615 benedicturus
724 1588 905 1619 mensam,
928 1578 981 1610 in—

158 1633 254 1677 cipit
273 1627 536 1670 Benedicite.
558 1636 594 1667 et
616 1631 681 1665 alii
703 1635 879 1674 repetunt
900 1626 980 1666 Be-

159 1684 358 1727 nedicite.

213 1749 382 1791 Deinde
408 1749 525 1791 dicit:
553 1745 603 1797 V.
630 1747 756 1789 Oculi
782 1747 983 1795 omnium,

163 1810 210 1847 et
228 1806 298 1846 alii
317 1810 654 1858 prosequuntur:
672 1805 720 1844 In
737 1808 782 1844 te
797 1807 983 1855 sperant,

160 1861 365 1913 Domine,
396 1866 439 1903 et
463 1866 512 1903 tu
538 1860 617 1903 das
642 1872 788 1902 escam
811 1858 984 1899 illorum

161 1918 206 1958 in
229 1918 429 1970 tempore
454 1919 716 1970 opportuno.
756 1914 915 1968 Aperis
936 1919 984 1955 tu

161 1986 336 2015 manum
352 1978 489 2023 tuam,
515 1978 559 2015 et
575 1972 732 2025 imples
751 1983 878 2013 omne
898 1970 983 2011 ani-

161 2030 249 2071 mal
267 2029 583 2072 benedictione.

214 2086 366 2128 Gloria
384 2086 514 2128 Patri.
540 2085 660 2128 Sicut
680 2089 783 2126 erat.

215 2147 349 2200 Kyrie
377 2147 551 2189 eleison.
608 2146 780 2187 Christe
812 2144 986 2186 eleison.

165 2202 298 2256 Kyrie
318 2202 493 2245 eleison.

216 2263 348 2306 Pater
365 2269 525 2306 noster.
548 2268 727 2304 secreto.

216 2317 265 2370 V·
300 2325 358 2367 Et
385 2338 439 2366 ne
465 2338 546 2366 nos
573 2323 754 2366 inducas
781 2323 825 2364 in
851 2327 986 2364 tenta-

164 2380 340 2422 tionem.
370 2382 421 2433 Rv.
446 2381 534 2423 Sed
556 2380 694 2423 libera
711 2393 792 2421 nos
816 2392 842 2421 a
861 2378 987 2420 malo.

334 2455 472 2490 Postea
497 2454 686 2489 Sacerdos
712 2453 816 2487 dicit:

480 2511 678 2552 Oremus.

1087 1516 1254 1557 Deinde
1279 1517 1437 1557 Lector
1463 1513 1570 1556 Jube
1596 1513 1755 1555 domne
1780 1512 1851 1555 be-

1031 1570 1249 1613 nedicere:

1088 1631 1246 1673 Bened.
1279 1632 1442 1672 Mensae
1469 1630 1658 1672 coelestis
1681 1630 1852 1682 partici-

1034 1702 1114 1742 pes
1133 1689 1264 1730 faciat
1281 1700 1363 1729 nos
1384 1688 1481 1729 Rex
1500 1689 1673 1728 aeternae
1692 1687 1853 1738 gloriae.

1086 1746 1136 1796 R.
1154 1746 1304 1786 Amen.

1270 1818 1377 1852 Post
1399 1814 1628 1851 Prandium

1161 1875 1323 1912 aguntur
1346 1869 1478 1911 gratiae
1501 1869 1573 1902 hoe
1598 1869 1726 1902 modo:

1090 1926 1218 1965 Dicto
1248 1938 1271 1964 a
1297 1925 1479 1965 Lectore
1508 1924 1574 1964 Tu
1595 1926 1744 1963 -autem
1766 1920 1851 1961 Do-

1035 1983 1149 2024 mine
1167 1981 1371 2022 miserere
1389 1980 1526 2023 nobis.
1562 1980 1610 2029 Rg.
1638 1978 1735 2018 Deo
1761 1979 1854 2028 gra-

1035 2039 1129 2089 tias,
1148 2050 1296 2077 omncs
1318 2042 1506 2086 surgunt⁴

1088 2101 1302 2144 Sacerdos
1336 2101 1498 2153 incipit:
1532 2096 1580 2148 Ns.
1611 2100 1853 2142 Confitean-

1037 2165 1108 2202 tur
1131 2159 1211 2201 tibi
1232 2158 1418 2200 Domine
1445 2157 1588 2199 omnia
1613 2158 1747 2210 opera
1771 2161 1855 2198 tua.

1038 2217 1087 2267 R.
1104 2216 1162 2257 Et
1181 2215 1319 2257 sancti
1335 2214 1400 2256 tui
1417 2212 1676 2257 benedicant
1694 2211 1783 2255 tibi.

1090 2272 1242 2314 Gloria
1258 2270 1388 2312 Patri.
1415 2270 1534 2312 Sicut
1553 2273 1655 2311 erat.

1100 2344 1239 2378 Postea
1263 2342 1451 2377 Sacerdos
1477 2342 1649 2377 absolute
1675 2341 1788 2374 dicat:

1114 2398 1254 2450 gimus
1277 2396 1358 2440 tibi
1379 2395 1557 2447 gratias,
1582 2395 1856 2446 omnipotens

1145 2454 1275 2504 Deus,
1300 2465 1383 2506 pro
1405 2451 1615 2494 universis
1634 2449 1856 2492 beneficiis

1038 2511 1139 2553 tuis:
1163 2510 1246 2560 Qui
1264 2509 1374 2551 vivis
1393 2514 1436 2550 et
1455 2519 1610 2558 regnas
1630 2506 1675 2548 in
1696 2506 1857 2548 saecula

249 2566 400 2609 enedic
417 2567 604 2608 Domine
622 2579 718 2616 nOS,
742 2570 785 2607 et
803 2565 898 2606 haec
915 2569 992 2606 tua
1041 2567 1310 2609 saeculorum.

140 2651 142 2653 v
258 2622 388 2673 dona,
417 2635 516 2676 quae
536 2622 591 2665 de
610 2628 686 2665 tua
703 2622 902 2674 largitate
922 2634 988 2661 su-

168 2692 264 2721 mus
290 2680 515 2732 sumpturi.
549 2679 635 2722 Per
661 2679 880 2720 Christum
902 2677 988 2718 Do-

168 2736 331 2777 minum
348 2740 554 2778 nostrum.
604 2736 653 2787 R.
688 2735 838 2776 Amen.

1123 2645 1140 2663 ·.
1169 2622 1320 2664 Amen.

1090 2625 1240 2725 ἓεὶῃᾶυ
1273 2686 1486 2723 alternatim
1513 2685 1651 2718 dicitur
1678 2682 1852 2717 Psalmus

1042 2739 1220 2774 Miserere
1241 2738 1317 2773 mei
1339 2737 1453 2772 Deus
1475 2737 1534 2772 50.
