2080 2990
718 217 819 251 Saer.
846 217 1000 259 Spincae
1026 218 1192 252 Coronae
1220 218 1259 250 Ι).
1287 217 1329 250 N.
1355 217 1387 250 J.
1414 217 1454 251 C.

286 312 382 349 Ant.
418 308 610 365 Minuisti
636 322 736 350 eum
758 309 892 361 paulo
917 311 1061 352 minus

231 364 286 404 ab
306 364 502 414 Angelis,
528 364 667 415 gloria
688 370 731 406 et
749 365 917 407 honore
938 379 1060 408 coro-

230 420 344 460 nasti
363 433 472 460 eum.

283 478 347 516 I’s.
368 482 403 516 Η.
435 476 620 517 Domine
640 476 866 518 Dominus.
885 477 967 529 [25]

282 539 377 577 Ant.
414 537 675 576 Peccatores
696 536 977 578 intenderunt
995 550 1058 577 ar-

231 602 344 638 cum3
376 592 643 641 paraverunt
674 594 856 643 sagittas
886 604 988 632 suas
1014 592 1058 632 in

229 645 448 697 pharetra,
468 651 516 687 ut
535 649 745 696 sagittent
764 648 934 699 justum.

281 704 345 742 l’s.
368 706 395 742 1(
411 710 430 742 l.
461 704 510 742 In
529 703 720 744 Domino
742 702 928 744 confido.
948 703 1029 755 [27]

284 755 330 805 δ”.
355 761 549 802 Posuisti
570 762 755 803 Domine
775 775 906 814 super
927 768 1060 815 caput

230 817 332 868 ejus.
372 818 420 868 R'-
454 818 673 859 Coronam
705 818 760 860 de
787 818 934 871 lapide
962 831 1058 870 pre-

228 873 355 914 tioso.

262 957 412 995 Sermo
433 954 572 995 sancti
590 954 806 996 Bernardi
826 955 1026 997 Abbatis.

354 1024 468 1057 Scrm.
493 1024 522 1056 2.
550 1023 586 1055 in
612 1023 751 1065 Epiph.
778 1022 930 1056 Domin.

530 1083 681 1123 Lectio
703 1083 754 1122 iv.

238 1167 247 1203 3
271 1179 321 1217 7
346 1152 577 1202 gredimini
596 1153 698 1193 filiae
713 1153 833 1202 Sion;
852 1153 981 1194 vobis
997 1153 1058 1195 di-

238 1214 247 1262 ,ζ
269 1204 339 1267 ,1352
365 1208 517 1257 cimus,
542 1208 644 1249 fssiae
664 1209 783 1258 Sion,
804 1209 960 1250 animae
980 1222 1058 1250 sae-

242 1270 246 1279 '
333 1273 339 1288 ³
365 1264 545 1312 61113168,
567 1264 746 1314 debiles,
771 1264 988 1315 delicatae3
1012 1265 1060 1306 fi-

227 1319 312 1369 liae,
340 1324 383 1361 et
402 1333 490 1360 non
508 1320 601 1369 filii,
625 1320 668 1360 in
690 1320 848 1373 quibus
868 1321 974 1361 nihil
993 1327 1060 1364 est

228 1374 516 1425 fortitudinis,
540 1376 647 1416 nihil
672 1382 738 1418 est
758 1377 894 1417 virilis
915 1378 1059 1418 animi.

227 1431 495 1481 Egredimini
520 1431 574 1473 de
602 1445 733 1473 sensu
758 1433 900 1473 carnis
921 1432 977 1474 ad
999 1434 1059 1473 in-

226 1486 450 1528 tellectum
470 1488 639 1536 mentis,
660 1488 715 1529 de
735 1489 947 1530 servitute
969 1501 1059 1530 car-

227 1543 338 1582 nalis
355 1544 724 1595 concupiscentiae
740 1544 796 1585 ad
811 1544 1060 1586 libertatem

229 1598 467 1649 spiritualis
512 1599 822 1649 intelligentiae.
879 1600 1059 1651 Egredi-

228 1653 333 1693 mini
352 1653 407 1694 de
427 1659 545 1695 terra
563 1660 727 1704 vestra,
757 1661 800 1697 et
826 1655 882 1697 de
902 1668 1058 1706 cogna-

228 1709 346 1750 tione
379 1715 543 1759 vestra,
582 1715 626 1751 et
666 1710 721 1752 de
754 1711 888 1752 domo
920 1712 1059 1764 patris

227 1765 371 1814 vestri,
391 1770 435 1806 et
455 1765 600 1807 videte
618 1779 766 1817 regem
781 1767 1061 1808 Salomonem

227 1821 271 1860 in
292 1820 556 1870 diademate,
586 1835 673 1874 quo
701 1823 932 1864 coronavit
961 1836 1060 1864 eum

228 1881 367 1917 mater
395 1889 491 1926 sua,
519 1878 562 1917 in
588 1880 753 1919 corona
771 1879 1060 1931 paupertatis,

227 1931 270 1971 in
291 1934 456 1973 corona
474 1933 676 1983 miseriae3
696 1934 916 1986 siquidem
936 1947 1060 1976 coro-

228 1989 356 2028 natus
382 1993 449 2029 est
475 1994 518 2030 et
544 2001 569 2029 a
588 1991 779 2031 noverca
799 2003 877 2031 sua
897 1993 1060 2032 corona

229 2046 396 2094 spinea,
422 2047 586 2085 corona
611 2046 817 2096 miseriae,
846 2049 1058 2087 coronan-

230 2098 311 2139 dus
339 2112 364 2139 a
392 2099 554 2140 familia
579 2114 658 2141 sua
684 2104 849 2143 corona
873 2103 1060 2153 justitiae,

231 2154 406 2205 quando
433 2155 614 2197 exibunt
634 2157 809 2207 Angeli,
835 2162 879 2199 et
903 2158 1061 2200 tollent

230 2208 285 2250 de
332 2222 468 2261 regno
515 2212 605 2261 ejus
652 2213 798 2253 omnia
840 2213 1059 2263 scandala,

230 2265 408 2317 quando
446 2267 592 2307 veniet
628 2267 684 2308 ad
721 2268 927 2319 judicium
959 2282 1059 2310 cum

229 2321 474 2362 senioribus
494 2323 647 2374 populi
668 2324 751 2373 sui,
778 2337 877 2365 cum
896 2327 1060 2377 pugna-

229 2375 294 2417 bit
321 2390 403 2429 pro
434 2390 487 2418 eo
518 2377 639 2419 orbis
666 2381 881 2420 terrarum
907 2381 1059 2421 adver-

230 2445 303 2472 sus
336 2433 594 2474 insensatos.
649 2434 843 2475 Coronat
880 2448 979 2476 eum
1016 2442 1060 2478 et

229 2487 359 2528 Pater
379 2490 542 2529 corona
557 2489 721 2539 gloriae,
741 2490 854 2531 sicut
869 2491 928 2532 ait
941 2491 1059 2532 Psal-

229 2545 372 2583 mista:
401 2543 552 2584 Gloria
581 2550 624 2586 et
649 2545 816 2587 honore
838 2547 1060 2588 coronasti

230 2611 329 2639 eum
367 2600 567 2640 Domine.
620 2601 782 2643 Videte
820 2613 918 2642 eum
958 2602 1059 2643 filiae

229 2654 334 2694 Sion
363 2655 406 2694 in
436 2655 684 2697 diademate
713 2670 801 2708 quo
830 2659 1060 2699 coronavit

230 2722 328 2750 eum
347 2715 487 2751 mater
507 2724 595 2751 sua.

1167 312 1217 362 R.
1244 308 1352 349 Cum
1372 310 1626 361 apparuerit
1643 310 1849 361 princeps
1868 321 1942 362 pa-

1114 366 1297 414 storum,
1335 377 1422 416 quo
1460 368 1692 417 percusso,
1729 364 1942 418 dispersae

1113 425 1214 461 sunt
1234 432 1339 461 oves
1363 421 1523 470 gregis,
1545 423 1565 446 *
1583 421 1842 472 Percipietis
1867 421 1942 462 im-

1113 475 1460 517 marcescibilem
1511 476 1665 527 gloriae
1723 478 1943 518 coronam.

1115 530 1164 581 Y.
1192 532 1301 573 Cum
1326 532 1479 573 fecerit
1497 532 1663 583 grande
1683 533 1943 582 convivium,

1113 593 1161 628 ut
1193 587 1399 629 ostendat
1430 588 1605 630 divitias
1637 589 1789 639 gloriae
1821 589 1943 639 regni

1114 644 1190 684 sui.
1218 644 1488 696 Percipietis.

1424 704 1576 744 Lectio
1597 718 1634 743 v.

1336 761 1454 795 Serm.
1478 760 1530 794 41.
1556 761 1595 794 in
1620 759 1727 794 Cant.

1197 829 1266 867 go,
1284 816 1452 865 fratres,
1472 815 1527 856 ab
1539 816 1716 857 ineunte
1731 828 1830 857 mea
1844 828 1944 857 con-

1209 871 1412 913 versione
1452 884 1535 923 pro
1573 873 1732 913 acervo
1769 872 1944 913 merito-

1111 940 1224 976 rum,
1267 940 1366 978 quae
1407 927 1513 968 mihi
1548 926 1703 969 deesse
1741 927 1944 977 sciebam,

1112 982 1218 1023 mihi
1282 983 1538 1024 fasciculum
1598 983 1833 1025 collectum
1890 996 1946 1024 ex

1113 1038 1316 1080 omnibus
1345 1038 1638 1080 anxietatibus
1671 1044 1715 1080 et
1742 1039 1944 1082 amaritu-

1114 1094 1288 1136 dinibus
1315 1095 1493 1135 Domini
1521 1095 1608 1136 mei
1637 1095 1864 1145 colligare,
1901 1099 1946 1137 et

1113 1151 1226 1192 inter
1252 1151 1389 1192 ubera
1412 1164 1511 1192 mea
1537 1150 1757 1192 collocare
1784 1151 1945 1193 curavi.

1113 1207 1372 1248 Memoriam
1400 1206 1682 1248 abundantiae
1714 1207 1946 1249 suavitatis

1113 1262 1270 1304 horum
1296 1262 1506 1304 eructabo
1531 1262 1679 1315 quoad
1705 1265 1872 1304 vixero:
1898 1263 1944 1304 in

1113 1320 1327 1359 aeternum
1364 1331 1453 1359 11011
1490 1318 1727 1360 obliviscar
1767 1319 1945 1360 misera-

1113 1375 1256 1416 tiones
1281 1375 1403 1424 istas,
1433 1375 1535 1427 quia
1559 1375 1605 1415 in
1628 1375 1736 1426 ipsis
1755 1375 1945 1417 vivifica-

1113 1436 1185 1472 tus
1210 1444 1317 1471 sum.
1358 1430 1467 1471 Mihi
1494 1430 1565 1471 hic
1592 1430 1796 1471 salutaris
1820 1431 1945 1472 fasci-

1114 1487 1237 1528 culus
1281 1489 1480 1528 servatus
1523 1491 1606 1536 est;
1650 1499 1780 1528 nemo
1818 1486 1946 1529 tollet

1114 1555 1213 1583 eum
1240 1555 1264 1583 a
1289 1555 1373 1583 me:
1404 1543 1519 1583 inter
1544 1542 1681 1583 ubera
1706 1555 1805 1584 mea
1830 1555 1945 1584 60111·

1113 1599 1368 1640 morabitur.
1396 1599 1507 1639 Haec
1525 1598 1744 1648 meditati,
1769 1598 1861 1640 dixi
1879 1611 1944 1640 sa-

1112 1655 1338 1706 pientiam:
1366 1654 1410 1694 in
1433 1653 1500 1695 his
1525 1654 1702 1706 justitiae
1720 1654 1827 1695 mihi
1844 1667 1942 1707 per-

1114 1710 1347 1751 fectionem
1367 1710 1590 1759 constitui,
1609 1710 1653 1750 in
1673 1709 1740 1751 his
1759 1710 1944 1763 plenitu-

1114 1765 1260 1807 dinem
1279 1765 1493 1815 scientiae,
1519 1765 1564 1805 in
1587 1764 1655 1805 his
1682 1765 1855 1807 divitias
1879 1779 1943 1808 sa-

1112 1821 1231 1871 lutis,
1254 1822 1298 1862 in
1316 1821 1384 1862 his
1404 1821 1555 1874 copias
1574 1821 1843 1863 meritorum.
1877 1823 1946 1864 Ex

1112 1877 1180 1918 his
1205 1878 1312 1918 mihi
1336 1877 1555 1919 interdum
1581 1882 1716 1930 potus
1742 1877 1944 1920 salutaris

1112 1933 1428 1975 amaritudinis:
1448 1946 1503 1974 ex
1522 1932 1589 1974 his
1609 1946 1783 1975 rursum
1799 1934 1945 1976 suavis

1112 1990 1262 2031 tinctio
1282 1989 1609 2031 consolationis.
1642 1990 1754 2031 Haec
1771 2002 1842 2031 me
1866 1990 1945 2031 eri-

1112 2051 1220 2096 gunt
1244 2046 1288 2086 in
1314 2045 1529 2094 adversis,
1560 2045 1606 2085 in
1628 2045 1855 2097 prosperis
1880 2047 1944 2087 re·

1112 2102 1320 2153 primunt,
1361 2105 1405 2142 et
1437 2101 1552 2142 inter
1581 2100 1685 2142 laeta
1715 2101 1944 2153 tristiaque

1111 2157 1215 2199 vitae
1234 2156 1479 2209 praesentis,
1498 2156 1568 2197 via
1588 2156 1708 2207 regia
1726 2156 1945 2198 incedenti

1112 2217 1255 2253 tutum
1296 2212 1498 2265 praebent
1538 2211 1775 2264 utrobique
1814 2211 1944 2253 duca-

1111 2273 1222 2317 tum,
1260 2268 1362 2309 hinc
1393 2266 1495 2308 inde
1527 2267 1642 2308 mala
1673 2267 1944 2309 imminentia

1111 2323 1426 2376 propulsando.
1454 2323 1565 2364 Haec
1584 2322 1690 2363 mihi
1710 2323 1944 2365 conciliant

1111 2379 1262 2420 mundi
1289 2378 1507 2428 Judicem,
1536 2378 1641 2419 dum
1666 2379 1943 2420 tremendum

1111 2434 1425 2487 potestatibus,
1461 2434 1611 2475 mitem
1647 2433 1943 2486 humilemque

1112 2490 1317 2540 figurant3
1345 2490 1449 2531 dum
1475 2502 1564 2530 non
1590 2489 1730 2530 solum
1754 2489 1943 2542 placabi-

1111 2546 1215 2595 lem,
1245 2545 1324 2587 sed
1351 2550 1396 2586 et
1421 2544 1678 2586 imitabilem
1703 2547 1942 2597 repraesen-

1112 2606 1206 2643 tant
1242 2614 1357 2649 eum,
1403 2601 1476 2653 qui
1517 2600 1833 2642 inaccessibilis
1876 2606 1943 2643 est

1111 2656 1449 2709 principatibus,
1487 2656 1694 2697 terribilis
1725 2656 1845 2708 apud
1876 2669 1940 2698 re-

1110 2725 1189 2762 ges
1208 2718 1349 2754 terrae.
