2080 2990
662 206 760 239 Infra
788 208 971 240 ‹lctnxoeun
1001 207 1266 241 I)cdicuth)nis
1293 209 1487 243 lieclcsuc.

214 299 343 348 vites,
373 299 446 351 qui
467 298 686 349 volumus,
711 300 747 341 si
772 301 867 342 fieri
886 306 1044 354 potest,

213 357 370 396 sanare
398 368 565 397 omnes:
592 369 647 398 ne
675 357 718 397 in
747 358 901 399 cameli
929 371 1043 399 com-

213 412 441 464 paratione
460 414 707 465 praestricti,
727 418 771 455 et
790 414 833 455 in
853 414 1043 456 Zachaeo

214 468 340 509 citius
363 481 493 521 quam
513 471 725 522 oportuit,
745 470 960 519 derelicti,
985 471 1043 522 ju-

212 529 292 566 stae
333 524 525 567 habeant
566 527 872 568 commotionis
911 526 1042 568 offen-

212 594 315 622 sam.
376 583 422 632 lez.
451 582 621 624 Domus
640 596 749 625 mea.
770 583 879 636 [120]

504 640 652 680 Lectio
677 642 757 680 viii.

302 695 442 737 iscant
466 695 624 738 divites
650 709 736 738 non
761 697 805 737 in
830 695 1041 738 facultati-

316 751 399 794 bus
421 753 586 794 crimen
608 752 792 803 haerere,
819 752 897 794 sed
916 753 959 793 in
978 753 1042 802 iis,

212 808 286 860 qui
305 809 368 850 uti
386 809 586 851 nesciant
604 808 896 851 facultatibus.
928 809 1043 851 Nam

211 865 377 907 divitiae
401 871 450 907 ut
478 865 792 919 impedimenta
817 866 1042 919 improbis,

210 922 271 963 ita
297 921 426 964 bonis
453 927 555 964 sunt
581 922 831 974 adjumenta
856 923 1042 964 virtutis.

210 978 345 1020 Dives
366 983 485 1020 certe
505 979 736 1029 Zachaeus,
763 984 807 1021 et
833 979 997 1021 electus
1017 992 1042 1020 a

211 1034 400 1077 Christo:
443 1035 521 1077 sed
559 1035 786 1078 dimidium
823 1036 1042 1078 bonorum

210 1094 389 1133 suorum
404 1092 673 1145 pauperibus
689 1092 926 1145 largiendo,
946 1092 1041 1135 red-

210 1147 356 1190 dendo
382 1149 513 1191 etiam
537 1149 581 1190 in
602 1149 912 1203 quadruplum,
943 1162 1041 1202 quae

208 1204 362 1247 fraude
399 1205 650 1256 sustulerat,
687 1206 888 1257 (alterum
926 1206 1041 1248 enim

208 1274 295 1303 non
321 1267 389 1303 sat
413 1267 496 1312 est,
525 1275 606 1304 nec
630 1262 764 1305 habet
789 1263 975 1315 gratiam
995 1263 1040 1304 li-

205 1317 424 1370 beralitas,
446 1319 482 1360 si
493 1319 648 1371 injuria
658 1321 924 1373 perseverat,
940 1319 1041 1372 quia

208 1388 295 1416 non
323 1375 479 1428 spolia,
514 1375 593 1418 sed
623 1376 740 1418 dona
771 1378 1040 1430 quaeruntur)

208 1431 456 1474 uberiorem
475 1432 726 1475 mercedem
746 1446 878 1486 quam
897 1433 1039 1475 confe-

207 1488 344 1538 rebat,
364 1490 545 1542 accepit.

271 1548 317 1597 R·-
338 1545 532 1599 Lapides
552 1547 746 1599 pretiosi.
774 1547 871 1600 [121]

514 1609 666 1649 Lectio
697 1610 749 1648 ix.

214 1659 314 1764 Et
332 1662 443 1705 bene
463 1664 670 1717 princeps
693 1664 914 1706 inducitur
933 1665 1040 1719 pub-

302 1719 557 1762 licanorum.
590 1721 698 1772 Quis
722 1722 806 1774 jam
827 1721 882 1764 de
902 1735 949 1764 se
970 1722 1040 1764 de-

209 1778 372 1829 speret,
403 1777 579 1830 quando
600 1783 644 1819 et
666 1778 766 1828 iste,
795 1779 864 1820 cui
885 1791 1042 1821 census

210 1846 265 1875 ex
296 1833 467 1884 fraude,
509 1833 565 1875 ad
598 1834 785 1876 salutem
818 1834 1041 1888 pervenit?

210 1890 267 1931 Et
285 1890 391 1943 ipse,
410 1891 560 1943 inquit,
581 1890 716 1933 dives.
744 1891 804 1933 Ut
823 1892 937 1933 scias
954 1905 1042 1934 non

212 1959 364 1988 omnes
394 1946 567 1997 divites,
600 1949 770 1990 avaros.
813 1948 925 1999 Quia
956 1954 1041 1990 sta·

211 2005 310 2044 tura
333 2003 518 2056 pusillus
543 2008 646 2046 erat.
688 2004 803 2055 Quid
828 2005 913 2047 sibi
938 2005 1042 2056 vult,

214 2058 332 2111 quod
347 2059 506 2101 nullius
520 2060 698 2102 alterius
709 2065 923 2103 staturam
932 2062 1042 2104 Scri·

211 2119 357 2168 ptura,
389 2117 471 2157 nisi
498 2116 622 2169 hujus
651 2118 890 2171 expressit?
926 2118 1042 2161 Vide

211 2185 266 2214 ne
286 2172 399 2214 forte
414 2173 579 2215 malitia
593 2174 789 2226 pusilluS,
809 2180 883 2217 aut
899 2175 1043 2218 adhuc

212 2228 396 2282 pusillus
424 2229 523 2271 fide.
563 2230 771 2273 Nondum
804 2233 920 2274 enim
948 2232 1042 2274 red-

212 2284 316 2327 dere
344 2288 623 2339 promiserat:
650 2287 847 2329 nondum
872 2289 1043 2331 viderat

213 2342 449 2384 Christum:
481 2343 638 2384 merito
671 2344 815 2386 adhuc
847 2345 1043 2398 pusillus.

211 2399 402 2441 Joannes
435 2404 582 2441 autem
614 2412 814 2451 magnus,
857 2403 958 2454 quia
999 2407 1043 2444 et

212 2455 431 2497 Christum
461 2455 588 2505 vidit,
622 2461 665 2498 et
692 2457 902 2510 Spiritum
931 2459 1044 2500 sicut

212 2511 461 2554 columbam
481 2525 613 2566 super
629 2513 849 2555 Christum
868 2517 1042 2556 manen·

212 2574 319 2619 tem,
348 2569 461 2610 sicut
486 2569 581 2622 ipse
606 2570 681 2611 ait:
710 2569 815 2611 Vidi
834 2571 1041 2623 Spiritum

213 2624 553 2667 descendentem
573 2626 686 2667 sicut
706 2626 970 2675 columbam,
999 2633 1042 2668 et

211 2684 460 2723 manentem
471 2695 603 2734 super
614 2695 724 2724 eum.
746 2684 806 2725 Te
818 2683 971 2725 Deum.
983 2685 1041 2724 14.

574 2754 678 2783 «ω

1294 306 1331 346 Τ
1350 316 1377 347 e
1396 318 1424 348 1·
1442 307 1502 348 ti
1521 318 1552 349 a
1597 308 1639 348 D
1658 307 1677 348 i
1696 318 1723 349 e

1342 364 1450 405 infra
1472 365 1694 406 Octavam.

1156 435 1196 468 ln
1230 435 1254 469 Ι.
1291 437 1488 471 Nocturno
1520 438 1723 474 Lectiones
1755 440 1800 474 dc
1833 441 1930 474 Seri-

1103 489 1213 525 ptura
1241 492 1473 520 occurrente.

1328 557 1376 596 In
1405 558 1454 596 ΙΙ.
1483 558 1706 598 Nocturno.

1102 620 1252 658 Sermo
1278 617 1417 658 sancti
1444 617 1678 668 Augustini
1703 618 1925 671 Episcopi.

1260 688 1375 720 Semi.
1401 688 1474 721 2315.
1501 688 1547 722 de
1571 688 1771 731 Tempore.

1406 745 1555 785 Lectio
1577 746 1628 784 iv.

1099 804 1127 847 f?
1137 800 1143 804 ’
1153 820 1157 825 ‹
1168 794 1419 842 elebritas
1460 794 1585 847 hujus
1626 797 1925 848 congregatio-

1098 876 1103 894 ι
1129 846 1207 905 ‘2254ssst
1230 853 1307 901 nis,
1327 852 1548 894 dedicatio
1571 858 1637 894 est
1657 852 1814 895 domus
1831 866 1925 895 ora-

1098 899 1206 937 *³2*
1230 909 1372 950 tionis.
1413 909 1584 951 Domus
1618 922 1723 961 ergo
1756 912 1925 952 nostra-

1094 979 1191 1007 rum
1210 966 1456 1008 orationum
1476 966 1576 1016 ista,
1602 965 1759 1008 domus
1778 972 1925 1009 autem

1093 1023 1177 1064 Dei
1208 1035 1289 1064 nos
1321 1023 1416 1076 ipsi.
1461 1023 1507 1065 Si
1540 1022 1697 1065 domus
1729 1024 1813 1065 Dei
1843 1036 1924 1066 nos

1094 1080 1188 1133 ipsi,
1207 1093 1289 1121 nos
1305 1080 1349 1120 in
1364 1079 1451 1122 hoc
1466 1080 1629 1122 saeculo
1645 1079 1925 1131 aedificamur,

1093 1141 1142 1178 ut
1165 1137 1209 1177 in
1228 1136 1315 1178 fine
1336 1136 1485 1178 saeculi
1505 1136 1769 1179 dedicemur.
1803 1136 1924 1179 AEdi-

1093 1194 1256 1243 ficium,
1281 1194 1369 1235 imo
1395 1192 1629 1235 aedificatio
1653 1193 1788 1235 habet
1806 1192 1925 1235 labo-

1092 1264 1200 1301 rem;
1209 1249 1428 1292 dedicatio
1438 1250 1787 1292 exsultationem.
1795 1250 1926 1300 Quod

1092 1307 1163 1349 hic
1186 1307 1336 1357 fiebat,
1365 1306 1542 1359 quando
1568 1307 1652 1349 ista
1677 1306 1925 1359 surgebant,

1093 1364 1178 1406 hoc
1206 1364 1255 1405 fit
1286 1363 1438 1414 modo,
1471 1376 1571 1405 cum
1603 1366 1925 1415 congregantur

1094 1421 1323 1463 credentes
1349 1421 1393 1462 in
1419 1420 1651 1462 Christum.
1692 1420 1924 1464 eredendo

1094 1478 1223 1527 enim,
1252 1478 1378 1530 quasi
1407 1476 1462 1519 de
1490 1477 1610 1519 silvis
1635 1482 1680 1520 et
1702 1477 1924 1520 montibus

1093 1535 1209 1586 ligna
1229 1539 1272 1576 et
1291 1533 1463 1587 lapides
1482 1533 1797 1587 praeciduntur:
1825 1547 1926 1576 cum

1093 1605 1199 1634 vero
1245 1590 1589 1640 catechizantur,
1634 1591 1925 1644 baptizantur,

1093 1648 1352 1697 formantur,
1379 1652 1606 1699 tamquam
1633 1648 1745 1690 inter
1770 1661 1925 1690 manus

1093 1704 1317 1746 fabrorum
1364 1709 1407 1746 et
1453 1704 1660 1757 opificum
1707 1704 1924 1755 dolantur,

1094 1761 1398 1810 collineantur,
1440 1761 1786 1814 complanantur.
1838 1761 1924 1804 Ve-

1093 1821 1340 1859 rumtamen
1363 1817 1544 1859 domum
1561 1817 1741 1859 Domini
1758 1830 1847 1860 non
1865 1818 1925 1859 fa-

1095 1875 1224 1924 ciunt,
1245 1875 1330 1915 nisi
1352 1873 1528 1927 quando
1548 1874 1731 1916 caritate
1751 1887 1925 1928 compa-

1095 1931 1309 1983 ginantur.
1368 1932 1419 1983 R.
1447 1930 1695 1973 Orantibus.
1714 1931 1813 1984 [118]

1407 1996 1559 2036 Lectio
1582 2009 1619 2035 v.

1099 2049 1260 2156 Egna
1288 2058 1371 2100 ista
1401 2063 1444 2100 et
1471 2057 1641 2111 lapides
1667 2058 1704 2099 si
1729 2070 1818 2099 non
1842 2057 1926 2100 sibi

1181 2120 1302 2157 certo
1320 2114 1472 2157 ordine
1487 2114 1769 2164 cohaererent,
1785 2115 1822 2156 ni
1837 2127 1926 2157 non

1096 2184 1144 2213 se
1169 2171 1353 2224 pacifice
1378 2171 1670 2221 innecterent,
1697 2171 1735 2212 si
1762 2184 1850 2213 non
1879 2184 1926 2214 se

1094 2228 1292 2277 invicem,
1312 2227 1578 2269 cohaerendo
1597 2226 1690 2276 sibi,
1717 2227 1926 2280 quodam-

1094 2283 1229 2326 modo
1249 2286 1456 2333 amarent,
1481 2296 1609 2326 nemo
1629 2283 1715 2325 huc
1733 2285 1926 2327 intraret.

1094 2340 1296 2393 Denique
1329 2340 1505 2393 quando
1538 2340 1661 2382 vides
1699 2341 1742 2382 in
1780 2341 1926 2394 aliqua

1095 2396 1260 2439 fabrica
1287 2397 1458 2450 lapides
1487 2402 1531 2439 et
1558 2397 1674 2448 ligna
1702 2397 1814 2440 bene
1842 2398 1925 2440 sibi

1095 2453 1336 2504 cohaerere,
1370 2457 1549 2496 securus
1573 2454 1725 2505 intras,
1758 2457 1926 2496 ruinam

1095 2522 1181 2552 non
1209 2511 1349 2552 times.
1386 2510 1553 2552 Volens
1582 2523 1687 2562 ergo
1711 2511 1926 2553 Dominus

1096 2566 1294 2609 Christus
1318 2567 1496 2616 intrare,
1523 2572 1566 2609 et
1589 2568 1633 2609 in
1657 2567 1783 2610 nobis
1808 2567 1926 2610 habi-

1095 2626 1200 2672 tare,
1219 2629 1442 2676 tamquam
1459 2623 1721 2666 aedificando
1738 2624 1925 2667 dicebat:

1095 2679 1351 2722 Mandatum
1385 2693 1548 2722 novum
1585 2680 1643 2723 do
1680 2681 1822 2723 vobis:
1867 2681 1927 2724 Ut

1096 2749 1175 2778 vos
1205 2737 1390 2778 invicem
1418 2736 1619 2788 diligatis.
1660 2737 1926 2787 Mandatum,
