2040 2990
778 190 976 224 Dwminicu
1006 192 1066 225 111.
1093 192 1304 225 Adventus.

239 288 304 327 Ad
329 288 499 334 magnif.
531 287 627 327 Ant.
660 288 772 327 Ante
790 297 861 326 me
880 285 903 311 *
925 297 1013 326 non

183 346 251 383 est
269 342 481 382 formatus
498 341 630 390 Deus,
651 346 694 382 et
714 346 817 393 post
835 353 906 382 me
924 353 1011 381 non

183 397 279 438 erit:
322 397 423 449 quia
461 397 566 438 mihi
598 397 851 438 curvabitur
884 409 1012 438 omne

181 466 310 503 genu,
333 458 377 494 et
396 452 677 495 confitebitur
696 453 836 495 omnis
855 452 1012 503 lingua.

520 525 682 563 Oratio.

250 599 373 628 urem
393 592 524 637 tuam,
544 589 794 639 quaesumus
810 586 1012 635 Domine,

284 643 490 695 precibus
517 643 680 684 nostris
708 641 1011 684 aecemmoda:

181 704 225 740 et
250 700 409 740 mentis
438 704 603 741 nostrae
638 698 844 741 tenebras
871 698 1011 749 gratia

180 759 269 795 tuae
289 755 550 797 visitationis
572 756 758 796 illustra:
784 754 868 805 Qui
888 754 1010 795 vivis.

460 850 754 877 —Q—

245 946 522 995 Dominioa
543 946 634 996 ΙΙΙ.
656 946 948 997 Adventus.

345 1032 433 1072 Ad
459 1032 847 1073 Matutinum.

236 1100 357 1139 Iuvit.
405 1101 545 1150 l'rope
574 1102 641 1140 est
667 1099 753 1150 jam
780 1098 1010 1139 Deminus:

183 1157 204 1179 *
224 1152 385 1194 Venite
405 1153 652 1195 adoremus.

236 1225 276 1257 lit
304 1225 443 1258 dicitur
474 1224 647 1267 quotidie
675 1235 795 1266 usquc
821 1224 868 1256 ald
900 1223 1009 1264 X'igil.

182 1271 307 1305 NutIx‘.
336 1272 486 1305 Domini
515 1272 722 1305 exclusive.

236 1332 300 1370 I's.
333 1332 494 1382 Venite,
513 1332 792 1374 exsultemus.
810 1334 848 1373 2.

490 1413 698 1462 Hymnus.

324 1484 478 1526 erbum
497 1486 736 1537 supernum
755 1484 977 1537 prodiens,

349 1540 386 1580 E
404 1540 547 1581 Patris
565 1540 718 1582 aeterni
737 1541 833 1581 sinu

286 1595 370 1645 Qui
388 1600 517 1637 natus
537 1596 635 1637 orbi
655 1595 874 1646 subvenis,

284 1650 481 1692 Labente
500 1665 632 1693 cursu
650 1652 878 1704 temporis:

239 1727 435 1769 Illumina
453 1741 569 1770 nunc
587 1730 781 1781 pectora,

284 1784 471 1836 Tuoque
490 1786 641 1826 amore
662 1786 906 1835 concrema,

283 1840 343 1882 Ut
364 1853 440 1881 cor
460 1840 627 1882 caduca
646 1840 855 1883 deserens

285 1896 396 1937 Coeli
415 1896 620 1949 voluptas
638 1897 829 1949 impleat.

238 1974 300 2022 Vt,
320 1985 420 2014 cum
437 1973 628 2015 tribunal
646 1974 670 2014 J
672 1974 812 2016 udicis

284 2029 523 2070 Damnabit
540 2029 631 2080 igni
648 2030 816 2081 noxios,

285 2084 342 2126 Et
359 2097 447 2125 vox
466 2086 605 2126 amica
625 2084 822 2127 debitum

285 2139 480 2181 Vocabit
498 2140 555 2182 ad
575 2140 736 2182 coelum
754 2143 863 2194 pios.

235 2216 334 2258 Non
355 2229 456 2258 esca
475 2217 749 2259 flammarum
767 2219 915 2270 nigros

286 2272 529 2314 Volvamur
547 2274 660 2314 inter
678 2274 886 2325 turbines,

287 2328 427 2370 Vultu
445 2329 529 2370 Dei
548 2329 628 2370 sed
646 2332 877 2382 compotes

286 2383 398 2425 Coeli
416 2384 610 2426 fruamur
628 2385 810 2436 gaudiis.

240 2461 354 2502 Patri
373 2462 589 2514 simulque
608 2462 731 2512 Filio,

285 2516 474 2569 Tibique
494 2524 644 2560 sancte
662 2519 860 2571 Spiritus,

285 2572 406 2614 Sicut
426 2573 514 2623 fuit,
534 2574 590 2615 sit
607 2575 763 2625 jugiter

285 2628 473 2670 Saeclum
492 2642 572 2682 per
592 2642 720 2672 omne
739 2631 889 2681 gloria.

493 2686 645 2727 Amen.

1305 298 1353 336 In
1381 297 1411 335 Ι.
1439 298 1662 337 Nocturno.

1250 370 1314 408 De
1341 367 1457 407 Isaia
1483 365 1718 419 Propheta.

1173 442 1321 482 Lectio
1343 442 1365 481 i.
1607 442 1709 494 Cap.
1728 443 1794 482 26.

1077 511 1115 557 {rig
1239 505 1309 546 die
1327 505 1401 545 illa
1416 503 1664 545 cantabitur
1679 503 1897 546 canticum

1076 554 1115 619 ἦ]
1138 559 1177 615 ἵῑῇ
1208 561 1327 603 istud
1344 561 1388 601 in
1403 566 1521 602 terra
1535 561 1559 600 J
1560 559 1662 602 uda:
1682 559 1798 602 Urbs
1812 559 1896 600 for—

1208 617 1408 659 titudinis
1432 622 1597 658 nostrae
1622 616 1728 657 Sion
1750 615 1896 658 Salva-

1066 678 1152 723 tor,
1178 675 1368 726 ponetur
1392 674 1435 714 in
1461 685 1512 714 ea
1536 685 1688 714 murus
1712 677 1756 714 et
1779 675 1897 713 ante-

1064 729 1242 771 murale.
1279 730 1464 782 Aperite
1488 734 1660 782 portas,
1689 733 1734 770 et
1756 728 1896 779 ingre-

1066 785 1210 827 diatur
1227 798 1335 836 gens
1358 787 1488 837 justa,
1515 784 1770 827 custodiens
1787 784 1896 826 veri-

1064 843 1213 883 tatem.
1246 842 1388 884 Vetus
1408 854 1533 883 error
1553 841 1674 883 abiit:
1698 839 1897 882 servabis

1064 911 1236 950 pacem:
1260 911 1432 951 pacem,
1459 898 1561 951 quia
1578 898 1623 939 in
1641 903 1686 942 te
1706 895 1896 950 speravi-

1064 967 1172 995 mus.
1212 954 1433 1007 Sperastis
1460 955 1504 995 in
1526 954 1719 995 Domino
1747 954 1792 994 in
1819 954 1897 994 830-

1065 1010 1174 1051 011118
1193 1011 1384 1060 aeternis,
1402 1011 1447 1051 in
1465 1011 1656 1052 Demino
1676 1011 1774 1051 Deo
1793 1008 1898 1051 forti

1064 1067 1107 1107 in
1126 1068 1400 1119 perpetuum.
1429 1067 1541 1117 Quia
1558 1065 1806 1108 incurvabit
1823 1065 1896 1106 ha-

1064 1123 1255 1165 bitantes
1274 1123 1318 1164 in
1337 1123 1530 1173 excelso,
1556 1124 1780 1166 civitatem
1799 1122 1896 1164 sub-

1063 1179 1212 1221 limem
1230 1179 1487 1222 humiliabit.
1520 1180 1782 1222 Humiliabit
1801 1191 1899 1221 eam

1064 1249 1205 1288 usque
1225 1236 1283 1278 ad
1300 1241 1473 1286 terram,
1493 1236 1695 1278 detrahet
1714 1249 1812 1278 eam
1829 1247 1898 1276 us-

1067 1305 1151 1344 que
1167 1292 1223 1334 ad
1236 1292 1477 1345 pulverem.
1498 1293 1786 1335 Conculcabit
1801 1305 1899 1334 eam

1064 1361 1161 1400 peS,
1188 1348 1327 1401 pedes
1346 1350 1571 1402 pauperis,
1598 1362 1777 1400 gressus
1801 1361 1898 1401 ege-

1065 1406 1234 1446 norum.

1119 1477 1167 1527 Rg.
1194 1474 1312 1516 Ecce
1337 1474 1572 1528 apparebit
1589 1475 1807 1517 Dominus
1831 1486 1898 1515 su-

1065 1542 1146 1582 per
1164 1530 1327 1572 nubem
1346 1531 1590 1580 candidam,
1609 1530 1633 1554 *
1651 1532 1710 1573 Et
1728 1543 1828 1572 011111
1844 1543 1898 1572 00

1065 1588 1320 1627 sanctorum
1338 1586 1486 1628 millia:
1506 1592 1550 1629 et
1567 1587 1748 1629 habebit
1765 1588 1811 1628 in
1827 1599 1899 1629 ve-

1066 1642 1288 1693 stimento,
1330 1648 1374 1684 et
1405 1643 1450 1684 in
1481 1643 1648 1685 femore
1681 1656 1762 1685 suo
1796 1643 1898 1686 scri-

1064 1702 1205 1750 ptum:
1224 1699 1322 1740 Rex
1341 1712 1505 1750 regum,
1525 1704 1569 1741 et
1586 1700 1802 1742 Dominus
1822 1699 1898 1742 do-

1065 1754 1335 1796 minantium.
1360 1751 1410 1802 Y'.
1432 1755 1681 1808 Apparebit
1695 1756 1740 1797 in
1753 1756 1897 1806 finem,

1065 1814 1110 1851 et
1135 1823 1224 1851 non
1251 1812 1500 1862 mentietur;
1527 1812 1565 1853 si
1591 1825 1762 1854 moram
1786 1812 1898 1854 fece-

1065 1866 1131 1916 rit,
1151 1866 1361 1920 exspect'a
1382 1881 1492 1919 eum,
1513 1868 1615 1921 quia
1633 1869 1812 1910 veniens
1827 1869 1897 1910 ve-

1064 1922 1165 1964 niet.
1192 1923 1259 1965 Et.

1376 2006 1527 2047 Lectio
1548 2006 1587 2046 ii.

1134 2078 1266 2120 emita
1283 2079 1383 2130 iusti
1402 2083 1523 2120 recta
1542 2084 1623 2129 est,
1647 2085 1793 2122 rectus
1813 2081 1896 2122 cal-

1149 2134 1202 2175 lis
1220 2134 1321 2186 justi
1339 2134 1397 2176 ad
1416 2135 1739 2178 ambulandum.
1773 2137 1830 2178 Et
1852 2137 1897 2178 in

1066 2190 1221 2231 semita
1239 2190 1502 2242 judiciorum
1516 2194 1693 2238 tuorum
1707 2193 1896 2235 Domine

1065 2246 1349 2288 sustinuimus
1381 2251 1441 2288 te:
1480 2260 1641 2290 nomen
1672 2253 1812 2299 tuum,
1852 2254 1896 2292 et

1064 2302 1319 2343 memoriale
1342 2307 1466 2344 tuum
1491 2303 1535 2344 in
1560 2303 1781 2346 desiderio
1807 2306 1894 2346 ani-

1064 2371 1160 2399 mae.
1191 2357 1351 2399 Anima
1374 2371 1472 2400 mea
1496 2359 1766 2402 desideravit
1787 2366 1832 2403 te
1851 2361 1895 2402 in

1064 2418 1208 2463 nocte,
1237 2413 1317 2455 sed
1343 2419 1387 2455 et
1412 2415 1569 2467 spiritu
1591 2429 1691 2458 meo
1716 2417 1760 2458 in
1782 2430 1894 2470 prae-

1064 2470 1227 2511 cordiis
1250 2470 1362 2511 meis
1386 2470 1442 2512 de
1465 2484 1593 2513 mane
1618 2472 1812 2523 vigilabo
1838 2473 1896 2515 ad

1062 2531 1117 2567 te.
1146 2525 1255 2567 Cum
1273 2526 1429 2567 feceris
1443 2527 1603 2578 judicia
1617 2533 1693 2569 tua
1708 2530 1751 2569 in
1766 2534 1895 2580 terra,

1062 2582 1269 2633 justitiam
1285 2581 1456 2624 discent
1473 2583 1743 2626 habitatores
1764 2586 1895 2627 orbis.

1062 2636 1349 2679 Misereamur
1376 2639 1532 2691 impio,
1565 2645 1610 2682 et
1637 2653 1725 2682 non
1754 2641 1895 2684 discet

1062 2693 1284 2744 justitiam:
1316 2694 1361 2734 in
1390 2699 1508 2736 terra
1536 2699 1790 2739 sanctorum
1817 2698 1894 2738 ini-
