2040 2990
565 188 661 222 Dua:
685 188 856 222 Tuben-tu
881 200 927 223 ex
952 190 1066 224 Rubr.
1091 202 1214 232 gener.
1241 200 1439 235 excerptae.

155 285 284 313 dicuntur
302 285 411 320 Preces,
430 286 558 320 quamvis
576 287 693 314 dicenda
713 288 748 315 sit
768 288 863 315 Oratio
883 288 978 315 Domi-

153 324 223 352 nicae
239 325 435 359 praecedentis,
457 333 514 352 non
537 330 628 353 autem
647 327 734 354 Feriae
753 328 880 362 Quatuor
897 328 978 354 Tem-

153 371 260 398 porum.
372 389 375 394 ,

205 403 230 429 6.
254 403 383 430 Psalmus
410 407 537 434 Miserere
563 404 664 432 dicitur
689 413 752 432 cum
779 405 914 432 Pr0cibus
941 405 977 432 ad

153 442 291 476 Vesperas
309 446 426 476 tantum,
444 446 472 469 et
485 443 614 471 Psalmus
635 448 675 474 De
694 447 841 481 profundis
855 445 891 472 ad
904 445 977 471 Lau-

153 480 209 508 des.
246 481 279 508 In
297 482 397 509 Officio
415 482 618 510 Defunctorum
643 483 773 510 dicuntur
789 484 906 518 Psalmi,
929 484 977 518 qui

153 519 182 546 in
199 527 232 547 eo
251 520 352 548 Officio
371 521 556 555 designantur.

154 569 298 603 XXXV.
326 573 375 604 De
396 572 775 605 Commemorationibus
795 574 975 605 communi-

286 620 344 651 bus
368 630 425 652 seu
450 620 623 661 Suffragiis
649 621 852 653 Sanctorum.

159 667 454 730 commemorationes
468 676 636 702 communes,
651 677 700 696 seu
709 669 847 704 Suffragia
861 671 896 698 de
909 670 976 698 San-

209 707 274 741 ctis,
299 715 362 741 quoe
385 707 523 734 habentur
547 708 575 734 in
598 709 734 736 Psalterio
756 713 819 744 post
838 710 975 745 Vesperas

152 745 279 780 sabbati,
302 746 432 773 dicuntur
449 746 477 773 in
496 747 551 774 fine
568 748 768 782 Vesperamm,
792 752 819 776 et
837 749 975 783 Laudum,

151 785 188 812 ab
206 785 311 812 Octava
328 785 491 820 Epiphaniae
508 794 597 820 usque
615 787 651 813 ad
669 788 844 815 Dominicam
860 788 968 816 Passio-

152 824 196 851 nis
217 824 372 858 exclusive,
396 828 424 851 et
447 826 483 851 ab
501 825 607 853 Octava
626 827 803 854 Pentecostes
827 836 916 862 usque
939 829 975 855 ad

151 863 312 891 Adventum
330 863 479 898 exclusive,
497 864 525 891 in
544 865 710 898 Dominicis,
736 867 824 893 Feriis
842 870 869 894 et
886 868 975 894 Festi·

152 902 216 935 (nisi
235 902 366 930 Officium
384 902 420 929 sit
433 904 553 938 Duplex,
570 904 616 931 vel
634 905 707 931 infra
722 906 850 940 Octavas,
867 906 975 933 etiamsi

151 941 187 968 de
205 941 359 976 Dominica,
378 942 423 969 vel
436 942 616 978 Semiduplici
634 944 708 971 infra
726 952 772 971 eas
792 945 860 979 fiat),
878 949 906 972 et
919 946 975 973 illis

151 980 308 1015 adjungitur
331 981 564 1009 Commemoratio
587 983 623 1010 de
646 984 782 1017 Patrono,
811 984 855 1011 vel
879 985 974 1012 Titulo

151 1019 290 1054 Ecclesiae,
305 1024 369 1047 ante
381 1021 426 1048 vel
440 1025 504 1055 post
518 1021 816 1050 Commemorationem
830 1024 864 1050 de
878 1027 975 1051 sancta

151 1058 247 1093 Maria,
265 1059 300 1086 de
318 1063 415 1087 sancto
428 1060 542 1095 Joseph,
561 1064 588 1088 et
606 1061 641 1088 de
654 1062 806 1096 Apostolis,
824 1071 875 1097 pro
890 1063 975 1097 digni-

151 1101 207 1125 tate
220 1098 307 1133 illius;
326 1099 365 1126 ita
378 1103 479 1134 tamen,
493 1104 524 1127 ut
538 1108 647 1135 semper
665 1101 762 1128 ultimo
781 1101 841 1128 loco
854 1106 975 1136 ponatur

150 1137 383 1166 Commemoratio
408 1140 443 1166 de
466 1140 547 1166 Pace.
589 1140 625 1166 Et
652 1143 716 1167 ante
739 1140 802 1167 illas
831 1141 860 1167 in
884 1142 974 1168 feriali

151 1176 251 1204 Officio
275 1178 307 1204 fit
330 1178 563 1206 Commemoratio
586 1179 621 1206 de
640 1179 740 1213 Cruce,
764 1188 828 1214 quae
855 1181 975 1208 habetur

150 1215 180 1242 in
197 1216 333 1244 Psalterio
350 1221 415 1252 post
432 1218 544 1245 Laudes
562 1218 651 1245 Feriae
670 1219 808 1246 secundae.

201 1255 225 1283 2.
245 1255 384 1291 Tempore
401 1256 529 1284 Paschali
554 1258 584 1284 fit
608 1257 662 1284 alia
681 1258 914 1286 Commemoratio
938 1259 974 1287 de

149 1294 251 1327 cruce,
276 1298 308 1322 ut
330 1296 370 1323 ibi
387 1296 501 1331 ponitur
522 1296 551 1324 in
569 1297 714 1324 Laudibus
733 1298 820 1325 Feriae
843 1299 973 1325 secundae

147 1337 212 1368 post
229 1334 405 1362 Dominicam
422 1335 451 1362 in
463 1335 553 1370 Albis,
571 1339 599 1363 et
616 1344 649 1363 ea
667 1337 759 1364 solum
777 1341 843 1364 tunc
857 1338 972 1372 dicitur;

147 1380 204 1400 non
221 1377 315 1401 tamen
332 1374 362 1401 in
379 1374 555 1409 Duplicibus,
573 1383 664 1410 neque
682 1376 756 1403 infra
774 1377 902 1404 Octavas.

197 1413 222 1440 3.
239 1412 269 1440 Si
293 1413 420 1440 facienda
444 1414 480 1441 sit
502 1414 735 1442 Commemoratio
758 1416 874 1450 alicujus
898 1417 974 1444 Festi

149 1451 327 1486 occurrentis,
345 1460 454 1487 semper
472 1453 504 1480 fit
521 1456 585 1480 ante
603 1453 664 1488 ipsa
677 1453 815 1487 Suffragia
831 1459 973 1490 consueta,

149 1490 232 1518 etiam
250 1493 314 1518 ante
332 1491 630 1520 Commemorationem
647 1492 683 1520 de
699 1493 796 1521 Cruce.

199 1530 224 1557 4.
243 1530 476 1559 commemoratio
499 1531 534 1558 de
555 1534 658 1559 sancta.
670 1533 758 1559 Maria
779 1541 836 1560 non
860 1533 891 1560 fit
909 1542 973 1561 cum

148 1569 218 1604 aliis,
227 1569 340 1604 quando
347 1570 447 1598 dicitur
453 1571 511 1605 ejus
518 1570 649 1598 Officium
655 1579 782 1606 parvum,
791 1580 842 1600 nec
849 1574 973 1607 quando-

147 1615 267 1643 cumque
281 1609 312 1636 fit
325 1609 457 1637 Officium
470 1610 505 1637 de
520 1618 561 1638 ea.

1030 289 1190 323 XXXVI.
1229 295 1275 325 l)e
1310 294 1506 334 Antiplionis
1539 296 1640 326 beuta:
1677 298 1785 329 Maria:
1821 299 1850 328 in

1339 342 1399 373 tine
1424 342 1543 374 Officii.

1032 388 1213 447 Antiphonae
1242 390 1331 416 beatae
1353 390 1449 416 Mariae
1471 390 1568 424 positae
1592 390 1621 418 in
1645 391 1699 418 fine
1722 392 1850 419 Psaltcrii

1091 431 1155 462 post
1173 428 1403 463 Completorium,
1427 429 1540 463 singulae
1564 430 1693 458 dicuntur
1714 439 1765 465 pro
1783 435 1849 458 tem-

1028 467 1104 501 poris
1122 467 1296 501 diversitate,
1322 471 1352 495 ut
1376 468 1414 495 ibi
1432 472 1593 503 annotatur,
1617 474 1803 504 praeterquam
1821 471 1849 497 in

1028 506 1120 533 triduo
1138 506 1249 540 majoris
1267 507 1459 534 Hebdomadae
1475 510 1539 534 ante
1558 508 1673 535 Pascha.

1078 546 1101 572 2.
1121 546 1259 573 Dicuntur
1277 550 1369 573 autem
1388 550 1467 573 extra
1480 547 1610 581 Chorum,
1629 551 1735 575 tantum
1752 549 1780 575 in
1794 549 1849 576 fine

1028 584 1214 619 Completorii,
1232 589 1259 612 et
1277 585 1305 612 in
1324 585 1378 612 fine
1396 586 1535 620 Matutini,
1552 586 1633 613 dictis
1652 587 1807 622 Laudibus,
1826 588 1849 614 si

1028 627 1094 650 tunc
1107 624 1311 651 terminandum
1326 625 1361 652 sit
1375 625 1520 660 Officium3
1535 626 1667 660 alioquin,
1681 626 1705 653 si
1717 627 1771 654 alia
1785 628 1849 654 sub-

1027 666 1161 697 sequatur
1186 663 1278 698 Hora,
1304 664 1332 690 in
1360 664 1414 691 fine
1440 665 1545 692 ultimae
1568 666 1660 692 Horae.
1697 666 1730 693 In
1757 666 1848 693 Choro

1027 706 1119 729 autem
1146 710 1256 737 semper
1285 703 1415 731 dicuntur
1441 705 1673 739 quandocumque
1704 706 1849 732 terminata

1027 741 1121 775 aliqua
1138 742 1215 768 Hora
1235 742 1432 770 discedendum
1450 746 1491 770 est
1510 752 1526 770 a
1543 744 1643 771 Choro.

1078 782 1101 807 3.
1120 781 1279 815 Numquam
1294 790 1360 809 vero
1375 782 1505 809 dicuntur
1521 786 1584 817 post
1599 783 1720 817 aliquam
1734 784 1848 817 Horam,

1027 820 1139 854 quando
1153 819 1333 855 subsequitur
1346 830 1409 848 cum
1420 822 1520 848 Officio
1535 822 1587 849 diei
1603 822 1732 849 Officium
1745 823 1849 850 Defun-

1026 862 1143 893 ciorum,
1154 860 1198 886 vel
1207 860 1319 894 Septem
1328 861 1433 887 Psalmi
1443 861 1656 895 Poenitentiales,
1667 866 1714 888 aut
1724 862 1848 895 Litaniae,

1026 902 1214 933 praeterquam
1233 903 1296 933 post
1315 900 1542 934 Completorium,
1562 901 1590 927 in
1608 909 1663 935 quo
1684 909 1792 936 semper
1811 901 1848 928 di-

1027 941 1135 971 cuntur,
1154 938 1261 965 etiamsi
1280 939 1412 973 praedicta
1427 940 1644 974 subsequantur:
1662 948 1752 974 neque
1766 941 1848 967 etiam

1027 976 1158 1004 dicuntur
1185 978 1298 1012 quando
1325 983 1388 1013 post
1414 979 1535 1013 aliquam
1559 979 1666 1006 Horam
1692 979 1848 1006 immediate

1027 1016 1206 1050 subsequitur
1228 1017 1319 1044 Missa.
1356 1018 1494 1045 Dicuntur
1517 1021 1609 1045 autem
1632 1018 1710 1045 flexis
1734 1019 1848 1052 genibus

1029 1056 1224 1089 (praeterquam
1243 1057 1271 1083 in
1290 1057 1387 1084 diebus
1401 1058 1562 1090 Dominicis,
1581 1066 1596 1084 a
1609 1058 1705 1092 primis
1720 1058 1849 1092 Vesperis

1027 1094 1154 1128 sabbati,
1179 1098 1206 1122 et
1229 1099 1287 1122 toto
1306 1100 1430 1130 tempore
1449 1098 1602 1131 Paschali),
1623 1097 1849 1124 Hebdomadario

1026 1136 1118 1160 tamen
1137 1134 1172 1160 ad
1192 1135 1350 1162 Orationem
1369 1140 1504 1170 surgente.

1027 1197 1207 1230 XXXVII.
1241 1200 1287 1230 De
1318 1200 1439 1231 officio
1472 1210 1574 1240 parvo
1607 1201 1709 1231 beata:
1740 1201 1847 1232 Mariae

1372 1254 1402 1278 ct
1427 1249 1509 1279 aliis.

1032 1306 1093 1365 De
1111 1301 1210 1328 Officio
1228 1309 1316 1336 parvo
1335 1302 1423 1328 beatae
1440 1302 1547 1347 Mariae,
1570 1302 1605 1328 de
1620 1302 1731 1347 'Officio'
1742 1302 1847 1329 Defun-

1094 1344 1210 1374 ctorum,
1229 1341 1264 1367 de
1281 1340 1392 1375 Septem
1411 1341 1528 1367 Psalmis
1547 1342 1801 1375 Poenltentlahbus,
1819 1345 1846 1368 et

1026 1379 1150 1411 Litaniis,
1168 1383 1195 1406 et
1213 1380 1247 1406 de
1260 1380 1380 1406 Psalmis
1393 1379 1590 1414 Gradualibus,
1609 1381 1720 1414 quando
1739 1384 1767 1407 et
1780 1389 1846 1415 quo-

1025 1418 1123 1451 modo,
1142 1422 1199 1444 tam
1217 1419 1245 1445 in
1263 1419 1355 1445 Choro
1373 1427 1458 1453 quam
1477 1423 1554 1446 extra
1571 1419 1706 1453 Chorum,
1731 1419 1847 1446 dicenda

1025 1457 1089 1491 sint,
1101 1457 1240 1502 liabentur
1253 1458 1310 1484 suis
1323 1458 1390 1485 locis
1404 1459 1525 1493 propriae
1534 1458 1665 1485 Rubricae
1678 1458 1751 1485 circa
1764 1459 1845 1486 finem

1025 1496 1183 1562 Bregarxgffi
1186 1543 1254 1570 pore
1262 1536 1390 1564 Paschali
1399 1537 1427 1563 in
1438 1537 1538 1564 Officio
1547 1545 1635 1571 parvo
1644 1538 1733 1564 beatae
1743 1537 1846 1571 Mariae,

1026 1574 1103 1608 quod
1117 1575 1217 1602 dicitur
1230 1575 1258 1602 in
1273 1576 1373 1610 Choro,
1387 1584 1443 1602 non
1457 1576 1570 1603 additur
1587 1578 1703 1609 Alleluia
1711 1576 1846 1610 Antipho-

1025 1613 1076 1646 nis,
1092 1622 1182 1648 neque
1195 1615 1337 1649 Versibus,
1352 1623 1442 1649 neque
1456 1615 1659 1650 Responsoriis.

888 1700 1112 1735 &ww

473 1869 489 1878 “
538 1886 597 1917 Ex
624 1816 1467 1930 lwssiggfflsffffiipnssgffiuffl1¹1*AE‚

155 1941 181 1967 in
196 1950 313 1975 quarum
330 1943 417 1976 prima
432 1944 523 1970 statim
541 1946 627 1972 videri
643 1947 740 1980 poterit
756 1948 789 1973 de
805 1956 860 1980 quo
875 1949 1068 1974 celebrandum
1085 1950 1134 1974 erit
1150 1950 1287 1977 mincium,
1301 1950 1323 1975 si
1340 1950 1415 1983 plum
1432 1950 1527 1975 eodem
1544 1949 1586 1975 die
1600 1949 1677 1975 Festa
1693 1954 1845 1974 occurrunt.

256 1990 285 2016 ¹¹¹
304 1991 424 2017 secunda
446 1999 518 2024 Vero,
538 1995 678 2026 quomod«)
698 1996 827 2021 unicium
847 1997 1005 2029 praecedens
1024 2002 1169 2023 concurrat
1190 1997 1216 2022 in
1238 1997 1365 2030 Vespr-ris
1383 2006 1443 2023 euni
1466 1997 1564 2023 officio
1583 1997 1723 2029 sequentis
1743 1996 1803 2021 dici.

543 2042 580 2067 Ex
601 2046 717 2075 utruque
738 2044 850 2070 'sabell-<1
870 2044 920 2070 hoc
939 2045 1035 2070 ordine
1055 2045 1207 2077 reperietur
1226 2045 1300 2077 quod
1319 2045 1458 2078 quaeritur.

211 2101 296 2129 'mum
318 2102 476 2130 inveniatur
498 2111 631 2131 numerus
653 2104 761 2139 positus
785 2105 814 2132 in
831 2106 969 2140 quadran—

205 2141 269 2176 gulo
292 2141 354 2176 illo,
377 2142 406 2169 in
428 2150 484 2177 quo
502 2143 599 2177 Festa,
622 2144 656 2170 de
680 2144 783 2178 quibus
801 2149 842 2171 est
860 2149 968 2172 contro-

148 2180 248 2214 versia,
266 2180 319 2208 sibi
333 2181 451 2208 invicem
464 2185 627 2209 occurrunt:
645 2183 746 2210 deinde
759 2183 865 2218 legatur
878 2185 971 2218 regula

148 2219 225 2253 juxta
238 2219 342 2247 dictum
356 2228 503 2248 numerum
516 2221 663 2255 descripta,
677 2226 704 2249 et
719 2230 752 2249 ex
765 2231 798 2250 ea
812 2223 885 2250 clare
898 2223 971 2250 vide-

148 2258 224 2285 bitur
237 2259 306 2294 quid
319 2259 355 2286 sit
367 2260 513 2293 agendum.

201 2298 327 2332 Exempli
345 2299 445 2332 gratia:
464 2300 691 2334 Quadrangulus,
709 2300 738 2327 in
756 2308 812 2335 quo
831 2301 884 2328 sibi
903 2301 972 2328 invi-

148 2344 207 2363 cem
231 2340 381 2364 occurrunt
404 2338 515 2372 Duplex
538 2339 637 2373 primae
661 2339 756 2366 classis
779 2344 807 2367 et
825 2341 971 2367 Dominica

148 2375 246 2409 primae
259 2376 362 2410 classis,
381 2377 433 2404 erit
450 2378 498 2411 qui
513 2382 555 2404 est
567 2378 596 2405 in
609 2378 709 2412 angulo
723 2379 859 2413 superiori
873 2380 971 2414 prImae

149 2414 280 2448 Tabellas,
298 2415 326 2442 in
345 2424 401 2450 quo
415 2416 538 2450 signatus
553 2421 594 2444 est
608 2425 741 2444 numerus
761 2419 791 2451 1.,
809 2419 874 2452 quia
893 2419 917 2445 si
935 2419 971 2445 ad

149 2460 212 2480 eum
227 2457 283 2480 tam
296 2454 408 2489 Duplex
421 2464 505 2490 quam
519 2456 665 2483 Dominica
679 2457 813 2490 praedicta
827 2466 861 2484 ex
874 2466 971 2484 eorum

149 2491 216 2519 locis
226 2496 301 2520 recto
311 2494 421 2521 tramite
432 2499 586 2529 pergerent,
599 2496 627 2522 in
641 2503 674 2522 eo
688 2496 740 2522 sibi
750 2496 867 2523 invicem
877 2504 972 2523 occur-

149 2535 250 2559 rerent.
280 2532 387 2567 Regula
404 2537 497 2561 autem
515 2534 591 2568 juxta
609 2534 713 2561 dictum
727 2543 874 2562 numerum
887 2543 971 2570 appo-

150 2570 203 2597 sita
221 2571 260 2598 sic
277 2572 372 2600 habet:

203 2610 225 2636 1.
248 2610 404 2638 'mansuum
425 2613 457 2639 de
474 2614 570 2646 primo,
591 2614 718 2639 orricium
737 2613 769 2638 dc
785 2614 912 2639 secundo.
938 2613 972 2640 Id

150 2651 199 2681 est,
217 2648 329 2683 Duplex
350 2650 448 2684 primae
471 2651 567 2678 classis
589 2652 753 2686 praedictum
778 2652 972 2686 transferatur,

150 2690 178 2713 et
197 2687 327 2715 Officium
351 2689 400 2716 fiat
423 2690 458 2716 de
482 2691 628 2717 Dominiea
652 2691 750 2725 primae
773 2691 882 2718 elassis:
906 2691 980 2725 quia·

149 2733 212 2752 cum
231 2725 259 2753 iu
276 2726 320 2753 his
337 2728 438 2762 regulis
456 2729 558 2756 dicitur
570 2730 613 2756 De
625 2730 716 2764 primo
730 2738 779 2757 seu
795 2729 972 2765 praecedenti,

1021 2107 1180 2142 intelligitur
1198 2107 1232 2134 de
1250 2107 1333 2134 Festo
1356 2106 1384 2133 in
1402 2106 1539 2141 superiori
1558 2109 1638 2141 parte
1657 2105 1778 2133 Tabellae
1796 2113 1843 2140 ap-

1022 2147 1128 2181 posito,
1146 2150 1177 2173 ut
1195 2147 1306 2181 Duplex
1324 2146 1501 2181 praedictum,
1525 2154 1589 2172 cum
1607 2146 1642 2172 de
1660 2145 1780 2172 secundo
1799 2145 1842 2172 vel

1023 2186 1163 2219 sequenti,
1187 2186 1221 2212 de
1240 2186 1321 2212 Festo
1345 2185 1373 2212 in
1397 2185 1522 2212 inferiori
1546 2188 1625 2219 parte
1649 2185 1701 2211 sub
1719 2185 1842 2211 numeris

1023 2225 1159 2259 apposito,
1177 2229 1208 2252 ut
1225 2225 1371 2251 Dominica
1389 2224 1531 2259 praedicta.

1075 2265 1107 2291 In
1122 2264 1261 2298 aliquibus
1274 2268 1366 2291 autem
1381 2263 1579 2299 quadrangulis
1591 2263 1684 2290 nullus
1698 2263 1841 2297 appositus

1022 2307 1065 2330 est
1082 2311 1228 2336 numeruS‚
1246 2303 1291 2330 vel
1308 2304 1375 2337 quia
1392 2303 1483 2330 nullus
1501 2310 1645 2335 occursus,
1667 2310 1757 2336 neque
1779 2309 1841 2328 con-

1023 2350 1122 2368 cursus
1140 2350 1201 2369 esse
1216 2345 1319 2377 potest,
1343 2343 1386 2369 vel
1404 2342 1469 2377 quia
1489 2342 1517 2369 in
1534 2342 1654 2376 propriis
1673 2341 1739 2368 locis
1757 2341 1841 2368 adno-

1025 2385 1100 2408 tatur
1117 2381 1146 2408 in
1163 2381 1307 2408 Breviario
1326 2382 1394 2416 quid
1411 2382 1447 2408 sit
1465 2382 1608 2415 agendum.

1076 2420 1153 2448 Scire
1170 2424 1262 2447 tamen
1281 2425 1390 2455 oportet
1408 2429 1471 2455 quae
1489 2421 1545 2447 sint
1558 2420 1687 2454 Duplicia
1700 2419 1796 2454 primae
1814 2421 1842 2445 et

1025 2460 1153 2486 secundae
1167 2459 1270 2493 classis,
1284 2462 1311 2487 et
1325 2460 1428 2493 majora
1442 2467 1492 2493 per
1505 2467 1616 2492 annum,
1630 2462 1657 2486 et
1670 2466 1732 2493 quae
1747 2457 1841 2485 Domi-

1022 2498 1100 2532 nicae,
1119 2502 1146 2525 et
1163 2499 1251 2525 Feriae
1268 2499 1385 2532 majores
1404 2499 1539 2525 dieantur.

1194 2558 1358 2602 Duplicia
1379 2558 1502 2602 primae
1526 2557 1674 2597 classis,

1026 2606 1052 2630 in
1077 2607 1178 2639 quibus
1202 2607 1273 2631 nullu
1300 2607 1328 2632 tit
1348 2608 1579 2633 ‹hunvnemuratiu
1604 2614 1838 2639 quorumcumque

1028 2645 1169 2670 Festorum
1182 2646 1392 2672 occurrentium,
1408 2646 1456 2671 nisi
1474 2651 1554 2678 prout
1570 2653 1651 2678 supra
1668 2646 1692 2670 in
1709 2645 1839 2670 Rubris-is

1023 2692 1161 2719 Nativitas
1179 2692 1299 2719 Domini.

1022 2730 1178 2765 Epiphania
1197 2731 1317 2758 Domini.
