2080 2990
520 233 587 266 Dic
615 234 666 266 22.
692 233 799 266 Febr.
848 233 1052 266 Cathcdrae
1079 233 1112 265 S.
1137 233 1237 267 Petri
1268 235 1494 268 Antiochiae.

153 325 291 376 coelis3
315 330 359 366 et
379 325 690 377 quodcumque
710 325 895 368 selveris
915 339 982 367 su-

1794 230 1864 265 489

1036 336 1136 365 31110
1162 329 1217 365 te.
1250 325 1388 366 Pasce
1414 338 1531 366 oves.
1566 325 1718 366 tileria
1735 325 1866 366 Patri.

151 393 232 433 per
248 385 426 430 terram,
452 381 532 423 erit
556 382 749 422 solutum
772 387 816 424 et
834 382 879 422 in
898 395 982 433 coe·
1035 380 1174 421 Pasce
1195 393 1312 422 oves.

152 436 217 477 lis.
242 437 299 477 Et
318 437 432 478 ideo.

463 491 613 530 Lectio
635 504 670 528 v.

151 542 377 650 Petrum
395 547 544 597 itaque
558 545 889 586 fundamentum
902 545 981 587 Ec-

254 600 400 641 clesiae
419 601 635 642 Deminus
658 601 914 643 nominavit:
940 606 984 643 et

151 655 253 697 ideo
280 657 410 707 digne
437 657 768 699 fundamentum
792 657 878 698 1100
902 658 982 698 Ec-

154 712 287 753 clesia
315 713 438 762 colit,
469 726 602 765 supra
632 713 753 765 quod
781 713 982 755 00010513-

153 769 252 809 51101
298 768 473 810 aedificii
520 769 707 811 altitudo
749 770 983 820 consurgit.

153 823 282 866 Unde
315 825 626 866 convenienter
658 825 876 875 Psalmus,
910 826 984 877 qui

151 879 294 921 lectus
319 885 402 931 est,
436 880 555 922 dicit:
586 881 793 922 Exaltent
817 894 916 922 eum
940 882 984 922 in

154 936 341 977 ecclesia
357 936 519 989 plebis,
549 942 593 979 et
616 937 661 977 in
685 937 896 979 cathedra
920 951 983 980 50-

152 991 326 1033 nierum
357 992 537 1035 laudent
564 1005 674 1034 eum.
715 993 984 1036 Benedictus

152 1047 284 1099 Deus,
306 1049 381 1100 qui
398 1048 579 1090 beatum
598 1050 779 1091 Petrum
792 1049 984 1102 Apesto-

152 1103 243 1144 lum
265 1104 310 1144 in
327 1104 527 1146 Ecclesia
551 1105 735 1146 exaltari
755 1106 984 1158 praecepit:

154 1160 255 1211 (luia
281 1159 460 1211 dignum
486 1166 553 1202 est
580 1166 629 1202 ut
653 1161 985 1203 fundamentum
1040 1133 1078 1206 J
1131 1119 1182 1182 135.

152 1215 238 1256 hoc
280 1216 325 1256 in
360 1216 559 1257 Ecclesia
600 1217 858 1267 honoretur,
904 1230 984 1270 per

155 1270 276 1322 quod
295 1271 351 1312 ad
371 1272 531 1313 coelum
551 1273 871 1314 conscenditur.

206 1331 256 1382 R.
283 1327 378 1378 Ego
406 1341 489 1380 pro
515 1334 560 1370 te
584 1329 738 1379 rogavi
761 1329 909 1379 Petre,
937 1334 984 1370 ut

153 1395 242 1424 non
266 1383 443 1425 deficiat
467 1384 579 1426 fides
602 1390 693 1426 tua:
712 1386 733 1407 *
753 1385 812 1425 Et
836 1389 886 1426 tu
910 1385 982 1425 ali-

155 1439 333 1490 quando
375 1440 615 1481 conversus
653 1441 865 1482 confirma
901 1441 982 1482 fra-

153 1499 244 1536 tres
262 1501 375 1537 tuos.
412 1492 462 1543 V.
489 1497 602 1538 Caro
628 1501 672 1538 et
695 1497 871 1548 sanguis
895 1510 984 1538 non

154 1551 365 1593 revelavit
382 1551 477 1602 tibi,
496 1551 576 1594 sed
594 1553 726 1594 Pater
744 1565 883 1603 meus,
911 1553 984 1605 qui

155 1611 222 1648 est
239 1607 284 1647 in
303 1608 440 1649 coelis.
467 1608 535 1650 Et.

464 1669 616 1718 Lectio
638 1669 689 1708 vi.

240 1721 331 1764 uod
348 1723 507 1764 natalis
527 1736 633 1776 ergo
656 1725 890 1767 Cathedrae
908 1725 984 1767 he-

263 1778 333 1820 die
358 1779 527 1830 celitur,
548 1780 822 1823 sacerdotale
847 1782 983 1823 hono-

154 1836 275 1877 ratur
304 1833 508 1876 officium.
545 1836 637 1878 Sibi
660 1835 747 1878 hoc
771 1838 983 1879 Ecclesiae

154 1891 342 1933 invicem
368 1897 600 1944 praestant,
634 1893 736 1944 quia
762 1898 885 1935 tanto
913 1907 984 1935 ne-

156 1949 279 1988 cesse
302 1948 403 2000 plus
425 1947 560 1990 habet
577 1949 777 1990 Ecclesia
802 1949 984 2000 dignita-

154 2003 229 2053 tis,
276 2009 440 2056 quanto
478 2004 752 2046 sacerdotale
794 2005 987 2046 officium

155 2058 256 2112 plus
286 2059 477 2101 honeris.
522 2060 631 2101 Cum
664 2061 987 2102 solemnitatem

156 2115 269 2157 hanc
282 2115 493 2157 Ecclesiis
511 2117 669 2158 merito
688 2117 892 2181 religiesa
912 2117 986 2158 ob-

157 2171 347 2214 servatio
378 2171 690 2217 introduxerit,
724 2173 877 2223 miror,
910 2185 987 2213 cur

157 2226 277 2279 apud
296 2226 512 2280 quosdam
530 2227 729 2269 infideles
745 2227 879 2270 hedie
896 2233 988 2269 tam

156 2284 430 2336 perniciesus
450 2296 573 2325 error
591 2285 833 2334 increverit,
852 2289 900 2326 ut
920 2297 986 2325 su-

156 2351 237 2391 per
254 2339 448 2381 tumulos
472 2339 778 2382 defuncterum
801 2316 924 2382 c'ibos
946 2345 988 2382 et

158 2395 259 2435 vina
286 2396 528 2446 censerant,
561 2397 686 2447 quasi
715 2397 904 2447 egressae
933 2396 988 2437 de

160 2450 420 2502 corperibus
454 2452 610 2493 animae
639 2452 836 2493 carnales
865 2452 988 2493 cibos

159 2508 394 2558 requirant.

214 2563 264 2614 R.
290 2562 420 2604 Petre
441 2576 562 2605 amas
585 2562 678 2605 me?
707 2564 776 2604 Tu
797 2563 882 2604 scis
901 2563 988 2603 De-

158 2617 292 2666 mine,
321 2619 423 2687 quia
451 2632 550 2661 amo
578 2625 634 2661 te.
662 2619 683 2641 *
712 2620 850 2660 Pasce
882 2631 989 2659 oves

159 2668 353 2719 11103511.
387 2674 538 2716 Simon
557 2676 582 2716 J
585 2678 739 2716 oanms
757 2674 900 2724 diligis
918 2687 988 2715 me

159 2727 259 2780 plus
289 2727 379 2769 his?
426 2729 496 2771 Tu
527 2731 614 2772 scis
645 2731 852 2779 Demine,
887 2731 991 2781 quia

315 2867 379 2893 Pars
394 2868 529 2894 Hiemalis.

1252 448 1299 485 In
1328 449 1397 486 III.
1427 449 1648 487 Nocturno.

1039 501 1189 542 Lectio
1216 500 1355 541 sancti
1374 500 1601 551 Evangelii
1626 501 1868 542 secundum

1317 556 1587 598 Matthaeum.

1142 615 1292 655 Lectio
1316 616 1381 653 vii.
1530 618 1630 665 (lap.
1652 618 1704 653 111,
1723 616 1760 653 b.

1036 667 1112 772 In
1144 672 1220 713 illo
1252 674 1467 725 tempore:
1499 674 1633 714 Venit
1664 674 1792 714 Jesus
1824 673 1867 713 in

1101 733 1250 780 partes
1271 729 1486 770 Caesareae
1504 729 1714 782 Philippi,
1741 734 1784 770 et
1807 729 1866 769 in-

1037 785 1291 835 terrogabat
1311 785 1553 838 discipulos
1570 799 1684 835 suos,
1704 785 1867 826 dicens:

1039 841 1179 890 Quem
1204 841 1352 883 dicunt
1375 841 1575 882 hemines
1596 854 1692 883 esse
1711 841 1868 882 Filium

1037 896 1247 937 heminis?
1275 897 1333 938 Et
1352 898 1532 949 reliqua.

1111 961 1299 1001 Homilia
1318 961 1457 1003 sancti
1475 961 1637 1002 Leenis
1656 961 1801 1015 Papae.

1080 1020 1195 1051 801111
1215 1019 1242 1051 3,
1264 1019 1298 1051 111
1320 1020 1510 1052 ’1111111015
1530 1026 1712 1061 ’1550111111
1734 1031 1774 1052 511
1783 1032 1823 1053 w:

1320 1072 1405 1109 pUS‘(
1426 1067 1583 1100 11111111111.

1041 1214 1051 1220 „
1069 1198 1088 1225 „b
1148 1160 1182 1220 (ὲ)
1205 1181 1252 1209 50
1288 1168 1487 1210 hemines
1521 1169 1770 1220 opinentur,
1807 1171 1867 1211 in-

1041 1211 1182 1249 '⁴‘²³*⁴²'*·²*³²‘’0
1203 1226 1415 1275 terrogat.
1447 1229 1491 1265 et
1521 1225 1689 1266 tamdiu
1722 1239 1867 1268 sermo

1036 1280 1397 1332 respondentium
1414 1282 1611 1322 comunis
1627 1286 1705 1331 est,
1727 1285 1868 1334 quam·

1038 1335 1112 1377 diu
1125 1335 1328 1376 humanae
1344 1337 1642 1387 intelligentiae
1658 1338 1866 1389 ambigui-

1036 1396 1104 1432 tas
1125 1392 1380 1444 explicatur.
1408 1392 1468 1434 At
1488 1393 1563 1434 ubi
1584 1392 1690 1444 quid
1706 1393 1868 1436 habeat

1038 1460 1191 1488 sensus
1218 1447 1533 1500 discipulerum
1553 1450 1754 1500 exigitur,
1782 1450 1866 1502 pri-

1038 1517 1134 1544 mus
1155 1504 1279 1545 estin
1293 1505 1472 1545 Demini
1487 1505 1774 1555 confessiene,
1795 1507 1868 1558 qui

1037 1560 1203 1611 primus
1223 1565 1290 1601 est
1307 1560 1351 1600 in
1366 1561 1626 1612 Apostelica
1646 1560 1868 1612 dignitate.

1038 1616 1122 1665 Qui
1147 1629 1247 1657 cum
1272 1615 1469 1658 dixisset:
1502 1617 1572 1657 Tu
1596 1629 1643 1658 es
1669 1617 1868 1659 Christus

1037 1671 1172 1712 Filius
1192 1671 1276 1713 Dei
1294 1672 1397 1713 vivi:
1418 1672 1649 1724 respendit
1669 1673 1708 1714 ei
1726 1673 1750 1713 J
1753 1686 1868 1714 esus:

1037 1727 1203 1768 Beatus
1232 1740 1279 1768 es
1308 1728 1457 1769 Simon
1482 1728 1730 1778 Bar-Jona,
1766 1730 1868 1780 quia

1039 1796 1141 1824 caro
1169 1788 1213 1824 et
1237 1784 1413 1834 sanguis
1438 1797 1527 1824 non
1549 1784 1760 1826 revelavit
1777 1785 1867 1834 tibi,

1039 1839 1119 1880 sed
1141 1840 1272 1881 Pater
1297 1852 1437 1889 meus,
1469 1840 1543 1891 qui
1572 1840 1615 1879 in
1642 1841 1764 1881 coelis
1790 1846 1867 1882 est.

1038 1894 1091 1936 Id
1110 1900 1192 1945 est,
1221 1895 1321 1936 ideo
1345 1895 1501 1936 beatus
1527 1908 1589 1945 es,
1619 1896 1720 1947 quia
1737 1897 1869 1937 Pater

1037 1958 1165 1992 meus
1181 1956 1225 1992 te
1245 1951 1408 1992 decuit:
1429 1964 1510 1992 nec
1528 1954 1703 1992 terrena
1721 1952 1868 2004 opinio

1038 2011 1082 2048 te
1109 2006 1279 2056 fefellit,
1312 2007 1391 2048 sed
1418 2006 1648 2059 inspiratio
1678 2007 1868 2049 coelestis

1038 2062 1256 2103 instruxit.
1286 2068 1329 2104 et
1355 2075 1444 2104 non
1473 2076 1576 2104 caro
1605 2068 1650 2104 et
1677 2063 1869 2130 sanguis,

1039 2117 1120 2159 sed
1143 2117 1216 2158 ille
1241 2131 1310 2159 me
1330 2119 1425 2169 tibi,
1455 2119 1575 2169 cujus
1602 2132 1698 2159 sum
1724 2119 1869 2169 unige-

1039 2174 1157 2214 nitus
1175 2173 1322 2224 Filius,
1341 2150 1561 2216 indicavit.

1094 2229 1143 2279 Rv-
1174 2231 1315 2280 Quem
1353 2230 1502 2272 dicunt
1538 2230 1737 2271 hemines
1772 2243 1869 2272 esse

1041 2285 1199 2326 Filium
1223 2285 1434 2327 heminis?
1461 2285 1572 2327 dixit
1594 2287 1619 2326 J
1622 2299 1720 2327 esus
1745 2285 1869 2327 disci-

1040 2340 1155 2393 pulis
1180 2342 1280 2382 suis.
1314 2340 1607 2394 Respendens
1626 2343 1782 2382 Petrus
1807 2341 1868 2383 di-

1041 2397 1118 2438 xit:
1140 2397 1209 2438 Tu
1229 2410 1275 2438 es
1295 2397 1494 2439 Christus
1513 2397 1648 2438 Filius
1668 2398 1753 2438 Dei
1771 2397 1869 2438 vivi.

1043 2451 1065 2473 *
1084 2453 1141 2494 Et
1167 2465 1250 2503 ego
1276 2452 1375 2494 dico
1401 2453 1497 2502 tibi,
1526 2453 1628 2504 quia
1649 2457 1698 2494 tu
1722 2465 1768 2493 es
1792 2453 1869 2493 Pe-

1040 2513 1152 2558 trus,
1181 2514 1224 2550 et
1248 2521 1380 2561 super
1404 2508 1515 2549 hanc
1540 2513 1712 2569 petram
1737 2507 1868 2549 aedifi-

1042 2564 1153 2605 cabo
1176 2564 1420 2605 Ecclesiam
1441 2556 1681 2606 11103111.Ἐῖ
1705 2564 1868 2604 Beatus

1042 2632 1089 2660 es
1116 2619 1267 2660 Simon
1290 2620 1397 2660 Bar·
1405 2620 1429 2660 J
1433 2632 1531 2668 ona
1565 2619 1668 2670 quia
1695 2631 1796 2659 caro
1826 2623 1870 2659 et

1042 2675 1219 2726 sanguis
1237 2688 1327 2716 non
1345 2651 1557 2716 revelavit
1576 2674 1673 2724 tibi,
1693 2673 1770 2715 sed
1789 2673 1868 2713 Pa-

1041 2734 1109 2772 ter
1132 2743 1255 2772 meus
1282 2730 1356 2782 qui
1378 2735 1446 2771 est
1466 2729 1510 2770 in
1528 2729 1662 2771 coelis.
1698 2729 1755 2769 Et
1774 2740 1869 2778 ego.

1600 2857 1642 2888 32
