2040 2990
764 186 968 220 Dominica
991 188 1040 221 ad
1065 188 1227 222 Laudes.

1810 183 1852 217 17

195 279 435 320 Benedicat
447 284 565 320 terra
578 280 829 320 Dominum:
844 280 867 305 *
882 280 969 320 lau-

143 335 227 384 det,
249 339 291 376 et
311 335 607 387 superexaltet
627 348 726 376 eum
740 336 783 375 in
799 336 970 376 saecula.

195 390 447 432 Benedicite
472 396 644 432 montes
665 396 708 432 et
728 391 863 432 colles
882 392 969 432 Do-

142 447 274 487 mino:
307 448 331 472 *
356 446 602 488 benedicite
638 448 840 488 universa
877 460 969 497 ger-

141 503 349 544 minantia
367 503 410 543 in
430 508 547 544 terra
566 504 767 544 Domino.

195 558 448 600 Benedicite
468 559 611 600 fontes
631 559 836 600 Domino:
855 561 879 585 *
897 559 968 601 be-

140 614 328 656 nedicite
347 615 485 655 maria
508 620 552 656 et
571 615 748 656 flumina
766 615 968 656 Demino.

194 670 447 712 Benedicite
473 676 583 720 cete,
616 676 659 711 et
679 671 839 720 omnia,
869 685 967 723 quae

141 728 372 767 moventur
396 727 439 766 in
464 727 604 779 aquis,
629 727 836 767 Domino:
855 728 878 753 *
897 727 968 768 be-

140 781 327 823 nedicite
353 795 504 823 omnes
528 782 729 824 volucres
758 783 858 824 coeli
882 784 969 823 Do-

141 838 270 878 mino.

193 893 445 935 Benedicite
474 906 626 935 omnes
651 894 804 936 bestiae
830 900 873 936 et
897 898 968 947 pe-

141 962 244 990 cora
264 950 471 990 Domino:
490 951 513 975 *
533 949 778 992 benedicite
799 950 873 990 filii
894 951 967 991 ho-

140 1005 303 1046 minum
322 1005 524 1046 Demino.

192 1060 432 1102 Benedicat
444 1062 581 1102 Israel
588 1063 825 1103 Deminum
833 1080 840 1103 :
849 1065 872 1089 *
881 1064 968 1104 lau-

143 1115 218 1157 det
237 1122 281 1157 et
300 1117 598 1169 superexaltet
617 1131 715 1159 eum
734 1119 776 1158 in
797 1120 968 1160 saecula.

194 1172 446 1214 Benedicite
493 1174 747 1215 sacerdt‘Jtes
792 1176 969 1215 Demini

140 1228 347 1269 Demino:
361 1229 385 1254 *
399 1228 644 1271 benedicite
664 1231 777 1271 servi
793 1231 970 1271 Demini

140 1284 342 1325 Demino.

193 1340 446 1382 Benedicite
483 1342 681 1393 spiritus,
727 1347 771 1383 et
813 1343 968 1383 animae

141 1396 353 1446 justorum
398 1397 610 1437 Domino:
655 1399 678 1423 *
724 1397 969 1439 benedicite

142 1452 299 1499 sancti,
328 1458 371 1493 et
398 1452 583 1494 humiles
608 1453 740 1494 corde
765 1454 968 1494 Domino.

193 1507 448 1549 Benedicite
472 1509 659 1557 Anam‘a,
689 1509 863 1558 Azaria‚
892 1510 967 1550 Mi-

142 1562 233 1603 sael
258 1563 465 1604 Demino:
493 1565 517 1589 *
544 1564 721 1606 laudate
751 1571 794 1606 et
822 1579 968 1617 super-

142 1618 330 1660 exaltate
350 1632 450 1660 eum
466 1620 511 1660 in
530 1621 701 1662 saecula.

194 1674 512 1716 Benedicamus
539 1677 714 1718 Patrem
744 1682 787 1718 et
813 1677 969 1718 Filium

142 1742 241 1771 cum
265 1736 416 1772 sancto
436 1732 614 1784 Spiritu:
633 1734 656 1758 *
675 1733 902 1774 laudemus
927 1739 970 1774 et

142 1786 517 1838 superexaltemus
538 1801 636 1829 eum
654 1789 697 1828 in
717 1789 887 1830 saecula.

194 1842 459 1884 Benedictus
483 1857 530 1884 es
549 1845 737 1885 Demine
761 1845 803 1884 in
828 1845 968 1886 firma-

141 1899 289 1939 mento
309 1898 424 1939 coeli:
443 1899 467 1924 *
487 1905 531 1940 et
548 1899 795 1949 laudabiliS,
816 1906 860 1942 et
878 1901 968 1951 glo-

141 1953 294 2003 ri6sus,
314 1959 357 1995 et
374 1955 723 2007 superexaltatus
738 1957 781 1996 in
797 1957 968 1998 saecula.

192 2026 267 2060 Hic
305 2035 382 2059 non
414 2026 486 2059 dic.
517 2023 651 2059 Gloria
682 2024 804 2067 Patri,
843 2036 966 2068 neque

140 2071 280 2114 Amen;
307 2073 346 2106 in
371 2072 459 2106 aliis
484 2072 655 2107 Canticis
682 2073 868 2106 dicuntur.

193 2129 277 2169 Per
315 2128 499 2168 Annum.
550 2129 649 2168 Ant.
696 2129 807 2168 Tres
844 2128 969 2179 paeri

140 2183 259 2233 jussu
277 2182 392 2232 regis
410 2182 453 2222 in
473 2182 697 2223 fornacem
719 2183 838 2223 missi
859 2189 969 2232 sunt,

141 2251 229 2278 non
260 2238 463 2279 timentes
495 2238 714 2279 flammam
746 2239 875 2289 ignis,
909 2239 967 2280 di-

143 2295 305 2335 centes:
325 2293 589 2335 Benedictus
609 2295 740 2335 Deus.

197 2359 295 2399 Ant.
324 2357 516 2408 Alleluia.

406 2449 603 2488 Psalmus
625 2450 710 2488 148.

209 2515 367 2556 audate
378 2515 614 2555 Deminum
631 2515 685 2556 de
701 2515 870 2556 coelis:*
881 2515 968 2556 lau-

247 2570 348 2611 date
369 2583 467 2611 eum
485 2571 529 2610 in
549 2570 743 2611 excelsis.

193 2625 391 2667 Laudate
411 2639 511 2667 eum
526 2638 677 2667 omnes
692 2625 848 2675 Angeli
864 2626 968 2676 ejus:

143 2680 356 2723 *laudate
375 2694 474 2723 eum
494 2694 645 2722 omnes
664 2682 847 2722 virtutes
867 2681 977 2732 ejus.-

1074 279 1272 320 Laudate
1297 292 1395 320 eum
1419 278 1485 319 sol
1510 284 1553 319 et
1575 278 1691 319 luna:
1715 279 1738 303 *
1762 278 1849 319 lau-

1023 335 1125 376 date
1146 348 1244 376 eum
1266 347 1416 375 omnes
1437 334 1585 383 stellae,
1606 339 1648 375 et
1667 334 1824 376 lumen.

1073 391 1271 432 Laudate
1291 404 1390 431 eum
1410 390 1511 431 coeli
1526 390 1753 431 coelorum:
1768 391 1791 415 *
1807 397 1850 431 et

1023 460 1149 499 aquae
1186 460 1354 494 omnes,
1402 459 1499 498 quae
1542 459 1672 498 super
1711 446 1849 487 coelos

1023 508 1132 551 sunt,
1153 502 1330 544 laudent
1348 515 1507 543 nomen
1526 502 1711 542 Demini.

1075 559 1185 609 Quia
1211 559 1304 610 ipse
1330 558 1453 606 dixit,
1483 562 1526 598 et
1551 558 1665 598 facta
1691 564 1805 599 sunt:
1826 560 1848 583 *
1896 554 1900 595 ἶ

1021 616 1116 667 ipse
1136 614 1370 663 mandavit,
1391 619 1434 655 et
1453 616 1600 654 creata
1622 619 1730 654 sunt.

1073 671 1233 712 Statuit
1254 683 1304 711 ea
1323 671 1366 710 in
1387 672 1612 717 aeternum,
1637 675 1680 710 et
1704 670 1746 709 in
1771 672 1847 710 sae-

1022 727 1167 767 culum
1187 726 1350 767 saeculi:
1365 727 1388 751 *
1403 728 1675 777 praeceptum
1691 726 1847 777 pesuit.

1022 788 1065 823 et
1085 795 1173 823 non
1192 781 1445 834 praeteribit.

1072 838 1270 879 Laudate
1302 838 1539 878 Dominum
1570 837 1624 877 de
1658 842 1794 884 terra,
1825 838 1847 862 *

1022 895 1247 942 dracones,
1267 899 1311 935 et
1330 906 1481 934 omnes
1499 892 1655 943 abyssi.

1073 951 1206 1000 Ignis,
1223 949 1408 999 grando,
1426 949 1514 997 nix,
1533 947 1707 998 glacies,
1727 949 1847 999 spiri-

1021 1012 1092 1047 tus
1111 1005 1417 1058 procellarum:
1428 1006 1451 1030 *
1464 1017 1562 1055 quae
1579 1004 1742 1044 faciunt
1757 1017 1847 1044 ver-

1021 1062 1125 1103 bum
1147 1063 1254 1113 ejus:

1073 1118 1261 1166 MonteS‚
1288 1122 1331 1158 et
1348 1129 1500 1157 omnes
1522 1115 1671 1156 colles:
1690 1116 1713 1140 *
1734 1115 1847 1165 ligna

1022 1174 1253 1222 fructifera,
1277 1179 1320 1215 et
1340 1185 1491 1213 omnes
1511 1171 1641 1212 cedri.

1073 1230 1254 1278 Bestiae,
1302 1234 1345 1270 et
1380 1229 1582 1269 universa
1614 1229 1793 1279 pecora:
1825 1228 1847 1252 *

1022 1287 1259 1337 serpentes,
1279 1290 1323 1326 et
1342 1284 1542 1325 volucres
1562 1285 1779 1335 pennatae:

1074 1342 1218 1391 Reges
1235 1346 1382 1389 terrae,
1404 1346 1447 1381 et
1468 1352 1618 1380 omnes
1639 1339 1804 1391 populi:
1824 1340 1846 1363 *

1021 1398 1258 1449 principes,
1283 1402 1326 1437 et
1350 1409 1500 1436 omnes
1523 1395 1687 1446 judices
1706 1400 1846 1435 terrae.

1072 1453 1097 1492 J
1099 1455 1278 1501 uvenes,
1307 1457 1350 1493 et
1372 1452 1575 1501 virgines:
1600 1463 1727 1491 senes
1748 1463 1846 1490 cum

1021 1508 1258 1559 juniaribus
1278 1507 1457 1548 laudent
1476 1520 1636 1547 nomen
1656 1506 1846 1546 Domini:

1020 1565 1043 1589 *
1074 1565 1174 1616 quia
1207 1564 1444 1604 exaltatum
1477 1568 1543 1604 est
1571 1575 1728 1614 nomen
1758 1563 1846 1612 ejus

1022 1620 1167 1661 solius.

1075 1676 1300 1717 Confessio
1327 1677 1415 1726 ejus
1441 1687 1572 1726 super
1600 1674 1774 1721 coelum,
1804 1678 1846 1713 et

1020 1737 1200 1773 terram:
1232 1733 1255 1757 *
1286 1737 1329 1772 et
1367 1731 1574 1771 exaltavit
1604 1742 1739 1770 cornu
1771 1730 1844 1779 po-

1021 1788 1111 1840 puli
1130 1788 1207 1828 sui.

1073 1844 1273 1894 Hymnus
1293 1841 1493 1882 omnibus
1515 1840 1675 1881 sanctis
1696 1841 1802 1890 ejus:
1822 1841 1844 1864 *

1021 1899 1119 1940 filiis
1131 1897 1277 1945 Israel,
1295 1897 1460 1949 populo
1476 1896 1845 1948 appropinquanti

1021 1954 1113 1995 sibi.

1074 2023 1148 2056 Hic
1172 2033 1250 2057 non
1273 2023 1413 2056 dicitur
1438 2020 1572 2055 Gloria
1595 2020 1710 2055 Patri.

1287 2108 1485 2148 Psalmus
1503 2110 1588 2148 149.

1025 2169 1246 2275 Cantate
1276 2181 1466 2221 Domino
1514 2179 1729 2220 canticum
1771 2191 1843 2218 no-

1116 2250 1236 2277 vum:
1267 2237 1291 2262 *
1326 2236 1420 2276 laus
1457 2236 1547 2286 ejus
1583 2235 1626 2274 in
1662 2234 1845 2275 ecclesia

1020 2295 1282 2335 sanctorum.

1071 2349 1265 2389 Laetetur
1292 2347 1429 2387 Israel
1456 2347 1499 2386 in
1526 2358 1598 2394 eo,
1640 2345 1713 2396 qui
1742 2345 1844 2385 fecit

1021 2417 1133 2445 eum:
1165 2405 1189 2430 *
1222 2409 1265 2444 et
1298 2403 1375 2443 filii
1406 2402 1509 2443 Sion
1546 2400 1764 2442 exsultent
1800 2400 1843 2440 in
1881 2405 1884 2411 “

1020 2473 1123 2509 rege
1142 2472 1232 2500 suo.

1071 2515 1271 2556 Laudent
1302 2526 1461 2554 nomen
1492 2513 1582 2563 ejus
1613 2512 1656 2551 in
1689 2511 1842 2552 choro:

1019 2571 1043 2596 *
1073 2571 1116 2610 in
1149 2573 1376 2621 tympano,
1413 2573 1456 2609 et
1487 2567 1694 2619 psalterio
1731 2565 1840 2617 psal-

1018 2626 1110 2667 lant
1129 2626 1177 2667 ei.

1072 2682 1182 2732 Quia
1210 2680 1531 2733 beneplacitum
1559 2684 1625 2719 est
1651 2676 1839 2718 Demino
