2080 2990
492 230 668 264 Officium
694 231 867 264 votivum
893 230 939 264 dc
965 230 999 264 S
1025 230 1174 273 Joseph
1200 231 1353 273 Sponso
1379 232 1419 265 B.
1446 232 1491 265 M.
1518 233 1559 266 V.

217 325 435 375 Quoniam
468 330 516 367 tu
552 327 811 379 percussisti
842 339 994 369 omnes

164 381 451 423 adversantes
470 382 577 423 mihi
592 383 686 424 sine
701 396 847 424 causa:
857 385 881 411 *
893 383 994 425 den-

163 442 232 478 tes
250 440 538 490 peccatorum
557 439 816 481 contrivisti.

215 494 395 535 Domini
415 499 483 536 est
507 495 642 536 salus:
659 497 683 523 *
702 500 747 537 et
766 509 900 548 super
918 497 994 548 po-

163 549 316 602 pulum
334 555 458 592 tuum
475 550 727 593 benedictio
746 557 833 593 tua.

218 615 316 654 Ant.
352 613 470 653 Ecce
494 612 689 663 Angelus
714 613 890 654 Domini
920 627 993 665 ap-

162 667 308 719 paruit
338 668 382 708 in
416 669 580 710 somnis
612 668 796 721 Joseph‚
828 669 994 711 dicens:

161 723 317 774 Surge,
349 729 393 765 et
421 725 572 777 accipe
602 729 805 778 puerum,
839 731 883 767 et
906 739 993 767 ma-

160 784 274 821 trem
292 780 396 832 ejus,
415 785 459 822 et
480 780 580 832 fuge
598 782 643 821 in
660 782 915 834 AEgyptum.

217 831 267 883 V.
280 835 535 878 Confitebor
545 838 710 878 nomini
720 843 808 879 tuo.
829 840 875 891 [ἦ.
885 838 994 887 Quo-

161 891 278 932 niam
311 892 485 944 adjutor
509 897 561 934 'et
591 896 819 945 protector
851 894 991 935 factus

161 960 208 988 es
236 948 353 989 mihi.

216 1009 421 1044 Lectiones
454 1010 500 1045 de
532 1010 730 1055 Scriptura
760 1018 994 1047 occurrente.

215 1061 266 1113 Rz.
279 1062 303 1101 i.
323 1060 539 1102 Clamavit
552 1061 746 1114 populus
762 1062 818 1103 ad
832 1075 992 1113 regem,

161 1115 367 1157 alimenta
389 1122 562 1169 petens:
590 1123 612 1144 ¹*
638 1118 807 1168 Quibus
831 1119 903 1160 ille
928 1132 992 1160 re-

161 1171 354 1223 spondit:
384 1173 452 1214 Ite
481 1173 538 1215 ad.
565 1174 743 1227 Joseph.
787 1173 837 1224 V.
865 1176 991 1217 Salus

159 1232 312 1269 nostra
346 1229 390 1269 in
426 1243 558 1271 manu
593 1235 669 1271 tua
702 1236 784 1272 est:
820 1233 990 1285 respice

158 1289 434 1390 gosgantum,
454 1291 498 1327 et
515 1285 607 1328 laeti
626 1288 868 1329 serviemus
888 1289 990 1339 regi.

200 1353 244 1381 u1
276 1354 338 1382 us.

214 1396 264 1448 R2.
288 1396 328 1436 ii.
364 1397 489 1440 Fecit
515 1411 586 1440 me
611 1400 733 1441 Deus
763 1401 887 1453 quasi
914 1414 988 1454 pa·

157 1456 271 1494 trem
293 1454 426 1505 regis,
455 1459 498 1497 et
523 1455 749 1498 dominum
772 1458 989 1498 universae

158 1508 315 1551 domus
334 1511 439 1562 ejus:
462 1516 485 1539 *
500 1512 726 1554 Exaltavit
744 1526 824 1563 me,
843 1518 892 1554 ut
907 1514 988 1555 sal-

155 1578 237 1607 vos
255 1566 422 1608 faceret
435 1568 598 1610 multos
612 1570 816 1622 populos.
841 1566 987 1617 Ἕνε-

155 1623 245 1663 nite
272 1622 330 1664 ad
353 1636 442 1674 me,
470 1629 515 1665 et
540 1637 622 1675 ego
649 1625 765 1667 dabo
790 1626 917 1668 vobis
944 1629 986 1667 o-

155 1678 273 1719 mnia
297 1678 414 1720 bona
435 1680 634 1733 AEgypti,
668 1687 717 1723 ut
743 1682 986 1724 comedatis

156 1733 394 1776 medullam
412 1740 554 1777 terrae.
581 1737 812 1780 Exaltavit.

213 1791 264 1842 R.
291 1790 346 1831 iii.
383 1792 482 1832 Jam
512 1792 642 1834 laetus
671 1795 852 1845 moriar,
885 1795 987 1847 quia

155 1844 246 1887 vidi
278 1846 434 1888 faciem
463 1852 600 1898 tuam,
634 1854 678 1890 et
705 1851 987 1903 superstitem

155 1906 200 1942 te
232 1902 444 1954 relinquo.
495 1904 597 1945 Non
629 1918 725 1946 sum
757 1905 986 1948 fraudatus

156 1959 339 2010 aspectu
374 1963 467 2000 tuo:
511 1963 534 1986 *
565 1961 752 2014 Insuper
794 1962 986 2004 ostendit

155 2013 261 2054 mihi
279 2014 495 2056 Dominus
515 2028 664 2058 semen
682 2022 817 2058 tuum.
840 2014 890 2066 ys.
902 2019 986 2068 Qui

154 2069 298 2121 pascit
315 2083 386 2111 me
401 2070 456 2112 ab
472 2071 770 2115 adolescentia
785 2086 893 2124 mea,
913 2075 985 2116 be-

154 2125 329 2167 nedicat
356 2127 506 2179 pueris
535 2129 647 2178 istis,
685 2134 729 2170 et
758 2130 986 2171 invocetur

155 2193 289 2234 super
312 2195 389 2224 eos
414 2195 573 2225 nomen
597 2198 753 2226 meum.
789 2186 985 2238 Insuper.

160 2236 311 2279 Gloria
329 2239 460 2280 Patri.
487 2241 684 2293 Insuper.

385 2316 434 2355 In
461 2315 511 2355 ΙΙ.
540 2315 764 2355 Nocturno.

212 2381 311 2422 Ant.
334 2383 616 2435 Consurgens
634 2385 659 2425 J
661 2385 812 2438 oseph.

450 2452 648 2493 Psalmus
668 2454 706 2492 4.

375 2514 628 2556 invocarem
660 2514 883 2556 exaudivit
914 2527 984 2556 me

166 2615 172 2623 „-
193 2608 256 2626 ψ
286 2569 408 2610 Deus
439 2571 615 2621 justitiae
643 2584 771 2612 meae:
797 2572 820 2598 *
843 2571 888 2611 in
910 2571 983 2612 tri-

161 2620 189 2641 *
204 2626 254 2633 “²
287 2623 510 2667 bulatione
531 2625 724 2668 dilatasti
742 2627 856 2667 mihi.

205 2679 413 2722 Miserere
431 2682 528 2733 mei,
543 2683 566 2707 *
587 2687 630 2724 et
650 2682 808 2724 exaudi
824 2682 982 2724 oratio-

154 2747 255 2776 nem
273 2748 427 2777 meam.

307 2875 371 2900 Pars
387 2877 521 2903 Hiemalis.

1099 327 1197 367 Filii
1229 327 1456 370 hominum
1487 333 1719 382 usquequo
1757 332 1879 382 gravi

1048 381 1205 425 corde?
1234 384 1257 409 *
1285 389 1333 425 ut
1366 385 1472 436 quid
1505 386 1682 437 diligitis
1714 388 1877 428 vanita-

1047 444 1147 489 tem,
1177 445 1220 481 et
1241 441 1435 492 quaeritis
1454 442 1756 484 mendacium?

1098 496 1155 537 Et
1191 497 1349 538 scitote
1386 499 1603 549 quoniam·
1630 499 1879 540 mirificavit

1046 552 1262 593 Dominus
1287 559 1486 595 sanctum
1510 567 1651 595 suum:
1677 556 1700 580 *
1727 556 1877 597 Domi-

1046 621 1128 649 nus
1161 609 1368 650 exaudiet
1399 623 1470 651 me
1499 623 1598 652 cum
1626 611 1874 653 clamavero

1047 663 1104 706 ad
1124 677 1234 706 eum.

1100 721 1358 772 11ascimini,
1393 727 1437 764 et
1462 723 1598 764 nolite
1625 726 1826 775 peccare:
1853 725 1877 751 ¹⁸¹

1049 790 1147 829 quae
1172 777 1316 819 dicitis
1339 779 1382 819 in
1408 779 1616 820 cordibus
1637 780 1806 829 vestris,
1833 780 1877 820 in

1047 833 1262 874 cubilibus
1281 835 1440 876 vestris
1464 836 1817 887 compungimini.

1097 890 1351 932 Sacrificate
1389 892 1653 932 sacrificium
1689 892 1876 943 justitiae,

1047 950 1090 986 et
1117 948 1294 998 sperate
1322 947 1366 987 in
1393 948 1595 989 Domino.
1614 948 1638 973 *
1660 948 1788 989 Multi
1816 947 1875 989 di-

1046 1007 1163 1043 cunt:
1192 1004 1299 1053 Quis
1318 1003 1512 1045 ostendit
1530 1003 1658 1045 nobis
1677 1003 1817 1045 bona?

1097 1059 1324 1109 Signatum
1353 1065 1420 1101 est
1451 1073 1584 1112 super
1616 1072 1698 1101 nos
1730 1060 1876 1101 lumen

1045 1114 1191 1155 vultus
1215 1115 1278 1156 tui
1301 1115 1505 1157 Domine:
1533 1118 1556 1143 *
1585 1115 1746 1157 dedisti
1769 1116 1875 1157 laeti-

1044 1171 1151 1211 tiam
1169 1171 1213 1211 in
1233 1171 1368 1213 corde
1387 1184 1498 1213 meo.

1097 1227 1138 1268 A
1162 1227 1306 1268 fructu
1333 1228 1552 1277 frumenti,
1584 1228 1687 1277 vini,
1721 1232 1765 1269 et
1789 1228 1875 1269 olei

1046 1284 1113 1324 sui
1130 1285 1154 1310 *
1172 1284 1450 1336 multiplicati
1469 1288 1579 1324 sunt.

1095 1340 1146 1380 In
1171 1352 1281 1392 pace
1308 1340 1352 1380 in
1379 1339 1570 1392 idipsum
1595 1340 1618 1365 *
1648 1339 1873 1389 dormiam,

1045 1400 1088 1437 et
1108 1396 1396 1447 requiescam;

1095 1452 1311 1502 Quoniam
1325 1457 1373 1492 tu
1387 1452 1577 1492 Domine
1597 1451 1874 1502 singulariter

1041 1507 1085 1548 in
1105 1520 1183 1560 spe
1203 1508 1226 1533 *
1246 1508 1513 1549 constituisti
1531 1521 1612 1549 me.

1101 1564 1200 1604 Ant.
1229 1564 1512 1614 Consurgens
1540 1563 1725 1616 Joseph,
1753 1565 1874 1604 acce-

1044 1619 1109 1672 pit
1132 1623 1318 1672 puerum
1344 1626 1387 1662 et
1411 1625 1595 1661 matrem
1617 1621 1708 1671 ejus
1732 1624 1874 1668 nocte,

1041 1680 1084 1717 et
1101 1676 1284 1717 secessit
1301 1676 1345 1716 in
1360 1677 1618 1728 AEgyptum:
1637 1680 1680 1717 et
1701 1680 1795 1716 erat
1813 1674 1873 1716 ibi

1039 1744 1179 1784 usque
1199 1732 1255 1773 ad
1275 1732 1443 1773 obitum
1463 1731 1666 1773 Herodis.

1100 1791 1199 1831 Ant.
1220 1788 1440 1830 Defuncto
1460 1787 1652 1828 Herode.

1330 1844 1529 1884 Psalmus
1552 1845 1589 1883 5.

1132 1900 1237 1941 erba
1259 1913 1357 1941 mea
1381 1900 1560 1941 auribus
1583 1899 1763 1951 percipe
1783 1899 1867 1939 Do-

1149 1956 1281 2004 mine,
1326 1958 1350 1983 *
1395 1955 1590 2007 intellige
1633 1955 1870 1996 clamorem

1037 2024 1194 2054 meum.

1090 2068 1276 2109 Intende
1310 2068 1407 2109 voci
1440 2067 1653 2109 orationis
1686 2080 1815 2116 meae,
1845 2069 1869 2094 *

1038 2125 1135 2165 Rex
1154 2137 1278 2165 meus
1299 2128 1343 2165 et
1361 2124 1483 2165 Deus
1501 2136 1636 2165 meus.

1091 2180 1308 2230 Quoniam
1327 2179 1384 2221 ad
1402 2185 1447 2221 te
1468 2180 1625 2221 orabo:
1639 2181 1663 2207 *
1678 2179 1868 2221 Domine

1036 2249 1165 2277 mane
1183 2235 1392 2277 exaudies
1411 2248 1565 2277 vocem
1583 2249 1737 2277 meam.

1088 2292 1218 2333 Mane
1250 2292 1407 2333 astabo
1439 2292 1522 2334 tibi
1559 2296 1603 2333 et
1630 2292 1809 2333 videbo:
1841 2292 1866 2317 *

1038 2348 1246 2399 quoniam
1270 2360 1359 2389 non
1384 2349 1506 2389 Deus
1532 2348 1685 2389 volens
1711 2347 1865 2399 iniqui-

1037 2406 1175 2445 tatem
1194 2409 1243 2445 tu
1263 2417 1320 2445 es.

1087 2460 1245 2511 Neque
1276 2459 1496 2501 habitabit
1525 2460 1646 2510 juxta
1673 2463 1718 2500 te
1745 2459 1865 2499 mali-

1036 2529 1162 2566 gnus:
1177 2517 1200 2543 *
1214 2529 1358 2567 neque
1377 2515 1697 2568 permanebunt
1715 2514 1865 2566 injusti

1036 2576 1138 2613 ante
1156 2571 1309 2613 oculos
1328 2577 1441 2612 tuos.

1088 2627 1234 2668 Odisti
1254 2640 1416 2676 omnes,
1436 2626 1511 2678 qui
1530 2629 1769 2678 operantur
1786 2626 1862 2666 ini-

1036 2683 1265 2734 quitatem:
1283 2684 1307 2708 *
1325 2682 1486 2734 perdes
1513 2694 1681 2732 omnes,
1707 2682 1782 2733 qui
1800 2681 1862 2722 lo-

1036 2742 1227 2790 quuntur
1245 2738 1532 2780 mendacium.

1600 2866 1655 2900 O*
