2080 2990
831 199 1041 231 Communc
1070 196 1289 230 Doctorum.

364 295 451 335 111.
493 293 610 335 Alia
636 292 871 335 Romilia.

208 357 358 399 Lectio
383 356 523 398 sancti
543 355 771 406 Evangelii
791 354 1032 397 secundum

483 412 750 454 Matthaeum.

313 482 459 523 Lecti«)
486 482 547 519 vii.
719 483 819 531 (lap.
838 481 873 516 Γ).
894 479 929 515 b.

200 530 277 636 In
296 534 371 576 illo
390 536 605 587 tempore:
623 533 745 574 Dixit
759 532 783 573 J
786 543 887 573 esus
907 530 1033 572 disci-

266 591 381 644 pulis
410 590 515 632 suis:
541 590 638 631 Vos
667 589 771 631 estis
800 587 864 629 sal
891 592 1034 628 terrae.

202 647 333 697 Quod
361 647 398 689 si
425 647 490 688 sal
518 645 760 694 evanuerit,
787 644 831 685 in
856 656 944 696 quo
970 655 1033 684 sa—

200 703 351 745 lietur?
379 704 438 745 Et
456 702 634 755 reliqua.

229 773 418 816 Homih'a
437 772 477 813 S.
496 772 521 812 J
524 771 679 814 oannis
700 770 1016 822 Chrysostomi.

207 837 374 870 nomilia
397 837 441 869 13.
465 837 497 868 in
517 835 747 868 Matthzrum.
768 834 838 866 sub
856 833 1022 865 medium

215 889 545 941 fqaxzttendite
583 888 690 941 quid
726 886 902 936 dixerit,
939 887 1035 931 Vos

324 944 326 947 ’
376 946 481 988 estis
514 945 579 987 sal
611 950 758 987 terrae:
797 956 878 996 per
915 943 1035 996 quod

215 941 348 1028 ΧὝᾸ
375 1002 569 1044 ostendit
612 1014 743 1054 quam
783 1000 1035 1042 necessario

202 1058 286 1100 ista
318 1058 559 1111 praecipiat.
602 1058 705 1099 Non
738 1056 854 1098 enim
882 1055 938 1098 de
966 1069 1035 1097 ve-

203 1119 307 1165 stra,
327 1115 484 1167 inquit,
504 1112 810 1156 tantummodo
830 1113 936 1162 vita,
957 1111 1036 1154 sed

203 1170 258 1212 de
282 1171 487 1212 universo
517 1170 626 1212 orbe
650 1169 777 1211 vobis
801 1168 914 1210 ratio
941 1168 1036 1210 red-

202 1226 347 1269 denda
380 1232 456 1268 est.
500 1227 603 1268 Non
635 1225 693 1267 ad
727 1225 837 1267 duas
871 1225 1036 1277 quippe

202 1282 350 1332 urbes,
379 1288 454 1324 aut
473 1282 646 1332 decem,
675 1286 750 1323 aut
769 1281 937 1332 viginti,
965 1293 1036 1322 ne-

204 1353 289 1392 que
326 1339 382 1381 ad
415 1352 547 1381 unam
579 1343 756 1391 gentem
785 1351 867 1379 vos
899 1338 1038 1387 mitto,

204 1396 317 1437 sicut
339 1396 567 1438 mittebam
588 1394 848 1448 prophetas:
877 1394 956 1436 sed
982 1393 1038 1435 ad

204 1465 379 1494 omnem
410 1457 573 1494 terram
604 1464 788 1505 prorsus
821 1464 874 1492 ac
905 1463 1038 1499 mare,

203 1512 435 1561 totumque
454 1509 681 1557 mundum,
708 1512 751 1550 et
770 1507 886 1549 hunc
905 1507 1038 1548 variis

204 1565 456 1607 criminibus
477 1567 752 1618 oppressum.

352 1629 436 1668 Pro
459 1628 652 1668 Doctore
676 1626 895 1667 Pontifiec.

260 1686 309 1736 R.
334 1682 514 1724 Amavit
534 1695 634 1723 eum
651 1681 883 1730 Dominus,
910 1685 954 1722 et
972 1693 1038 1722 or·

204 1740 325 1781 navit
360 1752 474 1781 eum:
511 1738 671 1780 stolam
708 1737 862 1788 gloriae
898 1736 1040 1778 induit

206 1810 317 1845 eum,
338 1800 359 1822 *
380 1796 438 1837 Et
458 1795 515 1837 ad
533 1799 687 1848 portas
706 1793 902 1847 paradisi
918 1806 1039 1835 coro-

206 1853 327 1894 navit
342 1865 452 1894 eum.
475 1850 524 1901 V.
545 1851 692 1893 Induit
707 1864 807 1892 eum
821 1850 1039 1891 Dominus

206 1909 389 1951 loricam
411 1909 525 1959 fidei,
554 1913 598 1950 et
627 1907 801 1950 ornavit
826 1920 937 1949 eum.
973 1907 1040 1949 Et.

305 1972 385 2010 Pro
407 1972 601 2012 l)‹‘›ct‹)rc
622 1985 707 2011 non
729 1971 953 2011 Pontifice.

263 2029 311 2080 R·-
336 2027 426 2068 Iste
458 2031 526 2068 est
555 2026 629 2079 qui
657 2030 759 2067 ante
779 2025 924 2066 Deum
952 2037 1040 2066 ma-

209 2095 318 2134 gnas
346 2083 530 2124 virtutes
560 2084 771 2135 operatus
800 2086 882 2132 est,
912 2086 957 2123 et
986 2080 1041 2123 de

210 2139 327 2180 omni
344 2138 478 2180 corde
490 2151 570 2180 suo
582 2138 778 2180 laudavit
788 2138 1041 2179 Dominum:

210 2197 232 2221 *
260 2196 364 2248 Ipse
391 2194 634 2236 intercedat
664 2208 746 2248 pro
776 2195 972 2248 peccatis
998 2196 1040 2235 o-

208 2253 375 2293 mnium
394 2251 673 2304 populorum.
706 2250 753 2300 X'.
771 2252 887 2293 Ecce
906 2250 1041 2292 homo

209 2308 302 2350 sine
321 2307 509 2360 querela,
528 2319 658 2348 verus
673 2308 757 2348 Dei
773 2307 925 2357 cultor,
945 2306 1041 2348 abs-

207 2365 351 2406 tinens
381 2377 428 2406 se
457 2363 512 2404 ab
541 2363 660 2404 omni
685 2365 820 2415 opere
841 2363 970 2412 malo,
999 2368 1043 2405 et

208 2422 471 2473 permanens
485 2419 530 2460 in
548 2419 800 2460 innocentia
817 2432 906 2461 sua.
926 2419 1042 2472 Ipse.

501 2482 651 2522 Lectio
677 2483 756 2522 viii.

212 2532 458 2639 Dicendo
480 2536 609 2586 enim,
632 2535 728 2577 Vos
748 2535 853 2576 estis
877 2536 941 2577 sal
959 2541 1043 2578 ter-

317 2606 395 2643 rae,
420 2591 613 2634 ostendit
635 2591 883 2633 universam
907 2592 1043 2633 homi-

1088 301 1192 329 num
1219 287 1478 328 infatuatam
1507 299 1604 329 esse
1631 291 1848 336 naturam,
1877 292 1922 330 et

1088 345 1374 396 peccatorum
1405 343 1450 384 vi
1481 346 1750 396 corruptam:
1783 349 1828 386 et
1858 343 1920 385 id-

1089 402 1206 441 circo
1230 399 1335 440 illas·
1351 398 1408 440 ab
1433 398 1496 440 eis
1515 399 1703 442 virtutes
1726 400 1921 452 requirit,

1089 468 1188 508 quae
1207 455 1396 496 maxime
1411 454 1469 496 ad
1482 455 1722 497 multorum
1735 455 1922 498 salutem

1087 511 1414 564 procurandam
1440 511 1703 553 necessariae
1731 517 1833 554 sunt
1861 516 1921 553 at-

1090 581 1175 621 que
1194 568 1335 610 utiles.
1355 567 1473 609 Nam
1493 567 1568 620 qui
1584 569 1840 610 mansuetus
1856 572 1924 610 est

1089 637 1140 666 ac
1165 624 1411 673 modestuS‚
1440 628 1484 666 et
1507 624 1759 667 misericors
1787 629 1832 667 et
1864 625 1922 677 ju-

1089 686 1194 730 stus,
1208 693 1298 722 non
1312 680 1428 722 intra
1442 693 1490 722 se
1504 679 1815 723 tantummodo
1826 679 1923 722 haec

1090 742 1208 779 recte
1222 737 1338 778 facta
1354 736 1589 787 concludit,
1602 749 1756 779 verum
1766 736 1810 778 in
1820 736 1924 778 alio-

1090 807 1186 835 rum
1215 806 1394 846 quoque
1419 793 1655 835 utilitatem
1682 793 1924 847 praeclaros

1089 851 1171 892 hos
1204 851 1335 892 faciet
1368 850 1549 892 effluere
1582 850 1738 892 fontes.
1785 850 1924 901 Igitur

1092 907 1166 960 qui
1190 907 1324 949 corde
1347 907 1513 948 mundo
1538 911 1606 948 est
1624 911 1758 960 atque
1776 906 1923 959 pacifi-

1090 977 1179 1014 cuS‚
1201 969 1244 1006 et
1262 964 1617 1017 persecutionem
1636 977 1719 1017 pro
1738 963 1924 1006 veritate

1090 1020 1270 1073 patitur,
1302 1019 1583 1062 nihilominus
1615 1020 1659 1061 in
1692 1022 1926 1062 commune

1091 1076 1374 1119 commodum
1392 1077 1528 1119 vitam
1546 1076 1743 1119 instituit.

1148 1145 1196 1195 R5.
1212 1142 1263 1182 In
1282 1142 1429 1184 medio
1445 1141 1659 1183 Ecclesiae
1679 1140 1854 1194 aperuit
1873 1153 1925 1182 os

1092 1199 1200 1250 ejus,
1228 1200 1250 1222 *
1278 1199 1335 1240 Et
1361 1198 1561 1252 implevit
1590 1210 1690 1239 eum
1708 1197 1925 1239 Dominus
1990 1206 2001 1213 ⁷

1093 1255 1251 1307 spiritu
1299 1255 1528 1308 sapientiae
1573 1258 1618 1295 et
1666 1252 1926 1295 intellectus.

1094 1307 1146 1360 V.
1167 1310 1495 1353 Jucunditatem
1519 1314 1564 1352 et
1588 1309 1927 1351 exsultationem

1092 1367 1408 1409 thesaurizavit
1427 1379 1561 1420 super
1580 1379 1691 1408 eum.
1723 1366 1790 1407 Et.
1824 1365 1926 1407 Glo-

1093 1423 1158 1464 ria
1176 1423 1307 1466 Patri.
1337 1424 1405 1465 Et.

1359 1503 1361 1505 ’
1400 1497 1552 1538 Lectio
1574 1498 1626 1538 ix.

1095 1564 1213 1671 Ne
1236 1568 1369 1619 igitur
1392 1567 1573 1620 putetis,
1601 1566 1758 1619 inquit,
1787 1566 1846 1609 ad
1869 1567 1927 1609 le-

1197 1625 1269 1666 via
1295 1637 1377 1666 vos
1406 1622 1635 1666 ducendos
1662 1636 1760 1665 esse
1788 1624 1927 1665 certa-

1092 1681 1223 1730 mina,
1249 1693 1392 1733 neque
1412 1680 1670 1732 exiguarum
1688 1691 1836 1722 rerum
1853 1692 1928 1721 vo-

1093 1737 1161 1779 bis
1185 1736 1422 1779 ineundam
1446 1749 1544 1778 esse
1567 1736 1795 1778 rationem.
1831 1735 1928 1777 Vos

1094 1794 1199 1836 estis
1220 1793 1285 1835 sal
1299 1798 1441 1835 terrae.
1469 1792 1586 1843 Quid
1600 1790 1755 1844 igitur?
1778 1792 1929 1845 Ipsine

1094 1850 1343 1903 putrefacta
1366 1848 1575 1891 medicati
1595 1847 1720 1891 sunt?
1753 1848 1929 1901 Nequa-

1096 1920 1241 1960 quam:
1266 1919 1410 1959 neque
1435 1906 1551 1948 enim
1573 1906 1670 1948 fieri
1687 1910 1852 1959 potest,
1879 1910 1929 1948 ut

1095 1976 1147 2006 ea
1180 1976 1279 2016 quae
1310 1964 1398 2015 jam
1429 1965 1639 2015 corrupta
1672 1966 1793 2012 sunt,
1824 1961 1929 2003 salis

1094 2020 1407 2073 perfricatione
1430 2020 1701 2072 reparentur.
1736 2017 1840 2060 Non
1865 2030 1929 2059 er-

1094 2089 1152 2128 go
1167 2076 1253 2118 hoc
1268 2076 1476 2125 fecerunt,
1497 2075 1578 2118 sed
1591 2079 1692 2117 ante
1706 2076 1930 2124 renovata,

1096 2133 1268 2186 sibique
1294 2131 1474 2182 tradita,
1499 2136 1633 2184 atque
1660 2131 1716 2173 ab
1743 2130 1818 2172 illa
1844 2131 1931 2182 jam

1095 2189 1330 2242 putredine
1379 2187 1581 2237 liberata,
1635 2187 1931 2240 aspergebant

1096 2245 1202 2295 sale,
1240 2250 1284 2287 et
1315 2245 1359 2285 in
1392 2256 1444 2286 ea
1473 2244 1670 2285 novitate
1698 2246 1930 2285 conserva-

1095 2301 1214 2351 bant,
1234 2313 1366 2353 quam
1383 2313 1410 2341 a
1423 2300 1616 2342 Domino
1633 2302 1930 2353 susceperant.

1096 2357 1306 2400 Liberare
1333 2356 1498 2409 quippe
1524 2368 1550 2397 a
1573 2355 1808 2409 putredine
1832 2368 1930 2409 pec·

1098 2416 1308 2463 catorum,
1327 2412 1490 2454 Christi
1504 2412 1680 2454 virtatis
1697 2418 1778 2454 est:
1797 2418 1845 2455 ut
1860 2425 1931 2454 au-

1096 2475 1187 2512 tem
1205 2469 1262 2511 ad
1276 2469 1351 2510 illa
1366 2470 1525 2510 iterum
1539 2481 1627 2510 non
1643 2471 1931 2518 revertantur,

1098 2525 1417 2579 Apostolorum
1441 2537 1559 2566 curae
1584 2530 1651 2567 est
1679 2538 1731 2567 ac
1755 2524 1932 2568 laboris.

1153 2590 1215 2632 Te
1233 2590 1379 2632 Deum
1397 2588 1640 2631 laudamus.
1659 2591 1718 2631 14.

807 2680 1333 2741 ——Qtss—
