<?xml version="1.0" encoding="UTF-8"?>
<!DOCTYPE html PUBLIC "-//W3C//DTD XHTML 1.0 Transitional//EN"
    "http://www.w3.org/TR/xhtml1/DTD/xhtml1-transitional.dtd">
<html xmlns="http://www.w3.org/1999/xhtml" xml:lang="en" lang="en">
 <head>
  <title>
</title>
<meta http-equiv="Content-Type" content="text/html;charset=utf-8" />
  <meta name='ocr-system' content='tesseract 3.04.00' />
  <meta name='ocr-capabilities' content='ocr_page ocr_carea ocr_par ocr_line ocrx_word'/>
</head>
<body>
  <div class='ocr_page' id='page_1' title='image "./p1breviariumroma00cathuoft_0158.png"; bbox 0 0 2040 2990; ppageno 0'>
   <div class='ocr_carea' id='block_1_1' title="bbox 198 192 269 229">
    <p class='ocr_par' dir='ltr' id='par_1_1' title="bbox 198 192 269 229">
     <span class='ocr_line' id='line_1_1' title="bbox 198 192 269 229; baseline -0.014 0"><span class='ocrx_word' id='word_1_1' title='bbox 198 192 269 229; x_wconf 87' lang='grc'>104</span> 
     </span>
    </p>
   </div>
   <div class='ocr_carea' id='block_1_2' title="bbox 193 243 1903 314">
    <p class='ocr_par' dir='ltr' id='par_1_2' title="bbox 193 243 1903 314">
     <span class='ocr_line' id='line_1_2' title="bbox 193 243 1903 314; baseline 0 0"><span class='ocrx_word' id='word_1_2' title='bbox 193 243 1903 314; x_wconf 95' lang='lat' dir='ltr'>   </span> 
     </span>
    </p>
   </div>
   <div class='ocr_carea' id='block_1_3' title="bbox 193 287 1020 2756">
    <p class='ocr_par' dir='ltr' id='par_1_3' title="bbox 196 287 1019 622">
     <span class='ocr_line' id='line_1_3' title="bbox 197 287 1019 342; baseline -0.001 -12"><span class='ocrx_word' id='word_1_3' title='bbox 197 289 292 342; x_wconf 86' lang='lat' dir='ltr'>ipse</span> <span class='ocrx_word' id='word_1_4' title='bbox 319 287 375 329; x_wconf 90' lang='lat' dir='ltr'>ad</span> <span class='ocrx_word' id='word_1_5' title='bbox 403 287 585 328; x_wconf 88' lang='lat' dir='ltr'>nihilum</span> <span class='ocrx_word' id='word_1_6' title='bbox 611 287 800 329; x_wconf 70' lang='lat' dir='ltr'>dedflcet</span> <span class='ocrx_word' id='word_1_7' title='bbox 820 287 1019 329; x_wconf 87' lang='lat' dir='ltr'>inimicos</span> 
     </span>
     <span class='ocr_line' id='line_1_4' title="bbox 196 350 382 386; baseline -0.011 0"><span class='ocrx_word' id='word_1_8' title='bbox 196 350 382 386; x_wconf 88' lang='lat' dir='ltr'>nostros.</span> 
     </span>
     <span class='ocr_line' id='line_1_5' title="bbox 457 397 760 436; baseline 0 -1"><span class='ocrx_word' id='word_1_9' title='bbox 457 397 649 436; x_wconf 70' lang='lat' dir='ltr'>l’salmus</span> <span class='ocrx_word' id='word_1_10' title='bbox 672 399 760 435; x_wconf 63' lang='grc'>108.</span> 
     </span>
     <span class='ocr_line' id='line_1_6' title="bbox 198 449 1019 553; baseline -0.004 -54"><span class='ocrx_word' id='word_1_11' title='bbox 198 449 362 553; x_wconf 86' lang='lat' dir='ltr'>Deus</span> <span class='ocrx_word' id='word_1_12' title='bbox 382 456 557 498; x_wconf 87' lang='lat' dir='ltr'>laudem</span> <span class='ocrx_word' id='word_1_13' title='bbox 576 469 718 498; x_wconf 91' lang='lat' dir='ltr'>meam</span> <span class='ocrx_word' id='word_1_14' title='bbox 739 469 794 497; x_wconf 93' lang='lat' dir='ltr'>ne</span> <span class='ocrx_word' id='word_1_15' title='bbox 816 456 1019 497; x_wconf 73' lang='lat' dir='ltr'>taciieris:</span> 
     </span>
     <span class='ocr_line' id='line_1_7' title="bbox 298 512 1019 566; baseline -0.001 -12"><span class='ocrx_word' id='word_1_16' title='bbox 298 515 322 540; x_wconf 84' lang='lat'>*</span> <span class='ocrx_word' id='word_1_17' title='bbox 344 514 446 566; x_wconf 89' lang='lat' dir='ltr'>quia</span> <span class='ocrx_word' id='word_1_18' title='bbox 464 526 514 554; x_wconf 84' lang='lat' dir='ltr'>os</span> <span class='ocrx_word' id='word_1_19' title='bbox 532 513 790 566; x_wconf 82' lang='lat' dir='ltr'>peccat6ris,</span> <span class='ocrx_word' id='word_1_20' title='bbox 811 517 854 554; x_wconf 94' lang='lat' dir='ltr'>et</span> <span class='ocrx_word' id='word_1_21' title='bbox 874 525 924 553; x_wconf 83' lang='lat' dir='ltr'>os</span> <span class='ocrx_word' id='word_1_22' title='bbox 944 512 1019 554; x_wconf 93' lang='lat' dir='ltr'>do-</span> 
     </span>
     <span class='ocr_line' id='line_1_8' title="bbox 196 570 833 622; baseline -0.002 -12"><span class='ocrx_word' id='word_1_23' title='bbox 196 570 278 611; x_wconf 70' lang='lat' dir='ltr'>lesi</span> <span class='ocrx_word' id='word_1_24' title='bbox 297 583 429 622; x_wconf 88' lang='lat' dir='ltr'><strong>super</strong></span> <span class='ocrx_word' id='word_1_25' title='bbox 447 583 517 611; x_wconf 91' lang='lat' dir='ltr'>me</span> <span class='ocrx_word' id='word_1_26' title='bbox 537 571 737 621; x_wconf 83' lang='lat' dir='ltr'>apertum</span> <span class='ocrx_word' id='word_1_27' title='bbox 756 574 833 610; x_wconf 88' lang='lat' dir='ltr'>est.</span> 
     </span>
    </p>

    <p class='ocr_par' dir='ltr' id='par_1_4' title="bbox 195 624 1020 847">
     <span class='ocr_line' id='line_1_9' title="bbox 247 624 1020 676; baseline -0.003 -9"><span class='ocrx_word' id='word_1_28' title='bbox 247 626 404 668; x_wconf 71' lang='lat' dir='ltr'>Loci&#39;iti</span> <span class='ocrx_word' id='word_1_29' title='bbox 425 630 527 667; x_wconf 87' lang='lat' dir='ltr'>sunt</span> <span class='ocrx_word' id='word_1_30' title='bbox 542 625 775 667; x_wconf 85' lang='lat' dir='ltr'>adversum</span> <span class='ocrx_word' id='word_1_31' title='bbox 790 637 860 666; x_wconf 92' lang='lat' dir='ltr'>me</span> <span class='ocrx_word' id='word_1_32' title='bbox 874 624 1020 676; x_wconf 87' lang='lat' dir='ltr'>lingua</span> 
     </span>
     <span class='ocr_line' id='line_1_10' title="bbox 196 681 1018 733; baseline -0.004 -9"><span class='ocrx_word' id='word_1_33' title='bbox 196 682 361 733; x_wconf 69' lang='lat' dir='ltr'>dolosa,</span> <span class='ocrx_word' id='word_1_34' title='bbox 379 687 423 724; x_wconf 90' lang='lat' dir='ltr'>et</span> <span class='ocrx_word' id='word_1_35' title='bbox 442 682 716 724; x_wconf 73' lang='lat' dir='ltr'>sermcnibus</span> <span class='ocrx_word' id='word_1_36' title='bbox 734 681 824 723; x_wconf 74' lang='lat' dir='ltr'>cdii</span> <span class='ocrx_word' id='word_1_37' title='bbox 840 682 1018 723; x_wconf 91' lang='lat' dir='ltr'>circum-</span> 
     </span>
     <span class='ocr_line' id='line_1_11' title="bbox 197 739 1020 791; baseline -0.004 -10"><span class='ocrx_word' id='word_1_38' title='bbox 197 739 412 781; x_wconf 81' lang='lat' dir='ltr'>dederunt</span> <span class='ocrx_word' id='word_1_39' title='bbox 439 752 524 780; x_wconf 89' lang='lat' dir='ltr'>me:</span> <span class='ocrx_word' id='word_1_40' title='bbox 545 741 568 765; x_wconf 86' lang='grc'>*</span> <span class='ocrx_word' id='word_1_41' title='bbox 589 744 632 780; x_wconf 93' lang='lat' dir='ltr'>et</span> <span class='ocrx_word' id='word_1_42' title='bbox 660 739 1020 791; x_wconf 80' lang='lat' dir='ltr'>expugnaverunt</span> 
     </span>
     <span class='ocr_line' id='line_1_12' title="bbox 195 796 432 847; baseline -0.004 -10"><span class='ocrx_word' id='word_1_43' title='bbox 195 808 265 837; x_wconf 90' lang='lat' dir='ltr'>me</span> <span class='ocrx_word' id='word_1_44' title='bbox 284 796 432 847; x_wconf 85' lang='lat' dir='ltr'>gratis.</span> 
     </span>
    </p>

    <p class='ocr_par' dir='ltr' id='par_1_5' title="bbox 195 850 1019 960">
     <span class='ocr_line' id='line_1_13' title="bbox 247 850 1018 903; baseline -0.003 -10"><span class='ocrx_word' id='word_1_45' title='bbox 247 852 333 893; x_wconf 92' lang='lat' dir='ltr'><strong>Pro</strong></span> <span class='ocrx_word' id='word_1_46' title='bbox 359 865 410 893; x_wconf 90' lang='lat' dir='ltr'>eo</span> <span class='ocrx_word' id='word_1_47' title='bbox 437 857 484 893; x_wconf 94' lang='lat' dir='ltr'>ut</span> <span class='ocrx_word' id='word_1_48' title='bbox 509 864 578 893; x_wconf 91' lang='lat' dir='ltr'>me</span> <span class='ocrx_word' id='word_1_49' title='bbox 603 851 848 903; x_wconf 81' lang='lat' dir='ltr'>diligerent,</span> <span class='ocrx_word' id='word_1_50' title='bbox 877 850 1018 892; x_wconf 88' lang='lat' dir='ltr'>detra—</span> 
     </span>
     <span class='ocr_line' id='line_1_14' title="bbox 195 907 1019 960; baseline -0.002 -11"><span class='ocrx_word' id='word_1_51' title='bbox 195 907 357 950; x_wconf 84' lang='lat' dir='ltr'>hebant</span> <span class='ocrx_word' id='word_1_52' title='bbox 378 908 499 949; x_wconf 90' lang='lat' dir='ltr'>mihi:</span> <span class='ocrx_word' id='word_1_53' title='bbox 519 910 542 935; x_wconf 85' lang='lat'>*</span> <span class='ocrx_word' id='word_1_54' title='bbox 562 920 642 960; x_wconf 83' lang='lat' dir='ltr'>ego</span> <span class='ocrx_word' id='word_1_55' title='bbox 662 912 807 949; x_wconf 91' lang='lat' dir='ltr'>autem</span> <span class='ocrx_word' id='word_1_56' title='bbox 826 907 1019 948; x_wconf 74' lang='lat' dir='ltr'>orabam.</span> 
     </span>
    </p>

    <p class='ocr_par' dir='ltr' id='par_1_6' title="bbox 194 963 1019 1119">
     <span class='ocr_line' id='line_1_15' title="bbox 246 963 1019 1017; baseline -0.003 -11"><span class='ocrx_word' id='word_1_57' title='bbox 246 965 303 1006; x_wconf 89' lang='lat' dir='ltr'>Et</span> <span class='ocrx_word' id='word_1_58' title='bbox 317 967 559 1017; x_wconf 83' lang='lat' dir='ltr'>posuerunt</span> <span class='ocrx_word' id='word_1_59' title='bbox 573 964 806 1006; x_wconf 84' lang='lat' dir='ltr'>adversum</span> <span class='ocrx_word' id='word_1_60' title='bbox 821 971 890 1005; x_wconf 87' lang='lat' dir='ltr'>me</span> <span class='ocrx_word' id='word_1_61' title='bbox 904 963 1019 1004; x_wconf 88' lang='lat' dir='ltr'>mala</span> 
     </span>
     <span class='ocr_line' id='line_1_16' title="bbox 194 1020 1017 1074; baseline -0.001 -12"><span class='ocrx_word' id='word_1_62' title='bbox 194 1033 275 1074; x_wconf 93' lang='lat' dir='ltr'><strong>pro</strong></span> <span class='ocrx_word' id='word_1_63' title='bbox 306 1021 451 1062; x_wconf 90' lang='lat' dir='ltr'>bonis:</span> <span class='ocrx_word' id='word_1_64' title='bbox 485 1023 508 1048; x_wconf 88' lang='lat'>*</span> <span class='ocrx_word' id='word_1_65' title='bbox 541 1026 584 1063; x_wconf 89' lang='lat' dir='ltr'>et</span> <span class='ocrx_word' id='word_1_66' title='bbox 620 1020 770 1062; x_wconf 71' lang='lat' dir='ltr'>edium</span> <span class='ocrx_word' id='word_1_67' title='bbox 799 1033 881 1073; x_wconf 91' lang='lat' dir='ltr'><strong>pro</strong></span> <span class='ocrx_word' id='word_1_68' title='bbox 914 1020 1017 1062; x_wconf 89' lang='lat' dir='ltr'>dile-</span> 
     </span>
     <span class='ocr_line' id='line_1_17' title="bbox 195 1078 468 1119; baseline -0.004 0"><span class='ocrx_word' id='word_1_69' title='bbox 195 1078 340 1119; x_wconf 73' lang='lat' dir='ltr'>ctione</span> <span class='ocrx_word' id='word_1_70' title='bbox 361 1090 468 1119; x_wconf 91' lang='lat' dir='ltr'>mea.</span> 
     </span>
    </p>

    <p class='ocr_par' dir='ltr' id='par_1_7' title="bbox 194 1134 1018 1298">
     <span class='ocr_line' id='line_1_18' title="bbox 247 1134 1017 1187; baseline -0.001 -12"><span class='ocrx_word' id='word_1_71' title='bbox 247 1134 474 1175; x_wconf 84' lang='lat' dir='ltr'>Constitue</span> <span class='ocrx_word' id='word_1_72' title='bbox 510 1147 642 1187; x_wconf 88' lang='lat' dir='ltr'><strong>super</strong></span> <span class='ocrx_word' id='word_1_73' title='bbox 679 1146 779 1175; x_wconf 90' lang='lat' dir='ltr'>eum</span> <span class='ocrx_word' id='word_1_74' title='bbox 814 1134 1017 1186; x_wconf 70' lang='lat' dir='ltr'>peccate-</span> 
     </span>
     <span class='ocr_line' id='line_1_19' title="bbox 195 1189 1018 1232; baseline -0.001 -1"><span class='ocrx_word' id='word_1_75' title='bbox 195 1203 302 1232; x_wconf 90' lang='lat' dir='ltr'><strong>rem:</strong></span> <span class='ocrx_word' id='word_1_76' title='bbox 328 1192 352 1217; x_wconf 85' lang='grc'>*</span> <span class='ocrx_word' id='word_1_77' title='bbox 379 1196 423 1232; x_wconf 90' lang='lat' dir='ltr'>et</span> <span class='ocrx_word' id='word_1_78' title='bbox 451 1190 652 1232; x_wconf 75' lang='lat' dir='ltr'>diabolus</span> <span class='ocrx_word' id='word_1_79' title='bbox 681 1194 768 1231; x_wconf 84' lang='lat' dir='ltr'>stet</span> <span class='ocrx_word' id='word_1_80' title='bbox 796 1203 821 1231; x_wconf 91' lang='lat' dir='ltr'>a</span> <span class='ocrx_word' id='word_1_81' title='bbox 851 1189 1018 1231; x_wconf 84' lang='lat' dir='ltr'>dextris</span> 
     </span>
     <span class='ocr_line' id='line_1_20' title="bbox 194 1248 295 1298; baseline -0.01 -10"><span class='ocrx_word' id='word_1_82' title='bbox 194 1248 295 1298; x_wconf 83' lang='lat' dir='ltr'>ejus.</span> 
     </span>
    </p>

    <p class='ocr_par' dir='ltr' id='par_1_8' title="bbox 193 1303 1017 1458">
     <span class='ocr_line' id='line_1_21' title="bbox 246 1303 1017 1355; baseline -0.001 -11"><span class='ocrx_word' id='word_1_83' title='bbox 246 1304 355 1345; x_wconf 89' lang='lat' dir='ltr'>Cum</span> <span class='ocrx_word' id='word_1_84' title='bbox 370 1303 595 1355; x_wconf 79' lang='lat' dir='ltr'>judicatur,</span> <span class='ocrx_word' id='word_1_85' title='bbox 615 1306 742 1346; x_wconf 79' lang='lat' dir='ltr'>exeat</span> <span class='ocrx_word' id='word_1_86' title='bbox 758 1303 1017 1345; x_wconf 75' lang='lat' dir='ltr'>condemna-</span> 
     </span>
     <span class='ocr_line' id='line_1_22' title="bbox 193 1361 1017 1413; baseline 0 -12"><span class='ocrx_word' id='word_1_87' title='bbox 193 1364 278 1401; x_wconf 85' lang='lat' dir='ltr'>tus:</span> <span class='ocrx_word' id='word_1_88' title='bbox 296 1362 319 1387; x_wconf 90' lang='lat'>*</span> <span class='ocrx_word' id='word_1_89' title='bbox 340 1365 383 1402; x_wconf 90' lang='lat' dir='ltr'>et</span> <span class='ocrx_word' id='word_1_90' title='bbox 411 1361 554 1402; x_wconf 80' lang='lat' dir='ltr'>oratio</span> <span class='ocrx_word' id='word_1_91' title='bbox 585 1361 675 1412; x_wconf 86' lang='lat' dir='ltr'>ejus</span> <span class='ocrx_word' id='word_1_92' title='bbox 703 1361 781 1402; x_wconf 86' lang='lat' dir='ltr'>fiat</span> <span class='ocrx_word' id='word_1_93' title='bbox 802 1361 846 1401; x_wconf 90' lang='lat' dir='ltr'>in</span> <span class='ocrx_word' id='word_1_94' title='bbox 864 1362 1017 1413; x_wconf 79' lang='lat' dir='ltr'>pecca—</span> 
     </span>
     <span class='ocr_line' id='line_1_23' title="bbox 193 1422 296 1458; baseline -0.01 0"><span class='ocrx_word' id='word_1_95' title='bbox 193 1422 296 1458; x_wconf 91' lang='lat' dir='ltr'>tum.</span> 
     </span>
    </p>

    <p class='ocr_par' dir='ltr' id='par_1_9' title="bbox 194 1473 1016 1583">
     <span class='ocr_line' id='line_1_24' title="bbox 244 1473 1016 1527; baseline 0.001 -14"><span class='ocrx_word' id='word_1_96' title='bbox 244 1473 371 1514; x_wconf 86' lang='lat' dir='ltr'>Fiant</span> <span class='ocrx_word' id='word_1_97' title='bbox 390 1473 484 1514; x_wconf 89' lang='lat' dir='ltr'>dies</span> <span class='ocrx_word' id='word_1_98' title='bbox 499 1474 590 1525; x_wconf 86' lang='lat' dir='ltr'>ejus</span> <span class='ocrx_word' id='word_1_99' title='bbox 604 1474 748 1527; x_wconf 89' lang='lat' dir='ltr'>pauci:</span> <span class='ocrx_word' id='word_1_100' title='bbox 758 1475 781 1501; x_wconf 89' lang='lat'>*</span> <span class='ocrx_word' id='word_1_101' title='bbox 793 1478 836 1515; x_wconf 91' lang='lat' dir='ltr'>et</span> <span class='ocrx_word' id='word_1_102' title='bbox 851 1474 1016 1526; x_wconf 86' lang='lat' dir='ltr'>episco—</span> 
     </span>
     <span class='ocr_line' id='line_1_25' title="bbox 194 1530 798 1583; baseline 0.002 -13"><span class='ocrx_word' id='word_1_103' title='bbox 194 1531 346 1582; x_wconf 78' lang='lat' dir='ltr'>patum</span> <span class='ocrx_word' id='word_1_104' title='bbox 365 1530 456 1581; x_wconf 88' lang='lat' dir='ltr'>ejus</span> <span class='ocrx_word' id='word_1_105' title='bbox 475 1531 661 1583; x_wconf 90' lang='lat' dir='ltr'>accipiat</span> <span class='ocrx_word' id='word_1_106' title='bbox 677 1531 798 1572; x_wconf 91' lang='lat' dir='ltr'>alter.</span> 
     </span>
    </p>

    <p class='ocr_par' dir='ltr' id='par_1_10' title="bbox 194 1586 1017 1693">
     <span class='ocr_line' id='line_1_26' title="bbox 245 1586 1017 1639; baseline 0.003 -13"><span class='ocrx_word' id='word_1_107' title='bbox 245 1586 372 1627; x_wconf 84' lang='lat' dir='ltr'>Fiant</span> <span class='ocrx_word' id='word_1_108' title='bbox 389 1586 467 1626; x_wconf 88' lang='lat' dir='ltr'>filii</span> <span class='ocrx_word' id='word_1_109' title='bbox 487 1587 576 1637; x_wconf 87' lang='lat' dir='ltr'>ejus</span> <span class='ocrx_word' id='word_1_110' title='bbox 596 1587 794 1639; x_wconf 68' lang='lat' dir='ltr'>Orphani:</span> <span class='ocrx_word' id='word_1_111' title='bbox 809 1588 832 1612; x_wconf 86' lang='lat'>*</span> <span class='ocrx_word' id='word_1_112' title='bbox 848 1591 892 1628; x_wconf 93' lang='lat' dir='ltr'>et</span> <span class='ocrx_word' id='word_1_113' title='bbox 905 1599 1017 1628; x_wconf 83' lang='lat' dir='ltr'><strong>uxor</strong></span> 
     </span>
     <span class='ocr_line' id='line_1_27' title="bbox 194 1641 446 1693; baseline 0.004 -11"><span class='ocrx_word' id='word_1_114' title='bbox 194 1642 284 1693; x_wconf 85' lang='lat' dir='ltr'>ejus</span> <span class='ocrx_word' id='word_1_115' title='bbox 304 1641 446 1683; x_wconf 90' lang='lat' dir='ltr'>vidua.</span> 
     </span>
    </p>

    <p class='ocr_par' dir='ltr' id='par_1_11' title="bbox 193 1698 1017 1854">
     <span class='ocr_line' id='line_1_28' title="bbox 244 1698 1017 1752; baseline 0.004 -13"><span class='ocrx_word' id='word_1_116' title='bbox 244 1698 462 1740; x_wconf 77' lang='lat' dir='ltr'>Nutantes</span> <span class='ocrx_word' id='word_1_117' title='bbox 481 1700 800 1741; x_wconf 67' lang='lat' dir='ltr'><strong>transferantur</strong></span> <span class='ocrx_word' id='word_1_118' title='bbox 818 1700 896 1741; x_wconf 87' lang='lat' dir='ltr'>filii</span> <span class='ocrx_word' id='word_1_119' title='bbox 916 1701 1017 1752; x_wconf 83' lang='lat' dir='ltr'>ejuS,</span> 
     </span>
     <span class='ocr_line' id='line_1_29' title="bbox 194 1754 1017 1809; baseline 0.005 -14"><span class='ocrx_word' id='word_1_120' title='bbox 194 1758 238 1795; x_wconf 89' lang='lat' dir='ltr'>et</span> <span class='ocrx_word' id='word_1_121' title='bbox 273 1754 536 1797; x_wconf 79' lang='lat' dir='ltr'>mendicent:</span> <span class='ocrx_word' id='word_1_122' title='bbox 565 1758 587 1782; x_wconf 88' lang='lat'>*</span> <span class='ocrx_word' id='word_1_123' title='bbox 622 1762 666 1798; x_wconf 91' lang='lat' dir='ltr'>et</span> <span class='ocrx_word' id='word_1_124' title='bbox 703 1757 926 1809; x_wconf 77' lang='lat' dir='ltr'>ejiciantur</span> <span class='ocrx_word' id='word_1_125' title='bbox 961 1757 1017 1799; x_wconf 91' lang='lat' dir='ltr'>de</span> 
     </span>
     <span class='ocr_line' id='line_1_30' title="bbox 193 1810 656 1854; baseline 0.004 -3"><span class='ocrx_word' id='word_1_126' title='bbox 193 1810 536 1853; x_wconf 72' lang='lat' dir='ltr'>habitaticnibus</span> <span class='ocrx_word' id='word_1_127' title='bbox 556 1813 656 1854; x_wconf 86' lang='lat' dir='ltr'>suis.</span> 
     </span>
    </p>

    <p class='ocr_par' dir='ltr' id='par_1_12' title="bbox 194 1866 1017 2031">
     <span class='ocr_line' id='line_1_31' title="bbox 244 1866 1016 1912; baseline 0.006 -5"><span class='ocrx_word' id='word_1_128' title='bbox 244 1866 470 1909; x_wconf 85' lang='lat' dir='ltr'>Scrutetur</span> <span class='ocrx_word' id='word_1_129' title='bbox 480 1869 720 1911; x_wconf 82' lang='lat' dir='ltr'>foenerator</span> <span class='ocrx_word' id='word_1_130' title='bbox 731 1882 903 1912; x_wconf 90' lang='lat' dir='ltr'>omnem</span> <span class='ocrx_word' id='word_1_131' title='bbox 919 1870 1016 1912; x_wconf 88' lang='lat' dir='ltr'>sub-</span> 
     </span>
     <span class='ocr_line' id='line_1_32' title="bbox 194 1924 1017 1979; baseline 0.005 -15"><span class='ocrx_word' id='word_1_132' title='bbox 194 1924 401 1965; x_wconf 74' lang='lat' dir='ltr'>stantiam</span> <span class='ocrx_word' id='word_1_133' title='bbox 421 1925 524 1975; x_wconf 84' lang='lat' dir='ltr'>ejus:</span> <span class='ocrx_word' id='word_1_134' title='bbox 543 1927 567 1952; x_wconf 91' lang='lat'>*</span> <span class='ocrx_word' id='word_1_135' title='bbox 586 1931 630 1967; x_wconf 92' lang='lat' dir='ltr'>et</span> <span class='ocrx_word' id='word_1_136' title='bbox 655 1926 864 1979; x_wconf 79' lang='lat' dir='ltr'>diripiant</span> <span class='ocrx_word' id='word_1_137' title='bbox 887 1927 1017 1969; x_wconf 82' lang='lat' dir='ltr'>alieni</span> 
     </span>
     <span class='ocr_line' id='line_1_33' title="bbox 195 1979 491 2031; baseline 0.003 -11"><span class='ocrx_word' id='word_1_138' title='bbox 195 1979 369 2021; x_wconf 69' lang='lat' dir='ltr'>laberes</span> <span class='ocrx_word' id='word_1_139' title='bbox 390 1981 491 2031; x_wconf 89' lang='lat' dir='ltr'>ejus.</span> 
     </span>
    </p>

    <p class='ocr_par' dir='ltr' id='par_1_13' title="bbox 194 2035 1017 2147">
     <span class='ocr_line' id='line_1_34' title="bbox 245 2035 1017 2093; baseline 0.008 -17"><span class='ocrx_word' id='word_1_140' title='bbox 245 2035 347 2077; x_wconf 91' lang='lat' dir='ltr'>Non</span> <span class='ocrx_word' id='word_1_141' title='bbox 365 2036 421 2077; x_wconf 84' lang='lat' dir='ltr'>sit</span> <span class='ocrx_word' id='word_1_142' title='bbox 440 2036 502 2077; x_wconf 90' lang='lat' dir='ltr'>illi</span> <span class='ocrx_word' id='word_1_143' title='bbox 517 2037 705 2089; x_wconf 73' lang='lat' dir='ltr'>adjtitor:</span> <span class='ocrx_word' id='word_1_144' title='bbox 724 2040 747 2066; x_wconf 87' lang='lat'>*</span> <span class='ocrx_word' id='word_1_145' title='bbox 765 2052 847 2081; x_wconf 91' lang='lat' dir='ltr'>nec</span> <span class='ocrx_word' id='word_1_146' title='bbox 865 2041 922 2082; x_wconf 82' lang='lat' dir='ltr'>sit</span> <span class='ocrx_word' id='word_1_147' title='bbox 943 2041 1017 2093; x_wconf 92' lang='lat' dir='ltr'>qui</span> 
     </span>
     <span class='ocr_line' id='line_1_35' title="bbox 194 2091 770 2147; baseline 0.009 -15"><span class='ocrx_word' id='word_1_148' title='bbox 194 2091 454 2133; x_wconf 75' lang='lat' dir='ltr'>misereatur</span> <span class='ocrx_word' id='word_1_149' title='bbox 472 2094 650 2146; x_wconf 87' lang='lat' dir='ltr'>pupillis</span> <span class='ocrx_word' id='word_1_150' title='bbox 669 2096 770 2147; x_wconf 88' lang='lat' dir='ltr'>ejus.</span> 
     </span>
    </p>

    <p class='ocr_par' dir='ltr' id='par_1_14' title="bbox 194 2148 1017 2312">
     <span class='ocr_line' id='line_1_36' title="bbox 246 2148 1017 2200; baseline 0.008 -12"><span class='ocrx_word' id='word_1_151' title='bbox 246 2148 374 2189; x_wconf 85' lang='lat' dir='ltr'>Fiant</span> <span class='ocrx_word' id='word_1_152' title='bbox 391 2149 482 2190; x_wconf 87' lang='lat' dir='ltr'>nati</span> <span class='ocrx_word' id='word_1_153' title='bbox 502 2150 591 2200; x_wconf 90' lang='lat' dir='ltr'>ejus</span> <span class='ocrx_word' id='word_1_154' title='bbox 611 2151 654 2191; x_wconf 92' lang='lat' dir='ltr'>in</span> <span class='ocrx_word' id='word_1_155' title='bbox 673 2152 912 2193; x_wconf 83' lang='lat' dir='ltr'>interitum:</span> <span class='ocrx_word' id='word_1_156' title='bbox 931 2154 954 2179; x_wconf 85' lang='grc'>*</span> <span class='ocrx_word' id='word_1_157' title='bbox 974 2153 1017 2194; x_wconf 93' lang='lat' dir='ltr'>in</span> 
     </span>
     <span class='ocr_line' id='line_1_37' title="bbox 194 2205 1017 2269; baseline 0.009 -25"><span class='ocrx_word' id='word_1_158' title='bbox 194 2205 476 2269; x_wconf 71' lang='lat' dir='ltr'>generaticne</span> <span class='ocrx_word' id='word_1_159' title='bbox 508 2219 593 2248; x_wconf 86' lang='lat' dir='ltr'>una</span> <span class='ocrx_word' id='word_1_160' title='bbox 624 2206 821 2250; x_wconf 78' lang='lat' dir='ltr'>deleatur</span> <span class='ocrx_word' id='word_1_161' title='bbox 859 2222 1017 2252; x_wconf 92' lang='lat' dir='ltr'>nomen</span> 
     </span>
     <span class='ocr_line' id='line_1_38' title="bbox 194 2273 295 2312; baseline 0 -10"><span class='ocrx_word' id='word_1_162' title='bbox 194 2273 295 2312; x_wconf 75' lang='lat' dir='ltr'>ejus.</span> 
     </span>
    </p>

    <p class='ocr_par' dir='ltr' id='par_1_15' title="bbox 195 2317 1020 2527">
     <span class='ocr_line' id='line_1_39' title="bbox 247 2317 1019 2374; baseline 0.008 -16"><span class='ocrx_word' id='word_1_163' title='bbox 247 2317 298 2358; x_wconf 92' lang='lat' dir='ltr'>In</span> <span class='ocrx_word' id='word_1_164' title='bbox 334 2318 589 2360; x_wconf 71' lang='lat' dir='ltr'>memeriam</span> <span class='ocrx_word' id='word_1_165' title='bbox 626 2319 778 2361; x_wconf 83' lang='lat' dir='ltr'>redeat</span> <span class='ocrx_word' id='word_1_166' title='bbox 812 2320 1019 2374; x_wconf 86' lang='lat' dir='ltr'>iniquitas</span> 
     </span>
     <span class='ocr_line' id='line_1_40' title="bbox 195 2375 1020 2428; baseline 0.008 -15"><span class='ocrx_word' id='word_1_167' title='bbox 195 2378 369 2426; x_wconf 91' lang='lat' dir='ltr'>patrum</span> <span class='ocrx_word' id='word_1_168' title='bbox 390 2375 480 2425; x_wconf 86' lang='lat' dir='ltr'>ejus</span> <span class='ocrx_word' id='word_1_169' title='bbox 504 2376 547 2415; x_wconf 92' lang='lat' dir='ltr'>in</span> <span class='ocrx_word' id='word_1_170' title='bbox 569 2378 809 2428; x_wconf 77' lang='lat' dir='ltr'>conspeetu</span> <span class='ocrx_word' id='word_1_171' title='bbox 829 2377 1020 2420; x_wconf 71' lang='lat' dir='ltr'>Demini:</span> 
     </span>
     <span class='ocr_line' id='line_1_41' title="bbox 195 2432 1018 2484; baseline 0.009 -14"><span class='ocrx_word' id='word_1_172' title='bbox 195 2432 219 2456; x_wconf 83' lang='lat'>*</span> <span class='ocrx_word' id='word_1_173' title='bbox 238 2434 282 2471; x_wconf 91' lang='lat' dir='ltr'>et</span> <span class='ocrx_word' id='word_1_174' title='bbox 300 2433 531 2482; x_wconf 74' lang='lat' dir='ltr'>peceatum</span> <span class='ocrx_word' id='word_1_175' title='bbox 558 2432 710 2473; x_wconf 88' lang='lat' dir='ltr'>matris</span> <span class='ocrx_word' id='word_1_176' title='bbox 731 2434 821 2484; x_wconf 83' lang='lat' dir='ltr'>ejus</span> <span class='ocrx_word' id='word_1_177' title='bbox 838 2447 925 2475; x_wconf 91' lang='lat' dir='ltr'>non</span> <span class='ocrx_word' id='word_1_178' title='bbox 948 2435 1018 2477; x_wconf 92' lang='lat' dir='ltr'>de-</span> 
     </span>
     <span class='ocr_line' id='line_1_42' title="bbox 195 2485 347 2527; baseline 0 -1"><span class='ocrx_word' id='word_1_179' title='bbox 195 2485 347 2527; x_wconf 77' lang='lat' dir='ltr'>leatur.</span> 
     </span>
    </p>

    <p class='ocr_par' dir='ltr' id='par_1_16' title="bbox 195 2542 1019 2756">
     <span class='ocr_line' id='line_1_43' title="bbox 247 2542 1019 2599; baseline 0.006 -16"><span class='ocrx_word' id='word_1_180' title='bbox 247 2542 374 2584; x_wconf 83' lang='lat' dir='ltr'>Fiant</span> <span class='ocrx_word' id='word_1_181' title='bbox 398 2548 550 2584; x_wconf 91' lang='lat' dir='ltr'>contra</span> <span class='ocrx_word' id='word_1_182' title='bbox 574 2544 810 2586; x_wconf 68' lang='lat' dir='ltr'>Deminum</span> <span class='ocrx_word' id='word_1_183' title='bbox 835 2558 1019 2599; x_wconf 83' lang='lat' dir='ltr'><strong>semper,</strong></span> 
     </span>
     <span class='ocr_line' id='line_1_44' title="bbox 196 2598 1018 2651; baseline 0.006 -12"><span class='ocrx_word' id='word_1_184' title='bbox 196 2604 239 2640; x_wconf 90' lang='lat' dir='ltr'>et</span> <span class='ocrx_word' id='word_1_185' title='bbox 258 2598 482 2651; x_wconf 79' lang='lat' dir='ltr'>dispereat</span> <span class='ocrx_word' id='word_1_186' title='bbox 505 2599 560 2641; x_wconf 92' lang='lat' dir='ltr'>de</span> <span class='ocrx_word' id='word_1_187' title='bbox 583 2605 699 2642; x_wconf 89' lang='lat' dir='ltr'>terra</span> <span class='ocrx_word' id='word_1_188' title='bbox 718 2602 928 2643; x_wconf 68' lang='lat' dir='ltr'>memeria</span> <span class='ocrx_word' id='word_1_189' title='bbox 950 2606 1018 2644; x_wconf 72' lang='lat' dir='ltr'>ec-</span> 
     </span>
     <span class='ocr_line' id='line_1_45' title="bbox 196 2656 1018 2708; baseline 0.007 -13"><span class='ocrx_word' id='word_1_190' title='bbox 196 2668 305 2696; x_wconf 83' lang='lat' dir='ltr'><strong>rum:</strong></span> <span class='ocrx_word' id='word_1_191' title='bbox 325 2657 347 2681; x_wconf 88' lang='lat'>*</span> <span class='ocrx_word' id='word_1_192' title='bbox 367 2668 448 2708; x_wconf 90' lang='lat' dir='ltr'><strong>pro</strong></span> <span class='ocrx_word' id='word_1_193' title='bbox 470 2668 522 2697; x_wconf 91' lang='lat' dir='ltr'>eo</span> <span class='ocrx_word' id='word_1_194' title='bbox 544 2656 663 2708; x_wconf 92' lang='lat' dir='ltr'>quod</span> <span class='ocrx_word' id='word_1_195' title='bbox 684 2670 770 2698; x_wconf 90' lang='lat' dir='ltr'>non</span> <span class='ocrx_word' id='word_1_196' title='bbox 791 2663 857 2699; x_wconf 86' lang='lat' dir='ltr'>est</span> <span class='ocrx_word' id='word_1_197' title='bbox 878 2671 1018 2701; x_wconf 90' lang='lat' dir='ltr'>recor—</span> 
     </span>
     <span class='ocr_line' id='line_1_46' title="bbox 195 2710 863 2756; baseline 0.004 -4"><span class='ocrx_word' id='word_1_198' title='bbox 195 2710 325 2753; x_wconf 79' lang='lat' dir='ltr'>datus</span> <span class='ocrx_word' id='word_1_199' title='bbox 344 2711 489 2754; x_wconf 79' lang='lat' dir='ltr'>facere</span> <span class='ocrx_word' id='word_1_200' title='bbox 508 2713 863 2756; x_wconf 72' lang='lat' dir='ltr'>misericerdiam.</span> 
     </span>
    </p>
   </div>
   <div class='ocr_carea' id='block_1_4' title="bbox 792 189 1297 222">
    <p class='ocr_par' dir='ltr' id='par_1_17' title="bbox 792 189 1297 222">
     <span class='ocr_line' id='line_1_47' title="bbox 792 189 1297 222; baseline 0.002 -2"><span class='ocrx_word' id='word_1_201' title='bbox 792 190 961 222; x_wconf 45' lang='lat' dir='ltr'>Subli-„tto</span> <span class='ocrx_word' id='word_1_202' title='bbox 988 189 1034 222; x_wconf 71' lang='lat' dir='ltr'>ad</span> <span class='ocrx_word' id='word_1_203' title='bbox 1062 189 1297 222; x_wconf 70' lang='lat' dir='ltr'>Matutinum.</span> 
     </span>
    </p>
   </div>
   <div class='ocr_carea' id='block_1_5' title="bbox 193 256 1903 332">
    <p class='ocr_par' dir='ltr' id='par_1_18' title="bbox 193 256 1903 332">
     <span class='ocr_line' id='line_1_48' title="bbox 193 256 1903 332; baseline 0 -72"><span class='ocrx_word' id='word_1_204' title='bbox 193 260 197 332; x_wconf 95' lang='lat' dir='ltr'> </span> <span class='ocrx_word' id='word_1_205' title='bbox 1899 256 1903 260; x_wconf 95' lang='lat' dir='ltr'> </span> 
     </span>
    </p>
   </div>
   <div class='ocr_carea' id='block_1_6' title="bbox 1068 283 1900 2762">
    <p class='ocr_par' dir='ltr' id='par_1_19' title="bbox 1073 283 1899 440">
     <span class='ocr_line' id='line_1_49' title="bbox 1124 283 1899 338; baseline -0.005 -11"><span class='ocrx_word' id='word_1_206' title='bbox 1124 286 1180 327; x_wconf 89' lang='lat' dir='ltr'>Et</span> <span class='ocrx_word' id='word_1_207' title='bbox 1210 288 1470 338; x_wconf 60' lang='lat' dir='ltr'>persecatus</span> <span class='ocrx_word' id='word_1_208' title='bbox 1499 288 1567 326; x_wconf 84' lang='lat' dir='ltr'>est</span> <span class='ocrx_word' id='word_1_209' title='bbox 1593 283 1816 324; x_wconf 69' lang='lat' dir='ltr'>heminem</span> <span class='ocrx_word' id='word_1_210' title='bbox 1839 284 1899 323; x_wconf 87' lang='lat' dir='ltr'>in-</span> 
     </span>
     <span class='ocr_line' id='line_1_50' title="bbox 1073 341 1899 395; baseline -0.005 -11"><span class='ocrx_word' id='word_1_211' title='bbox 1073 355 1219 395; x_wconf 90' lang='lat' dir='ltr'><strong>opem,</strong></span> <span class='ocrx_word' id='word_1_212' title='bbox 1239 347 1283 384; x_wconf 91' lang='lat' dir='ltr'>et</span> <span class='ocrx_word' id='word_1_213' title='bbox 1302 341 1567 391; x_wconf 88' lang='lat' dir='ltr'>mendicum,</span> <span class='ocrx_word' id='word_1_214' title='bbox 1585 342 1610 367; x_wconf 92' lang='lat'>*</span> <span class='ocrx_word' id='word_1_215' title='bbox 1629 345 1673 382; x_wconf 93' lang='lat' dir='ltr'>et</span> <span class='ocrx_word' id='word_1_216' title='bbox 1692 342 1899 392; x_wconf 70' lang='lat' dir='ltr'>compsin-</span> 
     </span>
     <span class='ocr_line' id='line_1_51' title="bbox 1073 397 1641 440; baseline -0.005 0"><span class='ocrx_word' id='word_1_217' title='bbox 1073 405 1191 440; x_wconf 92' lang='lat' dir='ltr'>ctum</span> <span class='ocrx_word' id='word_1_218' title='bbox 1213 398 1348 440; x_wconf 89' lang='lat' dir='ltr'>corde</span> <span class='ocrx_word' id='word_1_219' title='bbox 1364 397 1641 439; x_wconf 75' lang='lat' dir='ltr'>mortificare.</span> 
     </span>
    </p>

    <p class='ocr_par' dir='ltr' id='par_1_20' title="bbox 1072 453 1899 620">
     <span class='ocr_line' id='line_1_52' title="bbox 1123 453 1898 503; baseline -0.004 -7"><span class='ocrx_word' id='word_1_220' title='bbox 1123 456 1180 496; x_wconf 89' lang='lat' dir='ltr'>Et</span> <span class='ocrx_word' id='word_1_221' title='bbox 1202 455 1355 497; x_wconf 80' lang='lat' dir='ltr'>dilexit</span> <span class='ocrx_word' id='word_1_222' title='bbox 1373 453 1746 503; x_wconf 68' lang='lat' dir='ltr'>maledictionem,</span> <span class='ocrx_word' id='word_1_223' title='bbox 1766 457 1811 494; x_wconf 91' lang='lat' dir='ltr'>et</span> <span class='ocrx_word' id='word_1_224' title='bbox 1829 453 1898 494; x_wconf 77' lang='lat' dir='ltr'>ve-</span> 
     </span>
     <span class='ocr_line' id='line_1_53' title="bbox 1072 509 1899 559; baseline -0.002 -7"><span class='ocrx_word' id='word_1_225' title='bbox 1072 512 1163 553; x_wconf 90' lang='lat' dir='ltr'>niet</span> <span class='ocrx_word' id='word_1_226' title='bbox 1184 512 1237 553; x_wconf 91' lang='lat' dir='ltr'>ei:</span> <span class='ocrx_word' id='word_1_227' title='bbox 1256 514 1280 539; x_wconf 85' lang='lat'>*</span> <span class='ocrx_word' id='word_1_228' title='bbox 1300 517 1344 553; x_wconf 91' lang='lat' dir='ltr'>et</span> <span class='ocrx_word' id='word_1_229' title='bbox 1365 511 1508 552; x_wconf 69' lang='lat' dir='ltr'>neluit</span> <span class='ocrx_word' id='word_1_230' title='bbox 1532 509 1899 559; x_wconf 64' lang='lat' dir='ltr'>benedictffinem,</span> 
     </span>
     <span class='ocr_line' id='line_1_54' title="bbox 1074 567 1574 620; baseline -0.002 -11"><span class='ocrx_word' id='word_1_231' title='bbox 1074 573 1117 609; x_wconf 93' lang='lat' dir='ltr'>et</span> <span class='ocrx_word' id='word_1_232' title='bbox 1137 567 1415 620; x_wconf 80' lang='lat' dir='ltr'>elongabitur</span> <span class='ocrx_word' id='word_1_233' title='bbox 1434 567 1490 609; x_wconf 90' lang='lat' dir='ltr'>ab</span> <span class='ocrx_word' id='word_1_234' title='bbox 1510 579 1574 608; x_wconf 91' lang='lat' dir='ltr'>eo.</span> 
     </span>
    </p>

    <p class='ocr_par' dir='ltr' id='par_1_21' title="bbox 1072 622 1900 846">
     <span class='ocr_line' id='line_1_55' title="bbox 1123 622 1900 666; baseline -0.003 0"><span class='ocrx_word' id='word_1_235' title='bbox 1123 625 1180 666; x_wconf 92' lang='lat' dir='ltr'>Et</span> <span class='ocrx_word' id='word_1_236' title='bbox 1215 624 1357 666; x_wconf 90' lang='lat' dir='ltr'>induit</span> <span class='ocrx_word' id='word_1_237' title='bbox 1391 623 1747 665; x_wconf 73' lang='lat' dir='ltr'>maledictidnem</span> <span class='ocrx_word' id='word_1_238' title='bbox 1785 622 1900 664; x_wconf 86' lang='lat' dir='ltr'>sicut</span> 
     </span>
     <span class='ocr_line' id='line_1_56' title="bbox 1072 679 1898 731; baseline -0.001 -10"><span class='ocrx_word' id='word_1_239' title='bbox 1072 681 1401 731; x_wconf 83' lang='lat' dir='ltr'>vestimentum,</span> <span class='ocrx_word' id='word_1_240' title='bbox 1434 682 1458 708; x_wconf 86' lang='grc'>*</span> <span class='ocrx_word' id='word_1_241' title='bbox 1488 685 1532 722; x_wconf 93' lang='lat' dir='ltr'>et</span> <span class='ocrx_word' id='word_1_242' title='bbox 1568 680 1749 722; x_wconf 80' lang='lat' dir='ltr'>intravit</span> <span class='ocrx_word' id='word_1_243' title='bbox 1786 679 1898 720; x_wconf 80' lang='lat' dir='ltr'>sicut</span> 
     </span>
     <span class='ocr_line' id='line_1_57' title="bbox 1072 736 1900 790; baseline -0.002 -11"><span class='ocrx_word' id='word_1_244' title='bbox 1072 751 1187 790; x_wconf 85' lang='lat' dir='ltr'>aqua</span> <span class='ocrx_word' id='word_1_245' title='bbox 1220 738 1265 778; x_wconf 93' lang='lat' dir='ltr'>in</span> <span class='ocrx_word' id='word_1_246' title='bbox 1299 737 1508 779; x_wconf 73' lang='lat' dir='ltr'>intericra</span> <span class='ocrx_word' id='word_1_247' title='bbox 1547 737 1657 789; x_wconf 88' lang='lat' dir='ltr'>ejus,</span> <span class='ocrx_word' id='word_1_248' title='bbox 1703 741 1747 778; x_wconf 90' lang='lat' dir='ltr'>et</span> <span class='ocrx_word' id='word_1_249' title='bbox 1786 736 1900 778; x_wconf 87' lang='lat' dir='ltr'>sicut</span> 
     </span>
     <span class='ocr_line' id='line_1_58' title="bbox 1073 794 1591 846; baseline -0.002 -11"><span class='ocrx_word' id='word_1_250' title='bbox 1073 794 1218 836; x_wconf 66' lang='lat' dir='ltr'>(ileum</span> <span class='ocrx_word' id='word_1_251' title='bbox 1235 794 1278 835; x_wconf 94' lang='lat' dir='ltr'>in</span> <span class='ocrx_word' id='word_1_252' title='bbox 1296 795 1469 836; x_wconf 73' lang='lat' dir='ltr'>essibus</span> <span class='ocrx_word' id='word_1_253' title='bbox 1489 794 1591 846; x_wconf 85' lang='lat' dir='ltr'>ejus.</span> 
     </span>
    </p>

    <p class='ocr_par' dir='ltr' id='par_1_22' title="bbox 1070 850 1899 1017">
     <span class='ocr_line' id='line_1_59' title="bbox 1124 850 1898 901; baseline -0.001 -10"><span class='ocrx_word' id='word_1_254' title='bbox 1124 851 1222 892; x_wconf 85' lang='lat' dir='ltr'>Fiat</span> <span class='ocrx_word' id='word_1_255' title='bbox 1251 851 1291 892; x_wconf 93' lang='lat' dir='ltr'>ei</span> <span class='ocrx_word' id='word_1_256' title='bbox 1318 851 1432 893; x_wconf 85' lang='lat' dir='ltr'>sicut</span> <span class='ocrx_word' id='word_1_257' title='bbox 1459 850 1782 899; x_wconf 79' lang='lat' dir='ltr'>vestimentum,</span> <span class='ocrx_word' id='word_1_258' title='bbox 1811 860 1898 901; x_wconf 92' lang='lat' dir='ltr'>quo</span> 
     </span>
     <span class='ocr_line' id='line_1_60' title="bbox 1072 908 1899 960; baseline -0.004 -11"><span class='ocrx_word' id='word_1_259' title='bbox 1072 910 1285 960; x_wconf 91' lang='lat' dir='ltr'>operitur:</span> <span class='ocrx_word' id='word_1_260' title='bbox 1302 910 1326 935; x_wconf 85' lang='grc'>*</span> <span class='ocrx_word' id='word_1_261' title='bbox 1348 913 1391 949; x_wconf 93' lang='lat' dir='ltr'>et</span> <span class='ocrx_word' id='word_1_262' title='bbox 1411 908 1524 949; x_wconf 83' lang='lat' dir='ltr'>sicut</span> <span class='ocrx_word' id='word_1_263' title='bbox 1541 919 1664 957; x_wconf 88' lang='lat' dir='ltr'>zona,</span> <span class='ocrx_word' id='word_1_264' title='bbox 1684 919 1771 959; x_wconf 90' lang='lat' dir='ltr'>qua</span> <span class='ocrx_word' id='word_1_265' title='bbox 1788 918 1899 947; x_wconf 85' lang='lat' dir='ltr'>sem—</span> 
     </span>
     <span class='ocr_line' id='line_1_61' title="bbox 1070 964 1463 1017; baseline -0.003 -11"><span class='ocrx_word' id='word_1_266' title='bbox 1070 977 1150 1016; x_wconf 91' lang='lat' dir='ltr'>per</span> <span class='ocrx_word' id='word_1_267' title='bbox 1168 964 1463 1017; x_wconf 76' lang='lat' dir='ltr'>praecingitur.</span> 
     </span>
    </p>

    <p class='ocr_par' dir='ltr' id='par_1_23' title="bbox 1070 1017 1899 1232">
     <span class='ocr_line' id='line_1_62' title="bbox 1122 1017 1899 1074; baseline -0.006 -11"><span class='ocrx_word' id='word_1_268' title='bbox 1122 1021 1221 1063; x_wconf 90' lang='lat' dir='ltr'>Hoc</span> <span class='ocrx_word' id='word_1_269' title='bbox 1241 1034 1354 1074; x_wconf 84' lang='lat' dir='ltr'><strong>opus</strong></span> <span class='ocrx_word' id='word_1_270' title='bbox 1375 1023 1546 1071; x_wconf 70' lang='lat' dir='ltr'>ecrum,</span> <span class='ocrx_word' id='word_1_271' title='bbox 1567 1019 1642 1073; x_wconf 92' lang='lat' dir='ltr'>qui</span> <span class='ocrx_word' id='word_1_272' title='bbox 1662 1017 1899 1062; x_wconf 81' lang='lat' dir='ltr'>detrahunt</span> 
     </span>
     <span class='ocr_line' id='line_1_63' title="bbox 1070 1074 1897 1131; baseline -0.004 -13"><span class='ocrx_word' id='word_1_273' title='bbox 1070 1077 1178 1118; x_wconf 92' lang='lat' dir='ltr'>mihi</span> <span class='ocrx_word' id='word_1_274' title='bbox 1203 1077 1321 1131; x_wconf 86' lang='lat' dir='ltr'>apud</span> <span class='ocrx_word' id='word_1_275' title='bbox 1344 1078 1597 1119; x_wconf 71' lang='lat' dir='ltr'>Deminum:</span> <span class='ocrx_word' id='word_1_276' title='bbox 1620 1078 1645 1105; x_wconf 87' lang='lat'>*</span> <span class='ocrx_word' id='word_1_277' title='bbox 1669 1081 1713 1118; x_wconf 92' lang='lat' dir='ltr'>et</span> <span class='ocrx_word' id='word_1_278' title='bbox 1738 1075 1814 1128; x_wconf 90' lang='lat' dir='ltr'>qui</span> <span class='ocrx_word' id='word_1_279' title='bbox 1836 1074 1897 1115; x_wconf 92' lang='lat' dir='ltr'>lo-</span> 
     </span>
     <span class='ocr_line' id='line_1_64' title="bbox 1072 1132 1898 1186; baseline -0.004 -11"><span class='ocrx_word' id='word_1_280' title='bbox 1072 1138 1264 1186; x_wconf 63' lang='lat' dir='ltr'>quantur</span> <span class='ocrx_word' id='word_1_281' title='bbox 1300 1135 1415 1176; x_wconf 89' lang='lat' dir='ltr'>mala</span> <span class='ocrx_word' id='word_1_282' title='bbox 1460 1134 1671 1177; x_wconf 80' lang='lat' dir='ltr'>adversus</span> <span class='ocrx_word' id='word_1_283' title='bbox 1708 1132 1898 1174; x_wconf 74' lang='lat' dir='ltr'>animam</span> 
     </span>
     <span class='ocr_line' id='line_1_65' title="bbox 1070 1204 1224 1232; baseline 0.006 -1"><span class='ocrx_word' id='word_1_284' title='bbox 1070 1204 1224 1232; x_wconf 92' lang='lat' dir='ltr'>meam.</span> 
     </span>
    </p>

    <p class='ocr_par' dir='ltr' id='par_1_24' title="bbox 1071 1245 1898 1403">
     <span class='ocr_line' id='line_1_66' title="bbox 1122 1245 1895 1298; baseline -0.001 -9"><span class='ocrx_word' id='word_1_285' title='bbox 1122 1248 1179 1289; x_wconf 90' lang='lat' dir='ltr'>Et</span> <span class='ocrx_word' id='word_1_286' title='bbox 1202 1252 1251 1289; x_wconf 87' lang='lat' dir='ltr'>tu</span> <span class='ocrx_word' id='word_1_287' title='bbox 1275 1247 1476 1298; x_wconf 71' lang='lat' dir='ltr'>Demine,</span> <span class='ocrx_word' id='word_1_288' title='bbox 1502 1246 1692 1288; x_wconf 69' lang='lat' dir='ltr'>Demine</span> <span class='ocrx_word' id='word_1_289' title='bbox 1717 1245 1786 1288; x_wconf 88' lang='lat' dir='ltr'>fac</span> <span class='ocrx_word' id='word_1_290' title='bbox 1807 1259 1895 1288; x_wconf 90' lang='lat' dir='ltr'>me-</span> 
     </span>
     <span class='ocr_line' id='line_1_67' title="bbox 1071 1303 1898 1358; baseline -0.001 -13"><span class='ocrx_word' id='word_1_291' title='bbox 1071 1317 1170 1346; x_wconf 90' lang='lat' dir='ltr'>cum</span> <span class='ocrx_word' id='word_1_292' title='bbox 1197 1309 1381 1358; x_wconf 91' lang='lat' dir='ltr'><strong>propter</strong></span> <span class='ocrx_word' id='word_1_293' title='bbox 1408 1316 1570 1346; x_wconf 91' lang='lat' dir='ltr'>nomen</span> <span class='ocrx_word' id='word_1_294' title='bbox 1595 1308 1734 1345; x_wconf 88' lang='lat' dir='ltr'>tuum:</span> <span class='ocrx_word' id='word_1_295' title='bbox 1751 1303 1776 1329; x_wconf 91' lang='lat'>*</span> <span class='ocrx_word' id='word_1_296' title='bbox 1794 1303 1898 1356; x_wconf 89' lang='lat' dir='ltr'>quia</span> 
     </span>
     <span class='ocr_line' id='line_1_68' title="bbox 1071 1359 1732 1403; baseline -0.002 -1"><span class='ocrx_word' id='word_1_297' title='bbox 1071 1361 1217 1403; x_wconf 76' lang='lat' dir='ltr'>suavis</span> <span class='ocrx_word' id='word_1_298' title='bbox 1239 1366 1306 1403; x_wconf 87' lang='lat' dir='ltr'>est</span> <span class='ocrx_word' id='word_1_299' title='bbox 1323 1359 1628 1402; x_wconf 73' lang='lat' dir='ltr'>misericerdia</span> <span class='ocrx_word' id='word_1_300' title='bbox 1645 1364 1732 1402; x_wconf 89' lang='lat' dir='ltr'>tua.</span> 
     </span>
    </p>

    <p class='ocr_par' dir='ltr' id='par_1_25' title="bbox 1069 1417 1897 1573">
     <span class='ocr_line' id='line_1_69' title="bbox 1115 1417 1897 1470; baseline 0 -12"><span class='ocrx_word' id='word_1_301' title='bbox 1115 1417 1281 1460; x_wconf 89' lang='lat' dir='ltr'>Libera</span> <span class='ocrx_word' id='word_1_302' title='bbox 1299 1431 1370 1459; x_wconf 91' lang='lat' dir='ltr'>me</span> <span class='ocrx_word' id='word_1_303' title='bbox 1391 1418 1494 1470; x_wconf 86' lang='lat' dir='ltr'>quia</span> <span class='ocrx_word' id='word_1_304' title='bbox 1515 1419 1695 1470; x_wconf 81' lang='lat' dir='ltr'>egenus,</span> <span class='ocrx_word' id='word_1_305' title='bbox 1725 1421 1770 1458; x_wconf 94' lang='lat' dir='ltr'>et</span> <span class='ocrx_word' id='word_1_306' title='bbox 1792 1429 1897 1470; x_wconf 87' lang='lat' dir='ltr'>pau-</span> 
     </span>
     <span class='ocr_line' id='line_1_70' title="bbox 1069 1475 1897 1527; baseline -0.001 -11"><span class='ocrx_word' id='word_1_307' title='bbox 1069 1487 1149 1527; x_wconf 91' lang='lat' dir='ltr'>per</span> <span class='ocrx_word' id='word_1_308' title='bbox 1177 1487 1260 1527; x_wconf 88' lang='lat' dir='ltr'>ego</span> <span class='ocrx_word' id='word_1_309' title='bbox 1289 1488 1400 1516; x_wconf 88' lang='lat' dir='ltr'><strong>sum:</strong></span> <span class='ocrx_word' id='word_1_310' title='bbox 1417 1475 1442 1500; x_wconf 85' lang='lat'>*</span> <span class='ocrx_word' id='word_1_311' title='bbox 1462 1478 1506 1516; x_wconf 91' lang='lat' dir='ltr'>et</span> <span class='ocrx_word' id='word_1_312' title='bbox 1531 1487 1609 1516; x_wconf 92' lang='lat' dir='ltr'>cor</span> <span class='ocrx_word' id='word_1_313' title='bbox 1629 1486 1776 1515; x_wconf 90' lang='lat' dir='ltr'>meum</span> <span class='ocrx_word' id='word_1_314' title='bbox 1797 1485 1897 1515; x_wconf 90' lang='lat' dir='ltr'>con-</span> 
     </span>
     <span class='ocr_line' id='line_1_71' title="bbox 1069 1531 1613 1573; baseline -0.002 -1"><span class='ocrx_word' id='word_1_315' title='bbox 1069 1531 1294 1573; x_wconf 80' lang='lat' dir='ltr'>turbatum</span> <span class='ocrx_word' id='word_1_316' title='bbox 1313 1536 1380 1573; x_wconf 85' lang='lat' dir='ltr'>est</span> <span class='ocrx_word' id='word_1_317' title='bbox 1398 1531 1514 1573; x_wconf 90' lang='lat' dir='ltr'>intra</span> <span class='ocrx_word' id='word_1_318' title='bbox 1530 1543 1613 1572; x_wconf 88' lang='lat' dir='ltr'>me.</span> 
     </span>
    </p>

    <p class='ocr_par' dir='ltr' id='par_1_26' title="bbox 1069 1586 1898 1742">
     <span class='ocr_line' id='line_1_72' title="bbox 1121 1586 1897 1637; baseline -0.003 -8"><span class='ocrx_word' id='word_1_319' title='bbox 1121 1588 1242 1631; x_wconf 92' lang='lat' dir='ltr'>Sicut</span> <span class='ocrx_word' id='word_1_320' title='bbox 1263 1588 1419 1629; x_wconf 88' lang='lat' dir='ltr'><strong>umbra</strong></span> <span class='ocrx_word' id='word_1_321' title='bbox 1437 1601 1536 1629; x_wconf 93' lang='lat' dir='ltr'>cum</span> <span class='ocrx_word' id='word_1_322' title='bbox 1556 1586 1758 1637; x_wconf 84' lang='lat' dir='ltr'>declinat,</span> <span class='ocrx_word' id='word_1_323' title='bbox 1780 1586 1897 1628; x_wconf 79' lang='lat' dir='ltr'>abla-</span> 
     </span>
     <span class='ocr_line' id='line_1_73' title="bbox 1069 1643 1898 1686; baseline -0.001 -1"><span class='ocrx_word' id='word_1_324' title='bbox 1069 1649 1141 1685; x_wconf 86' lang='lat' dir='ltr'>tus</span> <span class='ocrx_word' id='word_1_325' title='bbox 1170 1657 1281 1686; x_wconf 89' lang='lat' dir='ltr'><strong>sum:</strong></span> <span class='ocrx_word' id='word_1_326' title='bbox 1302 1646 1327 1672; x_wconf 82' lang='lat'>*</span> <span class='ocrx_word' id='word_1_327' title='bbox 1346 1649 1389 1686; x_wconf 92' lang='lat' dir='ltr'>et</span> <span class='ocrx_word' id='word_1_328' title='bbox 1418 1647 1630 1686; x_wconf 73' lang='lat' dir='ltr'>exciissus</span> <span class='ocrx_word' id='word_1_329' title='bbox 1658 1656 1756 1684; x_wconf 83' lang='lat' dir='ltr'>sum</span> <span class='ocrx_word' id='word_1_330' title='bbox 1783 1643 1898 1684; x_wconf 84' lang='lat' dir='ltr'>sicut</span> 
     </span>
     <span class='ocr_line' id='line_1_74' title="bbox 1069 1700 1266 1742; baseline 0 0"><span class='ocrx_word' id='word_1_331' title='bbox 1069 1700 1266 1742; x_wconf 65' lang='lat' dir='ltr'>locastae.</span> 
     </span>
    </p>

    <p class='ocr_par' dir='ltr' id='par_1_27' title="bbox 1069 1756 1897 1923">
     <span class='ocr_line' id='line_1_75' title="bbox 1122 1756 1896 1808; baseline -0.001 -9"><span class='ocrx_word' id='word_1_332' title='bbox 1122 1757 1277 1799; x_wconf 83' lang='lat' dir='ltr'>Genua</span> <span class='ocrx_word' id='word_1_333' title='bbox 1302 1770 1401 1799; x_wconf 92' lang='lat' dir='ltr'>mea</span> <span class='ocrx_word' id='word_1_334' title='bbox 1427 1757 1646 1799; x_wconf 79' lang='lat' dir='ltr'>infirmata</span> <span class='ocrx_word' id='word_1_335' title='bbox 1673 1761 1776 1806; x_wconf 81' lang='lat' dir='ltr'>sunt</span> <span class='ocrx_word' id='word_1_336' title='bbox 1796 1769 1822 1798; x_wconf 90' lang='lat' dir='ltr'>a</span> <span class='ocrx_word' id='word_1_337' title='bbox 1841 1756 1896 1808; x_wconf 82' lang='lat' dir='ltr'>je-</span> 
     </span>
     <span class='ocr_line' id='line_1_76' title="bbox 1069 1814 1897 1866; baseline -0.001 -11"><span class='ocrx_word' id='word_1_338' title='bbox 1069 1814 1202 1866; x_wconf 83' lang='lat' dir='ltr'>j1‘1nio:</span> <span class='ocrx_word' id='word_1_339' title='bbox 1221 1816 1244 1841; x_wconf 88' lang='lat'>*</span> <span class='ocrx_word' id='word_1_340' title='bbox 1263 1819 1307 1856; x_wconf 92' lang='lat' dir='ltr'>et</span> <span class='ocrx_word' id='word_1_341' title='bbox 1332 1826 1437 1855; x_wconf 86' lang='lat' dir='ltr'>caro</span> <span class='ocrx_word' id='word_1_342' title='bbox 1463 1827 1562 1856; x_wconf 91' lang='lat' dir='ltr'>mea</span> <span class='ocrx_word' id='word_1_343' title='bbox 1581 1815 1812 1856; x_wconf 77' lang='lat' dir='ltr'>immutata</span> <span class='ocrx_word' id='word_1_344' title='bbox 1828 1817 1897 1866; x_wconf 85' lang='lat' dir='ltr'>est</span> 
     </span>
     <span class='ocr_line' id='line_1_77' title="bbox 1069 1871 1432 1923; baseline 0.003 -12"><span class='ocrx_word' id='word_1_345' title='bbox 1069 1876 1253 1923; x_wconf 91' lang='lat' dir='ltr'><strong>propter</strong></span> <span class='ocrx_word' id='word_1_346' title='bbox 1275 1871 1432 1912; x_wconf 69' lang='lat' dir='ltr'>eleum.</span> 
     </span>
    </p>

    <p class='ocr_par' dir='ltr' id='par_1_28' title="bbox 1068 1926 1897 2093">
     <span class='ocr_line' id='line_1_78' title="bbox 1120 1926 1897 1980; baseline -0.001 -11"><span class='ocrx_word' id='word_1_347' title='bbox 1120 1927 1177 1969; x_wconf 88' lang='lat' dir='ltr'>Et</span> <span class='ocrx_word' id='word_1_348' title='bbox 1205 1940 1287 1979; x_wconf 88' lang='lat' dir='ltr'>ego</span> <span class='ocrx_word' id='word_1_349' title='bbox 1314 1927 1456 1969; x_wconf 84' lang='lat' dir='ltr'>factus</span> <span class='ocrx_word' id='word_1_350' title='bbox 1483 1941 1580 1969; x_wconf 87' lang='lat' dir='ltr'>sum</span> <span class='ocrx_word' id='word_1_351' title='bbox 1607 1926 1897 1980; x_wconf 72' lang='lat' dir='ltr'><strong>opprebrium</strong></span> 
     </span>
     <span class='ocr_line' id='line_1_79' title="bbox 1068 1983 1896 2035; baseline -0.001 -11"><span class='ocrx_word' id='word_1_352' title='bbox 1068 1983 1172 2025; x_wconf 89' lang='lat' dir='ltr'>illis:</span> <span class='ocrx_word' id='word_1_353' title='bbox 1200 1986 1224 2012; x_wconf 87' lang='lat'>*</span> <span class='ocrx_word' id='word_1_354' title='bbox 1250 1983 1455 2026; x_wconf 83' lang='lat' dir='ltr'>viderunt</span> <span class='ocrx_word' id='word_1_355' title='bbox 1482 1997 1564 2035; x_wconf 90' lang='lat' dir='ltr'>me,</span> <span class='ocrx_word' id='word_1_356' title='bbox 1592 1989 1637 2026; x_wconf 93' lang='lat' dir='ltr'>et</span> <span class='ocrx_word' id='word_1_357' title='bbox 1663 1985 1896 2026; x_wconf 81' lang='lat' dir='ltr'>moverunt</span> 
     </span>
     <span class='ocr_line' id='line_1_80' title="bbox 1069 2040 1323 2093; baseline -0.004 -11"><span class='ocrx_word' id='word_1_358' title='bbox 1069 2040 1215 2093; x_wconf 77' lang='lat' dir='ltr'>capita</span> <span class='ocrx_word' id='word_1_359' title='bbox 1233 2053 1323 2082; x_wconf 82' lang='lat' dir='ltr'>sua.</span> 
     </span>
    </p>

    <p class='ocr_par' dir='ltr' id='par_1_29' title="bbox 1069 2097 1896 2252">
     <span class='ocr_line' id='line_1_81' title="bbox 1121 2097 1896 2150; baseline -0.001 -12"><span class='ocrx_word' id='word_1_360' title='bbox 1121 2097 1294 2150; x_wconf 88' lang='lat' dir='ltr'>Adjuva</span> <span class='ocrx_word' id='word_1_361' title='bbox 1319 2111 1389 2139; x_wconf 91' lang='lat' dir='ltr'>me</span> <span class='ocrx_word' id='word_1_362' title='bbox 1408 2098 1597 2140; x_wconf 74' lang='lat' dir='ltr'>Demine</span> <span class='ocrx_word' id='word_1_363' title='bbox 1615 2097 1737 2139; x_wconf 85' lang='lat' dir='ltr'>Deus</span> <span class='ocrx_word' id='word_1_364' title='bbox 1755 2109 1896 2138; x_wconf 87' lang='lat' dir='ltr'>meus:</span> 
     </span>
     <span class='ocr_line' id='line_1_82' title="bbox 1069 2153 1895 2196; baseline -0.001 -1"><span class='ocrx_word' id='word_1_365' title='bbox 1069 2154 1092 2179; x_wconf 86' lang='lat'>*</span> <span class='ocrx_word' id='word_1_366' title='bbox 1108 2153 1277 2195; x_wconf 86' lang='lat' dir='ltr'>salvum</span> <span class='ocrx_word' id='word_1_367' title='bbox 1295 2167 1364 2195; x_wconf 91' lang='lat' dir='ltr'>me</span> <span class='ocrx_word' id='word_1_368' title='bbox 1383 2154 1452 2196; x_wconf 91' lang='lat' dir='ltr'>fac</span> <span class='ocrx_word' id='word_1_369' title='bbox 1470 2153 1713 2196; x_wconf 66' lang='lat' dir='ltr'>secandum</span> <span class='ocrx_word' id='word_1_370' title='bbox 1730 2153 1895 2196; x_wconf 82' lang='lat' dir='ltr'>miseri-</span> 
     </span>
     <span class='ocr_line' id='line_1_83' title="bbox 1070 2209 1417 2252; baseline 0.003 -1"><span class='ocrx_word' id='word_1_371' title='bbox 1070 2209 1267 2252; x_wconf 71' lang='lat' dir='ltr'>cerdiam</span> <span class='ocrx_word' id='word_1_372' title='bbox 1285 2215 1417 2252; x_wconf 83' lang='lat' dir='ltr'>tuam.</span> 
     </span>
    </p>

    <p class='ocr_par' dir='ltr' id='par_1_30' title="bbox 1070 2267 1896 2366">
     <span class='ocr_line' id='line_1_84' title="bbox 1121 2267 1896 2319; baseline 0 -12"><span class='ocrx_word' id='word_1_373' title='bbox 1121 2267 1178 2307; x_wconf 88' lang='lat' dir='ltr'>Et</span> <span class='ocrx_word' id='word_1_374' title='bbox 1204 2267 1344 2308; x_wconf 86' lang='lat' dir='ltr'>sciant</span> <span class='ocrx_word' id='word_1_375' title='bbox 1372 2267 1475 2319; x_wconf 89' lang='lat' dir='ltr'>quia</span> <span class='ocrx_word' id='word_1_376' title='bbox 1499 2281 1653 2309; x_wconf 87' lang='lat' dir='ltr'>manus</span> <span class='ocrx_word' id='word_1_377' title='bbox 1680 2272 1756 2309; x_wconf 87' lang='lat' dir='ltr'>tua</span> <span class='ocrx_word' id='word_1_378' title='bbox 1784 2267 1896 2309; x_wconf 88' lang='lat' dir='ltr'>haec:</span> 
     </span>
     <span class='ocr_line' id='line_1_85' title="bbox 1070 2323 1717 2366; baseline 0 -2"><span class='ocrx_word' id='word_1_379' title='bbox 1070 2324 1093 2348; x_wconf 89' lang='lat'>*</span> <span class='ocrx_word' id='word_1_380' title='bbox 1114 2327 1157 2364; x_wconf 93' lang='lat' dir='ltr'>et</span> <span class='ocrx_word' id='word_1_381' title='bbox 1176 2327 1224 2364; x_wconf 94' lang='lat' dir='ltr'>tu</span> <span class='ocrx_word' id='word_1_382' title='bbox 1241 2323 1430 2366; x_wconf 73' lang='lat' dir='ltr'>Demine</span> <span class='ocrx_word' id='word_1_383' title='bbox 1448 2325 1591 2366; x_wconf 87' lang='lat' dir='ltr'>fecisti</span> <span class='ocrx_word' id='word_1_384' title='bbox 1611 2337 1717 2366; x_wconf 88' lang='lat' dir='ltr'>eam.</span> 
     </span>
    </p>

    <p class='ocr_par' dir='ltr' id='par_1_31' title="bbox 1070 2379 1896 2536">
     <span class='ocr_line' id='line_1_86' title="bbox 1122 2379 1896 2431; baseline 0.001 -11"><span class='ocrx_word' id='word_1_385' title='bbox 1122 2379 1386 2422; x_wconf 87' lang='lat' dir='ltr'>Maledicent</span> <span class='ocrx_word' id='word_1_386' title='bbox 1406 2381 1487 2431; x_wconf 85' lang='lat' dir='ltr'>illi,</span> <span class='ocrx_word' id='word_1_387' title='bbox 1515 2386 1559 2423; x_wconf 94' lang='lat' dir='ltr'>et</span> <span class='ocrx_word' id='word_1_388' title='bbox 1577 2386 1627 2423; x_wconf 87' lang='lat' dir='ltr'>tu</span> <span class='ocrx_word' id='word_1_389' title='bbox 1643 2380 1896 2423; x_wconf 70' lang='lat' dir='ltr'>benefflces:</span> 
     </span>
     <span class='ocr_line' id='line_1_87' title="bbox 1070 2435 1895 2488; baseline 0.002 -12"><span class='ocrx_word' id='word_1_390' title='bbox 1070 2437 1093 2462; x_wconf 86' lang='lat'>*</span> <span class='ocrx_word' id='word_1_391' title='bbox 1114 2436 1188 2488; x_wconf 93' lang='lat' dir='ltr'>qui</span> <span class='ocrx_word' id='word_1_392' title='bbox 1206 2435 1436 2487; x_wconf 69' lang='lat' dir='ltr'>insnrgunt</span> <span class='ocrx_word' id='word_1_393' title='bbox 1454 2438 1499 2478; x_wconf 90' lang='lat' dir='ltr'>in</span> <span class='ocrx_word' id='word_1_394' title='bbox 1517 2451 1605 2488; x_wconf 90' lang='lat' dir='ltr'>me,</span> <span class='ocrx_word' id='word_1_395' title='bbox 1629 2437 1895 2479; x_wconf 78' lang='lat' dir='ltr'>confundan-</span> 
     </span>
     <span class='ocr_line' id='line_1_88' title="bbox 1070 2493 1895 2536; baseline 0.002 -4"><span class='ocrx_word' id='word_1_396' title='bbox 1070 2497 1155 2533; x_wconf 90' lang='lat' dir='ltr'>tur:</span> <span class='ocrx_word' id='word_1_397' title='bbox 1183 2505 1336 2534; x_wconf 87' lang='lat' dir='ltr'><strong>servus</strong></span> <span class='ocrx_word' id='word_1_398' title='bbox 1360 2498 1506 2535; x_wconf 89' lang='lat' dir='ltr'>autem</span> <span class='ocrx_word' id='word_1_399' title='bbox 1533 2499 1635 2536; x_wconf 86' lang='lat' dir='ltr'>tuus</span> <span class='ocrx_word' id='word_1_400' title='bbox 1661 2493 1895 2536; x_wconf 70' lang='lat' dir='ltr'>laetabitur.</span> 
     </span>
    </p>

    <p class='ocr_par' dir='ltr' id='par_1_32' title="bbox 1069 2548 1895 2713">
     <span class='ocr_line' id='line_1_89' title="bbox 1122 2548 1895 2601; baseline 0.003 -11"><span class='ocrx_word' id='word_1_401' title='bbox 1122 2548 1363 2591; x_wconf 77' lang='lat' dir='ltr'>Induantur</span> <span class='ocrx_word' id='word_1_402' title='bbox 1397 2551 1472 2601; x_wconf 91' lang='lat' dir='ltr'>qui</span> <span class='ocrx_word' id='word_1_403' title='bbox 1505 2551 1740 2592; x_wconf 84' lang='lat' dir='ltr'>detrahunt</span> <span class='ocrx_word' id='word_1_404' title='bbox 1770 2549 1895 2600; x_wconf 89' lang='lat' dir='ltr'>mihi,</span> 
     </span>
     <span class='ocr_line' id='line_1_90' title="bbox 1070 2605 1894 2659; baseline 0.001 -13"><span class='ocrx_word' id='word_1_405' title='bbox 1070 2605 1259 2658; x_wconf 70' lang='lat' dir='ltr'><strong>pudere:</strong></span> <span class='ocrx_word' id='word_1_406' title='bbox 1286 2605 1310 2631; x_wconf 91' lang='lat'>*</span> <span class='ocrx_word' id='word_1_407' title='bbox 1339 2610 1383 2647; x_wconf 91' lang='lat' dir='ltr'>et</span> <span class='ocrx_word' id='word_1_408' title='bbox 1410 2607 1666 2659; x_wconf 77' lang='lat' dir='ltr'>operiantur</span> <span class='ocrx_word' id='word_1_409' title='bbox 1693 2608 1807 2649; x_wconf 87' lang='lat' dir='ltr'>sicut</span> <span class='ocrx_word' id='word_1_410' title='bbox 1833 2606 1894 2648; x_wconf 88' lang='lat' dir='ltr'>di-</span> 
     </span>
     <span class='ocr_line' id='line_1_91' title="bbox 1069 2661 1604 2713; baseline 0.006 -11"><span class='ocrx_word' id='word_1_411' title='bbox 1069 2661 1220 2713; x_wconf 73' lang='lat' dir='ltr'>plcide</span> <span class='ocrx_word' id='word_1_412' title='bbox 1239 2661 1496 2704; x_wconf 77' lang='lat' dir='ltr'>confusiOne</span> <span class='ocrx_word' id='word_1_413' title='bbox 1515 2676 1604 2705; x_wconf 85' lang='lat' dir='ltr'>sua.</span> 
     </span>
    </p>

    <p class='ocr_par' dir='ltr' id='par_1_33' title="bbox 1121 2717 1895 2762">
     <span class='ocr_line' id='line_1_92' title="bbox 1121 2717 1895 2762; baseline 0.005 -4"><span class='ocrx_word' id='word_1_414' title='bbox 1121 2717 1376 2760; x_wconf 79' lang='lat' dir='ltr'>Confitebor</span> <span class='ocrx_word' id='word_1_415' title='bbox 1394 2719 1586 2761; x_wconf 72' lang='lat' dir='ltr'>Demino</span> <span class='ocrx_word' id='word_1_416' title='bbox 1605 2720 1734 2762; x_wconf 80' lang='lat' dir='ltr'>nimis</span> <span class='ocrx_word' id='word_1_417' title='bbox 1753 2720 1799 2762; x_wconf 87' lang='lat' dir='ltr'>in</span> <span class='ocrx_word' id='word_1_418' title='bbox 1816 2732 1895 2762; x_wconf 86' lang='lat' dir='ltr'>ore</span> 
     </span>
    </p>
   </div>
  </div>
 </body>
</html>
