2040 2990
710 205 1104 238 ‹1‹›mmmmm-ationes
1129 212 1358 237 communes.

236 306 381 339 Deinde
414 305 504 338 liunt
538 312 742 347 sequentes
768 304 1005 337 Commemo-

183 354 350 387 ratione<
369 363 599 386 communes.
622 364 688 386 seu
707 351 895 393 Suffragia
915 352 1006 383 San-
1032 365 1035 372 ·

183 408 337 436 ctorum.
357 413 442 444 quae
462 401 639 435 dicuntur
657 401 770 434 etiam
786 398 1004 433 adLaudes.
1031 368 1086 431 ip

242 471 662 515 commemoratio
688 470 748 511 de
771 470 939 511 cruce.

235 538 275 570 In
323 538 443 571 furiali
492 543 636 570 mnium
684 535 839 570 officio
892 534 1005 567 eti'lm

182 586 336 628 quando
363 597 438 619 non
466 586 644 619 dicuntur
668 585 815 618 I’rwes

231 637 301 677 Ad
336 638 463 689 Xesp
494 645 534 678 et
564 638 597 677 Ι
602 636 746 677 ludes.
785 636 882 675 Ant.
928 634 1004 672 Per

181 692 351 743 signum
377 690 528 731 Crucis
554 689 608 730 de
637 688 819 729 inimicis
845 687 1004 728 nostris

179 748 316 790 libera
336 759 416 788 nos
436 747 557 788 Deus
578 751 737 786 noster.

235 804 284 854 Y.
324 804 475 845 Omnis
514 808 630 844 terra
668 801 822 842 adoret
858 805 920 849 te,
962 806 1004 841 et

180 861 339 914 psallat
379 859 468 901 tibi.
527 864 575 915 R.
621 858 841 899 Psalmum
887 856 1004 898 dicat

178 918 341 958 nomini
370 922 446 957 tuo
475 915 672 956 Domine.

310 983 503 1026 oremus.
714 985 875 1026 Oratio.

262 1045 442 1096 erpetua
484 1055 580 1089 nos,
623 1043 874 1094 quaesumus
916 1041 1002 1082 Do-

281 1100 406 1148 mine,
435 1111 543 1151 pace
570 1098 756 1139 custodi:
786 1111 896 1150 quos
926 1110 1003 1150 per
1032 1102 1037 1139 i

179 1156 341 1207 lignum
387 1160 549 1196 sanctae
593 1155 744 1195 Crucis
790 1153 1003 1195 redimere

180 1212 385 1269 dignatus
404 1225 462 1252 es.

179 1300 692 1344 commemorationes
703 1310 1003 1351 communes,

289 1362 376 1401 sive
398 1360 609 1407 Suffragia
629 1363 897 1401 Sanctorum.

433 1425 500 1461 De
526 1423 566 1460 S.
590 1424 738 1466 Maria,

232 1475 384 1516 quando
411 1485 484 1507 non
512 1474 652 1507 dicitur
676 1475 756 1514 cius
782 1474 956 1507 officium

511 1533 682 1565 parvum.

236 1577 301 1617 Ad
325 1578 456 1629 Vesp.
483 1586 523 1618 et
547 1578 727 1619 Laudes.
767 1580 862 1619 Ant.
900 1580 1002 1618 San—

180 1638 248 1675 cta
277 1633 414 1674 Maria
443 1636 649 1675 succurre
679 1634 868 1682 miseris,
905 1635 1003 1686 juva

179 1689 495 1743 pusillanimes,
528 1690 677 1732 refove
706 1691 892 1741 flebiles,
926 1704 1003 1732 ora

178 1759 259 1799 pro
291 1746 478 1799 populo,
514 1746 726 1788 interveni
758 1760 839 1800 pro
873 1748 1001 1798 clero

178 1802 398 1844 intercede
408 1815 490 1856 pro
506 1802 589 1844 dev
579 1805 667 1844 oto
682 1804 869 1846 femineo
882 1818 1003 1846 sexu:

178 1860 364 1900 sentiant
382 1872 533 1901 omnes
548 1861 695 1900 tuum
683 1874 754 1912 Juv
759 1863 895 1910 amen
914 1862 1002 1913 qui-

179 1919 365 1967 cumque
399 1915 620 1957 celebrant
652 1922 770 1958 tuam
808 1923 1003 1959 sanctam

180 1973 648 2014 commemorationem.

238 2025 275 2075 Y
281 2027 389 2068 .Ora
408 2041 488 2081 pro
509 2028 636 2070 nobis
656 2035 805 2071 sancta
821 2031 902 2071 Dei
919 2031 1001 2071 Ge-

178 2085 319 2125 nitrix.
357 2086 405 2137 R.
426 2085 483 2126 Ut
507 2085 625 2136 digni
646 2086 884 2127 efficiemur
904 2100 1002 2139 pro·

179 2140 457 2182 missionibus
479 2140 648 2183 Christi.

315 2216 509 2256 Oremus.
715 2220 876 2260 Oratio.

187 2274 426 2382 Concede
445 2293 525 2320 nos
546 2280 730 2322 famulos
750 2286 860 2330 tuos,
889 2285 1003 2334 quae-

267 2347 414 2376 sumus
434 2336 621 2378 Domine
640 2337 771 2386 Deus,
791 2341 1004 2391 perpetua

179 2391 335 2432 mentis
373 2396 414 2433 et
451 2394 650 2445 corporis
684 2394 867 2435 sanitate
904 2408 1004 2445 gau-

181 2446 295 2495 dere,
314 2453 357 2488 et
375 2447 566 2498 gloriosa
585 2448 727 2490 bezitae
740 2450 889 2491 Mariae
905 2464 1006 2492 sem-

180 2516 259 2556 per
278 2504 471 2554 Virginis
491 2505 818 2555 intercessione,
847 2520 870 2547 a
896 2521 1004 2560 prae-

180 2560 291 2601 senti
328 2560 502 2601 libereri
539 2562 729 2611 tristitia,
763 2568 805 2604 et
843 2566 1005 2605 aeterna

179 2616 344 2669 perfrui
373 2616 533 2658 laetitia.

240 2680 300 2713 Ab
326 2680 403 2714 Oet.
432 2680 566 2723 lipiph.
599 2693 718 2724 usquc
751 2682 797 2715 ad
830 2682 1005 2717 Purifica-

187 2728 326 2762 ti‹›n‹.·in
355 2729 506 2761 dieitur:

1114 298 1163 348 Y'
1187 298 1294 338 Post
1318 302 1492 362 partum
1511 297 1650 346 Virgo
1678 296 1887 338 inviolata

1058 353 1345 407 permansisti
1371 356 1422 407 R.
1443 353 1527 394 Dei
1543 353 1743 394 Genitrix
1758 354 1885 395 inter-

1059 410 1166 452 cede
1186 423 1268 463 pro
1288 409 1427 451 nobis.

1191 487 1385 527 oremus.
1594 485 1758 526 Oratio.

1148 564 1235 600 eus,
1265 551 1337 602 qui
1358 550 1511 591 salutis
1531 551 1720 599 aeternae,
1742 549 1885 592 beatae

1162 609 1313 649 Mariae
1325 607 1572 658 virginitate
1583 606 1800 655 foectmda,
1810 606 1885 649 hu-

1056 669 1186 707 mano
1228 665 1378 715 generi
1414 663 1597 716 praemia
1628 664 1886 716 praestitisti:

1056 722 1214 773 tribue⁷
1253 723 1517 774 quaesumus3
1554 726 1602 762 ut
1628 721 1770 774 ipsam
1803 733 1885 774 pro

1056 778 1184 820 nobis
1211 777 1483 819 intercedere
1516 778 1770 827 sentiemus,
1806 791 1886 831 per

1058 849 1189 888 quam
1232 835 1470 876 meruimus
1516 836 1742 876 auctorem
1782 834 1885 876 vitae

1057 895 1280 946 suscipere
1306 891 1545 932 Dominum
1578 896 1777 933 nostrum
1818 891 1886 933 Je-

1057 963 1153 991 sum
1178 949 1397 991 Christum
1423 947 1581 988 Filium
1608 951 1742 989 tuum.

1254 1026 1322 1062 De
1348 1029 1500 1062 sancto
1517 1025 1693 1073 Joseph.

1115 1093 1185 1135 Ad
1206 1093 1245 1133 V
1250 1107 1339 1145 esp.
1372 1094 1472 1133 Ant.
1501 1091 1617 1131 Ecce
1636 1087 1779 1129 fidelis
1799 1101 1885 1130 ser-

1056 1159 1136 1187 vus
1170 1150 1213 1187 et
1241 1145 1455 1198 prudens,
1494 1158 1623 1198 quem
1661 1144 1888 1186 constituit

1056 1203 1271 1243 Dominus
1298 1215 1431 1255 super
1458 1201 1667 1243 familiam
1691 1214 1825 1243 suam.

1117 1259 1166 1311 Y
1201 1259 1352 1300 Gloria
1391 1264 1434 1300 et
1469 1258 1633 1300 divitiae
1671 1259 1714 1298 in
1751 1258 1884 1300 domo

1057 1317 1158 1368 ejus.
1206 1322 1254 1373 R
1275 1316 1333 1356 Et
1360 1316 1521 1367 justitia
1549 1315 1639 1367 ejus
1667 1319 1815 1356 manet
1841 1315 1885 1356 in

1057 1373 1267 1415 saeculum
1294 1372 1454 1414 saeculi.

1120 1442 1186 1483 Ad
1206 1443 1241 1482 Ι
1245 1443 1341 1483 aud.
1381 1443 1477 1482 Ant.
1511 1442 1607 1491 lpse
1635 1438 1764 1480 Jesus
1791 1441 1886 1479 erat

1055 1496 1268 1549 incipiens
1302 1496 1427 1548 quasi
1459 1498 1673 1537 annorum
1708 1495 1885 1546 triginta

1055 1557 1103 1594 ut
1131 1552 1369 1606 putabatur
1395 1552 1511 1593 filius
1539 1552 1717 1605 Joseph.

1116 1618 1164 1669 Y'.
1186 1618 1248 1659 Os
1276 1618 1376 1670 justi
1403 1616 1688 1659 meditAbitur
1705 1617 1884 1670 sapien-

1056 1675 1172 1716 tiam.
1232 1679 1281 1730 R.
1302 1675 1359 1715 Et
1386 1674 1533 1725 lingua
1561 1673 1652 1725 ejus
1679 1672 1885 1726 loquetur

1055 1731 1273 1783 judicium.

1187 1794 1384 1836 Oremus.
1598 1793 1760 1834 Oratio.

1152 1867 1244 1903 eus,
1274 1854 1346 1906 qui
1374 1851 1581 1894 ineffabili
1609 1850 1886 1905 providentia

1164 1909 1342 1952 beatum
1386 1910 1410 1950 J
1413 1909 1552 1962 oseph
1598 1908 1885 1950 sanctissimae

1057 1967 1291 2008 Genitricis
1334 1972 1421 2008 tuae
1467 1965 1679 2019 sponsum
1725 1965 1886 2017 eligere

1058 2023 1261 2075 dign-{itus
1281 2036 1342 2064 es:
1366 2028 1529 2076 praesta
1549 2024 1815 2074 quaesumus3
1838 2026 1886 2062 ut

1059 2093 1189 2132 quem
1217 2083 1515 2132 protectorem
1552 2081 1811 2120 veneremur
1843 2078 1886 2118 in

1056 2137 1200 2186 terris,
1236 2137 1574 2178 intercessorem
1606 2135 1768 2177 habere
1798 2147 1885 2176 me-

1057 2196 1231 2235 reamur
1251 2193 1293 2233 in
1315 2192 1449 2234 coelis.

1309 2265 1377 2302 De
1403 2266 1638 2313 Apostolis.

1114 2307 1186 2369 Ad
1207 2328 1338 2380 Vesp.
1378 2330 1475 2368 Ant.
1516 2330 1666 2368 Petrus
1694 2326 1886 2391 Aposto-

1058 2383 1136 2432 lus,
1157 2387 1200 2425 et
1214 2383 1374 2424 Paulus
1386 2384 1555 2425 Doctor
1568 2382 1812 2431 Gentium,
1801 2382 1885 2435 1psi

1058 2453 1139 2481 nos
1152 2439 1395 2481 docuerunt
1404 2440 1547 2491 legem
1558 2445 1676 2481 tuam
1687 2439 1886 2481 Domine.

1115 2497 1164 2549 Ψ.
1193 2500 1441 2542 Constitues
1473 2513 1549 2542 eos
1574 2500 1796 2553 principes
1820 2513 1885 2541 su-

1060 2570 1139 2609 per
1166 2569 1339 2597 omnem
1372 2561 1545 2598 terram.
1587 2559 1637 2610 R.
1669 2557 1885 2597 Memores

1060 2618 1186 2654 erunt
1204 2613 1390 2654 nominis
1409 2613 1470 2654 tui
1490 2613 1688 2654 Domine.

1114 2672 1183 2714 Ad
1202 2673 1335 2714 Laud.
1375 2675 1471 2713 Ant.
1510 2673 1702 2714 Gloriosi
1728 2672 1884 2726 princi-

1059 2743 1139 2782 pes
1170 2733 1316 2779 terrae,
1355 2727 1578 2781 quomodo
1611 2729 1654 2770 in
1686 2730 1776 2771 vita
1807 2741 1886 2770 sua
