2080 2990
616 220 686 253 Dic
711 220 760 253 331.
787 220 870 253 Jan.
918 220 951 253 S.
978 219 1081 253 Petri
1108 219 1265 252 Nolasci
1292 220 1399 253 Cont'.

158 320 222 358 Tu
240 322 440 358 nostrum
459 316 671 366 columen,
697 321 746 357 tu
764 315 899 357 decus
919 316 979 354 in-

464 372 637 424 clytum,

202 428 467 469 Nostrarum
507 427 768 479 obsequium
809 425 980 478 respice

464 485 686 534 mentium,

205 541 362 581 Romae
387 540 658 604 vota-libens
685 539 854 591 excipe,
884 549 982 588 quae

206 652 271 693 Te
290 652 376 693 ritu
396 609 540 701 canlii,O
540 657 584 694 et
603 652 718 693 colit.

160 718 200 757 A
214 715 342 758 nobis
360 716 512 767 abigas
529 716 698 758 lubrica
716 713 876 766 gaudia

206 772 290 821 Tu,
316 772 390 823 qui
408 771 673 824 Martyribus
694 770 847 812 dexter
866 767 985 817 ades,

206 883 303 925 Une
323 888 367 924 et
387 828 640 925 Triffeiutsuis
660 882 717 924 da
736 881 907 923 famulis
927 881 984 932 ju-

210 997 307 1046 Quo
328 939 707 1036 elemeffiranimos
726 993 845 1036 beas.

467 1051 620 1091 Amen.

216 1108 329 1150 Vesp.
357 1108 403 1141 de
429 1118 534 1151 sequ.
560 1118 645 1141 cum
671 1116 803 1141 comm.
829 1115 943 1148 praec.

380 1198 464 1239 Die
483 1199 542 1239 31.
559 1198 584 1238 J
587 1196 764 1238 anuarii.

210 1261 253 1302 S.
272 1261 409 1302 Petri
425 1261 626 1302 Nolasci
652 1258 937 1300 Confessoris.

494 1319 657 1363 Duplex.

215 1374 351 1408 Omnia
384 1374 430 1408 dc
458 1374 602 1409 Comm.
634 1376 743 1409 Conf.
774 1384 851 1408 non
880 1374 989 1407 Pont.

160 1424 228 1468 [67]
255 1426 396 1465 praetcr
421 1432 525 1465 sequ.
545 1423 604 1463 (m.
628 1425 653 1457 t.
676 1421 725 1464 V.)

498 1478 662 1519 Oratio.

162 1528 341 1634 Deus,
362 1535 436 1586 qui
454 1534 498 1574 in
519 1539 608 1575 tuae
635 1532 826 1574 caritatis
846 1533 988 1572 exem-

262 1591 399 1644 plum,
426 1589 484 1631 ad
506 1588 701 1630 fidelium
725 1587 988 1639 redemptio-

159 1660 261 1689 nem
298 1651 498 1688 sanctum
531 1645 710 1686 Petrum
746 1643 990 1685 Ecclesiam

159 1708 280 1745 tuam
306 1715 423 1744 nova
446 1701 572 1754 prole
604 1700 858 1743 foecundare
884 1699 989 1741 divi-

160 1759 277 1801 nitus
302 1757 507 1800 docuisti:
540 1757 678 1810 ipsius
705 1756 833 1798 nobis
862 1756 989 1797 inter-

162 1815 362 1856 cessiene
387 1813 596 1864 concede,
622 1826 648 1854 a
665 1813 838 1865 peccati
860 1812 990 1853 servi-

161 1873 255 1912 tute
276 1869 448 1919 solutis,
473 1869 518 1909 in
542 1869 712 1911 coelesti
733 1868 878 1921 patria
895 1879 990 1919 per-

162 1927 297 1978 petua
315 1925 517 1967 libertate
537 1924 744 1976 gaudere:
768 1923 853 1974 Qui
870 1923 991 1964 vivis.

216 1985 365 2020 Deinde
391 1986 431 2018 fit
455 1993 651 2019 commem.
676 1981 840 2025 praeced.

217 2037 316 2078 Ant.
341 2037 450 2078 Veni
469 2049 633 2090 sponsa
651 2035 821 2085 Christi,
841 2034 992 2086 accipe

165 2095 384 2143 coronam,
405 2105 536 2145 quam
552 2092 634 2134 tibi
648 2091 862 2132 Deminus
881 2102 991 2142 prae-

164 2149 336 2202 paravit
353 2149 398 2189 in
417 2151 638 2190 aeternum.

219 2199 269 2250 V.
306 2204 479 2245 Diffusa
516 2210 583 2245 est
614 2203 755 2254 gratia
785 2202 830 2242 in
864 2201 992 2242 labiis

164 2259 261 2301 tuis.
323 2259 374 2310 R.
409 2261 653 2312 Propterea
689 2256 914 2300 benedixit
948 2261 992 2298 te

165 2315 286 2356 Deus
307 2315 352 2356 in
377 2317 600 2357 aeternum.

220 2370 264 2404 In
294 2370 321 2405 Ι.
351 2370 551 2404 Nocturno
581 2369 785 2403 Lectiones
819 2368 865 2402 de
897 2367 994 2401 Scri-

169 2421 280 2460 ptura
304 2421 538 2451 oecurrente.

390 2477 440 2517 In
466 2477 518 2516 11.
545 2477 769 2516 Nocturno.

461 2536 613 2577 Lectio
634 2536 687 2575 iv.

206 2615 248 2647 f
266 2601 401 2637 etrus
420 2597 653 2646 Nolaseus,
677 2594 876 2636 Recaudi
893 2605 993 2646 pro-

299 2665 356 2704 pe
376 2652 670 2693 Carcasenam
692 2652 735 2692 in
758 2650 900 2692 Gallia
920 2651 993 2689 no-

181 2701 183 2703 ’
210 2683 278 2730 th
300 2707 377 2749 bili
415 2709 573 2758 genere
605 2712 749 2756 natus,
788 2704 996 2756 singulari

324 2849 388 2873 Pars
403 2848 537 2873 Hiemalis.

1033 325 1137 363 erga
1159 312 1410 365 preximum
1442 312 1622 353 caritate
1646 312 1860 353 excelluit.

1035 369 1166 421 Cujus
1218 369 1391 410 virtutis
1444 369 1709 420 praesagium
1761 368 1860 414 fuit;

1035 423 1171 476 quod,
1198 437 1298 465 cum
1319 423 1463 465 adhuc
1484 424 1528 463 in
1548 423 1773 465 cunabulis
1791 436 1862 463 va-

1033 482 1146 531 giret
1163 480 1317 529 infans,
1337 481 1520 520 examen
1539 492 1670 531 apum
1689 479 1745 520 ad
1765 492 1860 520 eum

1036 536 1303 585 convolavit,
1324 541 1367 577 et
1386 536 1533 576 favum
1551 535 1691 575 mellis
1710 535 1754 574 in
1773 536 1862 587 ejus

1036 592 1218 633 dextera
1270 591 1524 632 construxit.
1592 590 1864 632 Adolescens

1035 648 1290 701 parentibus
1325 647 1521 696 orbatus,
1563 646 1865 697 Albigensium

1035 704 1254 752 haeresim,
1282 715 1381 755 quae
1400 708 1504 744 tunc
1522 702 1566 742 in
1586 702 1729 742 Gallia
1748 715 1863 753 gras-

1037 760 1230 809 sabatur,
1260 761 1508 808 exsecrans,
1538 757 1762 799 divendito
1791 770 1864 809 pa-

1037 815 1258 864 trimonio,
1296 815 1340 855 in
1373 814 1633 866 Hispaniam
1670 813 1867 862 secessit3

1039 876 1082 912 et
1108 871 1226 923 apud
1250 871 1428 912 beatam
1451 870 1678 921 Virginem
1705 868 1866 909 montis

1038 927 1201 968 Serreti
1219 932 1388 975 votum,
1418 938 1505 977 quo
1529 924 1701 977 pridem
1726 937 1772 964 se
1793 923 1867 964 ob-

1039 985 1284 1032 strinxerat,
1303 982 1502 1023 exs61vit.
1530 981 1645 1021 Tum
1661 980 1867 1020 Barcino-

1038 1051 1138 1079 nam
1153 1051 1351 1090 pergens,
1371 1051 1472 1079 cum
1488 1036 1650 1078 Christi
1666 1034 1868 1076 fidelibus

1039 1094 1094 1135 ab
1131 1094 1324 1135 hestium
1357 1094 1567 1135 servitute
1602 1091 1868 1132 redimendis

1040 1162 1214 1190 omnem
1249 1150 1481 1201 pecuniam
1514 1149 1869 1198 consumpsisset,

1040 1208 1234 1257 seipsum
1257 1218 1340 1257 pro
1370 1205 1422 1245 iis
1447 1201 1684 1245 liberandis
1711 1214 1869 1243 venum

1038 1261 1116 1311 ire,
1150 1266 1224 1302 aut
1255 1261 1299 1300 in
1326 1260 1500 1301 illorum
1527 1257 1699 1300 vincula
1727 1257 1869 1298 suffici

1040 1319 1202 1369 cupere
1221 1315 1462 1357 dictitabat.

1099 1373 1148 1423 Rg.
1175 1373 1422 1413 Honestum
1450 1370 1553 1411 fecit
1577 1370 1697 1410 illum
1718 1368 1866 1422 Demi-

1040 1441 1138 1477 nus,
1164 1433 1207 1469 et
1226 1426 1462 1468 custodivit
1482 1439 1582 1467 eum
1600 1425 1654 1467 ab
1673 1424 1868 1473 inimicis,

1041 1489 1085 1524 et
1112 1497 1137 1524 a
1165 1482 1471 1524 seductoribus
1496 1481 1656 1522 tutavit
1683 1480 1820 1520 illum:
1850 1480 1871 1502 *

1039 1540 1098 1580 Et
1130 1538 1253 1580 dedit
1284 1538 1346 1578 illi
1379 1538 1622 1579 claritatem
1651 1538 1869 1577 aeternam.

1046 1593 1097 1641 V.
1123 1595 1148 1636 J
1151 1600 1296 1636 ustum
1328 1593 1511 1635 deduxit
1541 1592 1756 1633 Deminus
1791 1604 1871 1643 per

1041 1651 1134 1692 vias
1153 1655 1311 1699 rectas,
1337 1655 1380 1691 et
1400 1647 1591 1691 ostendit
1609 1648 1671 1687 illi
1689 1660 1872 1697 regnum

1041 1707 1135 1748 Dei.
1163 1707 1220 1747 Et
1240 1704 1371 1747 dedit.

1356 1759 1507 1799 Lectio
1529 1772 1565 1796 v.

1048 1794 1228 1917 Quam
1268 1822 1441 1868 gratum
1480 1817 1577 1857 Deo
1619 1815 1748 1856 fuerit
1785 1814 1871 1855 hoc

1155 1874 1296 1914 sancti
1321 1873 1402 1913 viri
1426 1871 1700 1920 desiderium,
1720 1869 1868 1911 subse-

1044 1941 1180 1980 quens
1201 1927 1441 1970 declaravit
1461 1929 1657 1968 eventus:
1677 1939 1778 1967 nam
1795 1937 1869 1965 no-

1044 1989 1116 2025 ctu
1136 1984 1293 2034 oranti,
1319 1988 1362 2024 et
1386 1982 1442 2024 de
1461 1982 1806 2023 Christianorum
1827 1981 1871 2020 in

1044 2039 1297 2091 captivitate
1360 2037 1610 2089 degentium
1674 2036 1870 2078 subsidio

1042 2095 1178 2136 multa
1204 2095 1349 2135 enimc
1368 2094 1563 2135 volventi
1583 2093 1714 2134 beata
1732 2092 1870 2142 Virgo

1044 2153 1279 2202 apparenS,
1308 2150 1419 2191 Filio
1447 2162 1527 2190 suo
1554 2149 1724 2200 sibique
1751 2160 1870 2188 acce-

1042 2206 1290 2258 ptissimum
1309 2206 1402 2246 fore
1423 2205 1654 2256 suggessit,
1674 2204 1710 2244 si
1730 2202 1786 2244 ad
1806 2203 1871 2243 sui

1043 2261 1256 2302 hono'rem
1281 2261 1586 2311 religiosorum
1612 2258 1722 2300 ordo
1751 2258 1869 2298 insti-

1043 2318 1252 2366 tueretur,
1299 2316 1456 2368 quibus
1495 2317 1718 2368 praecipue
1755 2318 1870 2354 esset

1045 2385 1148 2413 cura
1171 2373 1371 2424 captivos
1392 2371 1447 2413 ab
1469 2370 1709 2412 infidelium
1726 2370 1869 2420 tyran-

1044 2426 1145 2468 nide
1158 2427 1357 2469 liberere.
1384 2427 1500 2468 Huic
1520 2425 1688 2468 coelesti
1703 2424 1869 2465 menito

1044 2483 1160 2523 illico
1187 2482 1513 2535 obtemperans,
1541 2494 1626 2522 una
1651 2493 1750 2521 cum
1775 2492 1869 2520 san-

1045 2543 1117 2579 cto
1140 2538 1402 2590 Raymundo
1426 2537 1480 2579 de
1499 2536 1715 2584 Pefiafort,
1738 2539 1781 2575 et
1801 2535 1826 2574 J
1829 2546 1868 2574 a-

1045 2593 1159 2634 eobo
1194 2593 1353 2645 primo,
1391 2605 1492 2644 rege
1528 2591 1777 2641 AragOniae,
1815 2587 1869 2629 de
1922 2627 1925 2640 ἑ

1046 2649 1200 2690 eadem
1224 2662 1270 2690 re
1297 2662 1322 2690 a
1340 2649 1424 2689 Dei
1443 2647 1663 2689 Genitrice
1680 2646 1777 2697 ipsa
1794 2656 1864 2684 no-

1046 2709 1115 2745 cte
1138 2704 1423 2756 praemonitis,
1450 2702 1703 2752 religionem
1726 2700 1868 2741 beatae

1600 2831 1665 2865 30*
