2040 2990
609 205 739 241 Tertia
765 207 825 241 die
851 207 949 242 infra
974 208 1157 243 Octavam
1182 210 1421 252 Epiphaniae.

165 300 277 350 thus,
297 300 410 342 sicut
428 301 525 343 Deo
544 314 666 353 vero;
685 303 907 355 myrrham
927 317 990 346 se-

164 356 352 408 pulturae
374 358 475 409 ejus,
501 357 682 411 alleluja.

218 411 286 452 Ad
299 411 471 462 Magnis.
484 414 581 455 Ant.
594 414 807 457 Videntes
820 417 990 458 stellam

163 471 294 521 Magi,
314 472 337 496 *
357 472 496 522 gavisi
515 477 617 513 sunt
636 472 796 523 gaudio
816 486 990 524 magno:

164 531 208 568 et
246 527 459 569 intrantes
478 547 480 549 ·
498 528 695 579 domum,
737 529 990 572 obtulerunt

162 583 353 626 Domino
373 597 536 635 aurum,
559 584 672 635 thus,
697 590 739 627 et
757 586 989 638 myrrham,

162 639 343 692 alleluja.

473 694 498 700 vx
502 694 572 701 Μ
575 695 646 702 χκ»Λ
650 696 678 701 vx

354 739 390 780 Τ
410 749 436 780 e
455 750 482 780 r
501 739 524 781 t
542 740 560 780 i
579 751 610 782 a
655 741 696 781 D
716 740 734 780 i
754 751 792 781 e.

391 800 442 839 In
468 800 499 840 Ι.
525 800 749 841 Nocturno.

250 861 318 904 De
346 863 547 915 Epistola
574 862 631 904 ad
659 864 895 905 Romanos.

288 923 439 965 Lectio
467 924 492 963 i.
676 924 779 975 Cap.
799 924 855 963 12.

164 982 269 1040 'fjffj
284 993 430 1022 secro
454 982 604 1032 itaque
628 993 708 1021 vos
731 981 887 1022 fratres
906 994 986 1034 per

164 1031 268 1083 !,1‚'‘„²²'fj
290 1036 637 1078 misericordiam
663 1037 766 1086 Dei,
794 1042 842 1078 ut
870 1037 985 1079 exhi-

166 1088 179 1100 *
205 1089 207 1091 ’
289 1092 431 1135 beatis
442 1095 632 1146 corpora
641 1098 788 1135 vestra
796 1093 986 1135 hostiam

157 1149 387 1200 viventem,
402 1154 608 1200 sanctam,
618 1150 715 1192 Deo
729 1149 984 1202 placentem,

156 1205 413 1247 rationabile
430 1205 690 1258 obsequium
704 1211 910 1248 vestrum.
929 1208 985 1249 Et

155 1261 290 1303 nolite
310 1263 575 1304 conformari
592 1262 693 1304 huic
712 1263 887 1313 saeculo,
905 1263 985 1305 sed

155 1317 452 1360 reformamini
470 1320 514 1360 in
531 1319 728 1361 novitate
745 1332 898 1361 sensus
912 1333 983 1361 ve-

154 1374 250 1415 stri:
276 1379 327 1416 ut
349 1375 546 1428 probetis
572 1387 671 1427 quae
699 1376 757 1417 sit
780 1375 983 1417 voluntas

154 1430 239 1472 Dei
260 1430 393 1482 bona,
418 1436 463 1473 et
485 1431 794 1484 beneplacens,
821 1437 864 1474 et
886 1445 981 1485 per-

154 1486 278 1528 fecta.
313 1487 426 1529 Dico
447 1488 561 1529 enim
578 1501 659 1540 per
678 1488 863 1539 gratiam
884 1501 982 1541 quae

154 1542 258 1585 data
276 1548 345 1586 est
362 1544 478 1594 mihi,
498 1544 699 1586 omnibus
714 1545 788 1596 qui
806 1550 906 1586 sunt
921 1546 981 1586 in-

153 1603 221 1640 ter
254 1613 353 1642 vos:
389 1601 492 1642 Non
525 1600 624 1653 plus
659 1603 815 1653 sapere
851 1614 981 1654 quam

154 1657 331 1709 oportet
355 1659 526 1710 sapere,
551 1657 631 1698 sed
654 1659 810 1710 sapere
834 1657 891 1699 ad
913 1671 980 1700 so-

153 1711 399 1755 brietatem:
419 1718 463 1755 et
479 1713 713 1766 unicuique
733 1714 846 1756 sicut
858 1715 980 1757 Deus

154 1767 301 1811 divisit
318 1773 567 1811 mensuram
585 1769 699 1811 fidei.

205 1825 256 1877 Rz.
290 1826 396 1867 Tria
429 1831 529 1869 sunt
562 1829 743 1868 munera
775 1827 979 1879 pretiosa,

154 1894 252 1934 quae
286 1882 538 1924 obtulerunt
563 1883 681 1934 Magi
712 1884 903 1924 Domino
935 1884 979 1924 in

153 1936 223 1980 die
241 1939 335 1989 ista,
355 1943 399 1980 et
416 1938 580 1981 habent
597 1939 642 1980 in
661 1952 709 1980 se
728 1939 874 1981 divina
889 1953 979 1991 my-

152 1995 298 2036 steria:
316 1995 341 2019 *
354 1996 406 2036 In
420 2008 539 2046 auro,
557 2000 606 2037 ut
624 1995 880 2037 ostendatur
895 1996 978 2037 Re-

151 2050 217 2102 gis
236 2052 448 2104 potentia:
475 2052 520 2093 in
537 2051 675 2102 thure,
694 2051 979 2093 Sacerdotem

150 2119 355 2158 magnum
380 2107 628 2149 considera:
656 2113 700 2150 et
724 2108 768 2149 in
791 2107 978 2160 myrrha,

150 2163 426 2205 Dominicam
446 2164 726 2218 sepulturam.
744 2159 803 2210 VJ
818 2164 978 2206 Salutis

149 2223 313 2261 nostrae
358 2222 584 2262 auctorem
621 2220 738 2272 Magi
783 2221 978 2262 venerati

150 2280 251 2317 sunt
273 2276 318 2317 in
342 2276 585 2327 cunabulis,
616 2282 660 2319 et
684 2276 738 2318 de
762 2276 977 2318 thesauris

151 2332 240 2373 suis
263 2333 471 2385 m5⁷sticas
492 2333 532 2375 ei
554 2336 783 2375 munerum
807 2333 976 2385 species

150 2387 411 2431 obtulerunt.
438 2390 490 2430 In
510 2402 628 2431 auro.

459 2445 610 2486 Lectio
630 2446 668 2486 ii.

217 2499 308 2541 icut
329 2501 443 2542 enim
462 2502 507 2542 in
525 2514 612 2542 uno
635 2503 822 2553 corpore
841 2500 977 2542 multa
1031 2517 1040 2539 :-

230 2556 427 2598 membra
437 2557 660 2607 habemus,
676 2558 820 2598 omnia
832 2562 976 2598 autem

149 2611 346 2653 membra
375 2626 464 2654 non
496 2613 700 2655 eumdem
731 2618 876 2654 actum
904 2613 975 2653 ha·
1030 2607 1137 2632 ι

152 2667 268 2709 bent:
287 2667 348 2709 ita
361 2669 486 2711 multi
500 2683 635 2711 unum
650 2682 811 2722 corpus
827 2681 975 2710 sumus

1043 306 1176 347 terius
1208 309 1413 351 membra.
1466 312 1690 356 Habentes
1723 321 1869 358 autem

1044 361 1301 406 donationes
1314 368 1554 409 secandum
1564 371 1758 422 gratiam,
1771 386 1868 425 quae

1044 418 1147 460 data
1162 425 1229 462 est
1243 422 1381 473 nobis,
1398 423 1660 467 differentes:
1675 428 1766 470 sive
1777 442 1869 481 pro-

1041 475 1236 527 phetiam
1260 480 1500 521 secundum
1524 483 1736 525 rationem
1754 485 1866 537 fidei,

1043 532 1134 574 sive
1170 534 1456 578 ministerium
1491 538 1534 578 in
1569 539 1867 592 ministrando,

1042 588 1133 630 sive
1154 591 1228 641 qui
1248 590 1379 634 docet
1401 593 1443 633 in
1465 593 1678 646 doctrina,
1705 598 1778 649 qui
1797 611 1866 639 ex-

1041 644 1241 687 hortatur
1259 648 1302 688 in
1323 649 1607 701 exhortando,
1627 653 1700 704 qui
1718 654 1866 696 tribuit

1040 701 1084 741 in
1104 701 1397 755 simplicitate,
1421 707 1494 758 qui
1511 714 1673 759 praeest
1691 709 1734 749 in
1754 710 1866 751 solli-

1041 757 1242 809 citudine,
1254 761 1328 811 qui
1339 762 1569 804 miseretur
1582 764 1626 804 in
1638 764 1865 808 hilaritate.

1091 816 1142 867 Κ.
1174 819 1226 859 In
1254 821 1471 863 columbae
1505 824 1652 875 specie
1679 825 1864 878 Spiritus
1909 851 1912 857 ν

1039 878 1216 916 sanctus
1238 876 1356 919 visus
1376 883 1458 928 est,
1482 879 1669 921 Paterna
1688 895 1775 923 vox
1794 896 1864 924 au·
1909 919 1911 923 ,

1039 929 1131 971 dita
1155 936 1236 973 est:
1259 931 1281 955 *
1308 934 1394 975 Hic
1419 940 1486 976 est
1504 936 1639 978 Filius
1662 951 1785 979 meus
1806 939 1864 980 di-

1038 986 1187 1038 lectus,
1202 988 1246 1028 in
1261 1003 1347 1042 quo
1362 991 1469 1032 mihi
1482 991 1594 1034 bene
1610 995 1864 1047 complacui.

1038 1037 1089 1089 V.
1117 1044 1226 1085 Coeli
1249 1047 1391 1098 aperti
1410 1053 1509 1090 sunt
1532 1062 1663 1102 super
1683 1063 1795 1102 eum,
1821 1057 1864 1093 et

1037 1112 1125 1140 vox
1142 1101 1283 1143 Patris
1302 1103 1500 1146 intonuit.
1528 1105 1613 1147 Hic
1633 1112 1709 1148 est.

1338 1165 1490 1206 Lectio
1511 1166 1565 1204 iii.

1036 1218 1272 1323 Dilectio
1289 1229 1381 1270 sine
1397 1230 1681 1273 simulatione.
1706 1233 1861 1276 Odien-
1907 1247 1910 1252 ’

1140 1288 1206 1324 tes
1230 1285 1407 1336 malum,
1434 1287 1707 1330 adhaerentes
1729 1290 1861 1333 bono:

1037 1338 1229 1381 Caritate
1254 1341 1536 1384 fraternitatis
1560 1345 1746 1386 invicem
1770 1347 1860 1388 dili-

1035 1397 1203 1446 gentes:
1230 1397 1412 1440 Honore
1439 1400 1624 1442 invicem
1650 1404 1859 1454 praeveni-

1036 1453 1172 1493 entes:
1196 1453 1496 1497 Solh'citudine
1515 1469 1602 1498 non
1620 1458 1749 1510 pigri:
1767 1460 1859 1512 Spi-

1033 1508 1120 1549 ritu
1138 1508 1371 1552 ferventes:
1394 1512 1586 1555 Domino
1606 1515 1860 1557 servientes:

1034 1564 1120 1617 Spe
1138 1565 1394 1616 gaudentes:
1418 1569 1469 1609 In
1487 1569 1767 1613 tribulatione
1785 1585 1858 1625 pa-

1033 1621 1205 1663 tientes:
1231 1622 1429 1665 Orationi
1447 1625 1674 1668 instantes:
1698 1627 1858 1670 Neces-

1033 1677 1232 1720 sitatibus
1261 1683 1510 1722 sanctorum
1539 1685 1856 1726 communican-

1032 1738 1114 1775 tes:
1137 1735 1495 1788 Hospitalitatem
1514 1741 1743 1781 sectantes.
1775 1741 1855 1782 Be-

1031 1790 1219 1833 nedicite
1237 1794 1600 1845 persequentibus
1616 1808 1710 1837 vos:
1728 1796 1855 1839 bene-

1033 1846 1180 1897 dicite,
1208 1853 1251 1889 et
1274 1849 1409 1890 nolite
1432 1850 1704 1893 maledicere.
1744 1853 1857 1895 Gau-

1032 1902 1135 1944 dere
1164 1916 1262 1945 cum
1289 1905 1595 1957 gaudentibuS,
1625 1907 1731 1950 flere
1759 1922 1858 1951 cum

1031 1959 1249 2001 flentibus:
1263 1960 1461 2014 Idipsum
1472 1963 1660 2004 invicem
1674 1966 1856 2007 sentien-

1030 2019 1114 2056 tes:
1137 2015 1239 2058 Non
1259 2017 1346 2058 alta
1365 2019 1600 2071 sapientes,
1625 2020 1704 2063 sed
1722 2021 1856 2063 humi-

1029 2070 1143 2112 libus
1163 2074 1494 2116 consentientes.

1082 2131 1133 2182 R'·
1158 2133 1303 2184 Reges
1322 2134 1513 2176 Tharsis.
1539 2137 1632 2177 252.

1258 2208 1308 2247 In
1328 2207 1380 2247 Π.
1399 2207 1435 2246 N
1437 2207 1622 2246 octurno.

1082 2269 1147 2312 De
1175 2272 1386 2315 Sermone
1414 2275 1553 2315 sancti
1579 2275 1809 2326 Augustini

1334 2330 1555 2382 Episcopi.

1184 2386 1317 2421 Sermo
1338 2386 1369 2421 2.
1395 2387 1441 2421 de
1466 2385 1694 2430 Epiphania.

1327 2444 1478 2485 Lectio
1498 2444 1549 2483 iv.

1053 2514 1216 2554 ,m
1236 2506 1327 2543 tam
1346 2502 1469 2543 multi
1487 2503 1572 2554 jam
1591 2503 1696 2552 nati,
1721 2507 1850 2555 atque
1895 2523 1899 2526 >

1031 2537 1138 2597 ‘l
1160 2557 1355 2599 defuncti
1374 2563 1519 2600 essent
1538 2571 1663 2609 reges
1679 2559 1705 2599 J
1706 2559 1850 2600 udaeo-

1157 2626 1265 2663 rum,
1283 2614 1496 2666 numquid
1513 2627 1774 2667 quemquam
1789 2616 1851 2655 eo-

1026 2682 1123 2710 rum
1142 2669 1415 2712 adorandum
1429 2671 1545 2721 Magi
1563 2669 1849 2723 quaesierunt?

149 2723 193 2764 in
218 2723 409 2774 Christo,
435 2726 593 2776 singuli
616 2730 762 2767 autem
786 2725 895 2767 alter
918 2724 975 2766 al-
995 2706 1002 2777 Ι
1026 2725 1144 2775 Non,
1174 2726 1275 2777 quia
1300 2739 1382 2767 nec
1410 2738 1672 2778 quemquam
1699 2727 1850 2766 eorum
