2040 2990
789 206 894 239 Furia
922 212 1027 239 sextu
1055 204 1102 237 ad
1131 202 1289 236 Laudes

234 309 312 346 l‘w
343 306 461 345 (lons.
495 305 612 345 l’ont.
657 302 704 351 Υ.
730 300 875 351 Elegit
899 312 998 341 eum

176 362 388 405 Dominus
415 359 690 402 saeerdOtem
718 357 812 399 sibi.
850 360 899 411 R«.
926 354 998 396 Ad

174 416 506 461 sacrificandum
526 416 565 458 ei
583 415 773 457 hostiam
790 412 943 454 laudis.

233 478 312 515 l’w
334 476 453 515 (lons.
478 488 560 513 non
592 475 709 514 l‘ont.
745 471 793 520 Y.
819 469 880 511 ΟΒ
899 467 998 520 justi

174 530 455 573 meditabitur
474 527 743 582 sapientiam.
781 529 828 578 lxff.
846 525 904 566 Et
922 523 997 565 lin-

173 600 258 639 gua
277 588 368 639 ejus
386 586 589 639 loquetur
608 583 823 636 judicium.

233 645 313 683 Ρη)
349 657 427 683 unu
462 646 628 683 Sancta.
685 639 732 687 Υ.
762 636 999 689 Αάἰιινέὼίῒ

175 713 272 742 eam
297 699 419 741 Deus
447 698 568 740 vultu
595 709 686 738 suo.
736 699 785 748 R.
808 695 929 736 Deus
955 693 999 734 in

176 756 321 798 medio
342 756 443 807 ejus,
462 766 549 795 non
569 751 924 795 commovebitur.

431 921 510 962 Ad
536 920 744 962 Laudes.

233 994 327 1032 Ant.
357 988 520 1041 Spiritu
547 987 776 1040 principali
798 988 821 1013 *
847 987 999 1029 confir-

177 1060 247 1089 ma
267 1059 344 1089 eor
361 1057 506 1087 meum
525 1044 656 1085 Deus.

233 1115 296 1152 l‘s.
329 1111 541 1151 Miserere.
569 1110 641 1149 50.

235 1180 328 1218 Aut.
362 1178 406 1215 In
424 1174 620 1215 veritate.

444 1252 636 1291 I'sulmus
657 1252 740 1291 142.

214 1330 267 1365 (τ’,ξς
309 1314 453 1355 omine
477 1312 635 1355 exaudi
655 1312 897 1354 orationem
917 1324 1003 1353 me-

215 1360 303 1425 {1³¹1
326 1384 409 1411 am:
452 1369 628 1411 auribus
664 1369 844 1421 percipe
880 1368 1003 1410 obse-

234 1421 302 1451 44
326 1427 566 1468 orationem
591 1438 734 1467 meam
757 1425 801 1466 in
820 1425 1004 1466 veritate

179 1488 269 1525 tua:
288 1484 310 1509 *
331 1483 489 1524 exaudi
506 1495 576 1524 me
595 1482 638 1523 in
657 1486 732 1523 tua
751 1482 923 1533 justitia.

232 1540 288 1581 Et
315 1552 402 1580 non
434 1540 570 1581 intres
603 1538 647 1579 in
674 1538 879 1590 judicium
907 1551 1006 1580 cum

182 1608 308 1637 servo
328 1600 419 1637 tuo:
434 1596 457 1621 *
478 1595 579 1648 quia
597 1607 685 1636 non
703 1594 1007 1646 justificabitur

182 1652 224 1693 in
245 1654 484 1705 conspectu
502 1656 578 1693 tuo
599 1651 738 1692 omnis
757 1651 920 1693 vivens.

235 1709 347 1758 Quia
391 1711 648 1761 persecutus
697 1712 763 1749 est
807 1708 1006 1750 inimicus

184 1765 371 1806 animam
414 1777 570 1806 meam:
611 1765 634 1790 *
675 1764 919 1806 humiliavit
963 1765 1007 1806 in

183 1827 299 1863 terra
318 1822 452 1863 vitam
470 1834 624 1863 meam.

236 1877 477 1919 Collocavit
504 1891 573 1919 me
601 1878 643 1918 in
672 1877 870 1919 obscuris
896 1878 1008 1919 sicut

183 1935 379 1975 mortuos
408 1934 570 1975 saeculi:
593 1935 616 1959 *
642 1939 686 1975 et
714 1934 913 1976 anxiatus
942 1939 1009 1976 est

185 2002 316 2042 super
334 2003 404 2031 me
424 1990 600 2042 spiritus
618 2003 752 2039 meus,
773 1991 815 2031 in
834 2003 904 2033 me
922 1995 1008 2032 tur-

185 2045 337 2087 batum
356 2051 422 2087 est
441 2059 517 2087 eor
535 2059 690 2088 meum.

237 2101 406 2143 Memor
433 2102 491 2143 fui
522 2102 689 2144 dierum
722 2103 1009 2156 antiquorum,

185 2157 421 2199 meditatus
449 2171 545 2199 sum
572 2159 614 2199 in
643 2159 844 2201 omnibus
871 2161 1009 2213 operi-

186 2213 268 2255 bus
295 2214 394 2255 tuis:
414 2214 437 2239 *
462 2214 506 2254 in
534 2214 660 2256 factis
686 2217 892 2257 manuum
919 2219 1009 2258 tua-

187 2282 283 2312 rum
310 2269 564 2312 meditabar.

240 2325 441 2378 Expandi
473 2339 626 2368 manus
658 2340 778 2368 meas
811 2328 868 2370 ad
900 2334 959 2371 te:
986 2331 1010 2356 *

188 2382 332 2480 azima
364 2395 462 2424 mea
493 2383 605 2424 sieut
632 2387 749 2425 terra
777 2383 869 2426 sine
897 2398 1011 2438 aqua

186 2438 220 2480 ti
254 2438 278 2478 i.

239 2494 466 2536 VeloCiter
494 2494 652 2535 exaudi
678 2508 748 2537 me
768 2496 968 2539 Domine:
987 2499 1010 2525 *

189 2550 349 2592 defecit
368 2550 545 2602 spiritus
564 2563 697 2591 meus.

240 2606 340 2648 Non
369 2609 540 2648 avertas
569 2607 723 2648 faeiem
741 2612 860 2649 tuam
884 2622 909 2650 a
928 2623 1011 2652 me:

189 2663 275 2760 ’set
295 2662 445 2704 similis
473 2676 548 2704 ero
577 2663 942 2707 descendentibus
969 2666 1010 2707 in

208 2732 342 2761 acum.

1102 295 1311 337 Auditam
1335 294 1403 336 fac
1426 293 1533 335 mihi
1556 304 1684 334 mane
1713 291 1875 333 miseri-

1051 352 1246 395 cordiam
1263 356 1397 393 tuam:
1411 351 1435 376 *
1451 349 1551 402 quia
1569 349 1614 390 in
1631 353 1675 390 te
1690 347 1876 401 speravi.

1101 409 1265 450 Notam
1280 407 1347 449 fac
1360 406 1466 447 mihi
1480 405 1607 455 viam,
1625 405 1669 446 in
1689 417 1775 458 qua
1789 406 1876 446 am-

1050 465 1211 508 bulem:
1226 465 1249 490 *
1267 464 1367 516 quia
1386 462 1443 505 ad
1461 467 1506 504 te
1524 461 1669 504 levavi
1688 460 1876 503 Animam

1052 534 1204 563 meam.

1102 578 1235 631 Eripe
1261 589 1332 618 me
1361 576 1415 618 de
1443 575 1627 617 inimicis
1652 574 1762 616 meis
1789 574 1877 615 Do-

1051 635 1182 684 mine,
1207 633 1263 675 ad
1282 638 1326 675 te
1348 632 1538 684 confugi:
1556 633 1580 657 *
1600 630 1711 674 doce
1729 643 1800 672 me
1819 630 1877 671 fei-

1051 704 1151 733 cere
1175 690 1446 732 voluntatem
1471 693 1608 738 tuam,
1637 688 1739 740 quia
1757 687 1879 729 Deus

1051 761 1173 790 meus
1194 760 1240 788 es
1259 751 1318 788 tu.

1103 804 1290 857 Spiritus
1314 807 1415 844 tuus
1438 801 1581 844 bonus
1600 801 1789 844 deducet
1807 812 1878 842 me

1036 859 1096 902 >in
1114 866 1277 902 terram
1294 859 1701 911 rectam:*propter
1718 869 1878 899 nomen

1051 922 1174 958 tuum
1209 915 1397 957 DOmjne
1434 914 1677 957 vivificabis
1711 926 1800 964 me,
1835 913 1879 955 in

1053 973 1261 1025 aequitate
1280 977 1366 1014 tua.

1105 1029 1279 1071 Eduees
1308 1028 1363 1070 de
1391 1027 1673 1070 tribulatione
1692 1026 1881 1068 animam

1054 1099 1213 1128 meam:
1244 1086 1268 1111 *
1302 1090 1346 1127 et
1385 1085 1429 1126 in
1469 1082 1772 1126 misericordia
1805 1087 1882 1126 tua

1055 1141 1284 1196 disperdes
1303 1141 1502 1183 inimicos
1520 1153 1654 1183 meos.

1106 1199 1164 1241 Et
1187 1198 1349 1252 perdes
1378 1210 1545 1248 omnes,
1571 1197 1647 1250 qui
1670 1196 1882 1239 tribulant

1056 1255 1245 1297 animam
1261 1267 1419 1297 meam:
1433 1255 1457 1281 *
1473 1254 1681 1307 quoniam
1696 1265 1781 1306 ego¹
1795 1265 1882 1295 ser-

1056 1325 1137 1354 vus
1154 1316 1257 1353 tuus
1276 1325 1383 1353 sum.

1114 1372 1209 1411 Ant.
1242 1370 1290 1409 In
1317 1367 1504 1410 veritate
1530 1371 1607 1409 tua
1635 1366 1795 1409 exaudi
1813 1377 1883 1407 me

1055 1425 1256 1467 Domine.

1111 1485 1208 1523 Ant.
1239 1481 1439 1523 illumina
1462 1480 1652 1522 Domine
1673 1480 1697 1506 *
1716 1477 1885 1521 vultum

1058 1543 1182 1580 tuum
1202 1550 1334 1591 super
1353 1550 1446 1579 nos.

1111 1596 1177 1636 Ps.
1206 1597 1325 1636 Deus
1345 1594 1466 1636 Deus
1486 1606 1621 1635 meus.
1640 1594 1700 1634 16.

1115 1652 1214 1692 Ant.
1243 1650 1441 1692 Domine.

1111 1707 1338 1747 Canticum
1359 1706 1578 1747 Habaeue.
1684 1706 1786 1756 Cap.
1805 1705 1841 1744 3.

1059 1763 1293 1870 Domine
1307 1763 1455 1806 audivi
1471 1761 1741 1806 auditionem
1755 1767 1887 1813 tuam,

1164 1821 1188 1847 *
1208 1825 1252 1863 et
1269 1820 1404 1862 timui.

1110 1878 1302 1922 Domine
1329 1889 1443 1930 opus
1471 1881 1609 1926 tuum,
1628 1877 1716 1918 *in
1739 1875 1886 1919 medio

1060 1939 1275 1979 annorum
1295 1933 1470 1975 vivifiea
1488 1932 1611 1975 illud:

1111 1994 1163 2034 In
1180 1990 1327 2034 medio
1344 1992 1557 2032 annorum
1570 1994 1725 2032 notum
1738 1989 1888 2032 facies:

1061 2051 1084 2076 *
1104 2063 1204 2092 cum
1231 2049 1369 2089 iratus
1392 2047 1544 2097 fueris,
1571 2045 1887 2089 misericordiae

1061 2104 1379 2149 recordaberis.

1112 2163 1234 2204 Deus
1252 2161 1308 2202 ab
1322 2161 1489 2202 Austro
1512 2160 1669 2211 veniet,
1686 2161 1710 2186 *
1731 2164 1775 2202 et
1793 2171 1888 2201 san-

1062 2223 1160 2261 ctus
1180 2217 1235 2260 de
1255 2221 1406 2259 monte
1425 2216 1614 2258 Pharan:

1114 2274 1300 2327 Operuit
1328 2273 1467 2315 eoelos
1495 2273 1636 2325 gloria
1662 2275 1769 2326 ejus:
1795 2274 1819 2300 *
1845 2277 1888 2315 et

1061 2331 1205 2373 laudis
1223 2331 1314 2382 ejus
1333 2330 1465 2382 plena
1484 2334 1552 2372 est
1570 2334 1698 2372 terra.

1113 2386 1332 2440 Splendor
1357 2387 1447 2438 ejus
1468 2391 1518 2428 ut
1539 2386 1615 2428 lux
1634 2386 1732 2429 erit:
1751 2386 1776 2412 *
1795 2387 1888 2428 cor-

1062 2457 1148 2485 nua
1165 2443 1210 2484 in
1227 2442 1429 2484 manibus
1448 2444 1554 2495 ejus:

1114 2500 1182 2542 Ibi
1197 2498 1457 2541 abscOndita
1473 2503 1539 2541 est
1553 2497 1767 2541 fortitudo
1783 2499 1889 2550 ejus:

1062 2557 1086 2583 *
1105 2561 1207 2598 ante
1225 2555 1381 2596 faciem
1401 2556 1491 2607 ejus
1510 2555 1591 2598 ibit
1607 2567 1738 2597 mors.

1114 2613 1171 2654 Et
1195 2610 1444 2663 egredietur
1467 2611 1670 2653 diabolus
1693 2615 1794 2653 ante
1814 2622 1888 2663 pe-

1063 2668 1142 2710 des
1175 2669 1277 2720 ejus.
1305 2668 1328 2693 ¹⁸¹
1355 2667 1501 2717 Stetit,
1537 2672 1581 2709 et
1611 2680 1788 2710 mensus
1821 2671 1889 2708 est

1062 2730 1236 2767 terram.
