2080 2990
549 213 618 246 Dic
645 213 695 245 24.
722 213 782 245 vel
806 213 857 245 25.
880 211 989 244 Febr.

155 314 264 342 mus.
304 301 632 342 Sacramentum
663 305 730 341 est
758 299 983 351 cujusdam

156 356 468 405 universitatis,
504 356 606 407 quia
635 368 715 408 per
744 361 887 396 totum
915 368 981 396 or-

154 414 258 455 bem
288 414 504 453 terrarum
536 411 681 452 futura
714 416 807 452 erat
834 411 982 452 Eccle-

156 470 235 511 sia:
271 468 388 509 unde
420 469 602 508 vocatur
633 467 718 508 hoc
750 466 984 508 aedificium

157 525 214 566 ad
233 524 396 565 Christi
414 526 684 575 compagem.

212 599 261 649 R,
282 592 410 634 Beati
429 592 544 640 estis,
565 604 664 632 cum
681 589 985 632 maledixerint

158 650 284 691 vobis
319 648 535 697 homines,
572 652 616 688 et
650 647 872 699 persecuti
903 659 984 687 vos

157 706 333 755 fuerint,
367 708 410 745 et
442 703 632 744 dixerint
663 715 791 743 omne
823 702 985 743 malum

159 761 393 802 adversum
428 771 526 808 vos,
566 758 843 807 mentientes,
884 770 984 810 pro-

158 822 258 869 pter
289 829 376 857 me:
401 821 423 844 *
447 814 648 855 Gaudete
681 819 725 855 et
757 814 984 862 exsultate,

161 872 366 924 quoniam
410 882 579 911 merces
615 875 762 910 vestra
805 870 987 921 copiosa

160 933 228 969 est
250 928 295 968 in
319 927 453 968 coelis.
496 925 547 976 V.
573 925 683 966 Cum
708 938 787 966 vos
814 925 987 966 ederint

158 984 369 1032 hemines,
391 987 435 1023 et
454 995 554 1022 cum
574 981 877 1033 separaverint
896 993 986 1029 vos,

160 1045 204 1081 et
224 1037 600 1092 exprobraverint,
626 1042 669 1078 et
689 1037 893 1088 ejecerint
911 1049 986 1077 no-

159 1108 259 1136 men
308 1099 503 1135 vestrum
551 1097 777 1143 tamquam
825 1091 988 1132 malum

1038 209 1071 242 S.
1101 208 1254 241 Mathiae
1280 208 1470 249 Apostoli.

1263 327 1311 364 In
1330 326 1399 363 III.
1420 326 1642 364 Nocturno,

1039 398 1189 443 Lectio
1215 396 1356 437 sancti
1375 396 1600 446 Evangelii
1624 395 1864 437 secundum

1320 452 1587 493 Matthaeum.

1117 530 1269 569 Lectio
1292 530 1358 568 vii.
1563 529 1664 579 Cap.
1682 531 1729 568 11.
1748 529 1785 569 d.

1037 595 1114 700 In
1137 599 1211 639 illo
1236 600 1452 662 tempore:
1480 597 1772 664 Resperidens
1797 597 1821 637 J
1825 609 1864 637 e-

1109 668 1182 695 sus
1214 654 1338 694 dlxlt:
1367 653 1591 694 Confiteor
1618 653 1697 694 t1b1
1724 653 1866 700 Pater,

1039 711 1227 751 Domine
1256 709 1357 750 coeli
1385 714 1429 750 et
1456 714 1607 757 terrae,
1642 709 1743 760 quia
1771 707 1865 748 abs-

1040 766 1230 808 condisti
1248 765 1344 806 haec
1363 778 1388 805 a
1409 764 1690 816 sapientibus,
1711 768 1753 804 et
1768 776 1866 815 pru-

1040 821 1260 870 dentibus,
1286 825 1329 861 et
1354 820 1561 862 revelasti
1586 832 1637 860 ea
1660 818 1867 871 parvulis.

1039 878 1096 918 Et
1115 877 1292 928 reliqua.

1152 978 1339 1021 Homilia
1367 978 1505 1019 sancti
1534 977 1765 1027 Augustini

1346 1033 1569 1086 Episcopi.

1145 1112 1260 1145 Serm.
1290 1112 1343 1143 lt).
1370 1110 1416 1143 dc
1442 1110 1578 1143 Verbis
1608 1110 1767 1143 Domini.

159 1155 342 1203 propter
359 1150 517 1190 Filium
539 1148 739 1189 hominis.
777 1147 987 1189 Gaudete.
1129 1177 1146 1181 -

463 1235 614 1274 Lectio
636 1234 686 1273 vi.

242 1305 260 1341 t
283 1300 384 1341 ideo
409 1300 511 1351 quia
529 1298 722 1350 undique
741 1299 912 1338 venitur
933 1297 990 1338 ad

265 1355 561 1407 judicandum,
594 1353 828 1395 duedecim
861 1353 989 1394 sedes

163 1417 276 1452 sunt:
309 1412 421 1452 sicut
455 1411 556 1462 quia
583 1409 777 1460 undique
806 1409 990 1449 intratur

162 1468 206 1508 in
228 1467 348 1507 illam
372 1467 609 1514 civitatem,
637 1464 871 1506 duodecim
889 1476 989 1516 por-

162 1529 220 1564 tae
246 1527 355 1563 sunt.
388 1522 490 1563 Non
514 1521 657 1562 solum
681 1532 784 1571 ergo
804 1519 866 1560 illi
886 1519 990 1560 duo-

164 1578 323 1627 decim,
356 1583 400 1619 et
426 1576 672 1629 Apestolus
697 1575 878 1624 Paulus,
911 1575 991 1615 sed

165 1638 385 1686 quotquot
410 1632 642 1684 judicaturi
666 1636 782 1680 sunt,
808 1635 992 1683 propter

165 1690 531 1741 significationem
584 1687 881 1728 universitatis
936 1685 992 1727 ad

164 1745 294 1787 sedes
320 1745 555 1787 duodecim
579 1744 816 1796 pertinent:
845 1755 991 1794 quem-

165 1800 404 1843 admodum
428 1805 647 1852 quotquot
670 1798 910 1849 intrabunt,
935 1798 992 1838 ad

166 1856 402 1898 duodecim
429 1861 582 1908 portas
613 1855 844 1907 pertinent.
889 1855 992 1894 Par-

164 1918 232 1955 tes
278 1913 393 1954 enim
437 1910 590 1952 mundi
644 1912 833 1962 quatuor
878 1914 992 1959 sunt,

167 1969 336 2016 Oriens,
363 1967 592 2015 Occidens,
619 1966 781 2018 Aquilo
805 1970 848 2007 et
866 1966 992 2006 Meri-

167 2024 273 2066 dies.
305 2025 410 2066 Istae
436 2025 625 2074 quatuor
648 2027 798 2074 partes
818 2020 993 2062 assidue

166 2080 446 2121 nominantur
463 2079 507 2119 in
526 2078 774 2130 Scripturis.
807 2076 877 2118 Ab
897 2077 992 2117 istis

168 2138 356 2188 quatuor
383 2135 542 2183 ventis,
570 2134 683 2174 sicut
711 2133 816 2174 dicit
841 2133 993 2173 Domi-

142 2243 145 2247 >
167 2204 249 2233 nus
267 2192 311 2232 in
329 2190 579 2242 Evangelio,
598 2203 623 2231 a
643 2191 832 2241 quatuor
850 2189 992 2230 ventis

169 2260 216 2289 se
253 2247 540 2289 collectarum
577 2246 741 2288 electos
779 2257 896 2285 suos:
939 2244 993 2285 ab

169 2303 370 2344 omnibus
395 2315 499 2354 ergo
524 2302 620 2343 istis
645 2303 834 2353 quatuor
852 2300 995 2341 ventis

168 2361 351 2400 vocatur
371 2358 580 2399 Ecclesia.
614 2355 847 2407 Quomodo
868 2358 994 2396 voca-

169 2413 261 2454 tur?
283 2413 486 2465 Undique
505 2413 549 2453 in
568 2413 784 2453 Trinitate
803 2413 995 2453 vocatur.

169 2469 271 2509 Non
298 2471 480 2510 vocatur
508 2469 591 2509 nisi
621 2481 701 2520 per
728 2467 996 2519 baptismum

170 2524 215 2564 in
233 2524 407 2564 nomine
424 2524 582 2573 Patris,
607 2529 650 2565 et
668 2523 782 2571 Filii,
803 2528 846 2564 et
863 2522 995 2574 Spiri-

170 2584 241 2620 tus
260 2580 410 2620 saneti.
438 2580 635 2629 Quatuor
654 2592 759 2630 ergo
778 2584 843 2620 ter
865 2578 997 2619 ducta

172 2634 405 2676 duedecim
423 2635 711 2677 inveniuntur.

227 2699 275 2737 R.
299 2694 379 2735 Isti
402 2699 513 2736 sunt.
539 2695 621 2748 [10]

1045 1189 1059 1227 ῃ
1089 1176 1311 1225 ‘.⁹-‘·,:4f†e1n‘oe
1344 1170 1401 1211 ad
1427 1182 1497 1210 me
1527 1182 1678 1210 omnes
1709 1170 1782 1220 qui
1810 1169 1868 1208 la-

1046 1226 1084 1253 ²
1125 1252 1131 1268 1
1154 1226 1192 1282 5³32,
1213 1227 1390 1268 boratis.
1419 1227 1563 1276 Quare
1583 1225 1698 1266 enim
1716 1236 1867 1265 omnes

1091 1285 1100 1302 ‘
1212 1282 1473 1330 laboramus,
1497 1282 1580 1321 nisi
1600 1281 1703 1332 quia,
1720 1292 1868 1321 sumus

1042 1338 1242 1379 hemines
1257 1337 1476 1386 mortales,
1492 1336 1678 1388 fragiles,
1698 1335 1868 1383 infirmi,

1042 1394 1160 1434 lutea
1184 1406 1289 1434 vasa
1311 1395 1555 1444 portantes,
1584 1404 1682 1443 quae
1706 1391 1870 1431 faciunt

1043 1450 1229 1490 invicem
1262 1447 1506 1498 angustias?
1550 1447 1637 1488 Sed
1670 1447 1707 1487 si
1739 1459 1869 1495 angu-

1044 1506 1229 1546 stiantur
1274 1517 1380 1545 vasa
1425 1504 1582 1552 carnis,
1636 1502 1870 1543 dilatentur

1045 1561 1187 1613 spatia
1220 1560 1424 1601 caritatis.
1469 1558 1585 1609 Quid
1616 1570 1720 1607 ergo
1754 1557 1870 1605 dicit,

1043 1618 1204 1658 Venite
1224 1616 1280 1657 ad
1299 1629 1369 1657 me
1389 1628 1539 1656 omnes
1559 1614 1633 1665 qui
1647 1613 1871 1661 laboratis,

1043 1673 1127 1713 nisi
1146 1678 1194 1713 ut
1209 1685 1297 1713 non
1311 1669 1544 1712 laboretis?
1565 1670 1766 1720 Denique
1780 1681 1873 1720 pro-

1044 1729 1195 1769 missio
1225 1729 1315 1779 ejus
1343 1728 1386 1768 in
1417 1731 1624 1779 promptu
1653 1730 1734 1774 est,
1768 1726 1872 1776 quo-

1044 1785 1162 1825 niam
1180 1784 1431 1825 laborantes
1451 1782 1637 1823 vocavit.
1665 1781 1873 1830 Quaerent

1045 1841 1169 1889 forte,
1191 1853 1278 1890 qua
1296 1838 1500 1879 mercede
1515 1837 1660 1878 vocati
1679 1841 1789 1877 sunt.
1817 1836 1873 1876 Et

1047 1909 1128 1946 ego
1154 1908 1250 1944 vos,
1283 1894 1439 1946 inquit,
1471 1894 1675 1934 reficiam.
1709 1892 1872 1933 Tollite

1045 1953 1192 2003 jugum
1210 1963 1356 1990 meum
1376 1962 1508 2001 super
1526 1962 1625 1998 vos,
1653 1953 1697 1989 et
1716 1947 1872 1988 discite

1046 2020 1071 2047 a
1090 2019 1172 2054 me,
1193 2018 1281 2046 non
1299 2004 1510 2045 mundum
1529 2004 1759 2052 fabricare,
1785 2015 1873 2043 non

1047 2066 1204 2103 cuncta
1231 2060 1419 2101 visibilia
1453 2064 1496 2101 et
1523 2058 1755 2100 invisibilia
1783 2070 1872 2099 cre-

1047 2121 1138 2167 are,
1166 2129 1255 2158 non
1279 2116 1324 2156 in
1349 2116 1447 2168 ipso
1471 2115 1637 2156 mundo
1658 2114 1873 2155 mirabilia

1045 2174 1207 2223 facere,
1235 2177 1278 2214 et
1299 2174 1498 2213 mortuos
1525 2172 1750 2213 suscitare:
1777 2170 1872 2218 sed,

1047 2230 1263 2280 Quoniam
1299 2229 1417 2270 mitis
1454 2242 1566 2279 sum,
1615 2233 1658 2270 et
1698 2227 1871 2268 humilis

1047 2285 1192 2327 corde.

1102 2362 1153 2412 R.
1175 2358 1256 2399 Isti
1279 2361 1379 2398 sunt
1405 2357 1480 2409 qui
1499 2357 1696 2397 viventes
1719 2355 1763 2395 in
1782 2367 1871 2395 car-

1047 2427 1118 2463 ne,
1153 2414 1462 2466 plantaverunt
1498 2411 1741 2452 Ecclesiam
1777 2412 1871 2450 san-

1047 2470 1176 2520 guine
1193 2481 1289 2510 suo:
1315 2473 1336 2496 *
1353 2468 1545 2509 Calicem
1559 2466 1737 2507 Domini
1754 2464 1871 2506 bibe-

1047 2530 1162 2574 runt,
1182 2529 1226 2566 et
1244 2524 1372 2565 amici
1391 2524 1475 2564 Dei
1494 2522 1596 2562 facti
1615 2526 1726 2561 sunt.
1757 2515 1804 2564 N
1821 2520 1871 2560 In

1048 2593 1223 2622 omnem
1239 2585 1400 2621 terram
1416 2578 1550 2620 exivit
1563 2589 1697 2618 sonus
1709 2578 1869 2623 eorum,

1048 2641 1091 2677 et
1103 2637 1146 2676 in
1160 2636 1270 2676 fines
1286 2635 1405 2676 orbis
1419 2639 1549 2676 terrae
1559 2632 1694 2674 verba
1710 2629 1870 2672 eorum.

1049 2691 1251 2733 Calicem.
