2080 2990
208 217 286 262 [30]

519 319 730 370 Hymnus.
755 311 767 323 ’

309 387 453 426 nvicte
474 386 653 438 Martyr‚
680 387 858 429 unicum

339 441 482 482 Patris
502 446 681 484 secutus
700 443 870 493 Filium,

312 497 453 538 Victis
472 498 718 551 triumphas
737 499 950 540 hostibus,

314 553 470 595 Victor
489 554 639 596 fruens
659 555 924 597 coelestibus.

262 617 343 658 Tui
362 620 569 670 precatus
588 623 768 661 munere

312 673 526 716 Nostrum
546 677 716 716 reatum
737 675 864 725 dilue,

313 730 484 772 Arcens
503 731 606 772 mali
626 732 888 781 contagium,

313 786 431 827 Vitae
450 787 669 840 repellens
687 787 880 829 taedium.

263 850 415 892 Soluta
434 857 536 893 sunt
553 852 638 903 jam
658 852 831 893 vincula

314 906 399 947 Tui
419 908 578 949 sacrati
599 908 815 960 corporis:

312 962 407 1004 Nos
428 963 550 1005 solve
570 964 725 1005 vinclis
745 964 907 1013 saeculi,

313 1019 444 1060 Dono
463 1020 642 1073 superni
660 1021 873 1062 Numinis.

263 1084 358 1125 Deo
378 1084 500 1126 Patri
519 1085 574 1126 sit
592 1085 742 1136 gloria,

313 1140 506 1193 Eiusque
527 1141 608 1182 soli
627 1141 750 1191 Filio,

314 1196 424 1237 Cum
443 1197 608 1250 Spiritu
627 1198 858 1248 Paraclito,

311 1252 451 1303 Nunc,
481 1258 524 1295 et
542 1267 623 1306 per
642 1267 773 1296 omne
793 1254 1015 1296 saeculum.

521 1310 675 1351 Amen.

261 1370 309 1421 Y.
354 1374 504 1416 Justus
555 1380 604 1416 ut
657 1375 804 1428 palma
854 1376 1040 1417 florebit.

211 1432 259 1483 R.
284 1430 406 1472 Sicut
449 1431 608 1473 cedrus
644 1431 801 1473 Libani
835 1432 1040 1485 multipli-

207 1486 387 1528 cabitur.

263 1547 333 1587 Ad
363 1547 521 1589 Bcned.
550 1549 651 1589 Ant.
680 1548 765 1598 Qui
790 1547 884 1590 odit
907 1549 931 1575 *
954 1550 1040 1590 ani-

206 1614 323 1642 mam
342 1615 467 1643 suam
486 1604 529 1644 in
549 1603 635 1645 hoc
649 1604 827 1654 mundo,
847 1605 890 1645 in
905 1605 1039 1647 vitam

207 1660 418 1699 aeternam
441 1659 634 1701 custodit
654 1673 761 1701 eam.

324 1727 407 1767 Pro
428 1726 620 1778 Martyre
642 1733 684 1768 et
704 1728 928 1769 Pontifice.

543 1792 708 1834 Oratio.

209 1848 537 1952 Infirmitatem
564 1858 763 1894 nostram
791 1855 963 1907 respice
995 1867 1039 1896 0-

284 1911 536 1962 mnipotens
560 1910 698 1951 Deus:
730 1915 775 1951 et
804 1911 905 1963 quia
932 1924 1038 1964 pon-

207 1965 289 2006 dus
308 1966 502 2018 propriae
522 1966 709 2007 actionis
727 1971 893 2017 gravat,
920 1967 1039 2009 beati

208 2022 258 2061 N.
276 2021 483 2073 Martyris
502 2022 566 2063 tui
586 2027 719 2074 atque
733 2023 960 2065 Pontificis
979 2024 1039 2064 in-

205 2078 418 2118 tercessio
459 2078 654 2128 gloriosa
695 2091 777 2120 nos
821 2082 1039 2132 protegat.

206 2133 290 2174 Per
309 2133 548 2175 Dominum
567 2139 778 2176 nostrum.

483 2205 577 2245 Alia
600 2205 763 2245 Oratio.

297 2276 391 2313 eus,
420 2264 494 2316 qui
519 2276 601 2305 nos
624 2265 745 2307 beati
762 2266 814 2306 N.
831 2267 1040 2319 Martyris

313 2320 376 2361 tui
402 2325 535 2372 atque
553 2320 782 2363 Pontificis
808 2324 951 2364 annua
971 2336 1039 2364 so·

207 2375 432 2418 lemnitate
446 2376 660 2418 laetificas:
679 2379 874 2420 concede
893 2382 1039 2432 propi-

206 2431 307 2480 tius3
336 2436 384 2473 ut
403 2433 525 2483 cujus
543 2433 740 2475 natalitia
759 2434 955 2485 colimus,
984 2435 1039 2477 de

207 2487 401 2539 ejusdem
418 2489 550 2530 etiam
566 2490 843 2541 protectione
859 2491 1040 2541 gaudea-

206 2557 315 2585 mus.
348 2545 434 2586 Per
452 2545 691 2587 Dominum
710 2550 922 2588 nostrum.

258 2608 345 2649 Pro
366 2608 557 2660 Martyre
579 2615 757 2650 tantum.
820 2611 983 2652 Oratio.

291 2682 424 2719 raesta
466 2680 717 2730 quaesumus
760 2682 1039 2732 omnipotens

311 2734 448 2777 Deus:
467 2740 515 2776 ut
534 2735 609 2787 qui
629 2735 745 2778 beati
762 2736 813 2776 N.
833 2736 1039 2788 Mattyris

785 228 995 261 Commune
1022 229 1135 262 unius
1161 228 1350 272 Martyris.

1092 319 1155 360 tui
1175 318 1372 360 natalitia
1389 318 1586 368 colimus
1609 318 1924 361 intercessione

1094 375 1184 426 ejus
1207 375 1250 415 in
1274 374 1338 415 tui
1362 375 1552 416 nominis
1575 376 1727 416 amore
1745 374 1923 417 robore-

1092 444 1200 472 mur.
1231 431 1316 472 Per
1334 431 1574 472 Dominum
1591 435 1802 473 nostrum.

1369 502 1467 543 Alia
1486 502 1651 543 Oratio.

1177 564 1309 601 raesta
1352 561 1604 611 quaesumus
1647 562 1924 612 omnipotens

1189 616 1326 657 Deus:
1345 620 1394 657 ut
1413 615 1860 658 intercedente-beato
1871 618 1924 660 N.

1094 672 1288 724 Martyre
1311 677 1405 722 tuo,
1435 677 1478 714 et
1502 685 1527 713 a
1546 672 1715 714 cunctis
1734 671 1924 714 adversi-

1094 728 1259 770 tatibus
1282 728 1518 770 liberemur
1542 729 1587 769 in
1606 730 1810 781 corpore,
1839 732 1883 769 et
1901 740 1926 768 a

1094 785 1241 836 pravis
1283 783 1625 835 cogitationibus
1664 783 1927 825 mundemur

1095 841 1137 881 in
1156 845 1313 883 mente.
1353 841 1438 882 Per
1457 839 1696 882 Dominum
1714 844 1926 882 nostrum.

1361 917 1429 954 Ad
1453 917 1656 954 Tertiam.

1147 974 1248 1015 Ant.
1278 973 1361 1023 Qui
1381 973 1578 1026 sequitur
1598 986 1679 1015 me.

1149 1035 1287 1087 Capit.
1315 1035 1480 1075 Beatus
1500 1034 1578 1074 vir.
1603 1040 1650 1076 ut
1670 1048 1813 1088 supra.
1843 1032 1927 1085 [29]

1148 1096 1199 1148 R.
1219 1095 1280 1136 br.
1309 1094 1462 1136 Gloria
1486 1099 1530 1136 et
1553 1094 1722 1136 honore
1747 1096 1770 1121 *
1794 1093 1926 1135 Coro-

1094 1151 1209 1192 nasti
1224 1164 1324 1192 eum
1337 1151 1538 1192 Domine.
1559 1150 1711 1192 Gloria
1730 1154 1785 1191 et.
1803 1145 1855 1198 Y.
1870 1150 1927 1191 Et

1095 1207 1359 1248 constituisti
1385 1220 1486 1248 eum
1512 1219 1645 1260 super
1675 1208 1812 1259 opera
1836 1207 1925 1247 ma-

1094 1277 1229 1304 nuum
1260 1265 1446 1304 tuarum.
1491 1262 1735 1304 Coronasti,
1774 1260 1926 1303 Gloria

1094 1320 1224 1361 Patri.
1262 1319 1415 1361 Gloria
1440 1324 1495 1361 et.

1150 1378 1200 1428 V.
1216 1381 1411 1422 Posuisti
1428 1380 1620 1422 Domine
1638 1392 1774 1433 super
1794 1384 1927 1432 caput

1095 1438 1196 1488 ejus.
1240 1440 1291 1492 R«.
1321 1436 1544 1479 Coronam
1571 1436 1627 1479 de
1654 1435 1803 1489 lapide
1829 1448 1925 1489 pre-

1093 1494 1220 1535 tioso.

1372 1545 1441 1582 Ad
1465 1544 1653 1582 Sextam.

1150 1607 1249 1646 Ant.
1278 1602 1361 1654 Qui
1379 1601 1485 1666 mihi
1503 1601 1732 1644 ministrat.

1201 1673 1459 1725 Capitulum.
1613 1674 1744 1715 Eccli.
1764 1675 1823 1715 15.

1094 1725 1307 1834 cibavit
1334 1731 1456 1772 illum
1478 1743 1594 1784 pane
1614 1731 1717 1796 vitae
1737 1736 1781 1796 et
1802 1732 1926 1775 intel-

1188 1787 1340 1838 lectuS,
1369 1792 1413 1829 et
1431 1800 1548 1840 aqua
1567 1789 1796 1840 sapiennae
1814 1789 1926 1831 salu-

1092 1844 1201 1885 taris
1225 1844 1399 1897 potavit
1420 1843 1543 1886 illum
1559 1844 1779 1886 Dominus
1804 1842 1926 1887 Deus

1092 1904 1281 2013 noistjellir.
1309 1961 1504 2003 Posuisti
1527 1961 1717 2003 Domine
1738 1964 1761 1988 ²³
1785 1961 1927 2015 Super

1094 2021 1227 2070 caput
1255 2018 1357 2070 ejus.
1390 2017 1595 2059 Posuisti.
1629 2013 1679 2065 V.
1706 2017 1925 2060 Coronam

1094 2073 1150 2115 de
1169 2073 1317 2127 lapide
1340 2074 1551 2127 pretioso.
1588 2073 1739 2127 Super.
1774 2073 1925 2116 Gloria

1092 2130 1224 2172 Patri.
1260 2130 1465 2172 Posuisti.

1146 2186 1197 2238 V.
1214 2191 1375 2242 Magna
1394 2195 1462 2232 est
1478 2190 1621 2242 gloria
1640 2190 1730 2242 ejus
1749 2191 1794 2231 in
1813 2191 1924 2233 salu-

1045 2251 1048 2254 *
1093 2247 1179 2289 tari
1206 2251 1296 2289 tuo.
1335 2248 1386 2300 R.
1421 2247 1620 2288 Gloriam
1648 2251 1692 2288 et
1718 2260 1923 2298 magnum

1095 2303 1303 2345 decorem
1322 2303 1524 2356 impones
1544 2315 1677 2355 super
1698 2315 1807 2344 eum.

1370 2379 1438 2417 Ad
1462 2380 1647 2417 Nonam.

1146 2436 1245 2476 Ant.
1281 2436 1390 2478 Volo
1409 2436 1552 2478 Pater.

1198 2509 1457 2560 Capitulum.
1606 2511 1736 2551 Eccli.
1751 2512 1818 2551 39.

1164 2572 1288 2609 ustus
1303 2579 1381 2609 cor
1399 2580 1527 2608 suum
1544 2566 1729 2608 tradidit
1747 2567 1805 2609 ad
1820 2568 1923 2619 vigi-

1183 2623 1365 2666 landum
1384 2623 1578 2665 diluculo
1597 2622 1654 2665 ad
1673 2623 1923 2675 Dominum,

1094 2681 1169 2733 qui
1205 2680 1309 2722 fecit
1345 2679 1485 2729 illum,
1527 2684 1572 2721 et
1604 2679 1649 2720 in
1680 2682 1923 2732 conspectu

1093 2737 1306 2780 Altissimi
1334 2735 1656 2789 deprecabitur.
