2040 2990
663 226 761 259 lnfra
788 226 1081 260 llcbdomadaun
1108 226 1421 269 Septuagesimw.

191 326 234 364 et
261 322 454 374 respexit
480 321 695 363 Dominus
725 322 781 364 ad
811 322 942 372 Abel,
975 326 1019 364 et

190 378 246 419 ad
269 381 449 420 munera
471 380 572 431 ejuS.
609 378 681 421 Ad
701 379 807 420 Cain
829 391 950 428 verO,
976 384 1019 420 et

190 434 246 476 ad
266 438 446 476 munera
465 435 580 477 illius
599 448 687 477 non
707 436 915 488 respexit:
940 436 1017 476 ira-

188 494 348 544 tusque
385 496 452 533 est
489 492 594 533 Cain
634 492 932 541 vehementer,
976 497 1019 534 et

189 547 383 589 concidit
401 548 545 590 vultus
566 550 668 601 ejus.
700 549 911 601 Dixitque
929 549 1017 590 De-

187 604 329 646 minus
350 604 406 646 ad
426 618 539 646 eum:
566 606 710 655 Quare
729 606 864 646 iratus
885 605 954 646 es?
975 610 1018 646 et

188 673 265 702 cur
288 661 482 703 concidit
506 662 640 703 facies
663 660 761 703 tua?
798 661 957 703 Nonne
981 662 1018 702 si

189 717 300 759 bene
334 718 493 769 egeris,
530 719 733 771 recipies:
770 718 835 758 sin
871 723 1018 760 autem

186 774 316 824 male,
345 775 492 816 statim
519 775 562 815 in
591 774 756 816 foribus
784 776 1017 827 peccatum

187 829 355 872 aderit?
389 831 468 872 sed
496 831 578 873 sub
606 836 650 873 te
682 831 763 872 erit
795 834 1016 884 appetitus

187 888 289 939 ejus,
315 893 359 929 et
377 893 424 929 tu
445 887 742 929 dominaberis
764 887 888 928 illius.

239 946 287 986 Rv.
317 945 366 985 In
392 944 608 997 principio
629 976 637 985 .
657 976 665 984 .
685 976 693 985 .
716 950 760 986 et
779 944 892 986 fecit.
917 945 1016 985 320.

497 1003 646 1043 Lectio
668 1003 705 1042 ii.

187 1055 441 1161 Dixitque
471 1057 577 1098 Cain
610 1057 666 1099 ad
694 1057 807 1099 Abel
839 1058 1016 1099 fratrem

289 1127 428 1155 suurn:
443 1113 728 1164 Egrediamur
743 1115 870 1155 foras.
891 1115 1015 1156 Cum—

186 1183 270 1222 que
308 1175 454 1212 essent
493 1171 536 1211 in
576 1183 701 1221 agro,
743 1172 1016 1213 consurrexit

187 1227 293 1268 Cain
316 1226 527 1268 adversus
547 1227 722 1269 fratrem
745 1241 870 1269 suum
890 1228 1015 1278 Abel,

186 1289 229 1325 et
252 1283 467 1326 interfecit
491 1297 600 1326 eum.
639 1285 695 1326 Et
722 1285 781 1326 ait
799 1285 1014 1326 Deminus

185 1340 241 1382 ad
262 1341 383 1382 Cain:
409 1341 495 1382 Ubi
519 1346 586 1383 est
604 1341 719 1383 Abel
740 1342 872 1383 frater
890 1341 1014 1383 tuus?

185 1398 269 1447 Qui
297 1397 546 1450 respendit:
577 1398 751 1439 Nescio.
799 1398 916 1440 Num
944 1411 1014 1440 cu-

185 1459 278 1495 stos
298 1454 440 1496 fratris
460 1455 545 1496 mei
566 1468 662 1496 sum
678 1453 784 1505 ego?
803 1455 1014 1508 Dixitque

184 1510 240 1552 ad
265 1524 378 1552 eum:
404 1510 520 1562 Quid
544 1510 708 1553 fecisti?
734 1525 821 1553 vox
845 1513 1013 1563 sangui-

184 1567 250 1607 nis
288 1567 430 1610 fratris
466 1568 529 1610 tui
565 1568 725 1609 clamat
760 1568 818 1609 ad
855 1581 926 1610 me
958 1569 1013 1611 de

183 1628 308 1665 terra.
344 1626 472 1666 Nunc
496 1625 626 1675 igitur
649 1624 909 1666 maledictus
930 1626 1013 1667 eris

183 1693 315 1732 super
340 1687 517 1730 terram,
547 1694 645 1733 quae
673 1682 843 1733 aperuit
869 1694 919 1722 os
945 1695 1012 1723 su-

183 1750 273 1788 urn,
303 1743 346 1780 et
371 1738 564 1790 suscepit
589 1738 843 1788 sanguinem
869 1738 1012 1780 fratris

182 1794 246 1835 tui
275 1794 330 1837 de
357 1808 489 1836 manu
520 1800 606 1836 tua.
662 1795 770 1836 Cum
803 1797 1011 1847 operatus

183 1851 315 1893 fueris
342 1865 455 1902 eam,
482 1863 571 1892 non
597 1850 718 1892 dabit
743 1851 823 1892 tibi
847 1851 1011 1894 fructus

184 1921 302 1949 suos:
327 1922 464 1960 vagus
484 1913 527 1950 et
546 1907 757 1960 profugus
777 1908 861 1950 eris
880 1921 1013 1962 super

184 1970 354 2006 terram.
411 1967 459 2016 R·-
495 1966 545 2006 In
571 1965 799 2018 principio.
823 1965 908 2006 321.

486 2023 636 2063 Lectio
658 2024 711 2062 iii.

274 2078 438 2130 'xitque
454 2078 559 2120 Cain
581 2078 635 2120 ad
650 2079 904 2119 Deminum:
923 2079 1010 2120 Ma-

287 2135 351 2186 jor
370 2139 436 2176 est
455 2134 660 2186 iniquitas
679 2147 792 2184 mea,
814 2147 945 2187 quam
963 2141 1012 2178 ut

183 2190 354 2232 veniam
374 2192 552 2232 merear.
578 2191 694 2233 Ecce
713 2191 829 2242 ejicis
848 2204 918 2234 me
935 2191 1010 2234 he-

183 2246 254 2288 dje
273 2259 298 2287 a
313 2246 423 2288 facie
437 2252 576 2297 terrae,
597 2253 640 2288 et
658 2260 683 2288 a
702 2247 811 2289 facie
825 2253 901 2290 tua
915 2248 1010 2291 abs-

183 2302 357 2353 cOndar,
378 2308 421 2345 et
439 2316 513 2345 ero
529 2316 666 2354 vagus
683 2309 726 2345 et
741 2304 951 2356 profugus
966 2306 1011 2347 in

182 2365 318 2402 terra:
355 2360 495 2400 omnis
529 2360 657 2411 igitur
691 2361 764 2412 qui
799 2361 1011 2405 invenerit

182 2429 263 2466 me,
283 2415 455 2458 occidet
472 2429 552 2458 me.
580 2416 790 2468 Dixitque
807 2418 846 2458 ei
861 2418 1010 2460 Demi-

182 2486 277 2514 nus:
291 2473 582 2525 Nequaquam
596 2473 657 2513 ita
671 2472 760 2514 fiet:
775 2473 854 2514 sed
869 2475 1010 2516 omnis

184 2529 258 2582 qui
281 2528 491 2570 occiderit
510 2528 634 2577 Cain,
659 2529 910 2581 septuplum
935 2545 1010 2583 pu-

183 2586 334 2627 nietur.
386 2585 627 2637 Posuitque
657 2585 872 2627 D6minus
905 2587 1010 2628 Cain

182 2643 372 2693 signum,
409 2647 457 2683 ut
490 2655 577 2683 non
614 2641 877 2684 interficeret
911 2656 1009 2684 eum

184 2699 324 2741 omnis
350 2699 423 2751 qui
446 2698 684 2739 invenisset
711 2711 819 2739 eum.
856 2700 1009 2750 Egres-

182 2758 344 2808 susque
364 2755 470 2797 Cain
495 2768 519 2796 a
544 2755 654 2796 facie
674 2754 771 2804 Dni,
798 2755 1010 2799 habitavit

1071 321 1283 373 profugus
1322 321 1366 361 in
1401 326 1518 362 terra
1554 319 1611 362 ad
1642 320 1898 363 orientalem

1071 377 1247 430 plagam
1264 376 1400 419 Eden.
1455 380 1501 430 Rg.
1534 377 1768 419 Formavit.
1787 378 1872 418 321.

1123 435 1193 475 Ad
1220 435 1390 485 Magnif.
1419 436 1515 475 Ant.
1546 435 1646 475 Non
1669 433 1771 476 licet
1793 433 1899 475 mihi

1071 492 1095 518 *
1114 490 1234 542 quod
1251 490 1353 532 volo
1374 488 1540 532 facere?
1561 503 1616 531 an
1631 490 1783 532 Oculus
1797 496 1898 532 tuus

1070 560 1259 599 nequam
1283 546 1370 589 est?
1396 547 1497 600 quia
1521 559 1603 598 ego
1625 545 1768 588 bonus
1792 560 1898 597 sum,

1071 603 1177 646 dicit
1195 604 1423 645 Deminus.

1301 717 1462 754 Feria
1494 717 1670 754 Sexta.

1262 778 1327 817 De
1365 774 1477 816 libro
1511 774 1708 816 Genesis,

1173 834 1322 875 Lectio
1344 836 1366 875 i.
1585 836 1686 887 Cap.
1703 838 1740 876 4.
1756 850 1789 877 c.

1072 893 1125 975 f(
1134 888 1335 939 ognovit
1349 893 1495 930 autem
1512 889 1617 930 Cain
1632 890 1815 929 uxerem
1829 901 1896 930 su—

1072 951 1149 989 ‘zsjl
1171 958 1257 995 am,
1286 957 1385 997 quae
1411 945 1629 998 concepit,
1658 949 1701 986 et
1726 945 1898 997 peperit

1070 1001 1273 1043 Henoch:
1314 1007 1358 1044 et
1394 1001 1628 1044 aedificavit
1665 1001 1897 1051 civitatem,

1069 1060 1330 1110 vocavitque
1354 1071 1514 1100 nomen
1535 1059 1626 1110 ejus
1648 1071 1701 1100 ex
1720 1057 1897 1100 nemine

1068 1114 1145 1155 filii
1174 1115 1259 1165 sui,
1292 1114 1490 1157 Henoch.
1543 1115 1682 1156 Porro
1710 1114 1897 1156 Henoch

1067 1171 1216 1222 genuit
1230 1171 1343 1221 Irad,
1364 1176 1408 1213 et
1420 1171 1522 1213 Irad
1537 1171 1686 1223 genuit
1699 1171 1896 1221 Maviael,

1068 1232 1112 1268 et
1147 1228 1334 1269 Maviael
1369 1228 1519 1279 genuit
1552 1227 1816 1277 MathusaeL
1853 1233 1897 1269 et

1067 1284 1311 1326 Mathusael
1331 1285 1480 1335 genuit
1494 1283 1696 1326 Lamech.
1725 1284 1810 1334 Qui
1828 1296 1895 1326 ac-

1068 1341 1184 1393 cepit
1201 1341 1310 1382 duas
1328 1343 1500 1390 uxeres,
1520 1353 1681 1383 nomen
1695 1341 1770 1382 uni
1785 1340 1895 1391 Aua,

1067 1402 1111 1439 et
1139 1410 1299 1439 nomen
1327 1397 1453 1440 elteri
1480 1397 1606 1439 Sella.
1645 1397 1895 1450 Genuitque

1067 1453 1167 1496 Ada
1185 1455 1209 1495 J
1212 1454 1325 1505 abel,
1351 1454 1425 1507 qui
1449 1454 1529 1496 fuit
1551 1459 1677 1507 pater
1698 1453 1894 1496 habitan-

1066 1511 1174 1552 tium
1197 1511 1240 1552 in
1262 1510 1478 1561 tentoriis,
1502 1515 1634 1563 atque
1655 1513 1894 1564 pasterum.

1065 1568 1122 1610 Et
1148 1581 1308 1610 nomen
1336 1568 1479 1609 fratris
1507 1568 1598 1619 ejus
1624 1567 1770 1609 Jubal:
1798 1567 1894 1620 ipse

1065 1625 1145 1666 fuit
1164 1629 1290 1677 pater
1312 1625 1559 1666 canentium
1581 1623 1745 1666 eithara
1765 1629 1808 1666 et
1828 1626 1894 1666 er-

1063 1694 1190 1731 gano.
1227 1681 1343 1723 Sella
1367 1693 1544 1733 quoque
1567 1681 1716 1731 genuit
1735 1680 1893 1723 Tubal·

1065 1738 1176 1787 cain,
1203 1738 1276 1790 qui
1295 1737 1375 1779 fuit
1396 1737 1626 1779 malleator
1645 1741 1689 1779 et
1708 1736 1831 1780 faber
1850 1738 1893 1779 in

1065 1799 1222 1836 cuncta
1250 1796 1386 1847 opera
1414 1793 1514 1835 aeris
1540 1798 1584 1836 et
1609 1793 1722 1836 ferri.
1760 1793 1894 1836 Soror

1065 1863 1169 1892 vero
1188 1850 1440 1899 Tubfflcain,
1459 1849 1641 1891 Noema.

1121 1913 1167 1964 Rs„
1194 1907 1315 1949 Tulit
1333 1906 1558 1948 Dominus.
1586 1907 1672 1948 321.

1378 1969 1528 2009 Lectio
1550 1968 1589 2007 ii.

1155 2021 1319 2073 ‘xitque
1345 2020 1537 2063 Lamech
1564 2020 1775 2063 uxoribus
1803 2021 1892 2063 suis

1165 2077 1279 2119 Adae
1307 2082 1351 2120 et
1375 2077 1518 2119 Sellae:
1546 2076 1708 2119 Audite
1736 2089 1891 2120 vocem

1062 2147 1205 2177 meam
1228 2136 1389 2175 uxores
1413 2133 1620 2184 Lamech,
1648 2133 1890 2176 auscultate

1063 2193 1311 2234 sermenem
1333 2204 1492 2232 meum:
1519 2190 1724 2243 quoniam
1748 2190 1890 2233 occidi

1062 2248 1202 2290 virum
1230 2247 1273 2288 in
1302 2247 1459 2289 vulnus
1483 2260 1644 2297 meum,
1673 2251 1718 2289 et
1745 2246 1889 2289 adole-

1062 2304 1306 2346 scentulum
1333 2304 1376 2344 in
1407 2303 1591 2345 livorem
1617 2316 1774 2345 meum.
1818 2303 1890 2345 Se-

1062 2361 1264 2414 ptuplum
1287 2360 1394 2401 ultio
1419 2359 1596 2401 dabitur
1615 2359 1670 2401 de
1690 2359 1809 2411 Cain,
1834 2359 1889 2402 de

1060 2416 1253 2459 Lamech
1290 2429 1394 2458 vero
1432 2416 1681 2468 septuagies
1717 2417 1889 2469 septies.

1063 2473 1280 2525 Cognovit
1333 2485 1508 2525 quoque
1558 2471 1700 2513 adhuc
1746 2472 1890 2514 Adam

1062 2533 1245 2572 uxerem
1282 2543 1424 2571 suam:
1461 2534 1504 2571 et
1538 2529 1711 2581 peperit
1742 2529 1888 2579 filium,

1062 2589 1325 2639 vocavitque
1357 2598 1516 2627 nomen
1549 2586 1639 2637 ejus
1671 2585 1795 2635 Seth,
1828 2585 1887 2627 di-

1062 2656 1178 2685 cens:
1192 2643 1343 2684 Posuit
1356 2642 1462 2682 mihi
1472 2642 1593 2683 Deus
1608 2654 1757 2684 semen
1771 2641 1888 2684 aliud

1061 2712 1142 2753 pro
1164 2699 1292 2749 Abel,
1315 2711 1444 2751 quem
1464 2698 1627 2740 occidit
1647 2698 1764 2739 Cain.
1799 2697 1888 2740 Sed

1062 2763 1106 2800 et
1127 2756 1233 2799 Seth
1257 2761 1384 2798 natus
1409 2760 1476 2797 est
1499 2755 1631 2805 filius,
1661 2767 1790 2807 quem
1813 2766 1885 2796 vo-
