2040 2990
178 173 222 209 72
736 176 840 209 Furia
866 176 996 218 quinta
1023 177 1070 209 ad
1097 176 1329 210 Matutinurn.

240 274 408 318 Praesta,
435 269 566 310 Pater
593 268 799 322 piissime,

282 327 487 378 Patrique
516 338 695 378 compar
725 325 871 374 Unice,

283 384 390 425 Cum
418 382 582 435 Spiritu
610 381 829 423 Paraclito

281 440 485 490 Regnans
505 450 584 491 per
609 451 737 480 omne
757 437 975 479 saeculum.

487 495 641 537 Amen.
750 499 752 501 '

236 556 331 595 Ant.
371 553 554 594 Domine
582 552 713 593 Deus.

450 610 643 650 Psalmus
673 611 736 649 68.

282 665 426 706 alvum
455 678 524 707 me
551 665 619 706 fac
643 665 777 705 Deus:
801 666 824 690 *
851 662 999 715 queni-

191 736 255 787 ἢ
308 735 376 762 am
404 722 672 763 intraverunt
704 733 830 772 aquae
862 732 1000 771 usque

194 780 277 806 Ψ
309 778 364 819 ad
394 778 579 819 animam
607 790 759 818 meam.

230 836 395 876 Infixus
419 848 513 876 sum
537 835 579 875 in
604 834 707 874 limo
734 831 953 885 profundi:
978 834 999 858 *

179 898 222 933 et
248 905 335 933 non
364 897 429 932 est
458 891 713 932 substantia.

230 949 341 989 Veni
370 948 410 988 in
440 947 712 989 altitUdinem
740 946 885 987 maris:
910 948 932 972 *
958 950 1000 986 et

178 1006 416 1056 tempestas
446 1004 651 1045 demersit
678 1017 758 1044 me.

230 1060 446 1102 Laboravi
475 1060 675 1110 clamans
701 1073 844 1101 raucae
874 1060 1000 1100 factae

179 1123 278 1159 sunt
324 1118 469 1158 fauces
515 1131 639 1158 meae:
684 1120 706 1143 *
749 1116 1001 1158 defecerunt

179 1174 291 1215 oculi
328 1174 431 1222 mei,
471 1173 574 1215 dum
611 1187 741 1226 spero
779 1174 821 1213 in
859 1174 1001 1214 Deum

178 1244 332 1272 meum.

229 1287 504 1339 Multiplicati
534 1292 633 1327 sunt
662 1300 793 1338 super
818 1286 1001 1338 capillos

178 1344 332 1396 capitis
347 1344 441 1389 mei,
453 1346 475 1370 *
489 1344 563 1396 qui
579 1342 765 1384 oderunt
776 1356 845 1384 me
857 1343 1001 1394 gratis.

229 1400 473 1441 Consortati
519 1406 619 1441 sunt
666 1401 738 1452 qui
779 1400 998 1452 persecuti

180 1462 277 1497 sunt
297 1470 365 1497 me
386 1456 546 1497 inimici
564 1456 649 1497 mei
670 1457 839 1506 iniuste:
859 1459 881 1482 *
903 1469 1000 1508 quae

178 1526 264 1554 non
293 1513 429 1565 rapui,
457 1518 560 1554 tunc
588 1513 879 1554 exsolvebam.

231 1569 349 1610 Deus
385 1574 432 1610 tu
469 1570 553 1610 scis
591 1570 882 1622 insipientiam
915 1583 1000 1611 me-

179 1638 263 1666 am:
302 1628 324 1651 *
362 1631 405 1666 et
447 1625 605 1666 delicta
641 1639 739 1667 mea
775 1639 799 1666 a
835 1632 878 1667 te
915 1639 1000 1667 non

179 1688 277 1723 sunt
306 1681 573 1723 abscendita.

230 1738 328 1779 Non
364 1738 621 1780 crubescant
655 1738 697 1779 in
732 1752 800 1780 me
831 1739 902 1791 qui
932 1753 1001 1780 ex-

180 1797 378 1847 spectant
423 1801 466 1836 te
512 1796 714 1844 Demine‚
756 1798 779 1822 *
815 1796 1002 1837 Demine

180 1851 397 1892 virttitum.

231 1907 330 1948 Non
364 1907 681 1950 confundantur
714 1922 845 1962 super
877 1923 947 1951 me
980 1913 1002 1937 *

182 1963 253 2015 qui
284 1969 482 2015 quaerunt
510 1970 565 2013 te,
594 1965 713 2006 Deus
741 1966 888 2007 Israel.

232 2020 445 2069 Queniam
499 2027 679 2073 propter
725 2026 769 2063 te
822 2023 1003 2065 sustinui

182 2075 486 2128 opprobrium:
527 2079 550 2103 *
593 2078 766 2130 operuit
806 2079 1003 2121 confusio

180 2131 335 2173 faciem
362 2145 514 2174 meam.

233 2188 479 2230 Extraneus
509 2190 648 2230 factus
676 2203 771 2231 sum
799 2190 1004 2233 fratribus

181 2245 300 2293 meis,
327 2247 350 2271 ¹⁸¹
378 2250 421 2287 et
447 2248 701 2298 peregrinus
729 2246 827 2288 filiis
854 2249 1004 2290 matris

182 2314 303 2342 meae.
463 2318 475 2324 ‘

235 2358 448 2407 Queniam
469 2357 588 2399 zelus
607 2358 764 2400 domus
782 2365 870 2401 tuae
890 2374 1004 2402 com-

184 2412 273 2454 edit
309 2427 392 2455 me:
429 2417 452 2440 *
493 2421 536 2456 et
577 2416 814 2468 opprobria
851 2429 1003 2470 expro-

182 2468 400 2511 brantium
412 2470 501 2519 tibi,
513 2471 763 2513 ceciderunt
779 2485 910 2525 super
924 2487 1003 2515 me.

234 2526 290 2567 Et
310 2528 462 2579 operui
482 2528 523 2567 in
543 2528 698 2579 jejunio
719 2529 905 2569 animam
919 2543 1003 2571 me-

183 2595 267 2623 am:
294 2585 317 2608 *
346 2589 388 2624 et
421 2584 583 2624 factum
613 2590 678 2625 est
706 2585 747 2625 in
778 2586 1003 2637 opprObri-

184 2652 256 2679 um
284 2638 398 2679 mihi.

234 2695 289 2736 Et
338 2696 464 2748 pesui
512 2697 815 2738 vestimentum
860 2711 1003 2740 meum

1053 267 1253 310 cilicium:
1286 269 1310 293 *
1342 271 1386 308 et
1419 267 1560 308 factus
1590 280 1687 309 sum
1720 268 1803 310 illis
1835 269 1878 310 in

1053 322 1320 376 parabolam.

1104 379 1352 421 Adversum
1379 393 1448 422 me
1474 379 1779 432 loquebantur,
1805 382 1878 435 qui

1053 435 1264 477 sedebant
1283 437 1325 477 in
1342 442 1487 490 porta:
1510 438 1534 463 *
1554 441 1598 478 et
1615 437 1660 478 in
1677 451 1747 480 me
1766 438 1879 491 psal-

1052 492 1200 534 lebant
1229 493 1303 546 qui
1330 493 1539 535 bibebant
1565 493 1724 535 vinum.

1105 550 1198 600 Ego
1235 563 1340 592 vero
1375 550 1619 592 oratienem
1651 564 1794 593 meam
1822 551 1880 594 ad

1052 612 1096 647 te
1125 606 1326 648 Demine:
1358 608 1382 633 ¹⁸¹
1409 611 1584 660 tempus
1615 607 1881 661 beneplaciti

1052 662 1185 703 Deus.

1104 719 1154 759 In
1173 719 1450 761 multitudine
1464 720 1776 762 misericordiae
1790 726 1880 763 tuae

1054 775 1212 817 exaudi
1248 790 1332 817 me:
1369 779 1392 803 *
1428 777 1471 817 in
1507 777 1692 819 veritate
1729 777 1881 820 salutis

1052 838 1156 873 tuae:
1493 842 1499 847 ”

1107 889 1236 941 Eripe
1269 903 1339 930 me
1374 889 1428 931 de
1456 889 1565 940 luto,
1599 895 1648 932 ut
1675 904 1763 932 non
1789 891 1882 932 infi-

1053 958 1144 996 gar:
1173 948 1195 972 *
1224 945 1360 987 libera
1393 959 1462 988 me
1491 946 1546 988 ab
1573 947 1642 998 iis,
1679 948 1753 1000 qui
1781 947 1882 990 ode-

1054 1008 1153 1043 runt
1172 1015 1252 1051 me,
1273 1008 1316 1044 et
1336 1003 1390 1044 de
1407 1003 1638 1056 profundis
1658 1007 1883 1057 aquarum.

1105 1058 1205 1100 Non
1250 1073 1319 1101 me
1370 1059 1594 1112 demergat
1643 1063 1883 1114 tempestas

1054 1128 1201 1168 aquae,
1237 1129 1381 1168 neque
1414 1117 1649 1160 absorbeat
1680 1131 1750 1160 me
1783 1131 1882 1171 pro-

1055 1171 1249 1213 fundum:
1269 1175 1292 1199 *
1312 1187 1454 1226 neque
1479 1177 1633 1226 urgeat
1657 1188 1790 1228 super
1813 1188 1883 1216 me

1054 1232 1214 1281 piiteus
1243 1243 1294 1271 os
1323 1244 1461 1272 suum.

1105 1286 1275 1328 Exaudi
1315 1301 1385 1329 me
1426 1288 1629 1338 Demine,
1678 1289 1884 1342 quoniam

1054 1342 1240 1394 benigna
1282 1349 1348 1385 est
1391 1345 1690 1387 misericerdia
1724 1352 1820 1387 tua:
1859 1347 1884 1372 *

1054 1399 1295 1441 secundum
1322 1401 1648 1444 multitudinem
1674 1402 1884 1450 miserati-

1055 1458 1187 1497 6num
1215 1459 1390 1499 tuarum
1418 1459 1588 1512 respice
1615 1459 1660 1500 in
1686 1472 1767 1501 me.

1106 1514 1162 1555 Et
1198 1527 1252 1555 ne
1293 1517 1467 1557 avertas
1508 1516 1666 1557 faciem
1702 1521 1824 1558 tuam
1860 1528 1886 1557 a

1054 1573 1192 1623 puero
1213 1576 1309 1613 tuo:
1329 1573 1352 1599 *
1373 1573 1579 1625 queniam
1597 1572 1795 1622 tribulor,
1815 1585 1884 1614 ve-

1054 1627 1210 1669 lociter
1238 1628 1398 1670 exaudi
1424 1642 1506 1682 me.

1106 1685 1291 1726 Intende
1325 1686 1480 1727 animae
1512 1699 1638 1735 meae,
1673 1690 1716 1727 et
1747 1685 1886 1728 libera

1056 1753 1170 1782 eam:
1217 1744 1239 1768 *
1286 1748 1468 1796 propter
1514 1743 1711 1784 inimicos
1761 1755 1885 1784 meos

1056 1798 1174 1850 eripe
1203 1812 1284 1840 me.

1106 1855 1175 1895 Tu
1204 1855 1288 1896 scis
1316 1856 1632 1909 improperium
1659 1869 1816 1905 meum,
1841 1860 1885 1898 et

1056 1911 1356 1954 confusionem
1384 1926 1537 1964 meam,
1562 1916 1585 1940 *
1614 1918 1658 1955 et
1684 1914 1884 1955 reveren-

1055 1968 1161 2009 tiam
1189 1982 1342 2010 meam.

1108 2025 1158 2066 In
1196 2027 1436 2078 conspectu
1472 2032 1551 2069 tuo
1588 2032 1690 2069 sunt
1733 2040 1884 2070 omnes

1058 2081 1133 2134 qui
1160 2081 1370 2124 tribulant
1397 2096 1485 2134 me,
1517 2086 1540 2111 ¹⁸¹
1568 2085 1884 2138 improperium

1057 2139 1330 2190 exspectavit
1368 2153 1444 2182 cor
1480 2154 1642 2191 meum,
1680 2146 1724 2184 et
1759 2141 1883 2182 mise-

1058 2207 1177 2235 riam.

1108 2251 1165 2292 Et
1193 2253 1379 2293 sustinui
1405 2253 1480 2306 qui
1506 2253 1635 2295 simul
1656 2254 1882 2297 contrista-

1058 2309 1186 2357 retur,
1214 2313 1258 2350 et
1284 2321 1370 2350 non
1400 2310 1495 2351 fuit:
1514 2313 1538 2337 *
1557 2316 1601 2352 et
1627 2311 1703 2364 qui
1730 2323 1883 2354 conso-

1057 2362 1230 2413 laretur,
1259 2371 1302 2406 et
1330 2379 1416 2407 non
1445 2367 1599 2408 inveni.

1109 2420 1164 2462 Et
1209 2420 1424 2464 dederunt
1468 2423 1511 2464 in
1552 2437 1698 2465 escam
1741 2437 1884 2466 meam

1059 2475 1128 2517 fel:
1165 2479 1188 2503 *
1222 2483 1265 2518 et
1301 2478 1343 2518 in
1381 2479 1451 2521 siti
1486 2493 1583 2522 mea
1619 2482 1884 2534 potaverunt

1056 2545 1126 2573 me
1155 2535 1291 2575 aceto.

1108 2589 1203 2631 Fiat
1234 2603 1383 2632 mensa
1417 2594 1569 2634 eorum
1602 2607 1750 2636 coram
1778 2593 1883 2648 ipsis

1057 2646 1098 2685 in
1126 2645 1343 2698 laqueum,
1370 2650 1394 2673 *
1423 2654 1466 2690 et
1491 2649 1535 2689 in
1562 2651 1882 2700 retributiones,

1057 2707 1100 2743 et
1130 2702 1173 2742 in
1201 2703 1466 2745 scandalum.
