2040 2990
698 194 873 230 Hubricae
898 199 1095 239 generales
1120 199 1317 235 Brcvizuii.

155 289 230 316 infra
243 290 370 318 Octavas.
402 290 586 325 Excipiuntur
600 291 635 318 ab
650 292 703 318 hoc
719 292 860 319 ordinario
874 293 980 319 Lectio-

155 337 223 356 num
241 330 376 357 Matutina
395 330 586 357 Tenebrarum
604 334 668 358 ante
686 331 806 366 Pascha,
829 335 856 359 et
875 332 980 359 Defun—

155 372 272 402 ctorum,
290 372 319 395 ut
337 369 366 395 in
385 369 442 396 suis
461 369 567 396 Officiis
585 370 704 404 ponitur.

207 409 231 434 3.
254 408 283 435 Si
305 408 334 435 in
353 408 453 435 Officio
475 417 576 435 novem
595 409 771 444 Lectionum,
795 411 823 437 in
846 420 902 445 quo
923 421 980 440 non

156 447 256 474 dicitur
277 455 382 474 nonum
401 448 634 483 Responsorium,
658 449 799 483 contingat
821 451 880 478 fieri
900 453 980 479 Com—

155 486 383 513 memorationem
397 487 432 514 de
445 487 539 521 aliquo
553 487 663 522 Sancto,
679 489 726 522 qui
741 490 882 524 propriam
896 492 980 518 habet

155 526 324 560 Lectionem,
343 534 416 553 nona
434 527 529 553 Lectio
547 527 648 560 legitur
665 527 700 554 de
717 527 831 556 Sancto:
852 530 875 556 si
895 530 980 557 habu-

155 565 207 592 erit
234 565 304 591 duas
331 565 491 600 Lectiones,
521 574 557 593 ex
582 566 692 594 duabus
719 567 768 594 fiat
794 576 850 595 una
873 569 978 603 Lectio,

155 604 258 630 omissa
280 612 356 631 nona
377 604 509 632 Lectione
532 605 560 632 in
585 605 659 632 dicto
682 606 783 634 Officio
808 615 908 635 novem
928 609 979 636 Le-

155 643 278 669 ctionum
308 644 353 670 vel
382 647 489 671 octavae
515 645 640 671 Lectioni
669 645 806 679 adjuncta.
847 648 917 674 Item
945 649 979 675 de

156 682 238 708 Festo
252 682 366 717 Duplici
383 686 432 709 aut
445 682 632 718 Semiduplici,
650 684 673 711 si
687 685 735 711 fiat
754 689 896 720 tamquam
910 687 979 715 Sim-

155 721 234 755 plex,
262 721 362 755 legitur
387 729 461 748 nona
487 723 582 749 Lectio
608 724 762 758 composita
788 733 823 751 ex
850 726 978 753 omnibus

156 760 250 787 Sancti
272 760 451 787 Lectionibus
474 761 612 789 historicis
636 763 749 789 secundi
773 764 921 798 Nocturni,
948 769 978 792 ut

155 806 240 833 supra
256 798 359 826 dictum
375 803 417 827 est
434 799 462 826 in
476 801 599 828 Rubrica
615 802 649 828 de
663 802 979 831 Commemorationibus

155 845 230 864 num.
250 839 289 865 10.
327 839 409 872 Quod
432 840 455 866 si
482 840 580 866 eodem
604 841 648 867 die
675 845 803 868 occurrat
825 842 978 877 Dominica,

155 877 200 903 vel
214 877 294 904 Feria
313 886 377 912 quae
394 878 495 905 habeat
508 879 667 912 Homiliam,
688 887 761 907 nona
775 881 870 908 Lectio
885 882 979 909 Sancti

155 916 305 951 omittitur,
332 920 359 944 et
383 917 441 951 ejus
464 918 525 945 loco
551 918 651 951 legitur
673 919 795 946 Homilia
817 921 978 954 Dominicae,

155 956 200 982 vel
213 956 314 990 Feriae,
333 956 438 985 scilicet
457 957 501 983 vel
518 958 608 991 prima
622 958 717 985 Lectio
736 959 771 985 de
784 959 915 993 Homilia,
933 960 977 986 vel

154 998 211 1022 tres
229 995 311 1021 simul
329 995 357 1022 in
374 1003 459 1022 unam
478 996 638 1024 Lectionem
658 998 818 1031 conjunctae.
848 999 978 1026 Similiter

154 1034 178 1061 si
193 1034 286 1068 plures
303 1038 449 1061 occurrant
467 1043 548 1062 nonae
563 1036 709 1063 Lectiones
727 1038 848 1071 propriae
864 1038 898 1064 de
911 1038 978 1065 San-

154 1073 214 1107 ctis,
231 1073 332 1106 legitur
350 1077 458 1100 tantum
475 1074 524 1101 illa
541 1075 680 1109 dignioris.

205 1112 230 1139 4.
254 1113 287 1139 In
310 1112 409 1139 Officio
433 1114 516 1140 trium
536 1114 712 1148 Lectionum,
737 1115 759 1142 si
782 1115 813 1142 fit
835 1116 870 1142 de
888 1117 976 1154 Feria,

151 1154 208 1178 tres
227 1151 372 1179 Lectiones
396 1153 524 1186 leguntur
543 1153 578 1180 de
596 1154 752 1188 Scriptura,
774 1155 827 1181 nisi
846 1159 903 1182 tres
922 1157 976 1184 sint

152 1190 187 1217 de
204 1190 338 1225 Homilia,
359 1192 425 1225 quia
443 1196 509 1219 tunc
528 1193 638 1219 omissis
655 1193 835 1221 Lectionibus
854 1195 888 1221 de
906 1195 976 1222 Scn'-

151 1233 246 1264 ptura,
270 1230 399 1264 leguntur
419 1231 454 1258 de
472 1232 602 1259 Homilia.
638 1232 668 1260 Si
687 1233 718 1259 fit
738 1233 772 1260 de
791 1233 905 1267 Sancto,
928 1235 975 1269 qui

150 1269 253 1296 habeat
271 1270 341 1296 duas
359 1270 518 1305 Lectiones,
541 1272 631 1305 prima
650 1275 758 1299 tantum
780 1273 832 1300 erit
852 1274 887 1300 de
905 1274 975 1301 Scri-

150 1311 241 1342 ptura,
259 1312 290 1335 ut
303 1309 348 1336 vel
361 1310 469 1343 legatur
481 1318 545 1345 una,
564 1311 608 1338 vel
624 1319 658 1338 ex
674 1312 763 1339 tribus
778 1313 860 1339 simul
875 1313 975 1347 junctis

150 1347 199 1374 fiat
226 1355 296 1382 una;
323 1349 444 1376 secunda
471 1353 498 1376 et
525 1350 606 1377 tertia
633 1351 668 1377 de
689 1350 798 1378 Sancto.
834 1351 864 1379 Si
890 1360 974 1378 unam

151 1390 259 1414 tantum
282 1387 423 1422 habuerit,
449 1389 493 1415 vel
518 1391 674 1424 propriam,
702 1390 745 1417 vel
770 1398 804 1417 ex
828 1391 974 1418 Communi

151 1426 330 1460 assignatam,
357 1427 447 1461 prima
469 1431 496 1455 et
518 1429 640 1467 secunda
663 1434 743 1456 erunt
766 1430 801 1456 de
823 1430 973 1464 Scriptura,

150 1465 232 1493 tertia
255 1466 290 1492 de
314 1466 430 1494 Sancto:
458 1467 534 1501 quod
557 1468 641 1495 etiam
668 1473 796 1496 servatur
821 1470 850 1496 in
874 1470 973 1496 Officio

150 1505 240 1532 beatae
258 1505 354 1532 Mariae
371 1505 400 1532 in
417 1506 548 1534 Sabbato.

202 1545 227 1571 5.
253 1545 400 1572 Lectiones
424 1549 516 1572 autem
540 1546 575 1573 de
597 1546 740 1581 Scriptura
763 1548 792 1574 in
815 1547 914 1575 Officio
939 1548 973 1574 de

150 1583 289 1618 Tempore
303 1584 343 1611 sie
360 1584 515 1612 distributae
531 1589 595 1613 sunt
610 1593 660 1620 per
675 1594 787 1621 annum,
804 1591 834 1614 ut
849 1587 972 1621 quotidie

148 1622 255 1657 aliquid
272 1630 307 1650 ex
329 1631 361 1650 ea
383 1623 503 1658 legatur,
527 1625 610 1652 etiam
633 1625 660 1652 in
679 1625 780 1653 Officio
803 1626 838 1653 de
851 1626 971 1660 Sanctis,

148 1662 261 1696 quando
278 1662 339 1689 aliae
358 1665 400 1696 (ut
418 1663 521 1690 dictum
539 1666 592 1697 est)
611 1673 667 1691 non
685 1665 868 1700 assignantur.

199 1702 223 1728 6.
242 1701 324 1729 Initia
338 1702 472 1729 librorum
488 1711 575 1731 sacrae
589 1703 739 1739 Scripturae
755 1705 814 1739 (qui
830 1704 889 1732 fere
903 1713 971 1732 sem-

147 1747 198 1775 per
214 1740 243 1767 in
261 1741 414 1769 Dominicis
431 1742 607 1776 inchoantur)
627 1751 660 1770 eo
678 1743 723 1770 die
740 1747 894 1778 ponuntur,
914 1752 971 1778 quo

147 1782 243 1807 notata
261 1783 334 1815 sunt,
353 1781 460 1808 etiamsi
478 1781 527 1808 flat
543 1782 674 1810 Officium
693 1783 728 1809 de
742 1783 853 1817 Sancto,
871 1783 924 1810 nisi
942 1783 970 1810 in

148 1819 230 1846 Festo
253 1819 314 1847 aliae
334 1820 456 1855 propriae
473 1821 619 1849 Lectiones
642 1822 677 1849 de
694 1821 850 1857 Scriptura,
872 1823 918 1850 vel
936 1823 970 1850 de

147 1858 294 1886 Communi
312 1859 497 1893 assignentur:
522 1864 588 1888 tunc
606 1861 679 1888 enim
703 1861 810 1888 initium
830 1862 969 1889 Lectionis

147 1897 182 1924 de
194 1898 338 1933 Scriptura
355 1899 522 1927 transfertur
538 1900 566 1927 in
581 1904 742 1935 sequentem
758 1900 830 1927 diem
846 1901 970 1928 similiter

145 1945 202 1964 non
218 1937 392 1973 impeditam3
411 1942 438 1966 et
451 1939 598 1967 Lectiones
612 1940 651 1967 illi
667 1940 721 1967 diei
737 1940 771 1967 de
788 1940 885 1967 eadem
898 1940 968 1968 Scri-

145 1979 228 2011 ptura
251 1977 398 2011 assignatae
422 1978 466 2005 vel
489 1986 552 2005 cum
578 1979 767 2014 superioribus
789 1979 968 2007 Lectionibus

145 2016 284 2050 legantur,
310 2017 354 2044 vel
376 2017 550 2044 omittantur:
576 2018 615 2045 ita
638 2022 669 2045 ut
693 2026 749 2045 non
773 2022 900 2053 oporteat
921 2027 968 2046 eas

145 2055 263 2089 amplius
276 2056 304 2082 in
317 2056 372 2083 alio
387 2057 512 2091 sequenti
525 2057 570 2084 die
583 2065 732 2091 resumere,
746 2058 795 2085 sed
809 2058 863 2084 illae
877 2058 968 2092 legan-

145 2097 198 2128 tur,
215 2102 279 2128 quae
294 2103 344 2122 sua
359 2103 471 2130 quaque
486 2096 530 2123 die
548 2101 704 2131 occurrunt,
723 2101 771 2124 aut
786 2105 849 2124 cum
864 2097 967 2124 eisdem

145 2133 299 2167 jungantur.
326 2134 407 2168 Quod
421 2143 531 2169 semper
543 2139 677 2170 servetur,
696 2137 808 2170 quando
823 2136 967 2163 Lectiones

143 2176 320 2200 occurrentes
338 2173 373 2201 de
391 2174 533 2209 Scriptura
551 2175 645 2209 aliquo
665 2175 710 2202 die
727 2176 900 2202 omittuntur.

196 2217 219 2243 7.
239 2217 307 2243 Cum
324 2221 416 2244 autem
430 2218 538 2245 initium
553 2218 667 2253 alicujus
682 2219 813 2253 Epistolae
826 2220 967 2246 catholicae

144 2258 269 2290 tempore
292 2257 433 2291 Paschali,
461 2261 508 2284 aut
535 2258 651 2291 alicuius
678 2259 826 2292 Prophetae
853 2259 966 2286 minoris

143 2302 239 2322 mense
251 2295 411 2330 Novembri,
426 2296 499 2323 infra
513 2297 726 2324 Hebdomadam
740 2297 851 2324 illorum
863 2301 966 2332 tempo-

143 2341 204 2360 rum
227 2334 378 2368 impeditur
399 2335 491 2369 aliquo
510 2336 592 2363 Festo
614 2344 715 2363 novem
734 2336 907 2364 Lectionum'
919 2337 966 2363 ha-

142 2373 225 2400 bente
233 2373 361 2407 proprias
371 2374 517 2402 Lectiones
531 2375 566 2402 de
575 2374 725 2409 Scriptura.
740 2375 843 2402 dictum
857 2375 963 2403 initium

142 2411 274 2446 Epistolae
297 2416 324 2439 et
342 2413 504 2447 Prophetae,
527 2414 621 2448 quoad
642 2415 759 2442 comode
778 2415 837 2441 fieri
855 2416 963 2449 poterit,

142 2454 263 2484 ponatur
280 2452 308 2478 in
326 2453 451 2486 sequenti
470 2453 559 2487 Feria,
577 2453 632 2480 alio
651 2453 732 2480 simili
751 2454 828 2480 initio
842 2454 964 2488 Scriptu-

141 2496 181 2515 rae
194 2490 331 2524 ponendo,
343 2491 387 2518 vel
398 2492 480 2518 Festo
493 2499 549 2519 non
562 2492 704 2526 impedita3
717 2493 839 2527 alioquin
854 2493 880 2519 in
895 2501 964 2527 prae-

142 2528 248 2555 cedenti
267 2529 392 2556 similiter
409 2538 466 2557 non
483 2531 628 2565 impedita,
650 2531 688 2558 ita
710 2535 741 2558 ut
764 2532 857 2566 aliquo
879 2533 963 2559 modo

141 2570 269 2602 ponatur,
283 2569 391 2595 etiamsi
404 2569 486 2603 plura
499 2570 577 2597 initia
590 2570 687 2597 eodem
698 2571 742 2598 die
752 2571 818 2605 poni
827 2575 962 2605 oporteat.

192 2611 216 2637 8.
230 2611 274 2638 De
282 2611 424 2647 Scriptura
433 2621 545 2647 quoque
559 2617 665 2640 tantum
679 2617 721 2641 est
733 2614 863 2648 positum,
876 2622 964 2648 quan—

141 2653 200 2676 tum
218 2650 285 2676 satis
298 2651 409 2678 videtur
426 2659 477 2686 pro
496 2660 612 2679 numero
627 2653 882 2686 Hebdomadarum‚
898 2661 962 2687 quae

140 2695 200 2714 esse
217 2693 334 2722 possunt
350 2690 423 2717 inter
436 2691 619 2725 Epiphaniam
633 2695 659 2718 et
673 2692 916 2726 Septuagesimam,
934 2696 975 2719 et·

139 2726 211 2753 inter
225 2727 407 2756 Pentecosten
425 2733 453 2757 et
465 2730 634 2758 Adventum.
670 2731 726 2758 Ubi
744 2738 811 2758 vero
829 2731 961 2766 contingit

1030 293 1117 320 minui
1144 302 1290 322 numerum
1318 296 1526 325 Dominicamm
1553 302 1580 326 et
1606 300 1853 328 Hebdomadarum

1030 335 1094 366 post
1103 333 1295 367 Epiphaniam,
1305 335 1469 363 adveniente
1479 337 1624 365 Dominica
1631 338 1853 374 Septuagesimae,

1030 372 1107 405 quod
1127 377 1254 406 superest
1273 374 1307 400 de
1324 374 1456 408 Epistolis
1474 376 1547 403 beati
1567 377 1658 412 Pauli,
1681 387 1744 412 quae
1763 379 1853 406 distri-

1030 411 1105 438 butae
1130 415 1195 438 sunt
1217 420 1269 446 pro
1293 421 1408 440 numero
1433 414 1570 442 dictarum
1594 417 1802 445 Dominicamm
1827 422 1853 445 et

1030 450 1286 485 Hebdomadarum‚
1305 460 1338 479 eo
1356 460 1429 479 anno
1448 454 1591 488 omittitur,
1609 457 1737 489 quamvis
1757 457 1791 484 de
1805 458 1853 484 ali-

1030 490 1132 523 quibus
1146 490 1278 524 Epistolis
1296 491 1362 517 nihil
1381 492 1416 518 sit
1434 492 1542 520 lectum.
1577 494 1658 527 Quod
1673 495 1755 522 etiam
1774 496 1804 522 fit
1818 496 1853 523 de

1029 528 1173 563 Scriptura
1200 537 1235 556 ex
1261 530 1340 556 libris
1364 531 1472 565 Regum
1501 533 1546 563 (de
1571 534 1671 566 quibus
1694 534 1794 568 legitur
1817 536 1852 562 ab

1031 568 1136 595 Octava
1159 569 1336 596 Pentecostes
1361 578 1450 604 usque
1477 571 1513 597 ad
1537 572 1711 599 Dominicam
1735 574 1852 608 primam

1030 607 1175 642 Augusti),
1193 616 1257 634 cum
1276 616 1332 635 uon
1350 610 1477 643 expletur
1493 618 1626 638 numerus
1644 612 1852 640 Dominicarum

1029 650 1093 680 post
1109 647 1292 674 Pentecosten
1310 648 1345 675 de
1369 648 1409 675 eis
1432 649 1509 676 libris
1533 654 1681 677 annotatus
1704 660 1792 685 usque
1815 652 1851 678 ad

1029 693 1152 712 mensem
1165 685 1297 721 Augusti,
1312 687 1377 720 quia
1391 691 1465 722 tunc,
1480 689 1658 716 Lectionibus
1673 691 1707 716 de
1719 691 1761 717 his
1775 691 1852 717 libris

1030 720 1151 758 omissis,
1175 725 1274 759 legitur
1298 726 1333 752 de
1357 726 1512 762 Scriptura,
1537 736 1600 762 quae
1624 730 1735 763 ponitur
1759 738 1851 757 mense

1029 764 1155 797 Augusti.
1187 765 1269 798 Quod
1287 765 1311 791 si
1329 766 1377 792 fiat
1396 767 1431 793 de
1447 767 1539 801 aliqua
1554 768 1699 795 Dominica
1714 772 1776 803 post
1790 769 1851 803 Epi-

1028 803 1158 837 phaniam
1177 804 1324 838 anticipate
1342 805 1370 831 in
1389 806 1483 839 Feria,
1508 814 1540 833 eo
1565 807 1648 834 modo
1673 815 1728 841 quo
1749 808 1850 834 dictum

1029 846 1070 869 est
1095 842 1129 869 de
1148 843 1300 870 Dominicis
1325 852 1399 871 num.
1418 845 1435 871 4
1453 848 1479 871 et
1499 846 1527 879 ὃς
1549 849 1615 872 tunc
1639 850 1702 880 post
1721 847 1851 873 Officium

1029 881 1182 908 Dominicae
1201 883 1367 917 anticipatae,
1386 883 1414 910 in
1432 885 1611 918 sequentibus
1630 885 1727 912 diebus
1745 886 1852 919 legatur

1028 921 1062 947 de
1077 921 1208 954 Epistolis
1227 922 1314 948 sancti
1328 923 1409 949 Pauli
1428 924 1572 956 assignatis
1587 925 1739 951 Dominicae
1758 925 1851 951 antici-

1027 963 1108 994 patae,
1127 964 1154 986 et
1172 961 1351 994 sequentibus
1370 962 1465 996 Feriis,
1485 963 1594 990 omissis
1612 963 1686 997 aliis,
1705 972 1768 997 quae
1787 967 1850 990 sunt

1027 999 1172 1032 assignatae
1191 1000 1359 1034 praecedenti
1373 1001 1573 1029 Hebdomadas.
1606 1003 1679 1036 Quid
1698 1006 1789 1029 autem
1804 1004 1850 1029 ob-

1027 1039 1196 1065 servandum
1214 1039 1257 1072 sit,
1277 1047 1340 1066 cum
1358 1040 1474 1074 mensis,
1493 1041 1536 1068 cui
1555 1042 1678 1075 quinque
1697 1042 1849 1068 Dominicae

1027 1078 1214 1112 assignantur,
1239 1086 1295 1104 non
1313 1079 1441 1106 habuerit
1459 1080 1511 1106 nisi
1530 1084 1662 1115 quatuor,
1685 1082 1711 1107 in
1730 1081 1849 1115 propriis

1026 1117 1094 1143 locis
1114 1120 1234 1143 notatur.

1077 1157 1101 1183 9.
1128 1156 1274 1183 Lectiones
1299 1157 1333 1184 de
1354 1158 1496 1192 Scriptura
1522 1159 1619 1194 positae
1650 1159 1677 1185 in
1703 1160 1848 1186 Communi

1025 1196 1190 1223 Sanctorum
1215 1196 1343 1230 leguntur
1367 1197 1394 1224 in
1419 1198 1522 1231 Festis,
1549 1198 1597 1225 ubi
1622 1199 1796 1232 assignantur
1820 1199 1848 1225 in

1025 1235 1144 1269 Proprio
1168 1235 1332 1262 Sanctorum
1356 1244 1406 1270 per
1432 1244 1543 1264 annum.
1584 1238 1707 1272 Rursus,
1735 1238 1847 1272 quando

1025 1274 1138 1308 aliquod
1157 1274 1269 1301 Festum
1288 1275 1316 1301 in
1334 1276 1447 1310 propria
1466 1276 1588 1304 Ecclesia
1606 1277 1766 1304 solemniter
1779 1277 1847 1303 cele-

1025 1314 1133 1339 bratur:
1152 1313 1225 1347 item,
1244 1314 1356 1348 quando
1371 1315 1484 1348 aliquod
1498 1316 1610 1342 Festum
1626 1324 1726 1342 novem
1740 1316 1847 1343 Lectio-

1024 1360 1091 1379 num
1110 1353 1230 1380 occurrit
1247 1353 1276 1380 in
1296 1354 1521 1388 Quadragesima,
1539 1358 1566 1381 et
1585 1355 1711 1389 Quatuor
1730 1356 1847 1389 Tempo-

1024 1391 1115 1426 ribus,
1139 1392 1168 1418 in
1192 1393 1314 1419 secunda
1332 1393 1412 1419 Feria
1430 1394 1630 1428 Rogationum,
1654 1398 1680 1420 et
1702 1394 1730 1420 in
1748 1394 1846 1428 vigilia

1024 1430 1211 1465 Ascensionis,
1230 1431 1258 1458 in
1277 1432 1378 1465 quibus
1392 1433 1480 1459 Feriis
1498 1433 1525 1459 in
1540 1433 1640 1460 Officio
1659 1433 1693 1460 de
1709 1433 1846 1467 Tempore

1024 1478 1080 1496 non
1099 1470 1273 1504 assignantur
1290 1471 1435 1498 Lectiones
1454 1472 1488 1499 de
1506 1472 1656 1506 Scriptura,
1675 1473 1724 1500 sed
1743 1473 1777 1499 de
1789 1472 1846 1499 Ho-

1024 1509 1112 1544 milia,
1126 1512 1190 1536 tunc
1203 1510 1276 1536 enim
1290 1510 1318 1536 in
1328 1511 1416 1538 Festis
1426 1512 1624 1538 recurrendum
1638 1515 1680 1538 est
1694 1512 1729 1538 ad
1739 1512 1845 1539 Lectio-

1023 1556 1073 1575 nes
1095 1549 1130 1575 de
1151 1548 1294 1583 Scriptura
1321 1550 1426 1583 positas
1453 1551 1481 1577 in
1504 1550 1650 1578 Communi
1673 1550 1844 1578 Sanctorum.

1024 1589 1105 1622 Quod
1126 1588 1150 1615 si
1171 1589 1200 1615 in
1216 1589 1355 1623 aliquibus
1378 1598 1412 1616 ex
1430 1590 1595 1624 supradictis
1614 1590 1700 1618 Feriis
1719 1594 1845 1617 occurrat

1023 1628 1082 1655 dies
1103 1628 1209 1655 Octava
1231 1629 1346 1663 alicujus
1363 1629 1438 1656 Festi
1459 1630 1586 1656 habentis
1611 1629 1756 1662 Octavam,
1779 1632 1845 1656 tunc

1022 1668 1051 1694 in
1068 1667 1158 1702 primo
1177 1667 1320 1694 Nocturno
1343 1669 1396 1695 diei
1419 1668 1532 1696 Oetavae
1555 1672 1716 1703 repetantur
1739 1668 1844 1695 Lectio-

1022 1715 1079 1741 nes,
1099 1715 1162 1742 quae
1180 1707 1208 1733 in
1226 1707 1316 1742 primo
1331 1708 1474 1735 Nocturno
1488 1708 1562 1734 Festi
1580 1708 1659 1735 lectae
1678 1708 1802 1734 fueruntt
1821 1708 1844 1734 si

1022 1753 1089 1773 vero
1103 1750 1231 1773 occurrat
1249 1746 1308 1773 dies
1322 1746 1395 1773 infra
1409 1746 1551 1780 Octavam,
1570 1750 1636 1774 tunc
1649 1750 1795 1773 sumantur
1809 1746 1843 1772 de

1022 1785 1176 1812 Communi.
1206 1786 1278 1812 Aliae
1293 1786 1440 1812 Lectiones
1454 1786 1568 1813 secundi
1581 1789 1608 1812 et
1622 1786 1695 1812 tertii
1709 1785 1844 1812 Nocturni

1020 1823 1120 1859 positae
1142 1824 1171 1851 in
1195 1825 1341 1852 Communi
1365 1824 1530 1852 Sanctorum
1558 1825 1682 1852 similiter
1708 1825 1842 1859 leguntur,

1021 1863 1134 1897 quando
1147 1863 1175 1890 in
1185 1864 1303 1898 Proprio
1313 1863 1477 1891 Sanctorum
1492 1864 1676 1898 assignantur,
1689 1867 1717 1891 et
1730 1863 1842 1898 quando

1021 1903 1049 1929 in
1073 1903 1166 1937 aliqua
1184 1903 1307 1930 Ecclesia
1332 1903 1444 1937 aliquod
1462 1904 1575 1930 Festum
1598 1903 1754 1931 celebratur
1778 1911 1841 1930 cum

1019 1949 1121 1969 novem
1135 1942 1314 1969 Lectionibus
1330 1942 1406 1976 (quia
1422 1942 1450 1968 in
1468 1950 1501 1970 ea
1513 1946 1555 1970 est
1569 1943 1699 1977 solemne,
1717 1946 1765 1969 aut
1778 1950 1841 1969 con-

1020 1984 1128 2008 suetum
1142 1981 1170 2008 in
1184 1989 1217 2008 ea
1231 1981 1385 2016 celebrari),
1399 1982 1475 2016 quod
1489 1982 1617 2017 proprias
1631 1986 1658 2009 et
1671 1982 1840 2016 approbatas

1020 2020 1054 2047 de
1071 2021 1154 2047 Festo
1173 2020 1318 2048 Lectiones
1336 2028 1393 2048 non
1411 2021 1546 2048 habuerit.

1071 2060 1111 2086 10.
1131 2059 1276 2086 Lectiones
1290 2060 1372 2094 primi
1386 2061 1521 2088 Nocturni
1533 2061 1661 2094 leguntur
1678 2068 1741 2088 cum
1759 2059 1839 2087 titulo

1018 2098 1094 2132 libri,
1112 2106 1146 2125 ex
1165 2107 1220 2132 quo
1239 2103 1399 2133 sumuntur,
1422 2099 1474 2126 nisi
1492 2100 1572 2127 aliter
1590 2100 1618 2126 in
1636 2100 1756 2134 propriis
1773 2099 1840 2126 locis

1017 2141 1136 2165 notetur.
1173 2138 1319 2165 Lectiones
1337 2138 1419 2166 etiam
1437 2139 1550 2166 secundi
1565 2139 1708 2173 Nocturni,
1727 2138 1839 2172 quando

1018 2181 1082 2204 sunt
1099 2185 1134 2204 ex
1152 2178 1244 2212 aliquo
1263 2177 1396 2205 Sermone
1413 2178 1457 2205 vel
1471 2179 1613 2212 Tractatu,
1630 2179 1759 2212 leguntur
1776 2184 1839 2204 cum

1017 2217 1098 2243 titulo
1116 2220 1143 2244 et
1155 2217 1267 2243 nominc
1278 2216 1422 2252 Auctoris,
1440 2217 1507 2244 alias
1521 2217 1640 2244 minime.
1666 2217 1702 2244 Et
1715 2216 1839 2243 similiter

1017 2256 1045 2282 in
1063 2256 1144 2283 tertio
1163 2256 1306 2283 Nocturno
1323 2257 1496 2291 praeponitur
1513 2257 1610 2283 titulus
1628 2256 1748 2283 auctoris
1761 2255 1838 2289 cujus

1016 2299 1058 2322 est
1076 2295 1206 2322 Homilia.

1069 2336 1109 2361 11.
1128 2335 1161 2362 111
1180 2334 1235 2361 fine
1251 2335 1385 2369 cujusque
1403 2334 1543 2362 Lectionis
1563 2334 1663 2362 dicitur
1682 2334 1723 2359 'l'u
1744 2337 1833 2358 autem

1020 2373 1134 2398 humine
1157 2373 1285 2398 miserere
1306 2372 1392 2398 nobis.
1406 2376 1434 2401 et
1453 2374 1636 2408 respondetur
1651 2373 1709 2397 Deo
1725 2371 1833 2402 araitins

1016 2412 1098 2446 Quod
1116 2412 1197 2439 etiam
1217 2412 1248 2439 fit
1264 2413 1292 2439 in
1311 2413 1489 2440 Lectionibus
1507 2412 1638 2439 brevibus
1656 2412 1684 2439 in
1702 2411 1836 2446 principio

1016 2451 1203 2485 completorii,
1222 2455 1250 2478 et
1267 2451 1295 2478 in
1314 2452 1368 2478 fine
1382 2452 1484 2479 Primae
1498 2455 1560 2486 post
1579 2450 1707 2477 Pretiosa.
1722 2454 1834 2485 praeter-

1015 2498 1099 2524 quam
1122 2490 1150 2517 in
1174 2491 1266 2517 triduo
1291 2491 1402 2524 majoris
1424 2490 1615 2518 Hebdomadae
1638 2493 1702 2517 ante
1720 2490 1835 2522 Pascha,

1014 2533 1042 2556 et
1059 2530 1088 2556 in
1106 2529 1206 2556 Officio
1225 2529 1436 2563 Defunctorum,
1455 2533 1485 2556 ut
1503 2529 1560 2556 suis
1579 2529 1646 2556 locis
1664 2529 1782 2563 ponitur.

1035 2599 1176 2631 XXVII,
1199 2598 1246 2628 De
1272 2598 1507 2637 Responsoriis
1533 2604 1605 2637 post
1632 2598 1812 2628 Lectiones.

1069 2654 1231 2688 esponsoria
1253 2654 1383 2681 dicuntur
1405 2655 1441 2681 ad
1459 2654 1624 2681 Matutinum
1646 2657 1709 2688 post
1726 2652 1831 2680 Lectio-

1080 2700 1143 2719 nes:
1167 2693 1196 2719 id
1220 2697 1276 2727 est,
1299 2697 1363 2727 post
1380 2693 1531 2727 quamlibet
1548 2693 1706 2720 Lectiouem
1731 2691 1831 2718 dicitur

1011 2739 1098 2758 unum
1117 2732 1344 2766 Responsorium,
1362 2736 1392 2759 ut
1410 2732 1490 2759 infra.
