2080 2990
692 202 902 234 Commune
930 201 1180 244 plurinwrum
1210 201 1429 245 Martyrum.

304 294 492 336 llomilia
510 293 773 336 venerabilis
792 293 929 335 Bedae

482 349 748 403 Presbyteri.

348 426 425 459 lib.
444 427 473 459 4.
494 427 528 459 in
552 427 561 460 l
571 439 642 461 Mle
645 438 702 462 πη
729 439 761 461 c·
765 429 846 470 »ps

256 487 355 526 ’ΝΘ
396 479 482 520 hoc
526 479 742 520 fermento
785 478 1031 531 Apostolus

210 577 211 582 ,
234 540 323 591 Θῇῖι
355 536 572 601 praecipit:
608 536 764 587 Itaque
792 535 1031 588 epulemur,

210 590 211 599 ¹
255 590 322 618 χ-ῑ-
356 605 444 634 non
466 592 509 633 in
534 592 749 633 fermento
772 591 926 640 veteri,
960 603 1032 632 ne-

196 661 281 700 que
305 649 348 689 in
373 649 588 690 fermento
611 647 790 689 malitiae
816 652 859 689 et
882 649 1031 699 nequi-

194 706 285 754 tiae,
319 705 399 747 sed
426 705 471 746 in
500 704 666 756 azymis
694 703 957 745 sinceritatis
989 709 1032 745 et

196 762 404 804 veritatis.
438 761 554 802 Nam
574 761 687 802 sicut
707 759 931 801 medicum
950 759 1031 801 fer-

194 819 389 860 mentum
408 823 549 859 totam
566 817 727 866 farinae,
749 817 819 858 cui
833 816 1031 867 injicitur,

194 887 386 916 massam
406 873 664 926 corrumpit,
692 873 1031 925 universamque

194 944 300 972 mox
342 930 704 983 conspersienem
749 942 829 971 suo
872 931 1032 980 sapere

197 986 504 1029 commaculat:
538 987 601 1027 sic
628 987 832 1027 nimirum
859 985 1031 1026 simula-

195 1044 273 1094 tio,
303 1044 424 1095 cujus
446 1043 582 1084 semel
603 1043 795 1084 animum
814 1041 1032 1092 imblierit,

196 1105 290 1142 tota
324 1100 535 1141 virtutum
567 1099 819 1141 sinceritate
848 1103 892 1140 et
923 1099 1032 1140 veri-

195 1158 287 1198 tate
318 1155 549 1198 fraudabit.
608 1156 687 1197 Est
719 1168 825 1206 ergo
859 1168 1033 1196 sensus:

195 1212 425 1254 Attendite
449 1225 504 1253 ne
524 1212 789 1253 aemulemini
811 1211 1032 1253 simulato·

195 1282 281 1319 res,
316 1269 417 1321 quia
444 1269 590 1311 veniet
616 1269 819 1321 profecto
846 1274 1032 1321 tempus,

195 1326 239 1366 in
273 1339 360 1378 quo
395 1330 438 1367 et
470 1330 618 1367 vestra
646 1326 796 1367 virtus.
819 1325 1032 1374 emnibus,

196 1388 240 1424 et
259 1384 412 1424 eerum
431 1382 650 1424 reveletur
668 1381 927 1434 hypecrisis.

251 1446 299 1496 R'·
314 1444 505 1496 Propter
519 1445 832 1485 testamentum
842 1442 1032 1492 Demini,

197 1505 240 1541 et
263 1499 383 1551 leges
411 1501 635 1552 paternas,
665 1499 805 1541 sancti
827 1499 912 1540 Dei
935 1512 1032 1552 per-

196 1557 400 1598 stiterunt
432 1556 475 1596 in
504 1558 654 1597 amere
682 1556 983 1597 fraternitatis:
1008 1559 1028 1581 *

197 1613 309 1662 Quia
335 1625 448 1654 unus
475 1612 555 1654 fuit
583 1625 759 1665 semper
785 1612 964 1665 spiritus
988 1613 1032 1653 in

197 1669 277 1718 eis,
315 1673 359 1710 et
386 1682 472 1710 una
499 1668 622 1710 fides.
670 1667 715 1718 δ”.
755 1669 871 1710 Ecce
901 1682 1032 1721 quam

195 1729 361 1771 bonum
376 1734 420 1771 et
436 1742 567 1781 quam
581 1728 818 1781 juclindum
830 1728 1031 1771 habitare

195 1785 352 1828 fratres
371 1786 415 1826 in
434 1799 579 1827 unum.
608 1786 720 1836 Quia
738 1799 861 1827 unus.

484 1863 636 1905 Lectio
660 1864 741 1904 viii.

196 1925 411 2031 Verum
432 1934 553 1987 quod
572 1934 784 1986 sequitur:
813 1933 1031 1983 Queniam

301 2004 400 2043 quae
419 1992 463 2032 in
482 1991 676 2033 tenebris
696 1990 883 2042 dixistis,
906 1990 950 2031 in
969 1990 1031 2032 lu-

195 2047 312 2088 mine
341 2047 555 2090 dicentur:
596 2060 685 2089 non
718 2047 862 2088 solum
894 2046 938 2088 in
969 2047 1031 2089 fu-

196 2106 309 2152 turo,
339 2103 515 2156 quando
536 2109 693 2145 cuncta
711 2103 911 2145 cerdium
935 2103 1031 2145 abs·

197 2135 375 2201 condita
395 2160 675 2212 proferentur
694 2160 752 2201 ad
770 2160 926 2210 lucem,
952 2159 1032 2202 sed

197 2220 241 2257 et
259 2216 303 2256 in
323 2217 531 2268 praesenti
550 2218 750 2269 tempore
764 2221 917 2281 potest
931 2229 1031 2258 con-

196 2274 404 2323 gruenter
456 2273 616 2325 accipi:
702 2273 878 2314 ueniam
932 2286 1031 2326 quae

196 2324 310 2366 inter
333 2323 538 2366 tenebras
560 2338 678 2376 quon
714 2337 783 2365 am
806 2327 1031 2377 pressura-

196 2393 304 2430 rum,
333 2383 649 2445 carcerumque
669 2380 859 2431 umbras,
881 2381 951 2423 vel
969 2381 1030 2423 lo-

197 2437 297 2487 cuti,
326 2437 396 2479 vel
416 2437 537 2490 passi
556 2442 658 2478 sunt
676 2414 893 2489 Apestoli‚
916 2451 1031 2479 nunc

197 2493 436 2536 clarificata
454 2507 534 2546 per
554 2493 708 2535 orbem
726 2493 939 2544 Ecclesia,
973 2494 1031 2536 le-

1085 292 1166 333 ctis
1194 293 1347 333 eerum
1375 291 1562 341 actibuS‚
1602 292 1779 346 pablice
1808 306 1919 346 prae-

1084 347 1297 389 dicantur.
1324 347 1394 390 Ne
1411 349 1664 391 terreamini
1682 349 1738 391 ab
1757 349 1825 390 his
1846 349 1921 401 qui

1084 403 1292 445 occidunt
1320 417 1494 458 corpus.
1539 405 1585 447 Si
1611 407 1920 458 persecutores

1085 462 1350 510 sanctorum,
1367 461 1526 503 occisis
1546 461 1818 514 corporibus,
1832 474 1919 502 non

1084 516 1247 559 habent
1276 517 1465 570 amplius
1495 517 1601 570 quid
1634 523 1789 560 contra
1819 517 1920 559 illos

1085 578 1230 624 agant;
1257 586 1363 624 ergo
1389 575 1665 626 supervacua
1688 573 1836 615 furunt
1859 573 1919 614 in·

1085 630 1218 679 sauia,
1240 630 1314 682 qui
1332 632 1507 672 mertua
1525 630 1770 682 Martyrum
1786 642 1919 672 mem-

1084 685 1165 727 bra
1201 686 1304 727 feris
1345 686 1591 739 avibusque
1629 685 1921 739 discerpenda

1085 743 1330 795 projiciunt,
1359 756 1458 784 cum
1483 744 1763 795 nequaquam
1785 742 1920 785 omni-

1085 799 1296 851 potentiae
1310 799 1406 849 Dei,
1424 799 1527 852 quin
1543 812 1595 841 ea
1613 798 1919 841 resuscitando

1084 855 1287 906 vivificet,
1317 855 1533 898 obsistere
1558 856 1739 909 possint.

1142 916 1187 967 [ζ’.
1216 912 1364 954 Sancti
1387 912 1483 962 mei,
1514 913 1587 964 qui
1613 912 1657 953 in
1685 924 1816 954 carne
1843 913 1920 965 pe-

1086 968 1172 1018 siti,
1207 970 1430 1011 certamen
1454 968 1684 1011 habuistis:
1710 974 1731 997 *
1756 968 1920 1010 Merce-

1087 1024 1189 1066 dem
1233 1024 1397 1067 laberis
1435 1038 1517 1076 ego
1562 1025 1747 1067 reddam
1782 1024 1922 1067 vobis.

1086 1080 1135 1130 V.
1173 1082 1334 1123 Venite
1372 1081 1596 1124 benedicti
1636 1082 1780 1124 Patris
1822 1081 1921 1131 mei,

1087 1139 1303 1191 percipite
1317 1150 1510 1189 regnum.
1535 1138 1787 1180 Mercedem
1801 1137 1921 1179 labe-

1086 1195 1158 1236 ris.
1172 1195 1327 1236 Glaria
1337 1194 1468 1236 Patri.
1480 1194 1732 1237 Mercedem
1745 1193 1922 1236 laberis.

1393 1254 1544 1295 Lectio
1564 1254 1617 1294 ix.

1176 1319 1234 1349 uo
1255 1313 1402 1350 autem
1421 1313 1522 1350 sunt
1540 1310 1703 1359 genera
1717 1319 1920 1361 persecu-

1199 1366 1362 1406 terum:
1405 1378 1539 1406 unum
1567 1364 1714 1418 palam
1741 1364 1921 1406 saevien-

1086 1421 1214 1470 tium,
1256 1421 1443 1462 alterum
1470 1421 1573 1463 ficte
1605 1420 1921 1463 fraudulenter-

1088 1490 1173 1529 que
1197 1477 1524 1520 blandientium.
1569 1477 1734 1520 Contra
1758 1479 1922 1519 utrum-

1088 1546 1173 1586 que
1209 1547 1291 1576 nos
1322 1536 1492 1576 munire
1526 1539 1659 1587 atque
1693 1534 1922 1576 instituere

1086 1590 1239 1632 volens
1258 1590 1472 1641 Salvator,
1491 1596 1534 1633 et
1553 1603 1688 1644 supra
1709 1590 1764 1632 ab
1783 1589 1922 1643 hype-

1086 1647 1188 1688 crisi
1225 1646 1546 1700 pharisaeerum
1587 1646 1836 1696 attendere,
1878 1650 1922 1688 et

1085 1702 1156 1744 hic
1196 1716 1222 1744 a
1258 1703 1513 1745 carnificum
1550 1703 1673 1745 caede
1717 1702 1922 1756 praecipit

1085 1772 1173 1801 non
1210 1759 1384 1802 timere:
1431 1760 1533 1812 quia
1570 1759 1776 1802 videlicet
1817 1763 1922 1812 post

1084 1821 1274 1858 mortem
1292 1829 1374 1858 nec
1393 1816 1552 1858 horum
1571 1816 1819 1866 crudelitas,
1839 1828 1922 1857 nec

1084 1872 1260 1914 illerum
1296 1872 1443 1915 valeat
1487 1873 1708 1915 simulatio
1749 1872 1920 1914 durare.

1083 1929 1242 1971 Nonne
1276 1929 1469 1982 quinque
1497 1931 1702 1983 passeres
1730 1931 1921 1971 veneunt

1086 1985 1323 2038 dipendio?
1360 1986 1406 2028 Si
1433 1986 1738 2035 minutissima,
1767 1984 1919 2038 inquit,

1085 2042 1298 2092 animalia,
1319 2048 1363 2084 et
1380 2055 1479 2095 quae
1501 2042 1698 2095 quelibet
1716 2054 1798 2095 per
1817 2043 1920 2082 aera

1085 2099 1284 2141 feruntur
1312 2098 1523 2150 volatilia,
1563 2099 1685 2140 Deus
1719 2097 1919 2140 oblivisci

1084 2168 1173 2197 non
1196 2160 1364 2208 potest3
1396 2168 1478 2198 vos
1504 2155 1579 2208 qui
1602 2154 1660 2197 ad
1684 2154 1920 2205 imaginem

1085 2212 1187 2254 facti
1215 2212 1321 2254 estis
1349 2211 1587 2262 Creatoris,
1627 2224 1716 2253 non
1747 2210 1919 2253 debetis

1084 2268 1240 2310 terreri
1260 2267 1315 2309 ab
1332 2267 1411 2318 his,
1430 2268 1505 2320 qui
1519 2267 1727 2310 occidunt
1742 2280 1920 2320 corpus:

1086 2325 1188 2377 quia
1232 2324 1307 2377 qui
1351 2324 1666 2366 irrationabilia
1715 2323 1921 2365 animalia

1084 2380 1316 2432 gubernat,
1352 2380 1629 2423 rationabilia
1653 2382 1807 2422 curare
1831 2392 1920 2421 non

1086 2437 1256 2479 desinit.

1135 2497 1200 2535 Te
1219 2493 1363 2535 Deum
1385 2492 1625 2535 laudamus.
1654 2495 1713 2535 14.
