2040 2990
600 205 804 240 Dominica
829 205 927 239 infra
950 204 1137 239 Octavam
1161 205 1396 240 Nativitatis.

146 298 389 351 loquendo,
427 298 507 340 sed
533 298 762 340 moriendo
789 298 978 340 confessi

148 359 262 397 sunt:
278 355 425 396 emnia
437 355 482 396 in
495 355 624 397 nobis
639 355 848 396 vitiorum
862 353 977 395 mala

146 411 377 461 mortifica;
397 416 445 452 ut
461 411 594 453 fidem
608 416 739 461 tuam,
757 424 887 464 quam
899 410 976 451 lin-

147 480 233 518 gua
259 473 411 509 nostra
437 468 648 520 loquitur,
685 468 816 509 etiam
848 467 975 508 mori-

147 524 230 565 bus
248 524 339 565 vita
358 524 556 566 fateatur.
583 525 669 566 Per
686 524 934 565 Deminum.

196 583 238 619 Si
268 582 426 618 Festum
457 581 492 616 S.
523 581 684 616 Thomae
717 592 795 616 non
825 583 974 618 venerit

146 634 185 668 in
209 631 428 674 Dominica,
462 629 568 665 offic.
600 630 710 665 Dom.
741 631 782 665 fit
814 631 875 665 die
907 632 973 665 im-

145 682 311 716 mediate
338 691 443 724 sequ.
471 679 629 714 Festum
653 679 794 722 ipsius,
819 679 895 713 nisi
920 680 973 714 fu-

146 730 217 765 erit
241 730 467 765 Sabbatum:
499 728 590 772 quia
613 732 703 762 tunc
729 727 774 761 de
800 727 909 762 Dom.
934 729 974 762 fit

145 782 295 814 tantum
326 787 522 812 commem.
554 777 593 810 in
625 776 686 810 die
717 776 752 810 S.
780 775 973 813 Silvestri:

146 832 182 862 et
212 827 251 861 in
275 826 447 861 Sabbato
479 826 520 860 fit
549 825 726 859 Officium
755 824 802 858 de
827 824 973 859 Octava

145 875 382 917 Nativitatis,
407 879 448 909 ut
472 874 632 908 inferius
655 873 823 916 ponitur.
847 875 925 910 218.

506 952 517 963 .
536 944 580 972 «ζ,
604 952 767 964 Ab*

423 1013 699 1063 Dominiea

249 1083 358 1124 infra
379 1083 591 1124 Octavam
610 1081 872 1123 Nativitatis.

197 1162 242 1196 In
265 1161 311 1195 Π.
334 1161 521 1204 Vesperis
551 1160 586 1194 S.
611 1160 787 1201 Thomae,
819 1159 974 1203 quando

146 1221 224 1246 non
246 1210 396 1244 venerit
428 1209 466 1243 in
490 1209 641 1243 Domin.
667 1209 754 1242 Ant.
781 1212 817 1242 et
841 1208 901 1242 Ps.
928 1208 974 1242 de

146 1259 369 1294 Nativitate.
394 1257 476 1292 190.

253 1319 514 1372 Capitulum.
725 1318 819 1358 Gal.
835 1319 871 1357 4.

146 1377 379 1483 Fratres:
407 1380 582 1430 Quanto
608 1381 810 1432 tempore
834 1379 976 1421 haeres

234 1436 443 1490 parvulus
464 1440 542 1486 est,
560 1435 668 1477 nihil
687 1435 832 1478 differt
852 1449 877 1478 a
891 1448 975 1477 ser-

147 1506 220 1544 vo,
246 1505 346 1535 cum
364 1493 421 1534 sit
441 1492 645 1534 deminus
665 1493 872 1534 emnium:
898 1492 975 1534 sed

148 1549 229 1592 sub
253 1549 473 1592 tutoribus
500 1554 544 1591 et
568 1548 792 1591 actoribus
818 1554 885 1591 est
907 1562 975 1590 us-

149 1619 234 1660 que
252 1605 310 1648 ad
327 1606 595 1659 praefinitum
610 1610 785 1658 tempus
801 1619 827 1647 a
840 1609 975 1659 patre.

456 1671 669 1722 Hymnus.

172 1728 322 1836 Jesu
338 1732 615 1786 Redemptor
634 1732 837 1781 emnium,

263 1789 404 1840 Quem
422 1788 531 1830 lucis
550 1793 651 1830 ante
671 1788 883 1840 originem

223 1846 382 1887 Parem
398 1847 596 1898 paternae
617 1845 769 1897 gleriae

223 1902 357 1944 Pater
376 1903 606 1955 supremus
626 1900 772 1943 edidit.

181 1967 246 2008 Tu
263 1967 420 2018 lumen,
441 1972 485 2009 et
503 1966 715 2020 splendor
733 1965 887 2015 Patris,

225 2023 295 2066 Tu
313 2037 415 2078 spes
434 2023 640 2077 perennis
661 2022 865 2072 emnium,

226 2079 410 2123 Intende
431 2093 540 2133 quas
558 2079 745 2121 fundunt
761 2091 917 2132 preces

227 2137 311 2178 Tui
329 2149 409 2190 per
429 2136 582 2179 orbem
601 2135 772 2178 servuli.

177 2204 407 2253 Memento,
426 2215 573 2244 rerum
595 2201 818 2250 Cenditor',

226 2258 381 2301 Nostri
400 2258 520 2312 quod
539 2258 643 2300 olim
662 2258 872 2310 corporis,

229 2316 409 2358 Sacrata
429 2315 484 2357 ab
504 2315 605 2357 alvo
624 2314 820 2365 Virginis

228 2371 475 2422 Nascendo,
494 2371 682 2413 formam
698 2370 949 2424 sumpseris.

178 2437 387 2478 Testatur
405 2437 490 2478 hoc
508 2449 706 2490 praesens
725 2435 830 2485 dies,

231 2493 421 2535 Currens
438 2506 519 2546 per
539 2493 640 2534 anni
659 2491 879 2540 circulum,

233 2549 363 2599 Quod
381 2549 502 2591 solus
522 2562 546 2591 e
566 2549 664 2590 sinu
680 2548 823 2590 Patris

232 2605 385 2647 Mundi
404 2606 522 2647 salus
540 2605 781 2647 adveneris.

180 2671 311 2711 Hunc
331 2675 459 2720 astra,
477 2670 618 2719 tellus,
639 2672 829 2721 aequora,

234 2727 363 2767 Hunc
387 2738 515 2768 omne
541 2725 661 2779 quod
684 2725 798 2767 coelo
821 2723 982 2772 subest,

1107 297 1268 339 Saltitis
1286 297 1527 339 Auctorem
1545 310 1673 339 novae

1106 355 1237 396 Novo
1258 353 1420 396 salutat
1440 354 1622 395 cantico.

1055 422 1114 461 Et
1131 431 1222 469 nos,
1241 418 1372 460 beata
1393 430 1504 470 quos
1523 418 1635 459 sacri

1107 475 1286 526 Rigavit
1303 474 1421 516 unda
1440 474 1676 525 sanguinis3

1107 531 1279 573 Natalis
1300 531 1357 573 ob
1379 530 1494 572 diem
1514 531 1578 572 tui

1107 588 1271 641 Hymni
1289 587 1503 629 tribfitum
1522 587 1741 629 solvimus.

1060 657 1171 704 Jesu,
1190 653 1271 695 tibi
1290 653 1348 694 sit
1366 652 1517 703 gloria,

1109 711 1193 761 Qui
1211 714 1339 751 natus
1362 722 1409 750 es
1428 708 1484 751 de
1503 710 1695 761 Virgine,

1109 768 1218 809 Cum
1235 767 1377 815 Patre,
1397 770 1441 807 et
1460 765 1575 808 almo
1593 767 1765 820 Spiritu,

1107 825 1158 865 In
1178 823 1445 876 sempiterna
1464 823 1635 864 saecula.
1664 824 1815 864 Amen.

1082 881 1132 933 V.
1146 884 1344 927 Verbum
1362 897 1463 926 caro
1484 884 1646 926 factum
1666 888 1743 933 est,
1760 882 1857 924 alle-

1030 942 1126 994 luja.
1150 945 1200 996 R'·
1221 941 1279 982 Et
1296 940 1512 983 habitavit
1529 941 1573 982 in
1590 940 1732 989 nobis,
1749 939 1860 981 allel.

1085 1009 1157 1049 Ad
1181 1010 1355 1060 Magnis.
1391 1011 1492 1050 Ant.
1528 1009 1644 1048 Dum
1666 1004 1859 1046 medium

1031 1063 1252 1105 silentium
1270 1063 1294 1089 *
1313 1065 1512 1105 tenerent
1532 1062 1687 1112 emnia,
1712 1066 1756 1103 et
1773 1074 1861 1103 nox

1030 1120 1074 1161 in
1098 1132 1178 1161 suo
1205 1133 1336 1162 cursu
1357 1119 1551 1161 medium
1578 1119 1661 1160 iter
1682 1119 1860 1171 perage-

1030 1181 1112 1227 ret,
1133 1179 1413 1229 omnipotens
1433 1188 1578 1218 sermo
1598 1180 1699 1217 tuus
1717 1175 1816 1215 Dfie
1835 1187 1860 1215 a

1030 1233 1251 1285 regalibus
1271 1232 1449 1275 sedibus
1468 1232 1601 1282 venit,
1621 1231 1803 1283 aHeluja.

1367 1299 1529 1339 Oratio.

1114 1354 1363 1404 mnipotens
1379 1350 1643 1403 sempiterne
1657 1349 1790 1398 Deus,
1808 1347 1861 1390 di-

1126 1408 1218 1460 rige
1243 1412 1367 1449 actus
1392 1411 1569 1449 nostros
1593 1407 1638 1447 in
1655 1405 1860 1458 benepla-

1030 1465 1119 1507 cito
1139 1469 1232 1506 tuo:
1255 1469 1303 1506 ut
1328 1465 1373 1505 in
1396 1464 1571 1505 nemine
1596 1462 1746 1505 dilecti
1763 1461 1862 1502 Filii

1028 1522 1093 1563 tui
1119 1523 1366 1564 mereamur
1391 1520 1520 1563 bonis
1554 1519 1762 1573 operibus
1789 1517 1859 1559 ab·

1028 1578 1210 1623 undare:
1230 1578 1314 1629 Qui
1331 1582 1479 1619 tecum
1498 1577 1615 1618 vivit.

1082 1651 1232 1686 Deinde
1258 1651 1299 1685 fit
1323 1661 1518 1685 commem.
1544 1650 1578 1685 S.
1604 1650 1774 1684 Thomae.

1083 1705 1183 1744 Ant.
1222 1700 1306 1753 Qui
1334 1699 1429 1742 vult
1456 1702 1605 1741 venire
1636 1702 1741 1752 post
1772 1710 1842 1738 me

1028 1757 1217 1809 abneget
1235 1759 1531 1809 semetipsum,
1552 1759 1595 1797 et
1613 1754 1741 1796 tollat
1760 1766 1853 1795 cru-

1028 1827 1125 1856 cem
1143 1827 1282 1863 snam,
1302 1817 1346 1855 et
1365 1814 1574 1864 sequatur
1592 1823 1672 1853 me.

1084 1865 1134 1918 V.
1182 1871 1333 1911 Justus
1382 1873 1431 1910 ut
1477 1868 1625 1921 palma
1669 1865 1854 1908 florebit.

1031 1929 1083 1980 R.
1115 1927 1236 1968 Sicut
1271 1925 1428 1967 cedrus
1459 1924 1616 1967 Libani
1646 1921 1854 1975 multipli-

1032 1983 1214 2026 cabitur.

1363 2034 1528 2076 Oratio.

1032 2087 1214 2194 DeuS,
1237 2103 1320 2144 pro
1341 2091 1462 2142 cujus
1479 2089 1680 2131 Ecclesia
1701 2087 1859 2140 glorie-

1139 2161 1213 2189 sus
1240 2147 1447 2189 Pentifex
1474 2145 1668 2187 Thomas
1684 2143 1860 2197 gladiis

1033 2204 1270 2257 impiorum
1297 2203 1521 2246 occubuit:
1553 2205 1717 2255 praesta
1745 2201 1859 2252 quae-

1033 2273 1197 2312 sumus3
1222 2265 1272 2302 ut
1290 2273 1461 2310 omnes,
1486 2258 1561 2311 qui
1587 2259 1679 2310 ejus
1706 2255 1859 2309 imple-

1033 2322 1131 2359 rant
1152 2316 1372 2366 auxilium,
1392 2315 1619 2369 petitienis
1639 2326 1730 2355 suae
1749 2311 1859 2353 salu-

1033 2375 1173 2415 tarem
1192 2374 1520 2425 consequantur
1539 2371 1752 2413 eflectum.

1216 2442 1358 2477 Postea
1383 2442 1429 2477 de
1452 2442 1672 2476 Nativitate.

1085 2496 1185 2536 Ant.
1218 2493 1366 2535 Hodie
1395 2492 1594 2534 Christus
1622 2494 1751 2531 natus
1780 2492 1859 2530 est:

1034 2551 1167 2593 hodie
1191 2550 1394 2592 Salvator
1419 2547 1636 2601 apparuit:
1660 2545 1793 2587 hodie
1816 2544 1859 2584 in

1034 2612 1151 2650 terra
1166 2611 1326 2649 canunt
1335 2604 1503 2657 Angeli,
1518 2604 1722 2645 laetantur
1732 2599 1860 2642 Arch-

1035 2663 1192 2716 angeli:
1209 2662 1343 2704 hodie
1359 2661 1579 2703 exsultant
1594 2659 1708 2712 justi,
1724 2656 1860 2698 dicen-

1034 2725 1119 2762 tes:
1145 2719 1298 2762 Gloria
1316 2719 1361 2760 in
1380 2717 1565 2760 excelsis
1584 2716 1696 2765 Deo,
1717 2711 1826 2754 allel.
