2080 2990
600 206 671 240 Dic
695 206 746 239 21.
771 207 855 240 Ι1311.
903 206 937 240 S.
963 206 1126 249 Agnetis
1152 205 1255 247 Virg.
1282 211 1316 239 ct
1343 207 1448 240 Mart.

436 302 515 344 Ad
534 302 730 343 Laudes

378 366 429 397 et
467 372 565 406 per
602 362 798 397 Horas.

224 422 321 463 Ant.
342 424 371 463 1.
409 422 608 472 Ingressa
636 420 784 471 Agnes
811 420 836 446 *
863 421 996 473 turpi-

166 478 331 521 tudinis
369 478 532 524 locum,
569 477 786 527 Angelum
822 477 999 518 Demini

166 537 465 587 praeparatum
482 533 657 575 invenit.

221 595 289 635 Ps.
318 594 530 636 Deminus
548 592 756 643 regnavit.
784 593 843 632 15.

220 655 256 694 2.
292 655 464 695 Mecum
491 653 606 694 enim
631 651 776 693 habeo
803 652 827 677 *
856 654 998 693 custo-

170 709 271 751 dem
290 709 488 762 corporis
506 709 603 758 mei,
622 707 841 758 Angelum
859 708 956 748 Dfii.

222 770 257 810 3.
288 769 461 810 Annulo
487 781 567 809 suo
586 769 609 794 *
629 766 907 808 subarrhavit
930 781 999 808 me

169 826 383 867 Deminus
410 837 534 866 meus
561 824 585 864 J
589 836 688 865 esus
714 822 927 873 Christus,
956 829 999 864 et

169 887 394 934 tamquam
429 892 638 933 sponsam
673 878 900 920 decoravit
930 892 1000 920 me

171 939 345 979 corena.

224 999 260 1037 4.
294 995 514 1038 Benedico
542 1001 586 1037 te
613 996 637 1022 *
664 995 795 1036 Pater
822 995 999 1035 Domini

170 1054 254 1094 mei
279 1052 304 1093 J
306 1065 384 1094 esu
408 1051 582 1101 Christi,
611 1051 713 1102 quia
740 1063 820 1103 per
842 1050 1000 1091 Filium

169 1114 293 1150 tuum
316 1108 427 1158 ignis
454 1110 694 1149 exstinctus
721 1111 788 1148 est
814 1120 839 1147 a
862 1106 1000 1148 latere

170 1177 281 1206 meo.

222 1223 259 1263 5.
290 1223 574 1275 Congaudete
592 1236 775 1274 mecum,
794 1223 818 1249 *
838 1229 881 1265 et
901 1236 1001 1264 con-

172 1280 456 1331 gratulamini,
478 1280 580 1331 quia
599 1293 698 1321 cum
715 1279 782 1320 his
801 1279 1001 1321 omnibus

171 1335 340 1378 lucidas
359 1336 488 1378 sedes
507 1336 670 1388 accepi.

276 1403 533 1455 Capitulum.
692 1402 822 1443 Eccli.
838 1403 897 1441 51.

173 1461 464 1569 Confitebor
490 1466 570 1508 tibi
598 1466 785 1506 Demine
813 1466 926 1515 Rex,
959 1470 1002 1506 et

271 1521 535 1564 collaudabo
565 1527 609 1563 te
636 1522 781 1562 Deum
808 1520 1001 1562 Salvato—

172 1590 266 1620 rem
278 1591 435 1620 meum.
455 1577 711 1619 Confitebor
730 1577 894 1618 nemini
911 1582 1003 1618 tuo:

174 1633 380 1686 queniam
411 1633 584 1686 adjutor
617 1638 660 1675 et
691 1635 917 1685 protector
944 1632 1003 1673 fa-

173 1694 269 1731 ctus
305 1703 352 1731 es
388 1690 494 1730 mihi
530 1694 574 1731 et
609 1689 806 1731 liberasti
842 1701 1003 1740 corpus

172 1758 318 1787 meum
337 1759 363 1787 a
381 1744 640 1799 perditiene.

225 1805 437 1857 Hymnus.
473 1807 578 1847 Jesu
605 1807 780 1847 corona.
807 1805 903 1845 434.

225 1866 277 1913 V.
311 1866 484 1908 Diffusa
519 1871 586 1907 est
621 1866 761 1917 gratia
796 1866 840 1906 in
876 1865 1003 1906 labiis

173 1922 272 1965 tuis.
321 1922 372 1974 R.
411 1924 655 1975 Propterea
694 1921 920 1963 benedixit
959 1926 1004 1962 te

173 1978 296 2020 Deus
323 1979 366 2020 in
393 1981 616 2021 aeternum.

227 2038 297 2080 Ad
317 2038 479 2080 Bened.
505 2040 603 2080 Ant.
628 2038 744 2078 Ecce
765 2036 884 2088 quod
903 2049 1002 2078 con-

175 2095 335 2147 cupivi,
367 2095 452 2146 jam
482 2092 628 2135 video:
662 2092 783 2144 quod
815 2092 1004 2144 speravi,

174 2151 259 2203 jam
277 2153 421 2192 teneo:
439 2149 525 2202 ipsi
544 2162 640 2190 sum
654 2149 798 2200 juncta
811 2149 855 2188 in
871 2147 1004 2197 coelis,

177 2218 313 2258 quem
333 2206 379 2246 in
403 2205 531 2248 terris
558 2205 720 2257 pesita,
749 2210 845 2246 tota
873 2203 1003 2245 devo-

174 2262 294 2304 tione
313 2261 456 2303 dilexi.

506 2311 671 2352 Oratio.

259 2376 509 2426 mnipotens
559 2373 824 2424 sempiterne
868 2371 1004 2421 Deus,

280 2429 355 2480 qui
389 2429 561 2469 infirma
596 2427 747 2469 mundi
783 2427 920 2477 eligis,
957 2431 1005 2468 ut

176 2484 306 2526 fortia
325 2497 512 2536 quaeque
533 2483 790 2525 confundas:
811 2482 1005 2524 concede

177 2540 410 2592 propitius3
442 2545 506 2589 ut,
541 2540 614 2591 qui
646 2539 789 2580 beatae
822 2538 1005 2588 Agnetis

177 2595 370 2645 Virginis
394 2600 438 2636 et
457 2595 661 2647 Martyris
683 2601 772 2636 tuae
796 2594 1006 2636 solemnia

178 2651 376 2698 celimus,
415 2651 506 2702 ejus
539 2650 657 2702 apud
688 2656 732 2692 te
764 2649 1005 2702 patrocinia

178 2707 427 2749 sentiamus.
454 2707 538 2748 Per
556 2707 803 2747 Dominum.

1326 302 1393 339 Ad
1413 302 1616 340 Tertiam.
1676 309 1680 313 ”

1107 365 1204 404 Ant.
1235 366 1404 405 Mecum
1423 364 1537 405 enim
1554 364 1707 406 habeo.

1107 434 1365 484 Capitulum.
1387 433 1651 476 Confitebor.
1672 440 1717 474 ut
1738 447 1879 485 supra.

1107 491 1156 541 R.
1178 489 1237 530 br.
1259 489 1415 540 Specie
1433 494 1508 530 tua
1529 490 1551 512 *
1569 491 1625 532 Et
1643 492 1880 544 pulchritu-

1053 543 1154 585 dine
1180 550 1266 586 tua.
1302 545 1458 597 Specie
1485 550 1570 586 tua.
1608 541 1657 591 V.
1686 547 1881 599 Intende,

1052 603 1265 653 prespere
1297 601 1510 653 procede,
1547 608 1590 644 et
1616 616 1765 654 regna.
1816 605 1881 646 Et.

1057 654 1205 698 Gloria
1224 657 1354 698 Patri.
1382 657 1548 709 Specie.

1109 717 1156 767 V.
1195 721 1435 772 Adiuvabit
1472 735 1567 763 eam
1599 723 1720 764 Deus
1759 724 1882 765 vultu

1054 789 1145 818 suo.
1188 778 1237 828 Rp.
1264 777 1386 818 Deus
1414 778 1457 818 in
1484 778 1630 820 medio
1661 780 1768 831 ejus,
1795 792 1882 820 non

1054 832 1412 874 commovebitur.

1332 915 1399 951 Ad
1423 914 1611 953 Sextam.

1108 977 1205 1016 Ant.
1234 975 1408 1017 Annulo
1428 989 1521 1017 suo.

1159 1044 1416 1096 Capitulum.
1576 1044 1704 1084 Eccli.
1721 1045 1778 1082 51.

1055 1104 1311 1210 Liberasti
1335 1123 1403 1151 me
1428 1110 1668 1152 secundum
1691 1113 1882 1154 multitu-

1168 1165 1313 1207 dinem
1348 1167 1663 1209 misericordiae
1698 1170 1883 1210 neminis

1053 1222 1117 1263 tui
1149 1236 1174 1263 a
1206 1222 1492 1273 rugientibus,
1529 1225 1790 1277 praeparatis
1827 1225 1884 1267 ad

1055 1291 1217 1328 escam,
1263 1278 1318 1320 de
1359 1279 1559 1320 manibus
1598 1282 1883 1332 quaerentium

1056 1334 1242 1375 animam
1261 1347 1418 1384 meam,
1446 1340 1489 1376 et
1513 1334 1567 1376 de
1586 1336 1732 1377 multis
1751 1337 1883 1378 tribu-

1054 1390 1289 1432 lationibus
1301 1404 1400 1442 quae
1412 1391 1791 1434 circumdederunt
1803 1405 1884 1433 me.

1108 1459 1157 1508 R.
1191 1457 1251 1497 br.
1298 1455 1536 1507 Adiuvabit
1573 1469 1670 1497 eam
1705 1460 1726 1482 *
1763 1458 1884 1497 Deus

1055 1511 1177 1552 vultu
1194 1524 1285 1552 suo.
1310 1511 1548 1563 Adiuvabit
1565 1524 1672 1553 eam.
1700 1510 1750 1560 V.
1764 1513 1884 1553 Deus

1054 1567 1098 1607 in
1117 1567 1263 1608 medio
1284 1568 1389 1619 ejus,
1415 1581 1503 1608 non
1527 1568 1885 1610 commovebitur.

1055 1623 1187 1664 Deus.
1219 1623 1367 1664 Gloria
1385 1624 1515 1665 Patri.
1543 1623 1792 1676 Adjuvabit.

1108 1684 1159 1735 V.
1186 1687 1329 1739 Elegit
1354 1701 1450 1728 eam
1473 1688 1611 1738 Deus,
1640 1693 1682 1729 et
1706 1687 1884 1740 praeele-

1055 1743 1118 1793 git
1137 1756 1243 1784 eam.
1273 1746 1324 1797 R.
1342 1745 1393 1784 In
1411 1744 1695 1785 tabernaculo
1715 1756 1794 1784 suo
1813 1743 1885 1784 ha-

1056 1798 1197 1840 bitare
1217 1799 1319 1841 facit
1338 1813 1444 1840 eam.

1334 1880 1401 1916 Ad
1425 1881 1608 1917 Nonam.

1111 1943 1209 1982 Ant.
1239 1939 1521 1991 Congaudete
1540 1954 1721 1983 mecum.

1162 2009 1420 2062 Capitulum.
1580 2010 1709 2051 Eccli.
1724 2011 1782 2049 51.

1126 2073 1308 2115 audabit
1334 2086 1475 2125 usque
1504 2072 1560 2114 ad
1585 2079 1772 2115 mortem
1799 2074 1884 2114 ani-

1147 2143 1219 2170 ma
1255 2142 1354 2171 mea
1389 2129 1640 2179 Deminum,
1681 2130 1886 2181 queniam

1058 2186 1172 2227 eruis
1191 2186 1453 2227 sustinentes
1471 2191 1532 2235 te,
1559 2191 1602 2227 et
1624 2185 1784 2226 liberas
1808 2197 1885 2226 eos

1058 2242 1113 2283 de
1140 2255 1270 2282 manu
1298 2242 1525 2295 angustiae,
1553 2242 1739 2283 Demine
1765 2241 1885 2281 Deus

1056 2302 1217 2339 noster.

1111 2361 1161 2400 R.
1196 2359 1256 2400 br.
1300 2361 1445 2411 Elegit
1477 2373 1573 2402 eam
1604 2361 1741 2410 Deus,
1775 2363 1797 2386 *
1828 2359 1885 2400 Et

1057 2417 1283 2470 praeelegit
1303 2430 1409 2458 eam.
1432 2417 1586 2467 Elegit.
1613 2411 1661 2462 V.
1679 2417 1730 2456 In
1743 2416 1883 2457 taber-

1057 2474 1214 2515 naeulo
1239 2486 1319 2514 suo
1342 2472 1540 2514 habitare
1565 2472 1668 2513 facit
1688 2485 1794 2513 eam.
1829 2471 1885 2512 Et

1058 2529 1294 2582 praeelegit.
1324 2529 1474 2570 Gloria
1492 2528 1621 2570 Patri.
1648 2527 1801 2578 Elegit.
1829 2579 1832 2582 Α

1112 2588 1161 2640 V.
1195 2592 1366 2634 Diffusa
1403 2598 1470 2633 est
1505 2592 1644 2642 gratia
1679 2592 1723 2631 in
1758 2590 1883 2631 labiis

1056 2649 1154 2690 tuis.
1215 2649 1265 2700 Rz.
1298 2649 1540 2700 Propterea
1575 2646 1799 2688 benedixit
1838 2649 1883 2686 te

1057 2705 1179 2747 Deus
1205 2705 1250 2745 in
1276 2706 1497 2746 aeternum.
