2040 2990
177 217 244 254 xiv

176 313 285 338 'Fabelln
307 312 453 336 lim-rurum
474 306 679 333 luminiculimn
701 306 734 328 :ib
753 303 844 327 lilibus·
860 299 986 325 Octobris

177 359 239 377 nuni
255 349 429 375 correctionis
442 346 509 374 1582
536 345 664 370 detractis
681 343 755 375 prins
771 342 861 366 ‹lect-tn
879 340 974 364 tiit-hus

350 395 433 418 iit-qne
454 386 486 410 ml
508 391 606 409 unnim!
628 380 695 408 17oe
712 380 811 405 ext-lus.

181 435 973 518 5¹12]ssf]'e''d={l‘lxlg'jfsg‘jc}blA

288 505 289 513 l
524 490 525 494 ¹
704 492 705 506 l

193 491 971 595 {Jelgleffilglflcdibzx'ssfid

350 577 351 586 l
424 561 444 585 Α
466 590 467 593 ¹
665 565 679 583 C
702 572 703 587 1
816 583 817 586 Ἰ
898 560 913 577 e
933 552 935 584 i

227 622 302 650 Usus
324 621 405 653 huius
430 619 535 646 tabellae
559 618 604 644 hic
627 621 680 643 est:
705 616 787 643 Anno
811 610 990 640 correctionis

178 662 244 688 1582
262 663 324 695 post
338 660 404 687 Idus
419 658 546 686 Octobris
565 655 707 689 (detractis
725 654 802 689 prius
821 653 914 679 decem
935 650 990 676 die-

176 701 240 732 bus)
260 699 398 726 tribuatur
414 698 505 725 littera
523 704 551 730 c,
568 695 665 730 primae
683 693 798 724 cellulae,
821 695 847 718 et
865 687 990 723 sequenti

177 746 250 766 anno
269 738 335 765 1583
351 737 442 763 littera
460 734 648 770 b‚·secundae,
670 737 696 760 et
716 739 787 759 anno
806 730 873 757 1584
891 729 991 755 dentur

176 778 276 805 litterae
289 778 311 802 A
329 784 354 810 g,
372 776 460 803 tertiae
474 774 586 806 cellulae,
605 777 631 799 et
645 772 684 798 sic
695 772 824 804 deinceps
838 768 898 796 aliis
913 766 991 794 annis

178 817 274 843 ordine
289 815 350 842 aliae
363 814 467 841 cellulae
482 813 646 843 tribuantur,
664 810 752 837 donec
765 810 800 836 ad
814 814 915 835 annum
930 813 991 840 pro-

178 855 298 890 positum
317 857 478 888 perventum
499 852 542 885 sit,
560 849 701 878 redeundo
720 849 755 876 ad
770 846 934 882 principium
954 849 991 871 ta-

150 911 160 922 s
178 894 265 926 bellae,
283 893 508 927 quotiescumque
526 898 586 917 eam
606 887 786 924 percurreris:
810 893 873 913 nam
896 883 992 911 cellula

179 933 207 960 in
231 940 312 966 quarn
337 939 424 958 annus
442 930 600 964 propositus
622 928 708 959 cadit,
731 925 880 953 dummodo
904 923 993 949 minor

179 972 215 999 sit
236 979 319 1005 quam
343 978 430 997 annus
451 970 528 1001 1700,
552 968 628 994 dabit
652 967 770 993 litteram
794 962 993 991 Dominiealem

179 1009 313 1045 propositi
333 1009 404 1035 anni.
436 1008 504 1041 Quae
522 1007 546 1034 si
564 1007 644 1033 unica
663 1004 820 1037 occurrerit,
839 1010 926 1029 annus
941 1001 993 1027 erit

179 1048 344 1079 communis;
363 1048 386 1074 si
401 1054 467 1073 vero
481 1046 590 1080 duplex,
609 1044 774 1072 Bissextilis:
792 1047 819 1069 et
837 1046 902 1068 tunc
915 1047 994 1074 supc-

180 1088 237 1115 rior
254 1087 343 1114 littera
358 1085 531 1113 Dominicam
549 1085 621 1111 diem
636 1083 760 1110 ostendet
780 1082 806 1107 in
826 1079 994 1108 Kalendario

180 1135 196 1153 a
220 1125 354 1161 principio
379 1125 443 1152 anni
468 1132 555 1158 usque
579 1124 614 1150 ad
638 1123 748 1149 Festum
773 1120 859 1147 sancti
883 1118 994 1146 Mathiae

180 1165 320 1200 Apostoli:
348 1164 462 1191 inferior
489 1166 579 1197 autem
607 1162 642 1189 ab
667 1162 718 1187 hoc
742 1161 824 1187 Festo
848 1166 935 1192 usque
959 1157 995 1183 ad

182 1205 263 1231 finem
282 1203 354 1230 anni.

234 1255 357 1290 Exempli
375 1254 476 1288 gratia:
493 1253 534 1281 Sit
552 1252 716 1279 invenienda
734 1251 824 1278 littera
840 1249 995 1277 Dominica-

181 1296 215 1322 lis
233 1302 305 1322 anno
325 1294 397 1321 1587.
430 1294 550 1320 Numera
568 1293 603 1318 ab
621 1299 693 1318 anno
713 1291 787 1322 1582,
805 1297 887 1323 quem
906 1288 996 1315 tribue

183 1334 280 1369 primae
297 1333 395 1359 litterae
414 1340 440 1365 c,
463 1339 550 1365 usque
573 1331 608 1357 ad
627 1337 729 1357 annum
749 1329 826 1361 1587,
851 1327 996 1354 tribuendo

182 1372 295 1406 singulis
314 1371 416 1397 cellulis
429 1370 550 1404 singulos
564 1378 650 1396 annos
666 1367 862 1402 (computando
875 1366 997 1400 geminas

182 1412 286 1438 litteras
304 1417 504 1444 quascumque,
522 1409 692 1443 superiorem
711 1410 737 1433 et
756 1406 928 1438 inferiorern,
946 1412 996 1439 pro

183 1458 237 1476 una
251 1449 366 1481 cellula),
383 1448 518 1482 cadetque
531 1455 620 1474 annus
634 1446 700 1473 1587
714 1446 742 1472 in
756 1446 875 1472 litteram
889 1444 916 1477 d,
934 1452 997 1478 quae

183 1492 291 1515 sextum
309 1488 397 1514 locum
416 1487 444 1514 in
463 1487 561 1513 tabella
580 1489 703 1520 occupat.
739 1485 788 1511 Est
805 1492 870 1517 ergo
888 1487 946 1510 toto
965 1491 997 1509 eo

185 1535 257 1554 anno
274 1527 365 1553 littera
379 1526 558 1552 Dominicalis
576 1525 602 1559 d,
621 1531 764 1557 annusque
781 1523 934 1550 communis
948 1525 998 1555 est,

183 1574 246 1594 eum
270 1566 360 1592 litters
384 1565 500 1599 simplex
523 1567 657 1591 occurrat.
698 1563 806 1589 Rursus
831 1562 866 1588 sit
889 1561 998 1588 investi-

185 1605 273 1639 ganda
295 1604 386 1631 littera
408 1603 586 1631 Dominicalis
610 1610 682 1629 anno
707 1602 781 1628 1616.
820 1602 941 1629 Numera
964 1600 999 1626 ab

185 1652 257 1671 anno
278 1643 356 1676 1582,
379 1646 410 1669 ut
428 1642 530 1669 dictum
554 1646 607 1674 est,
631 1649 719 1675 usque
743 1641 779 1667 ad
803 1648 905 1667 annum
925 1640 999 1671 1616,

186 1681 326 1709 redeundo
345 1682 379 1708 ad
393 1681 557 1716 principium
571 1681 687 1713 tabellae,
704 1684 852 1714 postquam
866 1687 925 1706 eam
940 1686 1000 1712 per-

185 1721 317 1754 curreris,
340 1721 538 1755 perveniesque
562 1720 597 1746 ad
622 1720 691 1746 duas
713 1719 795 1746 hasce
817 1719 922 1745 litteras
940 1725 955 1743 c
973 1718 1000 1751 b,

186 1759 302 1794 septimo
326 1759 386 1786 loco
409 1759 521 1793 positas.
558 1759 607 1785 Est
631 1766 696 1792 ergo
719 1766 807 1785 annus
830 1758 874 1784 ille
893 1757 1000 1783 Bissex-

188 1798 250 1831 tilis,
267 1806 328 1825 eum
343 1798 445 1833 duplex
458 1798 548 1825 littera
563 1802 697 1831 occurrat,
717 1797 898 1831 superiorque
910 1796 1001 1822 littera

186 1846 202 1864 c
220 1837 391 1864 Dominicam
411 1837 483 1864 diem
502 1837 633 1865 indicabit
655 1845 671 1863 a
694 1836 829 1871 principio
847 1835 910 1862 anni
929 1834 1001 1861 illius

188 1884 274 1911 usque
298 1877 332 1903 ad
350 1877 461 1903 Festum
479 1875 506 1903 S.
524 1877 647 1909 Mathiae,
669 1875 784 1902 inferior
807 1878 899 1901 autem
923 1874 950 1907 b,
973 1874 1001 1899 in

188 1915 293 1950 reliqua
311 1918 390 1949 parte
407 1916 478 1942 anni.

191 1998 250 2023 Alia
268 1998 377 2023 'lunxe-lla
399 1997 547 2023 litterarum
566 1996 774 2021 imminit-alium
795 1998 828 2022 ab
848 2005 919 2022 unm)
936 1994 1003 2021 1833

266 2038 402 2062 iritlusiw,
422 2045 506 2068 usque
527 2037 558 2061 nd
581 2044 678 2061 nonum
700 2034 766 2061 1900
784 2036 927 2061 exclusive.

191 2090 295 2163 ”f'i‘
315 2090 403 2163 ‘dlii
422 2089 558 2163 1ῖὶῑῖ
570 2088 661 2162 sifi?
682 2089 709 2122 ‘⁰'
719 2089 781 2163 151
799 2089 818 2123 ‘l
838 2123 841 2157 Ι;
861 2103 878 2155 ¹}
897 2095 899 2160 l
919 2102 935 2121 ⁶
951 2089 989 2149 ¹5⁶

209 2175 284 2201 elb
327 2173 463 2207 glf³e
507 2174 584 2200 dib

246 2202 307 2235 *A*
364 2194 367 2241 !.
425 2213 427 2240 l
482 2175 545 2241 lei

623 2175 722 2213 ΑΙΒ,7

833 2250 843 2263 C

245 2270 319 2297 Usus
341 2272 430 2295 autem
455 2268 536 2301 huius
560 2268 666 2295 tabellae
688 2268 732 2294 hic
754 2272 802 2294 est.
838 2267 921 2294 Anno
940 2269 1006 2295 1833

195 2308 333 2335 tribuatur
355 2308 445 2334 littera
463 2307 476 2334 f
491 2307 587 2342 primae
605 2307 722 2339 cellulae,
746 2310 773 2333 et
791 2307 916 2341 sequenti
935 2315 1006 2334 anno

196 2346 261 2374 1834
279 2347 369 2373 litters
387 2354 415 2378 e,
437 2350 463 2373 et
485 2346 524 2372 sie
541 2346 669 2380 deinceps
691 2345 789 2372 ceteris
813 2345 892 2372 annis
910 2346 1007 2372 ordine

195 2385 256 2412 eliae
270 2385 373 2412 cellulae
387 2385 551 2413 tribuantur.
569 2386 656 2411 donec
669 2385 704 2411 ad
719 2392 821 2411 annum
835 2385 1006 2418 propositum

195 2427 358 2459 perventum
375 2424 419 2457 sit,
438 2424 578 2451 redeundo
593 2424 627 2450 ad
641 2424 805 2458 principium
821 2423 928 2449 tabellae
942 2432 1007 2458 quo-

197 2463 366 2496 tiescumque
387 2470 447 2489 eam
466 2463 647 2497 pereurrerisg
670 2470 733 2489 nam
756 2462 851 2489 cellula
875 2462 902 2488 in
925 2470 1007 2496 quam

197 2509 285 2528 annus
303 2501 461 2535 propositus
479 2502 559 2534 cadit,
577 2502 653 2528 dabit
671 2502 790 2528 litteram
810 2501 1007 2528 Dominiealem

197 2539 331 2575 propositi
351 2540 427 2567 anni:
446 2548 507 2574 quae
527 2541 549 2567 si
568 2541 647 2567 unica
667 2541 829 2572 occurrerit,
851 2548 939 2567 annus
958 2541 1009 2567 erit

198 2579 363 2605 communis:
381 2579 403 2605 si
418 2586 484 2605 vero
498 2579 608 2613 duplex,
625 2579 790 2606 Bissextilis:
809 2583 835 2605 et
854 2583 918 2606 tunc
931 2587 1009 2613 supc-

199 2617 256 2644 rior
273 2617 362 2643 littera
382 2618 579 2645 Dominicalem
599 2618 670 2644 diem
690 2618 815 2644 ostendet
833 2618 860 2644 in
876 2618 1010 2645 Kalenda-

200 2656 241 2683 rio
265 2664 279 2682 a
305 2655 439 2690 principio
462 2657 524 2683 anni
550 2665 637 2690 usque
661 2657 694 2683 ad
723 2657 830 2683 Festum
855 2656 882 2683 S.
901 2657 1010 2683 Mathia:

201 2694 339 2759 igpostoli,
358 2694 480 2738 'inferior
506 2700 596 2722 autem
625 2696 660 2721 ab
684 2696 735 2722 hoc
760 2696 840 2722 Festo
866 2704 952 2729 usque
977 2697 1010 2722 ad

220 2741 282 2759 nem
301 2741 372 2759 anni.

739 202 791 235 lh.¹
818 209 917 234 anno
942 204 977 231 et
1002 197 1081 235 cius
1106 194 1287 238 partibus.

1320 291 1365 320 lle
1392 287 1580 319 indictione.

1068 354 1172 381 ndictio
1191 357 1232 380 est
1250 350 1386 379 revolutio
1406 346 1438 377 15
1456 357 1606 382 annorum,
1628 348 1663 374 ab
1683 347 1805 380 Iusque
1823 346 1859 373 ad

1083 394 1127 427 15,
1151 401 1204 427 qua
1228 390 1399 418 revolutione
1421 392 1546 424 peracta,
1570 387 1670 414 iterum
1693 385 1802 412 reditur
1824 385 1861 412 ad

1040 434 1180 465 unitatem,
1194 431 1357 464 initiumque
1369 428 1452 455 sumit
1462 428 1578 462 quilibet
1592 434 1682 453 annus
1695 424 1777 458 hujus
1791 423 1861 459 cycli

1040 482 1054 500 a
1074 471 1208 500 Januario
1232 470 1259 496 in
1279 469 1366 496 Bullis
1384 466 1545 494 Pontificiis.
1582 466 1617 492 Et
1635 464 1769 499 quoniam
1788 462 1861 490 Indi-

1040 512 1160 539 ctionum
1180 509 1310 543 frequens
1329 516 1395 534 usus
1413 510 1455 533 est
1477 506 1505 532 in
1524 504 1731 539 Diplomatibus
1749 506 1777 529 et
1790 501 1862 530 Scri-

1040 550 1129 585 ptusis
1147 548 1276 583 publicis,
1302 547 1381 574 facile
1400 553 1502 573 annum
1522 543 1685 571 Indictionis
1703 545 1861 569 currentem

1041 589 1163 624 quolibet
1182 596 1254 614 anno
1274 586 1416 621 proposito
1435 584 1607 611 inveniemus
1625 590 1660 609 ex
1677 580 1806 616 sequenti
1823 583 1862 607 ta-

1042 629 1120 661 bella,
1137 628 1214 661 eujus
1229 634 1295 653 usus
1309 628 1460 660 perpetuus
1473 626 1528 656 est;
1548 622 1656 649 initium
1671 625 1764 648 tamen
1777 619 1863 647 sumit

1042 669 1077 694 ab
1095 675 1168 694 anno
1186 664 1364 693 correctionis
1385 664 1458 691 1582.

1090 726 1199 751 'tabella
1223 723 1381 750 Indictionis
1401 722 1435 747 ab
1455 728 1527 746 anno
1547 712 1820 745 correctionis-‘1582

1058 774 1096 799 10.
1167 773 1206 799 11.
1273 762 1442 797 12‘13j‘
1535 760 1739 793 ””14.“”’15.
1816 758 1856 790 1Ῐ

1066 808 1090 835 2.
1173 808 1196 833 3.
1280 806 1304 831 4.
1386 804 1410 829 5.
1493 803 1517 828 ις.
1601 802 1624 828 7.
1707 800 1732 827 8.
1815 800 1840 825 9.

1095 857 1165 883 Nam
1193 855 1215 880 si
1240 862 1312 881 anno
1338 852 1405 879 1582
1429 851 1535 877 tribuas
1559 849 1681 883 primum
1708 854 1865 877 numerum,

1044 896 1091 930 qui
1110 899 1151 921 est
1172 895 1211 924 10,
1233 896 1260 919 et
1278 890 1403 926 sequenti
1422 898 1495 917 anno
1514 890 1580 915 1583
1599 887 1753 915 secundum
1770 894 1865 913 nume·

1044 943 1118 965 rum,
1142 933 1189 967 qui
1212 936 1253 958 est
1273 932 1316 964 11,
1339 934 1366 956 et
1389 930 1428 956 sic
1447 929 1576 963 deinceps
1594 934 1683 961 usque
1707 926 1744 953 ad
1762 932 1865 953 annum

1044 973 1230 1008 propositum,
1254 970 1395 997 redeundo
1415 969 1449 995 ad
1468 968 1635 1003 principium
1653 966 1776 998 tabellae,
1799 972 1867 999 quo-

1045 1014 1214 1045 tiescumque
1233 1018 1292 1037 eam
1308 1009 1487 1044 percurreris
1505 1007 1584 1034 cadet
1603 1014 1693 1033 annus
1706 1003 1868 1040 propositus
1887 1016 1891 1019 ⁴

1045 1052 1073 1078 in
1092 1051 1272 1078 Indictionem
1292 1057 1354 1083 quae
1374 1047 1517 1082 quaeritur.

1261 1109 1308 1138 l)e
1334 1108 1439 1138 Festis
1464 1104 1653 1136 Mobilibus

1050 1170 1203 1238 Quoniam
1223 1180 1256 1198 ex
1275 1172 1387 1198 decreto
1405 1170 1477 1196 sacri
1495 1168 1611 1195 Concilii
1629 1167 1737 1195 Nicaeni
1751 1165 1870 1197 Pascha,

1102 1221 1136 1239 ex
1146 1220 1201 1245 quo
1211 1211 1317 1244 reliqua
1327 1210 1408 1236 Festa
1419 1208 1530 1235 mobilia
1541 1208 1670 1242 pendent,
1679 1204 1815 1233 celebrari
1824 1204 1870 1231 de-

1047 1254 1093 1279 bet
1103 1252 1147 1278 die
1158 1249 1303 1277 Dominico
1313 1249 1361 1283 qui
1371 1248 1496 1283 proxime
1506 1246 1629 1273 succedit
1638 1246 1694 1272 xiv.
1702 1245 1778 1271 lunae
1786 1242 1871 1279 primi

1049 1290 1150 1318 mensis
1169 1290 1204 1322 (is
1223 1296 1289 1315 vero
1308 1288 1382 1322 apud
1397 1288 1532 1314 Hebraeos
1546 1289 1663 1312 vocatur
1674 1284 1782 1319 primus
1796 1290 1871 1310 meu-

1048 1330 1094 1364 sis,
1113 1330 1190 1363 cujus
1208 1328 1263 1355 xiv.
1281 1328 1363 1354 Luna
1381 1326 1425 1353 vel
1443 1326 1517 1353 cadit
1537 1326 1565 1352 in
1584 1325 1658 1351 diem
1677 1322 1756 1351 verni
1774 1321 1871 1356 AEqui-

1048 1369 1140 1402 noctii‚
1159 1368 1234 1402 quod
1251 1367 1296 1393 die
1316 1367 1348 1392 21
1363 1365 1466 1393 mensis
1479 1364 1572 1391 Martii
1586 1363 1728 1398 contingit,
1745 1361 1790 1389 vel
1808 1368 1872 1396 pro-

1049 1409 1111 1443 pius
1130 1408 1219 1442 ipsum
1234 1406 1380 1440 sequitur),
1398 1405 1527 1438 efficitur,
1546 1407 1576 1431 ut
1595 1404 1618 1430 si
1630 1404 1737 1437 Epacta
1749 1399 1872 1435 cujusvis

1049 1448 1113 1475 anni
1132 1446 1297 1479 inveniatur,
1315 1449 1342 1471 et
1360 1445 1395 1471 ab
1414 1452 1446 1471 ea
1464 1444 1493 1470 in
1505 1442 1676 1470 Kalendario
1690 1444 1787 1468 notata
1800 1440 1874 1467 inter

1049 1486 1122 1514 diem
1141 1490 1269 1513 octavum
1288 1484 1380 1511 Martii
1399 1483 1546 1515 inclusive,
1570 1486 1598 1509 et
1620 1482 1748 1516 quintum
1766 1477 1874 1513 Aprilis

1050 1526 1181 1553 inclusive
1206 1525 1297 1558 (hujus
1320 1524 1393 1550 enim
1408 1524 1526 1557 ,Epactae
1549 1522 1603 1549 xiv.
1628 1522 1709 1548 Luna
1732 1518 1808 1547 cadit
1829 1516 1874 1544 vel

1050 1566 1077 1592 in
1092 1565 1165 1591 diem
1180 1563 1350 1597 [Equinoctii
1365 1562 1451 1595 verni,
1470 1562 1498 1588 id
1517 1565 1566 1595 est,
1586 1561 1615 1588 in
1629 1561 1704 1587 diem
1717 1559 1759 1586 21.
1772 1556 1874 1591 Martii,

1051 1604 1094 1631 vel
1121 1611 1183 1630 eum
1210 1602 1325 1637 propius
1352 1601 1503 1636 sequitur),
1530 1602 1714 1627 numerentur
1739 1596 1874 1625 inclusive

1051 1644 1181 1671 deorsum
1201 1650 1298 1668 versus
1322 1641 1380 1667 dies
1399 1640 1623 1674 quatuordecim,
1645 1637 1792 1674 proximus
1813 1636 1875 1663 dies

1052 1682 1214 1710 Dominicus
1233 1681 1305 1708 diem
1323 1681 1397 1707 hunc
1410 1680 1465 1706 xiv.
1486 1687 1605 1713 sequens
1625 1680 1671 1710 (ne
1688 1685 1752 1705 cum
1766 1674 1875 1704 Judaeis

1051 1722 1262 1754 conveniamus,
1286 1720 1309 1746 si
1334 1720 1406 1746 forte
1431 1719 1489 1745 dies
1513 1718 1569 1745 xiv.
1593 1718 1683 1745 Lunae
1707 1716 1821 1743 caderet
1845 1713 1892 1741 in'

1052 1761 1124 1787 diem
1143 1759 1331 1788 Dominicum)
1351 1758 1386 1785 sit
1405 1758 1464 1784 dies
1483 1758 1606 1784 Paschae.

1104 1799 1280 1833 Exemplum:
1298 1798 1381 1825 Anno
1402 1798 1476 1829 1605,
1495 1797 1600 1831 Epacta
1618 1798 1660 1823 est
1678 1804 1714 1828 x.,
1737 1798 1766 1821 et
1781 1794 1875 1821 littera

1052 1838 1231 1866 Dominicalis
1250 1839 1276 1865 b.
1312 1838 1347 1864 Et
1365 1836 1496 1871 quoniam
1519 1836 1676 1863 invenimus
1694 1835 1830 1869 Epactam
1847 1840 1874 1859 x.

1052 1879 1125 1905 inter
1142 1878 1214 1904 diem
1233 1878 1256 1904 8.
1276 1876 1367 1903 Martii
1390 1880 1417 1902 et
1435 1877 1458 1903 5.
1479 1875 1584 1910 Aprilis
1602 1874 1736 1902 inclusive
1754 1872 1875 1908 positam

1053 1925 1113 1944 esse
1129 1926 1143 1943 e
1156 1917 1267 1950 regione
1281 1915 1335 1943 diei
1345 1916 1386 1942 21.
1396 1914 1496 1947 Martii,
1510 1923 1525 1941 a
1540 1922 1596 1948 quo
1610 1913 1745 1941 inclusive
1758 1912 1783 1939 si
1796 1912 1876 1939 deor-

1053 1965 1114 1983 sum
1139 1964 1236 1983 versus
1260 1958 1441 1982 numerentur
1465 1954 1497 1980 14
1521 1953 1595 1987 dies,
1622 1952 1796 1980 inveniemus
1818 1950 1875 1977 xiv.

1054 1996 1161 2023 Lunam
1187 1995 1232 2022 die
1249 1995 1273 2021 3.
1292 1994 1409 2028 Aprilis,
1434 2001 1497 2027 quae
1521 1997 1563 2020 est
1587 1992 1747 2020 Dominica.
1771 1997 1837 2019 cum
1861 1998 1876 2017 e

1054 2035 1165 2069 regione
1188 2034 1261 2061 illius
1284 2034 1319 2060 sit
1341 2033 1433 2059 littera
1458 2032 1639 2059 Dominicalis
1664 2032 1690 2059 b.
1725 2031 1769 2059 Ne
1793 2030 1878 2064 igitur

1054 2083 1117 2102 cum
1135 2073 1243 2101 Judaeis
1261 2072 1466 2106 conveniamus,
1484 2072 1532 2105 qui
1546 2072 1654 2099 Pascha
1672 2071 1814 2098 celebrant
1831 2068 1877 2096 die

1055 2114 1110 2141 xiv.
1128 2113 1225 2146 Lunae,
1243 2112 1377 2138 sumenda
1395 2115 1437 2137 est
1455 2111 1547 2137 littera
1565 2110 1747 2137 Dominicalis
1764 2110 1796 2143 b,
1813 2116 1877 2143 quae

1055 2153 1181 2187 sequitur
1199 2152 1253 2179 xiv.
1274 2151 1391 2183 Lunam,
1409 2158 1508 2184 nempe
1526 2158 1558 2176 ea
1577 2158 1640 2184 quae
1659 2158 1675 2176 e
1692 2149 1805 2184 regione
1822 2147 1877 2174 diei

1058 2193 1096 2219 10.
1116 2190 1222 2226 Aprilis
1239 2190 1402 2217 collocatur:
1425 2193 1509 2223 atque
1530 2197 1563 2215 eo
1587 2197 1659 2215 anno
1679 2189 1787 2216 Pascha
1810 2186 1878 2214 eele-

1057 2231 1194 2259 brandum
1213 2230 1265 2257 erit
1284 2229 1328 2256 die
1344 2230 1383 2255 10.
1397 2229 1509 2263 Aprilis.
1542 2229 1611 2255 Item
1627 2236 1700 2255 anno
1716 2227 1791 2261 1604,
1808 2227 1879 2261 Epa—

1056 2274 1101 2297 cta
1119 2274 1161 2296 est
1178 2269 1262 2301 xxix„
1280 2272 1307 2295 et
1324 2268 1425 2302 duplex
1440 2268 1531 2295 littera
1545 2267 1727 2294 Dominicalis
1741 2266 1760 2293 d
1773 2274 1798 2299 c,
1815 2273 1879 2293 cum

1057 2316 1146 2335 annus
1165 2308 1209 2334 ille
1227 2308 1262 2334 sit
1282 2307 1442 2334 Bissextilis.
1479 2306 1506 2333 Si
1526 2307 1609 2341 igitur
1627 2307 1662 2333 ab
1677 2307 1782 2341 Epacta
1795 2305 1879 2336 xxix„

1057 2356 1120 2382 quae
1144 2355 1160 2374 e
1184 2347 1295 2380 regione
1319 2346 1372 2373 diei
1399 2347 1420 2372 1.
1445 2346 1550 2380 Aprilis
1573 2346 1686 2380 ponitur
1711 2346 1784 2372 inter
1805 2344 1879 2371 diem

1058 2387 1081 2413 8.
1096 2386 1188 2413 Martii
1207 2390 1233 2412 et
1252 2386 1275 2412 ἴ).
1291 2385 1395 2419 Aprilis
1409 2385 1550 2415 inclusive,
1569 2389 1750 2411 numerentur
1764 2384 1824 2411 dies
1840 2383 1880 2415 14,

1059 2426 1138 2452 cadet
1156 2425 1211 2451 xiv.
1230 2425 1308 2451 Luna
1328 2424 1355 2450 in
1374 2424 1447 2450 diem
1468 2425 1507 2451 14.
1526 2424 1638 2458 Aprilis.
1676 2424 1711 2451 Et
1729 2423 1796 2457 quia
1813 2426 1881 2449 tunc

1059 2464 1145 2491 currit
1164 2464 1302 2498 posterior
1324 2464 1414 2490 littera
1434 2463 1626 2495 Dominicalis,
1650 2470 1748 2497 nempe
1766 2470 1794 2496 c,
1817 2469 1880 2495 quae

1060 2507 1122 2537 post
1141 2503 1213 2529 diem
1231 2503 1269 2529 14.
1283 2502 1396 2536 Aprilis,
1416 2502 1443 2529 id
1462 2506 1511 2535 est,
1530 2506 1592 2536 post
1607 2502 1660 2529 xiv.
1676 2502 1784 2529 Lunam
1799 2500 1881 2528 collo-

1060 2545 1121 2568 cata
1139 2546 1181 2568 est
1199 2550 1213 2567 e
1232 2541 1342 2574 regione
1365 2541 1419 2567 diei
1441 2542 1479 2567 18.
1499 2541 1616 2575 Aprilis,
1639 2541 1826 2569 celebrabitur
1848 2546 1881 2567 eo

1061 2588 1133 2606 anno
1152 2581 1258 2607 Pascha
1277 2580 1322 2606 die
1342 2581 1380 2606 18.
1399 2580 1512 2614 Aprilis.

1112 2619 1241 2646 Ceterum
1261 2623 1290 2646 ut
1310 2619 1416 2645 facilius
1433 2619 1526 2646 onmia
1543 2620 1623 2646 Festa
1644 2620 1754 2646 mobilia
1778 2617 1882 2645 inveni-

1063 2663 1152 2690 antur,
1166 2658 1326 2691 compositae
1341 2662 1405 2685 sunt
1419 2658 1482 2684 duae
1495 2662 1642 2692 sequentes
1652 2659 1753 2686 tabulae
1764 2657 1882 2685 Pascha>

1063 2697 1116 2728 les,
1140 2705 1194 2723 una
1219 2697 1346 2730 antiqua,
1370 2701 1396 2723 et
1420 2705 1492 2724 nova
1517 2697 1611 2724 altera.
1647 2698 1689 2724 Ex
1708 2697 1823 2731 antiqua
1844 2696 1882 2722 ita

1064 2736 1144 2762 Festa
1163 2735 1272 2762 mobilia
1292 2736 1470 2769 reperientur.
1505 2737 1534 2763 ln
1553 2736 1639 2763 latere
1652 2737 1765 2763 sinistro
1780 2735 1882 2763 tabulae
