2080 2990
796 221 1004 252 (Iommunc
1032 218 1318 261 Apostolorum.

206 330 303 358 eum
332 314 697 367 comprehensum
722 315 876 356 Petrus
905 316 1031 364 nega-

206 373 267 414 vit
285 373 327 413 in
348 377 474 421 terra,
496 384 625 423 quem
646 372 905 424 suspensum
920 370 1031 411 latro

205 429 431 470 confessus
450 433 517 469 est
535 429 579 468 in
599 441 739 469 eruce.
767 427 854 469 Sed
869 428 1031 468 viriste

205 491 338 527 tantae
367 484 627 534 formidinis,
665 484 803 537 qualis
831 489 934 537 post
959 483 1031 524 ad-

206 544 381 583 ventum
418 542 604 594 Spiritus
640 544 840 590 exsistat,
886 539 1032 581 audia-

206 612 312 640 mus.
363 598 433 639 Fit
475 600 714 639 conventus
753 597 1033 647 magistratus

206 660 337 707 atque
358 655 588 704 seniorum,
609 654 733 695 caesis
754 653 1033 695 denuntiatur

207 711 447 764 Apostolis,
465 724 519 752 ne
539 711 582 751 in
602 711 776 751 nomine
791 710 815 751 J
818 722 895 751 esu
912 709 1033 762 loqui

207 767 410 810 debeant:
429 768 585 808 Petrus
600 779 757 817 magna
772 766 1033 807 auctoritate

207 824 463 877 respondet:
506 823 697 865 Obedire
732 825 909 875 oportet
935 823 1033 864 Deo

207 882 345 931 magis
366 894 494 933 quam
513 879 772 921 hominibus.

264 948 307 998 lxffn
339 946 415 987 Isti
441 950 541 987 sunt
564 944 907 997 triumphatores
927 949 970 985 et
993 957 1033 985 a·

207 1003 306 1043 mici
334 1003 432 1052 Dei,
467 1002 539 1054 qui
566 1002 895 1043 contemnentes
919 1002 1034 1052 jussa

208 1060 468 1111 principum,
492 1060 743 1099 meruerunt
770 1058 951 1110 praemia
979 1071 1033 1099 ae-

207 1118 345 1157 terna:
363 1120 382 1140 *
407 1115 541 1156 Modo
563 1116 838 1164 coronantur,
863 1119 907 1156 et
925 1117 1034 1155 acci-

208 1173 331 1225 piunt
351 1172 552 1225 palmam.
585 1168 628 1219 ξ’.
652 1171 737 1212 Isti.
751 1175 850 1212 sunt
871 1172 945 1223 qui
965 1184 1034 1212 ve-

208 1231 364 1270 nerunt
391 1242 446 1270 ex
472 1241 629 1278 magna
658 1227 954 1277 tribulatione,
992 1232 1035 1269 et

208 1286 406 1326 laverunt
443 1285 578 1326 stolas
613 1297 714 1326 suas
751 1284 793 1324 in
827 1285 1035 1334 sanguine

209 1342 333 1393 Agni.
353 1341 487 1383 Modo
503 1343 779 1382 coronantur.
795 1341 947 1383 Gloria
957 1342 1034 1382 Pa·

208 1399 273 1439 tri.
301 1398 435 1439 Modo
454 1400 732 1439 coronantur.

419 1482 466 1520 In
495 1482 564 1520 III.
594 1481 816 1519 Nocturno.

262 1551 296 1590 A
306 1557 360 1589 nt.
375 1549 693 1591 l⁴lxaltabuntur
708 1550 731 1574 *
747 1551 909 1590 cornua
925 1549 1035 1600 justi,

209 1605 389 1658 alleluja.

480 1662 675 1702 Psalmus
705 1662 766 1701 74.

250 1738 306 1742 ἡ
327 1731 606 1774 onfitebimur
629 1730 710 1772 tibi
732 1731 869 1772 Deus:
887 1732 911 1758 *
934 1744 1034 1774 con—

212 1825 223 1844 ..
242 1783 320 1848 ³43¹
352 1788 592 1838 fitebimur,
647 1793 690 1829 et
734 1787 1035 1829 invocabimus

215 1842 309 1871 “>4
351 1858 510 1887 nornen
530 1850 664 1886 tuum.

260 1901 548 1944 Narrabimus
562 1901 779 1942 mirabilia
794 1906 884 1942 tua:
898 1902 921 1927 *
937 1913 1035 1941 cum

209 1961 312 2000 acce
347 1971 422 2000 ero
446 1964 632 2011 tempus,
658 1971 740 2009 ego
766 1957 952 2010 justitias
978 1958 1035 2009 ju-

210 2015 307 2057 dica
342 2028 379 2056 o.

262 2072 518 2123 Liquefacta
546 2076 613 2113 est
639 2076 772 2120 terra,
807 2075 851 2112 et
883 2083 1036 2111 omnes

212 2129 286 2180 qui
318 2128 517 2170 habitant
548 2128 591 2169 in
621 2141 685 2169 ea:
718 2129 742 2155 *
771 2140 853 2179 ego
882 2127 1035 2168 confir-

210 2185 326 2226 mavi
354 2184 580 2226 columnas
610 2186 711 2237 ejus,

263 2242 366 2283 Dixi
377 2241 551 2293 iniquis:
565 2241 716 2283 Nolite
729 2241 876 2292 inique
892 2243 1036 2292 agere:

211 2300 235 2326 *
264 2303 307 2340 et
335 2297 706 2350 delinquentibus:
738 2297 888 2339 Nolite
922 2297 1036 2339 exal-

211 2358 306 2397 tare
334 2367 486 2396 cornu:

263 2411 413 2453 Nolite
438 2411 650 2453 extollere
674 2411 718 2451 in
742 2410 877 2451 altum
902 2423 1037 2452 cornu

212 2473 421 2510 vestrum:
449 2469 473 2494 *
500 2467 637 2508 nolite
672 2467 794 2519 loqui
827 2467 1037 2508 adversus

211 2525 355 2566 Deum
382 2524 667 2576 iniquitatem.

265 2581 377 2631 Quia
409 2593 551 2632 neque
583 2579 638 2621 ab
669 2580 862 2629 Oriente,
895 2592 1038 2631 neque

213 2637 268 2679 ab
308 2636 567 2687 Occidente,
607 2648 750 2688 neque
789 2649 814 2677 a
851 2635 1038 2677 desertis

212 2693 452 2736 montibus:
475 2695 499 2721 *
525 2693 731 2746 queniam
759 2692 880 2734 Deus
908 2692 1038 2745 judex

214 2756 291 2793 est.

1136 313 1266 354 Hunc
1284 311 1495 363 humiliat,
1520 318 1564 355 et
1589 313 1705 355 hunc
1733 314 1911 356 exaltat:

1085 371 1108 397 *
1133 369 1235 421 quia
1259 369 1374 410 calix
1397 369 1441 410 in
1464 382 1595 411 manu
1618 370 1796 412 Domini
1821 371 1910 412 vini

1085 426 1193 468 meri
1220 425 1378 478 plenus
1404 426 1549 467 misto.

1137 483 1194 524 Et
1213 482 1439 524 inclinavit
1464 495 1518 524 ex
1537 483 1622 525 hoc
1644 483 1689 524 in
1713 483 1815 525 hoc:
1842 497 1911 526 ve-

1086 543 1330 581 rumtamen
1364 539 1449 580 faex
1482 540 1573 591 ejus
1605 552 1693 581 non
1726 545 1793 582 est
1826 541 1911 582 exi-

1086 598 1248 638 nanita:
1267 598 1291 622 *
1309 595 1463 638 bibent
1482 608 1634 638 omnes
1653 599 1912 649 peccatores

1086 658 1229 694 terrae.

1138 710 1232 761 Ego
1257 714 1405 750 autem
1424 709 1693 750 annuntiebo
1717 709 1762 750 in
1780 711 1913 751 saecu-

1086 766 1192 807 lum:
1220 768 1243 794 *
1271 766 1460 807 cantabo
1485 766 1582 807 Deo
1611 766 1759 808 Jacob.

1138 823 1195 864 Et
1239 823 1384 863 omnia
1425 824 1590 864 cornua
1630 824 1914 875 peccatorum

1088 879 1373 930 confringam:
1391 881 1415 907 *
1431 884 1474 920 et
1493 878 1802 920 exaltabuntur
1821 881 1914 920 cor-

1087 949 1173 977 nua
1199 936 1310 988 justi.

1141 994 1236 1033 Ant.
1270 992 1590 1034 Exaltabi'intur
1613 994 1777 1033 cornua
1805 992 1916 1044 justi,

1088 1049 1269 1101 alleluja.

1142 1108 1239 1147 Ant.
1272 1106 1363 1146 Lux
1381 1110 1477 1146 orta
1496 1110 1564 1146 est
1583 1106 1606 1130 *
1626 1105 1749 1156 justo,
1769 1104 1915 1146 allelu-

1088 1164 1137 1214 ja,
1166 1162 1296 1204 rectis
1316 1161 1450 1203 corde
1469 1161 1631 1211 laetitia,
1659 1161 1840 1213 alleluja.

1364 1217 1558 1257 l'salmus
1577 1218 1644 1256 96.

1177 1276 1348 1317 ominus
1363 1274 1570 1326 regnavit,
1583 1274 1772 1316 exsultet
1785 1278 1916 1315 terra:

1200 1333 1223 1358 *
1242 1332 1444 1373 laetentur
1463 1331 1616 1372 insulae
1634 1331 1795 1372 multae.

1140 1388 1303 1438 Nubes,
1323 1394 1366 1430 et
1385 1388 1526 1439 caligo
1546 1388 1589 1428 in
1609 1388 1792 1429 circuitu
1812 1387 1916 1438 ejus:

1087 1446 1111 1471 *
1133 1446 1305 1497 justitia,
1334 1450 1378 1487 et
1393 1444 1599 1497 judicium
1618 1444 1832 1486 correctio
1852 1455 1916 1484 se-

1089 1502 1156 1544 dis
1177 1503 1279 1554 ejus.

1140 1559 1258 1610 Ignis
1283 1564 1383 1600 ante
1402 1559 1546 1612 ipsum
1565 1557 1804 1612 praecedet,
1821 1557 1846 1583 *
1872 1561 1917 1598 et

1088 1615 1374 1658 inflammabit
1414 1616 1458 1656 in
1500 1616 1685 1657 circuitu
1716 1615 1916 1655 inimicos

1088 1685 1189 1724 ejus.

1139 1729 1382 1770 Illuxerunt
1404 1728 1575 1778 fulgura
1598 1728 1688 1780 ejus
1713 1726 1810 1768 orbi
1832 1731 1916 1768 ter·

1088 1799 1164 1827 rae:
1183 1786 1206 1812 *
1225 1784 1344 1835 vidit,
1373 1790 1416 1826 et
1435 1787 1656 1826 commota
1676 1788 1743 1826 est
1761 1788 1890 1825 terra.

1138 1843 1332 1891 Montes,
1370 1842 1483 1883 sicut
1511 1854 1612 1883 cera
1644 1841 1864 1882 fluxerunt
1891 1853 1916 1881 a

1088 1899 1199 1941 facie
1218 1899 1411 1940 Domini:
1435 1899 1459 1924 *
1484 1911 1509 1940 a
1532 1898 1643 1940 facie
1668 1897 1848 1938 Domini
1871 1909 1916 1938 o-

1088 1956 1200 1997 mnis
1219 1960 1347 1997 terra.

1090 2017 1110 2031 ’
1140 2012 1521 2054 Annuntiaverunt
1565 2011 1666 2053 coeli
1710 2011 1916 2063 justitiam

1089 2071 1196 2120 ejus:
1222 2070 1246 2095 *
1275 2074 1319 2111 et
1346 2068 1548 2110 viderunt
1579 2080 1732 2109 omnes
1763 2066 1916 2120 populi

1088 2126 1273 2177 gloriam
1293 2127 1394 2178 ejus.

1142 2182 1476 2224 Confundantur
1514 2193 1684 2230 omneS‚
1732 2180 1805 2232 qui
1842 2179 1915 2222 ad-

1090 2242 1216 2281 orant
1235 2237 1468 2291 sculptilia:
1482 2238 1506 2263 *
1522 2242 1566 2278 et
1582 2237 1654 2290 qui
1674 2237 1915 2287 gloriantur

1088 2297 1131 2337 in
1151 2295 1393 2337 simulacris
1413 2294 1513 2335 suis.

1140 2352 1338 2394 Adorate
1354 2364 1453 2392 eum
1469 2362 1620 2391 omnes
1636 2349 1792 2400 Angeli
1812 2350 1917 2402 ejus:

1089 2410 1112 2436 *
1131 2408 1309 2457 audivit,
1337 2412 1381 2449 et
1398 2407 1547 2448 laetata
1567 2410 1634 2448 est
1652 2405 1766 2447 Sion.

1141 2466 1197 2507 Et
1231 2464 1559 2506 exsultaverunt
1591 2462 1691 2504 fssiae
1723 2462 1866 2512 Judae,
1894 2463 1917 2488 *

1089 2526 1271 2576 propter
1289 2520 1445 2573 judicia
1463 2524 1539 2560 tua
1557 2519 1762 2560 Domine:

1142 2578 1359 2629 Quoniam
1373 2582 1420 2618 tu
1435 2576 1649 2617 Dominus
1664 2575 1917 2616 Altissimus

1091 2648 1223 2688 super
1238 2646 1412 2676 omnem
1431 2637 1607 2674 terram:
1622 2633 1645 2658 *
1658 2632 1785 2673 nimis
1804 2631 1917 2673 exal-

1090 2694 1207 2734 tatus
1227 2704 1274 2732 es
1293 2702 1424 2742 super
1445 2702 1597 2730 omnes
1617 2689 1736 2731 deos.

1142 2748 1226 2800 Qui
1242 2746 1420 2798 diligitis
1430 2746 1679 2796 Dominum,
1696 2744 1815 2787 odite
1828 2757 1916 2786 ma-
