2040 2990
735 191 938 226 Dominica
961 192 1023 225 IV.
1047 191 1260 225 Adventus,

196 286 247 337 Rt·
278 282 496 323 Nascetur
522 280 650 321 nobis
674 279 900 332 parvulus,
928 285 972 321 et

144 337 374 379 vocabitur
392 337 529 384 Deus,
556 336 718 376 Fortis:
740 341 763 366 *
780 336 884 388 Ipse
908 348 972 377 se-

145 393 266 434 debit
285 406 418 445 super
442 392 649 433 thronum
667 391 813 432 David
832 391 971 444 patris

145 449 227 498 sui,
259 453 303 490 et
334 447 582 501 imperabit:
619 448 740 499 cujus
771 449 971 499 potestas

144 517 277 556 super
306 504 537 545 humerum
569 504 670 554 ejus.
714 500 763 552 V.
790 503 843 542 In
872 503 970 555 ipso

144 559 458 602 benedicentur
485 571 636 600 omnes
665 557 807 599 tribus
831 563 971 608 terrae,

145 627 297 658 omnes
317 616 483 657 Gentes
502 614 692 656 servient
711 614 762 654 ei.
789 614 903 665 Ipse.

453 674 606 714 Lectio
626 687 663 713 v.

145 723 326 831 Causa
340 736 486 773 autem
500 729 790 783 reparationis
806 734 970 770 nostrae

236 801 326 830 non
350 793 417 830 est
440 787 524 828 nisi
545 785 850 827 misericerdia
871 785 971 826 Dei:

145 857 277 897 quem
299 857 388 885 non
414 843 713 894 diligeremus,
741 841 826 882 nisi
848 841 970 893 prius

143 913 224 942 nos
259 901 356 953 ipse
401 899 619 950 diligeret,
673 902 716 939 et
766 897 970 938 tenebras

142 956 402 1007 ignorantiae
434 959 621 1003 nostrae,
654 966 745 994 suae
772 953 970 994 veritatis

141 1012 240 1054 luce
256 1012 506 1054 discateret.
532 1009 663 1060 Quod
675 1021 756 1061 per
771 1013 971 1050 sanctum

142 1068 303 1109 Isaiam
333 1067 551 1108 Deminus
582 1065 859 1114 denuntians,
892 1065 971 1105 ait:

141 1123 377 1166 Adducam
418 1135 560 1164 caecos
602 1123 648 1162 in
687 1121 803 1161 viam
841 1132 971 1171 quam

141 1179 413 1230 ignorabant,
433 1183 476 1220 et
491 1178 668 1219 semitas
684 1189 792 1228 quas
807 1176 970 1217 nescie-

140 1234 264 1285 bant,
290 1235 448 1276 faciam
474 1234 574 1275 ilios
599 1233 786 1274 calcare:
813 1232 971 1272 faciam

140 1290 226 1332 illis
244 1290 450 1332 tenebras
468 1290 513 1330 in
531 1289 686 1338 lucem,
708 1293 752 1329 et
770 1300 907 1339 prava
926 1287 970 1327 in

142 1346 319 1388 directa.
346 1347 458 1387 Haec
476 1345 612 1386 verba
627 1344 786 1385 faciam
804 1343 906 1392 illis,
927 1346 971 1383 et

140 1415 230 1444 non
246 1402 491 1454 relinquam
510 1413 597 1442 eos,
631 1401 688 1441 Et
705 1402 878 1440 iterum:
902 1399 969 1438 In-

140 1460 296 1499 ventus
316 1471 427 1507 sum,
446 1457 603 1508 inquit,
623 1469 649 1496 a
666 1467 755 1496 non
775 1455 969 1505 quaeren-

141 1513 260 1555 tibus
277 1526 363 1564 me,
389 1517 432 1554 et
449 1513 597 1565 palam
616 1510 801 1566 apparui
820 1510 874 1550 iis
895 1509 970 1560 qui

141 1582 212 1611 me
230 1582 319 1610 non
337 1567 679 1619 interrogabant.

194 1625 246 1678 Rz.
283 1626 400 1666 Ecce
443 1625 530 1676 jam
576 1623 696 1664 venit
740 1621 969 1674 plenitudo

141 1681 372 1734 temporis,
403 1681 450 1721 in
485 1692 572 1732 quo
604 1678 722 1719 misit
753 1679 876 1719 Deus
902 1678 969 1718 Fi-

141 1736 250 1778 lium
285 1750 412 1778 suum
446 1736 491 1776 in
525 1740 687 1783 terras,
726 1738 878 1774 natum
914 1733 969 1774 de

141 1792 341 1843 Virgine,
385 1792 550 1833 factum
587 1789 668 1831 sub
705 1789 817 1840 lege:
849 1790 874 1815 *
910 1789 970 1830 Ut

1787 181 1850 222 167

1023 293 1140 321 mam
1170 293 1262 320 suae
1289 279 1498 321 bonitatis
1529 281 1736 331 inveniat,
1774 282 1850 323 dat

1024 336 1141 377 unde
1167 336 1254 388 ipsi
1283 348 1460 387 quoque
1494 337 1613 388 quod
1641 340 1848 389 operatur

1025 393 1268 444 operemur,
1288 391 1532 432 accendens
1547 393 1715 434 scilicet
1732 395 1848 434 men-

1023 448 1132 488 tium
1156 450 1408 488 nostrarum
1435 447 1649 497 lucernas,
1678 454 1721 489 et
1748 449 1847 500 igne

1023 516 1104 544 nos
1132 516 1223 544 suae
1254 503 1448 544 caritatis
1476 504 1768 554 inflammans,
1800 509 1848 545 ut

1024 572 1112 600 non
1131 559 1274 600 solum
1293 559 1453 611 ipsum,
1478 559 1558 600 sed
1577 560 1707 600 etiam
1727 559 1847 612 quid-

1026 615 1131 666 quid
1151 615 1301 666 diligit,
1323 614 1566 665 diligamus.

1079 678 1127 729 Κ.
1152 675 1291 725 Virgo
1311 674 1459 723 Israel,
1479 677 1699 716 revertere
1718 675 1774 716 ad
1794 675 1847 716 ci-

1024 730 1183 772 vitates
1216 736 1329 772 tuas:
1363 735 1385 758 *
1418 730 1659 782 Usquequo
1696 730 1848 772 dolens

1024 786 1256 828 averteris?
1275 786 1505 837 generabis
1516 787 1752 827 Deminum
1761 787 1848 827 Sal-

1022 845 1232 891 vaterem,
1253 842 1521 883 oblatienem
1534 855 1695 883 novam
1708 842 1753 882 in
1766 847 1848 883 ter-

1024 911 1087 938 ra:
1111 904 1133 926 *
1153 897 1456 939 Ambulabunt
1479 897 1678 938 hemines
1699 898 1744 938 in
1769 898 1848 938 sal-

1023 954 1255 995 vatienem.
1293 952 1342 1003 V.
1360 953 1413 993 In
1433 954 1614 994 caritate
1634 955 1849 1005 perpetua

1025 1009 1158 1050 dilexi
1176 1014 1235 1050 te:
1260 1009 1361 1050 ideo
1387 1009 1548 1050 attraxi
1570 1013 1614 1050 te
1636 1011 1848 1050 miserans

1022 1065 1099 1163 {uii
1128 1065 1384 1163 l13quuequo.
1417 1064 1570 1109 Gloria
1587 1065 1719 1105 Patri.
1747 1065 1848 1105 Am-

1055 1135 1083 1162 u
1102 1122 1127 1161 a
1160 1125 1248 1162 unt.

1239 1212 1287 1250 In
1315 1211 1386 1250 III.
1412 1212 1634 1250 Nocturno.

1024 1267 1177 1309 Lectio
1202 1267 1341 1307 sancti
1360 1266 1584 1316 Evangelii
1609 1265 1847 1306 secundum

1348 1322 1524 1363 Lucam.

1127 1386 1279 1427 Lectio
1300 1387 1369 1426 vii.
1588 1387 1690 1437 Cap.
1708 1387 1744 1425 3.

1097 1449 1184 1477 nno
1221 1436 1545 1488 quintodecimo
1575 1435 1749 1488 imperii
1775 1435 1845 1475 Ti-

1129 1492 1239 1533 berii
1250 1492 1445 1541 Caesaris,
1462 1493 1726 1543 procurante
1736 1491 1846 1531 Pen-

1020 1549 1084 1589 tio
1102 1547 1244 1588 Pilato
1264 1548 1289 1588 J
1289 1547 1473 1588 udaeam.
1498 1547 1556 1588 Et
1574 1546 1752 1598 reliqua.

1023 1621 1090 1661 De
1107 1616 1302 1658 Homilia
1321 1616 1461 1657 sancti
1480 1615 1684 1666 Gregerii
1701 1615 1846 1666 Papae.

1061 1686 1120 1720 Ex
1142 1686 1315 1721 Homilia
1337 1686 1397 1721 20.
1422 1686 1462 1719 in
1484 1686 1699 1729 Evangelia
1724 1688 1810 1719 ante

1347 1734 1525 1767 medium.

1025 1790 1146 1847 ΤΧ
1153 1783 1297 1825 icebat
1306 1783 1331 1823 J
1333 1785 1496 1824 oannes
1507 1781 1564 1822 ad
1572 1780 1734 1830 turbas,
1747 1792 1846 1831 quae

1034 1847 1035 1862 ¹
1055 1836 1122 1891 *5511
1166 1839 1342 1880 exibant
1366 1842 1415 1878 ut
1437 1837 1767 1889 baptizarentur
1789 1834 1843 1876 ab

143 1860 235 1898 eOS,
256 1848 331 1900 qui
349 1847 430 1889 sub
446 1847 544 1897 lege
564 1850 703 1894 erant,
723 1844 969 1886 redimeret.
1034 1873 1038 1902 ἐκ
1055 1858 1124 1886 «s
1140 1859 1146 1886 μ

142 1897 195 1949 Ys-
224 1904 414 1956 Propter
440 1902 618 1943 nimiam
646 1900 875 1941 caritatem
902 1912 969 1939 su-

143 1972 228 2009 am,
258 1971 343 2011 qua
365 1958 519 2000 dilexit
543 1970 626 1998 nos
647 1957 787 2004 Deus,
813 1954 970 1995 Filium

144 2028 270 2055 suum
288 2015 407 2055 misit
425 2015 469 2054 in
486 2011 813 2054 similitudinem
828 2010 970 2051 carnis

142 2071 326 2122 peccati.
352 2070 412 2112 Ut
430 2082 518 2111 eos.

443 2123 596 2165 Lectio
618 2124 672 2164 vi.

146 2165 321 2290 Quod
364 2180 588 2233 quemodo
628 2178 859 2230 impletum
899 2176 970 2225 sit,

247 2238 271 2278 J
274 2239 438 2278 oannes
461 2234 707 2288 Apostolus
733 2233 888 2282 docet,
911 2231 970 2272 di-

146 2305 263 2334 cens:
291 2292 461 2333 Scimus
490 2290 696 2343 queniam
723 2288 860 2329 Filius
887 2287 972 2328 Dei

144 2349 279 2397 venit,
311 2353 356 2389 et
387 2347 510 2390 dedit
542 2345 671 2387 nobis
700 2357 893 2393 sensum,
923 2346 973 2383 ut

146 2406 462 2454 cognoscamus
490 2414 659 2451 verum,
695 2405 739 2442 et
766 2400 900 2440 simus
928 2398 972 2437 in

146 2471 252 2500 vero
284 2460 396 2500 Filio
430 2460 531 2510 ejus.
583 2457 640 2497 Et
669 2458 845 2497 iterum:
875 2453 972 2494 Nos

147 2526 251 2564 ergo
292 2514 523 2566 diligamus
559 2514 720 2561 Deum,
767 2509 972 2562 queniam

146 2570 243 2621 ipse
273 2569 395 2621 prior
424 2569 576 2611 dilexit
601 2580 695 2609 nos.
734 2563 971 2615 Diligendo

147 2627 295 2676 itaque
313 2637 395 2665 nos
413 2626 550 2674 Deus,
573 2623 631 2664 ad
652 2622 885 2672 imaginem
904 2631 971 2659 su-

148 2693 219 2721 am
236 2692 318 2721 nos
336 2682 526 2732 reparat:
552 2683 596 2721 et
614 2683 662 2719 ut
680 2678 724 2718 in
741 2676 869 2717 nobis
888 2674 972 2715 for-

1058 1890 1145 1920 4
1166 1907 1233 1936 eo:
1242 1893 1740 1944 Geniminaviperarum,
1750 1890 1846 1942 quis

1023 1950 1216 1992 ostendit
1251 1949 1378 1990 vobis
1414 1949 1564 1999 fugere
1602 1960 1628 1987 a
1662 1949 1846 1988 ventura

1021 2005 1109 2047 ira?
1131 2006 1331 2047 Ventara
1350 2004 1466 2045 enim
1485 2004 1551 2044 ira
1571 2007 1637 2044 est
1654 2001 1843 2042 animad-

1022 2062 1166 2113 versio
1211 2060 1391 2102 ultionis
1436 2061 1662 2101 extremae:
1717 2069 1846 2108 quam

1022 2123 1127 2159 tunc
1162 2117 1312 2167 fiigere
1347 2117 1556 2168 peccator
1590 2125 1679 2154 non
1714 2112 1846 2161 valet,

1023 2173 1098 2225 qui
1124 2178 1239 2213 nun'c
1266 2171 1325 2213 ad
1356 2171 1547 2212 lamenta
1573 2168 1845 2222 poenitentiae

1021 2242 1110 2270 non
1128 2228 1323 2270 recarrit.
1360 2227 1416 2267 Et
1440 2225 1699 2274 notandum,
1728 2222 1846 2275 quod

1021 2285 1149 2325 malae
1169 2283 1360 2332 seboles,
1382 2282 1598 2322 malerum
1615 2279 1846 2332 parentum

1022 2341 1242 2381 actionem
1273 2339 1508 2387 imitantes,
1540 2334 1756 2387 genimina
1787 2333 1845 2373 vi-

1022 2398 1228 2448 perarum
1258 2396 1486 2435 vocantur:
1519 2392 1621 2443 quia
1650 2402 1730 2442 per
1761 2388 1846 2429 hoc

1024 2451 1143 2503 quod
1166 2450 1295 2492 bonis
1321 2449 1535 2496 invident,
1564 2448 1727 2496 eesque
1750 2456 1845 2496 per-

1024 2509 1282 2558 sequuntur,
1311 2503 1430 2556 quod
1454 2500 1715 2554 quibusdam
1733 2498 1846 2539 mala

1023 2562 1284 2610 retribuunt,
1318 2558 1436 2611 quod
1465 2557 1669 2598 laesienes
1702 2553 1845 2606 prexi-

1022 2618 1105 2658 mis
1134 2618 1382 2668 exquirunt:
1412 2613 1616 2665 queniam
1640 2611 1684 2650 in
1708 2609 1775 2649 his
1802 2609 1844 2647 e-

1023 2672 1197 2714 mnibus
1217 2675 1391 2723 patrum
1409 2670 1589 2709 suerum
1608 2663 1842 2707 carnalium
