2080 2990
456 244 631 278 Officium
657 244 830 278 votivum
856 243 902 276 de
928 241 962 276 S.
988 242 1134 284 Joseph
1162 242 1315 284 sponso
1346 243 1381 274 Β.
1408 242 1453 274 Μ,
1477 241 1518 274 Ὺ.

1755 237 1846 281 [217]

186 336 236 387 V.
266 339 477 382 Invocavi
503 339 760 390 Dominum,
787 339 965 380 Patrem

133 395 310 437 Domini
324 396 421 436 mei.
444 397 494 447 R.
512 396 572 437 Ut
585 409 674 437 non
689 395 965 447 derelinquat

133 463 204 493 me
221 451 265 491 in
285 450 356 493 die
376 451 683 493 tribulationis.

135 531 288 573 Lectio
315 532 701 630 sanctiIlZvangelii
723 533 964 574 secundum

498 601 636 630 ucam.

238 655 389 698 Lectio
411 658 479 697 vii.
655 656 757 709 Cap.
773 658 808 697 3.
826 669 859 697 c.

181 742 210 769 n
236 728 311 770 illo
338 730 558 780 tempore:
586 727 770 768 Factum
799 731 866 768 est
893 739 964 767 au-

206 789 316 835 tem,
354 797 454 826 cum
488 783 787 836 baptizaretur
824 783 965 823 omnis

133 841 327 893 populus
347 846 391 882 et
408 841 432 881 J
435 853 513 882 esu
531 839 757 892 baptizato
778 844 821 880 et
840 841 964 880 oran-

131 902 189 947 te,
209 899 411 950 apertum
429 902 497 938 est
516 895 688 938 coelum.
712 896 768 937 Et
786 895 965 947 reliqua.

139 978 327 1019 Homih'a
341 978 482 1019 sancti
495 977 729 1027 Augustini
744 976 966 1028 Episcopi.

227 1048 308 1082 Lib.
326 1047 377 1081 23.
396 1052 527 1081 contra
548 1047 674 1081 Faust.
693 1055 774 1088 cap.
792 1045 822 1078 7.
840 1044 872 1078 8.

143 1113 278 1186 &Nl
306 1112 361 1153 de
395 1111 510 1153 coelo
539 1110 703 1174 dictum
735 1115 802 1151 est
835 1123 967 1162 super

145 1166 967 1273 23322235033223532533155

111 1280 246 1323 .bene
286 1279 552 1332 complacui:
594 1277 967 1330 quemadmodum

136 1335 301 1379 dictum
338 1341 405 1378 est
441 1341 485 1377 et
520 1335 564 1376 in
596 1340 756 1376 monte.
810 1334 967 1386 Neque

136 1394 250 1435 enim
269 1392 372 1445 quia
395 1397 439 1434 et
462 1391 523 1433 ibi
543 1390 597 1432 de
623 1390 736 1432 coelo
762 1403 850 1431 vox
871 1391 967 1443 ipsa

135 1449 300 1499 sonuit,
334 1448 471 1489 Filius
502 1447 586 1488 Dei
620 1452 719 1488 ante
751 1459 838 1487 non
871 1447 967 1488 fuit:

136 1504 494 1557 quandoquidem
527 1516 582 1544 ex
613 1506 741 1544 utero
773 1502 967 1553 Virginis

134 1561 207 1603 ille
230 1561 401 1614 aceepit
421 1560 606 1602 formam
625 1558 750 1608 servi,
776 1558 850 1610 qui
869 1571 968 1600 cum

134 1617 178 1658 in
206 1617 347 1658 forma
373 1616 459 1658 Dei
486 1619 622 1665 esset,
654 1627 741 1655 non
770 1617 967 1667 rapinam

135 1672 372 1715 arbitratus
409 1677 494 1722 est,
532 1683 630 1712 esse
666 1683 713 1712 se
751 1670 967 1722 aequalem

134 1729 244 1771 Deo.
263 1728 465 1780 Denique
480 1726 597 1769 idem
610 1726 855 1779 Apostolus
867 1727 969 1767 Pau-

134 1784 204 1826 lus
219 1784 305 1826 alio
319 1784 421 1826 loco
438 1783 712 1836 apertissime
724 1781 844 1823 dicit:
859 1782 969 1822 Cum

136 1846 282 1882 autem
318 1840 439 1882 venit
475 1837 707 1892 plenitudo
743 1838 968 1890 temporis,

113 1944 115 1946 ,
134 1897 253 1938 misit
268 1897 390 1938 Deus
406 1895 566 1936 Filium
585 1907 712 1936 suum
731 1894 895 1935 factum
914 1907 969 1935 ex

135 1951 334 2002 muliere,
361 1952 526 1993 factum
553 1950 634 1992 sub
662 1950 776 2000 lege,
804 1954 852 1991 ut
880 1962 968 1999 eos,

138 2009 213 2060 qui
240 2008 322 2050 sub
349 2007 447 2058 lege
476 2011 616 2056 erant,
642 2005 893 2055 redimeret,
922 2010 969 2047 ut

136 2064 326 2106 filiorum
352 2063 638 2116 adoptionem
661 2061 969 2114 reciperemus.

136 2122 240 2173 Ipse
259 2133 364 2171 ergo
385 2124 452 2161 est
465 2119 602 2160 Filius
617 2118 710 2164 Dei,
731 2117 805 2170 qui
822 2122 866 2158 et
880 2118 968 2158 Do-

136 2177 279 2218 minus
311 2175 457 2217 David
491 2174 734 2217 secundum
771 2173 968 2214 divinita-

137 2237 242 2283 tem,
270 2237 314 2274 et
336 2231 454 2273 idem
475 2232 571 2284 ipse
590 2230 726 2271 Filius
744 2228 890 2271 David
914 2242 968 2270 ex

138 2289 303 2330 semine
321 2287 468 2329 David
487 2286 729 2329 secundum
748 2298 932 2327 carnem.

191 2360 241 2411 R.
266 2361 291 2401 J
293 2359 433 2413 oseph
451 2359 514 2400 fili
532 2358 688 2408 David,
708 2358 798 2400 noli
815 2358 968 2400 timere

139 2419 340 2469 accipere
365 2416 549 2457 Mariam
575 2416 804 2467 conjugem
833 2419 969 2455 tuam:

142 2472 263 2524 quod
281 2472 396 2514 enim
414 2472 458 2512 in
474 2484 525 2513 ea
543 2475 693 2513 natum
709 2476 786 2519 est,
806 2469 861 2512 de
875 2471 968 2523 Spi-

139 2529 224 2570 ritu
239 2532 392 2570 sancto
409 2533 488 2570 est:
503 2527 646 2580 pariet
661 2532 807 2568 autem
820 2526 968 2576 filium,

143 2587 163 2608 *
194 2584 251 2625 Et
284 2584 464 2625 vocabis
497 2596 658 2625 nomen
691 2584 781 2635 ejus
809 2583 969 2623 Jesum.

143 2635 191 2686 V.
217 2640 320 2692 Ipse
345 2640 457 2680 enim
483 2639 653 2680 salvum
676 2639 807 2680 faciet
830 2640 967 2691 popu-

139 2695 230 2737 lum
263 2708 389 2736 suum
419 2708 445 2737 a
475 2696 671 2748 peccatis
705 2697 867 2736 eorum.
913 2695 969 2736 Et

139 2751 333 2793 vocabis.

1307 343 1457 383 Lectio
1480 344 1559 383 viii.

1020 386 1192 510 Quod
1210 403 1246 444 si
1263 402 1391 444 nobis
1412 402 1590 444 credere
1611 415 1699 443 non
1715 402 1846 455 prod-

1130 461 1266 508 esset,
1309 472 1397 499 non
1432 458 1518 500 hoc
1554 464 1644 500 tam
1681 460 1847 499 attente

1017 515 1135 557 idem
1154 514 1399 567 Apostolus
1417 514 1651 556 Timotheo
1677 519 1847 555 comen-

1019 571 1144 612 daret
1156 570 1320 612 dicens:
1335 571 1505 612 Memor
1518 575 1614 611 esto
1628 570 1848 611 Christum

1018 627 1043 668 J
1046 640 1169 668 esum
1196 629 1487 679 resurrexisse
1513 639 1538 667 a
1564 626 1764 675 mortuis,
1794 639 1848 667 ex

1019 683 1184 724 semine
1202 682 1363 732 David,
1389 682 1630 724 secundum
1653 683 1848 732 Evange-

1018 739 1125 781 lium
1138 752 1295 780 meum.
1324 738 1439 789 Quid
1455 751 1559 789 ergo
1576 739 1659 790 jam
1674 740 1849 779 moveat

1019 797 1159 838 sancti
1178 795 1406 847 Evangelii
1430 797 1704 844 sectatorem,
1730 794 1849 845 quod
1894 845 1897 846 ⁷

1020 853 1111 893 sine
1130 852 1366 894 concubitu
1381 851 1406 891 J
1408 851 1548 904 oseph
1564 850 1762 892 Christus
1778 863 1848 891 na-

1019 913 1090 949 tus
1111 921 1166 949 ex
1183 908 1377 958 Virgine,
1402 907 1518 948 filius
1540 912 1686 948 tamen
1706 906 1850 947 David

1020 963 1282 1016 appellatur,
1309 977 1408 1004 cum
1431 963 1762 1014 generationum
1787 964 1850 1002 se·

1020 1021 1129 1061 riem
1160 1032 1248 1061 non
1281 1032 1420 1071 usque
1453 1018 1510 1060 ad
1537 1019 1739 1067 Mariam,
1772 1017 1852 1059 sed

1019 1089 1159 1128 usque
1186 1075 1243 1117 ad
1261 1076 1286 1116 J
1288 1075 1427 1128 oseph
1451 1074 1687 1116 Matthaeus
1710 1075 1850 1115 Evan-

1020 1132 1176 1182 gelista
1198 1130 1437 1184 perducat?
1473 1131 1620 1172 Primo
1643 1131 1744 1182 quia
1764 1143 1850 1170 ma-

1023 1188 1093 1229 riti
1135 1188 1225 1239 ejus
1270 1187 1412 1229 fuerat
1456 1192 1641 1239 propter
1683 1186 1851 1227 virilem

1022 1257 1175 1286 sexum
1193 1244 1340 1296 potius
1364 1242 1623 1285 honoranda
1646 1245 1851 1294 persona:

1021 1313 1164 1352 neque
1201 1300 1317 1341 enim
1355 1300 1456 1352 quia
1493 1298 1730 1340 concubitu
1762 1311 1852 1339 non

1019 1358 1275 1408 permixtus,
1300 1355 1401 1396 ideo
1423 1368 1511 1397 non
1535 1356 1728 1403 maritus
1753 1367 1852 1395 cum

1019 1412 1115 1465 ipse
1147 1411 1383 1453 Matthaeus
1415 1416 1563 1452 narret
1594 1410 1648 1452 ab
1680 1410 1851 1460 Angelo

1019 1468 1203 1509 Mariam
1235 1469 1464 1519 conjugem
1493 1467 1630 1519 ipsius
1660 1465 1852 1518 appella-

1020 1530 1126 1573 tam,
1159 1524 1233 1576 qui
1259 1529 1426 1573 narrat,
1455 1523 1576 1575 quod
1604 1522 1658 1564 de
1688 1522 1853 1574 Spiritu
1898 1552 1900 1554 -

1022 1586 1175 1622 sancto
1196 1581 1472 1632 conceperat.

1075 1648 1124 1698 R.
1155 1645 1312 1695 Surge,
1343 1649 1387 1686 et
1415 1643 1567 1696 accipe
1595 1646 1782 1695 puerum
1811 1647 1854 1683 et

1020 1705 1206 1742 matrem
1226 1701 1327 1751 ejus,
1350 1705 1395 1742 et
1413 1700 1513 1750 fuge
1531 1700 1575 1739 in
1595 1700 1853 1751 AEgyptum:

1022 1761 1043 1783 *
1059 1758 1117 1799 Et
1132 1762 1228 1798 esto
1243 1756 1314 1806 ibi,
1330 1769 1469 1808 usque
1485 1755 1590 1797 dum
1605 1755 1747 1796 dicam
1761 1753 1851 1795 tibi.

1021 1811 1072 1861 V.
1099 1814 1158 1855 Ut
1191 1813 1504 1865 adimpleretur
1535 1810 1655 1862 quod
1686 1810 1851 1851 dictum

1022 1875 1088 1911 est
1116 1882 1141 1910 a
1167 1869 1359 1910 Domino
1387 1881 1466 1920 per
1491 1866 1761 1919 Prophetam
1790 1864 1850 1906 di-

1022 1928 1208 1967 centem:
1232 1925 1300 1965 Ex
1318 1925 1516 1976 AEgypto
1537 1923 1693 1964 vocavi
1714 1922 1851 1962 filium

1020 1994 1177 2023 meum.
1205 1982 1272 2021 Et.
1304 1979 1454 2021 Gloria
1473 1979 1603 2020 Patri.
1631 1979 1698 2019 Et.

1324 2065 1474 2105 Lectio
1496 2064 1548 2103 ix.

1024 2127 1170 2236 Cum
1184 2144 1289 2173 vero
1304 2144 1415 2172 unus
1431 2129 1637 2181 idemque
1650 2131 1851 2170 narrator

1110 2191 1346 2239 utrumque
1358 2186 1484 2236 dieat,
1495 2189 1732 2237 utrumque
1744 2198 1853 2227 com-

1020 2243 1211 2294 mendet,
1232 2248 1275 2285 et
1290 2243 1431 2285 virum
1444 2242 1596 2283 Mariae
1610 2242 1634 2282 J
1637 2241 1788 2294 oseph,
1808 2246 1852 2282 et

1022 2300 1185 2342 Christi
1203 2299 1430 2350 Virginem
1450 2298 1647 2347 Matrem,
1670 2302 1713 2339 et
1733 2297 1850 2337 Chri-

1021 2362 1137 2398 stum
1161 2369 1216 2397 ex
1242 2355 1406 2396 semine
1430 2354 1588 2404 David,
1618 2358 1661 2394 et
1684 2352 1851 2404 Joseph

1019 2413 1063 2453 in
1081 2413 1192 2453 serie
1211 2412 1604 2464 progeneratorum
1621 2408 1782 2450 Christi
1797 2420 1850 2449 ex

1020 2468 1180 2510 David:
1205 2466 1311 2519 quid
1330 2471 1477 2516 restat,
1499 2466 1582 2506 nisi
1606 2470 1649 2506 et
1666 2465 1850 2505 Mariam

1021 2537 1110 2566 non
1125 2524 1260 2565 fuisse
1281 2525 1533 2564 extraneam
1548 2534 1573 2562 a
1589 2520 1849 2571 cognatione

1021 2580 1185 2630 David,
1219 2585 1262 2621 et
1296 2591 1393 2620 eam
1423 2578 1447 2618 J
1451 2577 1590 2630 oseph
1621 2577 1849 2627 conjugem

1020 2649 1109 2678 non
1123 2636 1284 2677 frustra
1303 2634 1572 2687 appellatam
1584 2638 1768 2685 propter
1783 2633 1848 2672 or-

1022 2692 1169 2734 dinem
1194 2705 1324 2733 sexus
1350 2695 1393 2732 et
1419 2689 1662 2731 animorum
1688 2687 1848 2728 confoe-

1021 2747 1309 2798 derationem;
1335 2751 1379 2789 et
1397 2746 1421 2787 J
1425 2745 1563 2798 oseph
1581 2744 1728 2797 potius
1747 2755 1846 2796 pro-
