2080 2990
215 232 305 276 [254]
483 238 701 270 l›ic1‹›.1)e

270 335 365 373 Ant.
402 331 546 370 llomo
573 330 701 366 natus
729 330 796 366 est
824 325 867 365 in
895 337 964 374 ea,
999 329 1042 365 et

214 383 308 435 ipse
328 381 525 423 fundavit
544 394 641 422 eam
659 381 921 422 Altissimus.

269 441 316 491 x*
348 438 536 479 Demine
569 436 702 478 dilexi
731 435 937 477 decerem
967 435 1042 476 do-

214 506 309 534 mus
330 499 429 535 tuae.
461 503 507 541 1<
526 494 584 534 Et
600 492 747 534 locum
761 491 1043 533 habitatiOnis

215 549 368 600 gloriae
387 555 486 591 tuae.

244 620 394 655 Sermo
419 614 556 655 sancti
581 612 796 655 Bernardi
820 611 1016 653 Abbatis.

400 679 443 710 Η
442 688 514 710 ·’.ιη1
540 678 590 709 Τι’..
618 677 663 709 dc
691 676 755 708 dix
761 685 819 708 c]
804 676 856 706 j<

245 772 517 831 aplentia
520 724 638 823 111ῗὲ
645 736 741 812 kfilei
746 776 849 821 erat,
870 775 913 811 et
923 770 1044 811 Deus

336 827 440 877 erat,
460 827 514 869 de
535 828 630 869 sinu
644 827 786 868 Patris
806 826 863 868 ad
877 839 958 867 nos
974 828 1044 867 ve-

254 892 256 894 ’
335 885 472 933 niens,
499 883 733 925 aedificavit
752 882 835 923 sibi
855 881 1044 931 domum,

216 942 358 993 ipsam
393 940 558 981 scilicet
587 944 770 980 matrem
800 951 923 979 suam
947 938 1044 979 Vir-

217 997 361 1047 ginem
380 996 577 1044 Mariam,
605 995 648 1035 in
673 1007 758 1046 qua
782 999 952 1058 septem
974 1006 1044 1034 co-

217 1052 386 1093 lumnas
410 1049 582 1092 excidit.
617 1050 732 1099 Quid
756 1054 823 1091 est
846 1050 889 1090 in
910 1062 962 1090 ea
981 1062 1044 1090 se-

218 1114 338 1161 ptem
367 1107 590 1148 columnas
618 1105 841 1156 excidere,
874 1105 956 1146 nisi
984 1106 1045 1157 ip-

218 1177 311 1205 sam
335 1163 512 1214 dignum
537 1162 619 1204 sibi
642 1162 940 1204 habitaculum
958 1160 1046 1202 fide

218 1226 262 1261 et
288 1219 495 1272 operibus
520 1217 795 1271 praeparare?
832 1218 1047 1258 Nimirum

218 1275 431 1316 ternarius
460 1278 666 1316 numerus
701 1273 758 1315 ad
785 1273 919 1315 fidem
947 1286 1047 1325 pro-

218 1337 317 1383 pter
345 1336 539 1372 sanctam
565 1330 843 1379 Trinitatem,
877 1334 1047 1381 quater-

218 1388 364 1428 narius
392 1387 582 1439 pertinet
612 1385 669 1427 ad
693 1398 839 1427 mores
864 1390 1049 1438 propter

220 1445 407 1494 quatuor
420 1442 686 1495 principales
700 1442 895 1483 virtutes.
919 1440 1050 1491 Quod

220 1505 366 1540 autem
391 1499 435 1539 in
460 1498 592 1540 beata
616 1498 754 1539 Maria
783 1502 933 1539 sancta
955 1498 1049 1538 Tri-

219 1555 332 1595 nitas
361 1554 509 1604 fuerit,
542 1554 671 1595 fuerit
700 1553 799 1595 dico
827 1566 909 1605 per
938 1566 1049 1606 prae-

222 1611 405 1651 sentiam
431 1610 687 1661 majestatis,
727 1609 803 1650 ubi
834 1609 954 1650 solus
982 1610 1049 1649 Fi-

221 1666 304 1707 lius
331 1671 423 1707 erat
448 1678 528 1718 per
554 1666 878 1718 susceptionem
902 1665 1050 1706 huma-

221 1723 386 1772 nitatis,
422 1724 609 1763 testatur
641 1722 816 1762 nuntius
849 1721 1051 1772 coelestis,

223 1779 297 1830 qui
335 1778 375 1819 ei
411 1780 571 1819 arcana
603 1778 811 1829 mysteria
842 1779 1052 1827 reserans,

223 1835 295 1875 ait:
314 1835 421 1884 Ave,
441 1834 581 1884 gratia
597 1833 738 1886 plena,
757 1833 973 1874 Dominus
991 1838 1052 1874 te—

224 1903 336 1941 cum;
365 1896 409 1932 et
433 1895 536 1943 post
561 1903 717 1942 pauca:
745 1890 932 1942 Spiritus
959 1903 1052 1930 san-

225 1952 320 1988 ctus
353 1947 632 1999 superveniet
663 1947 706 1986 in
737 1951 797 1995 te,
839 1950 883 1987 et
915 1946 1054 1987 virtus

223 2002 436 2044 Altissimi
475 2002 755 2044 obumbrabit
790 2002 881 2044 tibi.
938 2002 1053 2043 Ecce

225 2058 361 2100 habes
394 2059 647 2108 Deminum,
685 2058 821 2100 habes
848 2058 1055 2100 virtatem

226 2114 448 2164 Altissimi‚
468 2114 604 2156 habes
619 2115 829 2167 Spiritum
847 2119 1055 2164 sanctum,

226 2170 362 2212 habes
380 2171 571 2220 Patrem,
590 2170 764 2221 Filium,
784 2176 827 2213 et
846 2171 1056 2223 Spiritum

227 2231 434 2267 sanctum.

281 2284 329 2334 R'-
358 2282 396 2323 Ο
418 2295 548 2334 quam
566 2281 827 2324 metuendus
847 2287 914 2324 est
932 2282 1056 2323 locus

227 2338 324 2379 iste!
345 2341 366 2361 *
387 2339 505 2380 Vere
530 2351 618 2379 non
637 2344 703 2380 est
722 2338 792 2379 hic
812 2338 946 2389 aliud,
974 2339 1057 2379 nisi

229 2393 385 2435 domus
403 2394 502 2444 Dei,
522 2399 566 2436 et
584 2399 714 2447 porta
733 2394 845 2436 coeli.
877 2390 923 2440 Y.
946 2395 1057 2435 Haec

230 2455 296 2491 est
324 2449 480 2491 domus
507 2451 683 2491 Demini
712 2451 894 2492 firmiter
922 2450 1056 2492 aedifi-

230 2507 345 2555 cata,
377 2505 487 2547 bene
521 2506 703 2548 fundata
733 2512 800 2549 est
827 2519 961 2559 supra
988 2507 1056 2547 fir-

230 2574 346 2602 mam
364 2566 544 2613 petram.
571 2563 701 2604 Vere.

540 2618 690 2659 Lectio
712 2633 746 2658 v.

320 2678 436 2713 trum
459 2677 603 2713 autem
627 2679 670 2715 et
695 2676 884 2725 quatuor
903 2674 1058 2726 princi-

335 2727 458 2779 pales
482 2728 681 2779 virtutes,
707 2735 931 2782 tamquam
957 2732 1059 2782 qua—

707 249 733 270 c.
768 237 806 270 ln
825 236 1094 269 'l'mmslationc
1114 235 1236 267 Alma·
1256 233 1402 266 Domus
1421 231 1657 264 Lauretum&

1092 327 1193 363 tuor
1213 320 1439 362 columnas
1458 319 1724 373 possederit,
1749 319 1925 371 inquisi-

1092 378 1212 419 110116
1261 376 1439 427 dignum
1486 376 1671 418 videtur.
1732 376 1927 417 Primum

1094 445 1199 483 ergo
1254 432 1482 474 videamus
1526 444 1581 473 an
1626 430 1927 473 fortitudinem

1093 488 1307 530 habuerit.
1370 488 1480 538 Quae
1535 488 1738 528 nimirum
1789 487 1928 528 virtus

1095 543 1322 596 quomodo
1355 543 1417 585 illi
1449 543 1604 586 abesse
1632 543 1793 596 potuit,
1828 555 1928 595 quae

1095 600 1275 652 abjectis
1295 600 1581 642 saecularibus
1599 599 1789 652 pompis,
1808 611 1927 651 spre-

1094 659 1239 709 tisque
1287 655 1590 708 voluptatibus
1638 655 1796 705 carnis,
1846 654 1928 696 soli

1095 712 1193 753 Deo
1228 713 1272 752 in
1304 712 1553 762 virginitate
1581 713 1730 753 vivere
1765 712 1928 764 propo-

1097 766 1205 809 suit?
1233 768 1291 809 Ni
1310 767 1453 817 fallor,
1481 767 1579 808 haec
1597 767 1722 818 virgo
1742 772 1810 809 est
1830 779 1930 818 quae

1097 823 1216 876 apud
1250 824 1531 865 Salomonem
1564 823 1738 874 legitur:
1779 822 1929 864 Mulie-

1096 893 1189 921 rem
1216 880 1375 921 fortem
1400 880 1498 931 quis
1522 877 1736 920 inveniet?
1764 878 1931 931 procul,

1097 942 1141 977 et
1170 936 1226 978 de
1250 936 1414 978 ultimis
1438 935 1598 976 finibus
1618 935 1809 988 pretium
1829 936 1932 987 ejus.

1098 993 1238 1034 Porro
1281 991 1403 1044 quod
1443 994 1694 1044 temperans
1735 996 1779 1033 et
1819 992 1933 1043 justa

1099 1048 1244 1098 fuerit,
1277 1060 1333 1089 ex
1359 1047 1518 1098 Angeli
1546 1047 1856 1097 collocutione,
1889 1051 1933 1088 et

1101 1105 1167 1145 sui
1199 1104 1338 1157 ipsius
1370 1104 1677 1156 responsione,
1716 1103 1815 1145 luce
1847 1103 1932 1145 cla-

1100 1161 1189 1202 rius
1209 1160 1562 1213 comprobamus.
1589 1160 1788 1202 Salutata
1809 1160 1932 1213 quip-

1099 1230 1156 1269 pe
1191 1222 1282 1258 tam
1318 1215 1626 1258 venerabiliter
1658 1216 1714 1258 ab
1746 1215 1934 1267 Angelo:

1099 1273 1212 1323 Ave,
1253 1272 1395 1323 gratia
1429 1272 1578 1325 plena,
1619 1272 1836 1314 Dominus
1872 1277 1934 1314 16-

1101 1342 1215 1379 611111;
1253 1341 1342 1369 11011
1377 1340 1424 1370 se
1459 1328 1631 1379 extulit,
1675 1329 1801 1380 quasi
1835 1340 1935 1380 quae

1101 1398 1156 1426 ex
1183 1384 1392 1435 singulari
1419 1385 1574 1434 gratiae
1602 1384 1833 1437 privilegio
1861 1384 1934 1427 be-

1100 1440 1392 1491 nediceretur,
1430 1439 1511 1483 sed
1545 1440 1680 1491 siluit,
1717 1446 1762 1483 et
1795 1440 1936 1492 qualis

1102 1502 1219 1538 esset
1243 1497 1420 1538 insolita
1442 1497 1540 1538 haec
1559 1496 1767 1539 salutatio
1787 1509 1937 1538 secum

1103 1553 1324 1604 cogitavit.
1353 1553 1450 1603 Qua
1468 1554 1512 1593 in
1531 1565 1590 1603 re,
1611 1552 1718 1605 quid
1733 1553 1816 1594 nisi
1830 1554 1935 1595 tem-

1102 1622 1262 1661 perans
1282 1609 1386 1650 fuit?
1424 1609 1485 1650 At
1502 1621 1627 1659 vero,
1656 1621 1756 1650 cum
1775 1608 1831 1651 de
1850 1622 1936 1651 606-

1103 1664 1288 1706 lestibus
1319 1665 1538 1716 mysteriis
1571 1664 1627 1706 ab
1661 1664 1821 1708 eodem
1847 1665 1935 1706 An-

1103 1720 1203 1771 gelo
1233 1720 1483 1771 doceretur,
1521 1719 1752 1771 diligenter
1780 1723 1935 1773 quaesi-

1104 1777 1167 1818 vit
1195 1776 1422 1841 quomodo
1456 1778 1710 1828 conciperet
1742 1781 1786 1818 et
1811 1779 1938 1829 pare-

1105 1838 1187 1883 ret,
1213 1845 1314 1884 quae
1338 1833 1479 1874 virum
1499 1832 1651 1884 utique
1670 1845 1759 1874 non
1779 1835 1939 1883 cogno-

1106 1894 1264 1930 sceret·
1297 1894 1340 1930 et
1367 1890 1411 1929 in
1437 1889 1524 1930 1106
1553 1889 1645 1930 sine
1676 1887 1812 1957 dubio
1839 1902 1940 1942 pru-

1107 1945 1214 1987 dens
1235 1946 1413 1987 exstitit.

1159 2005 1210 2054 Rg.
1241 2000 1444 2043 Fundata
1477 2006 1544 2043 est
1577 2000 1736 2042 domus
1762 2001 1941 2043 Domini

1108 2070 1241 2109 supra
1268 2058 1479 2099 verticem
1503 2057 1733 2107 mentium,
1761 2062 1806 2099 et
1827 2057 1941 2099 exal-

1107 2115 1201 2154 tata
1229 2118 1296 2155 est
1325 2126 1459 2166 super
1488 2126 1641 2154 omnes
1665 2112 1816 2153 colles:
1838 2115 1859 2139 *
1886 2115 1942 2154 Et

1108 2169 1283 2211 venient
1308 2168 1365 2211 ad
1390 2182 1487 2210 eam
1513 2181 1666 2210 omnes
1691 2168 1874 2219 Gentes,
1899 2174 1943 2211 et

1110 2224 1272 2267 dicent:
1293 2224 1446 2265 Gloria
1459 2224 1541 2267 tibi
1556 2225 1665 2266 Dne.
1684 2220 1735 2273 V.
1752 2224 1940 2267 Venien-

1109 2286 1176 2323 tes
1201 2286 1348 2323 autem
1367 2281 1542 2322 venient
1566 2294 1666 2322 cum
1689 2280 1943 2324 exsultatio-

1110 2350 1175 2387 ne,
1199 2340 1429 2390 portantes
1454 2337 1703 2390 manipulos
1725 2350 1840 2380 suos.
1877 2337 1945 2379 Et.

1411 2395 1564 2436 Lectio
1587 2395 1637 2433 vi.

1180 2450 1343 2491 ustitiae
1367 2455 1514 2491 autem
1539 2462 1634 2502 prae
1664 2462 1711 2491 se
1735 2450 1819 2491 fert
1846 2450 1944 2491 insi-

1203 2519 1303 2556 gne,
1341 2506 1417 2548 ubi
1448 2518 1495 2547 se
1533 2505 1735 2547 ancillam
1767 2506 1946 2547 Demini

1113 2562 1362 2613 confitetur;
1390 2574 1491 2603 nam
1517 2561 1637 2614 quod
1658 2562 1872 2614 justorum
1891 2562 1947 2603 sit

1113 2619 1343 2668 confessio,
1362 2620 1551 2660 testatur
1572 2618 1647 2670 qui
1666 2618 1741 2660 ait:
1761 2619 1945 2660 Verum-

1112 2681 1259 2716 tamen
1291 2675 1391 2726 justi
1423 2674 1749 2716 confitebuntur
1780 2674 1945 2715 nemini

1113 2736 1202 2773 tuo.
1253 2731 1353 2772 Fuit
1380 2730 1511 2781 igitur
1538 2729 1669 2773 beata
1688 2730 1828 2781 Virgo
1856 2730 1944 2772 Ma-
