2080 2990
454 266 525 300 Die
549 266 579 300 5.
604 266 741 300 Martii.
788 267 823 301 S.
848 266 1013 301 .loannis
1038 266 1203 309 «Iosephi
1229 277 1250 300 a
1275 267 1395 301 Cruce
1422 267 1528 301 Conf.

142 359 212 396 cte
261 354 598 404 instillaverant,
650 356 816 397 fructus
868 368 972 396 mox

141 409 386 452 uberrimos
414 411 664 452 attulerunt.
717 411 972 452 Tenerrima

141 465 284 507 adhuc
299 468 441 516 aetate,
459 466 622 508 nedum
642 480 667 508 a
685 467 811 518 nugis
828 469 970 519 pueri-

140 521 254 563 libus
275 517 517 569 abh6rri1it‚
540 522 620 563 sed
639 523 824 564 virtates
844 525 970 563 exco-

140 577 231 619 lere
250 578 386 630 coepit
404 577 682 628 illustriOres,
709 578 870 619 silentii
894 590 970 630 po-

140 633 371 684 tissimum,
411 633 776 683 mortificatienis,
820 633 971 675 mundi

141 691 296 741 suique
327 690 466 742 ipsius
498 689 818 740 abnegationis,
863 702 972 741 quas

141 744 319 786 assiduo
353 745 565 786 orationis
594 744 741 786 studio
771 745 972 786 confove—

140 800 229 842 bat.
285 801 492 853 Deiparae
530 800 710 851 cultum,
748 813 879 853 quem
915 800 972 842 ad

141 855 309 898 ebitum
332 869 474 909 usque
497 857 542 905 in
565 856 660 898 dies
680 857 815 906 auxit,
843 857 971 897 inter-

143 924 195 953 ea
232 913 444 964 temporis
481 913 678 965 arripuit,
722 912 971 954 dominicae-

142 981 227 1020 que
245 968 479 1020 passionis,
510 973 554 1010 et
573 968 862 1009 Eucharistiae
881 981 970 1020 my-

141 1024 275 1065 steria
302 1024 463 1066 affectu
489 1024 702 1077 peculiari
733 1036 971 1077 proseque-

140 1079 281 1121 batur.
322 1080 471 1122 Sancti
501 1080 621 1122 Petri
654 1080 709 1122 de
734 1080 972 1121 Alcantara

140 1135 405 1186 institfltum,
435 1136 557 1189 quod
579 1136 604 1176 J
607 1138 772 1177 oannes
798 1135 853 1177 de
878 1148 971 1176 san-

141 1197 213 1234 cto
238 1192 468 1234 Bernardo
500 1205 555 1234 ex
580 1192 794 1244 Hispanis
818 1191 971 1232 Excal-

141 1248 289 1298 ceatiS,
310 1248 535 1290 Clemente
553 1261 670 1290 nono
687 1247 972 1300 approbante,

140 1304 390 1356 nuperrime
434 1305 478 1345 in
513 1304 687 1346 Italiam
731 1304 972 1353 invexerat,

142 1358 290 1401 divino
310 1360 487 1402 afflante
504 1360 710 1410 Namine,
735 1372 849 1401 anno
870 1359 972 1400 vitae

141 1428 233 1457 suae
282 1416 584 1458 sextodecimo
630 1416 858 1469 amplexus
906 1421 973 1456 est

140 1471 354 1513 Italorum
388 1473 567 1525 primus.
620 1472 860 1524 Seraphico
893 1471 971 1512 Pa-

140 1527 342 1578 triarcha,
360 1527 664 1581 fidissimoque
683 1530 775 1580 ejus
794 1528 971 1568 alumno

140 1583 274 1626 Petro
305 1583 361 1626 de
387 1584 628 1626 Alcantara
657 1585 702 1625 in
731 1584 829 1636 ipso
857 1588 971 1635 tyro-

141 1639 254 1681 cinio
287 1640 372 1681 sibi
397 1640 456 1682 ad
482 1640 743 1682 imitandum
770 1639 971 1692 propesi-

140 1695 208 1746 tis,
225 1695 384 1737 mirum
404 1709 535 1749 quam
549 1697 744 1749 perfecte
759 1695 972 1748 poeniten-

140 1751 247 1792 tiam
282 1751 426 1804 hujus,
463 1757 508 1795 et
544 1751 971 1804 contemplatienem,

140 1806 431 1849 humilitatem
448 1807 564 1850 illius
584 1821 635 1850 ac
653 1808 971 1861 paupertatem,

140 1862 226 1914 jam
243 1867 336 1904 tum
354 1863 486 1905 fuerit
504 1867 744 1906 assecsitus.

196 1920 246 1972 Re·
270 1919 522 1961 Honestum
548 1921 654 1962 fecit
680 1919 803 1960 illum
821 1917 970 1959 Demi-

141 1987 234 2026 nus,
259 1979 303 2017 et
322 1976 561 2018 custodivit
581 1989 681 2018 eum
700 1975 756 2016 ab
776 1974 971 2023 inimicis,

143 2036 187 2072 et
214 2044 240 2072 a
266 2031 574 2074 seductoribus
601 2032 761 2073 tutavit
786 2030 925 2071 illum:
948 2031 970 2054 *

142 2087 199 2129 Et
227 2087 351 2129 dedit
379 2088 443 2129 illi
471 2089 719 2130 claritatem
751 2089 973 2128 aeternam.

143 2137 195 2188 V.
211 2143 237 2184 J
237 2148 384 2185 ustum
399 2145 583 2186 deduxit
597 2145 691 2185 Dfis
706 2156 785 2196 per
799 2143 892 2183 vias
908 2155 972 2183 re-

143 2205 248 2250 ctas,
263 2205 308 2242 et
323 2200 516 2295 OEffimllit
531 2201 594 2242 illi
604 2213 787 2252 regnum
798 2199 892 2239 Dei.
906 2198 973 2239 Et.

492 2256 605 2296 ectio
628 2268 665 2293 v,

227 2311 336 2353 ertio
381 2312 455 2353 vix
498 2311 688 2353 decarso
729 2324 754 2351 a
791 2309 975 2351 solemni

247 2367 523 2419 professi6ne
560 2379 639 2408 sua
672 2378 799 2415 anno,
836 2363 972 2405 Pede-

143 2422 339 2463 montani
376 2422 551 2475 Aliphae
595 2421 787 2464 coenobii
823 2419 974 2461 funda-

143 2478 255 2519 ti6ni
279 2477 538 2519 destinatur:
571 2477 693 2530 quod
720 2477 811 2528 ejus
840 2478 975 2527 Opera

145 2535 350 2585 exiguum
378 2534 491 2575 adeo
519 2534 675 2583 evasit,
711 2538 758 2574 ut
786 2531 974 2579 alteriuS,

146 2587 267 2640 quod
303 2589 408 2630 olim
442 2590 486 2630 in
516 2589 716 2630 Pedroso
751 2588 974 2628 Extrema-

147 2644 269 2685 dlirae
288 2649 465 2686 sanctus
478 2645 638 2686 Petrus
658 2643 713 2685 de
728 2642 975 2690 Alcantara,

146 2699 330 2741 clericus
355 2701 452 2752 ipse
476 2712 670 2751 quoque,
700 2698 976 2745 excitaverat,

146 2755 381 2806 imaginem
399 2755 664 2796 simillimam
682 2754 876 2796 referret.
903 2752 975 2792 Sa-

1757 263 1855 307 [303]

1026 354 1224 397 cerdotio
1257 369 1311 397 ex
1343 357 1594 398 obedientia
1626 357 1853 408 inaugura-

1024 415 1112 460 tus,
1157 411 1397 464 disciplinis
1441 413 1697 462 moralibus,
1744 426 1852 465 quas

1024 480 1262 519 numquam
1281 468 1589 520 perdidicerat,
1612 469 1851 521 improviso

1026 523 1226 564 excfiltus
1243 524 1361 565 visus
1377 529 1454 566 est.
1481 524 1766 576 Superiorum
1783 527 1851 566 ve-

1024 579 1110 628 nia,
1133 592 1222 620 non
1241 579 1371 630 longe
1390 580 1444 621 ab
1465 593 1518 621 eo
1538 580 1759 629 coenobio,
1788 593 1850 621 sa-

1024 647 1144 676 cram
1163 638 1357 677 eremum
1377 639 1602 677 exstrtiere
1622 638 1852 687 aggressus

1025 691 1177 732 subter
1205 692 1368 742 excelsi
1395 692 1555 733 montis
1583 692 1772 744 dejectu,
1804 698 1852 734 ut

1025 746 1326 789 absolveretur
1343 760 1474 799 quam
1490 748 1706 797 citissime,
1725 748 1851 798 ligna,

1023 802 1205 854 lapides,
1225 803 1390 844 calcem
1408 803 1602 844 humeris
1618 804 1718 852 suis,
1737 816 1849 844 mor-

1025 857 1124 899 daci
1151 859 1287 901 lorica
1315 860 1543 908 contectis,
1577 859 1852 911 exportabat3

1023 914 1084 955 ita
1107 919 1156 956 ut
1178 928 1259 967 per
1283 916 1489 957 calcanea
1513 927 1643 956 cruor
1664 914 1851 956 ubertim

1024 970 1068 1010 in
1098 975 1260 1012 terram
1287 970 1512 1013 deflaeret.
1551 971 1753 1012 Fratrum
1784 983 1851 1011 ro-

1024 1028 1128 1076 gatu
1150 1026 1270 1078 leges
1295 1026 1508 1079 quasdam
1526 1038 1608 1078 pro
1629 1038 1756 1067 sacro
1775 1026 1850 1067 illo

1024 1084 1201 1123 recessu
1210 1082 1454 1134 peculiares
1465 1080 1673 1131 candidit,
1688 1080 1852 1131 dignas,

1026 1151 1124 1190 quae
1153 1151 1178 1179 a
1200 1138 1315 1179 Sede
1337 1137 1598 1190 Apostolica
1626 1136 1851 1178 confirma-

1024 1196 1184 1235 rentur.
1217 1194 1497 1235 NovitiOrum
1520 1193 1719 1243 regimini
1742 1205 1851 1244 prae—

1024 1250 1212 1301 pesitus,
1250 1252 1403 1291 eorum
1434 1249 1491 1291 ad
1521 1249 1655 1290 vitam
1686 1248 1851 1299 regula-

1024 1318 1118 1346 rem
1137 1307 1403 1357 componere
1421 1316 1567 1346 mores
1582 1316 1635 1345 eo
1650 1303 1851 1355 profectu

1025 1363 1178 1402 enixus
1206 1366 1290 1410 est,
1318 1366 1367 1403 ut
1393 1360 1568 1401 illorum
1595 1359 1729 1411 aliqui
1757 1371 1850 1400 san-

1025 1416 1188 1458 ctitatis
1226 1422 1269 1458 et
1304 1416 1613 1457 miraculerum
1645 1414 1760 1455 fama
1791 1415 1850 1454 in-

1025 1472 1269 1514 claraerint.
1318 1473 1486 1514 Verum
1518 1484 1618 1513 cum
1650 1470 1850 1511 Clemens

1024 1528 1147 1580 Papa
1195 1528 1450 1569 undecimus
1497 1526 1647 1568 saeculi
1694 1525 1851 1566 decimi

1025 1584 1171 1625 octavi
1194 1583 1333 1633 initio,
1360 1584 1517 1624 fratres
1539 1581 1676 1623 Italos
1699 1580 1852 1621 Excal-

1025 1641 1176 1680 ceatos
1201 1639 1256 1680 ab
1280 1639 1488 1691 Hispanis
1512 1639 1556 1678 in
1582 1649 1717 1687 regno
1740 1636 1852 1677 Nea-

1024 1695 1138 1748 polis
1161 1696 1439 1747 sejunxisset,
1471 1694 1621 1744 illique
1649 1692 1767 1733 nulla
1789 1704 1851 1733 re-

1024 1751 1196 1802 giminis
1228 1751 1367 1792 forma
1397 1750 1658 1802 potirentur,
1693 1747 1747 1788 ab
1781 1749 1850 1788 eo-

1025 1808 1126 1848 dem
1144 1806 1374 1855 Pontifice,
1394 1805 1635 1847 obsistente
1653 1803 1757 1843 licet
1776 1802 1850 1842 hu-

1024 1863 1140 1903 mani
1192 1862 1364 1913 generis
1416 1861 1559 1907 hoste,
1613 1858 1850 1911 provinciae

1023 1918 1345 1970 Neapolitanae,
1378 1917 1516 1958 sancti
1547 1915 1666 1956 Petri
1696 1913 1751 1955 de
1779 1913 1851 1953 Al-

1025 1976 1204 2014 cantara
1251 1974 1534 2025 nuncupatae,
1588 1970 1854 2012 erectionem

1025 2029 1224 2071 obtinuit.
1361 2063 1363 2066 .

1080 2085 1129 2135 R.
1154 2084 1332 2125 Amavit
1351 2097 1450 2125 eum
1468 2082 1697 2130 Dominus,
1721 2086 1766 2122 et
1786 2093 1852 2121 or-

1025 2141 1144 2182 navit
1180 2153 1297 2181 eum:
1334 2139 1491 2180 stolam
1526 2138 1678 2188 gloriae
1714 2135 1854 2177 induit

1026 2209 1142 2246 eum,
1168 2199 1190 2222 ⁸¹
1214 2195 1271 2236 Et
1299 2195 1356 2236 ad
1381 2199 1533 2247 portas
1561 2192 1755 2245 paradisi
1783 2203 1852 2232 co·

1024 2252 1200 2293 tonavit
1227 2264 1338 2292 eum.
1385 2243 1434 2295 V.
1458 2248 1606 2290 Induit
1633 2261 1732 2289 eum
1758 2247 1852 2287 Dfis

1024 2307 1207 2348 loricam
1230 2306 1348 2355 fidei,
1377 2310 1422 2347 et
1447 2304 1618 2346 ornavit
1641 2316 1750 2344 eum.
1785 2301 1853 2342 Et.

1331 2363 1483 2405 Lectio
1502 2363 1556 2401 vi.

1029 2416 1251 2521 Primus
1269 2430 1397 2459 novae
1416 2414 1663 2457 istii'lsmodi
1680 2414 1853 2465 provin-

1127 2474 1206 2515 ciae
1225 2474 1423 2514 Minister
1441 2470 1722 2518 renuntiatus,
1744 2467 1851 2517 regi-

1026 2542 1135 2579 men,
1152 2529 1273 2580 quod
1287 2527 1578 2575 abdicaverat,
1595 2537 1733 2566 sacrae
1744 2523 1852 2564 Con-

1026 2585 1292 2635 gregationis
1311 2583 1634 2635 EpiscopOrum
1653 2584 1696 2620 et
1711 2579 1852 2628 Regu-

1026 2640 1182 2680 larium
1227 2641 1346 2691 jussu
1391 2641 1612 2678 assamere
1658 2636 1852 2681 coactus,

1028 2694 1204 2736 difficile
1223 2694 1363 2735 relatu
1382 2697 1464 2741 est,
1488 2695 1596 2743 quot
1616 2689 1853 2741 qualesque

1028 2750 1266 2791 calumnias
1302 2749 1387 2789 Dei
1430 2747 1593 2788 famulo
1641 2744 1854 2785 devorare
