2040 2990
734 186 937 220 Dominica
962 187 1026 221 ΠΙ.
1050 188 1264 222 Adventus.

150 290 237 329 qua
254 278 403 329 gessit,
431 282 475 319 et
499 291 587 319 non
606 277 773 319 videbit
791 278 975 328 gloriam

147 333 336 374 Domini.

205 389 258 441 Rz.
281 389 541 431 Bethlehem
568 389 723 431 civitas
750 390 835 432 Dei
862 403 974 431 sum-

147 445 224 494 mi,
250 457 305 486 ex
330 450 375 486 te
402 445 519 487 exiet
540 445 804 487 Dominator
822 447 971 496 Israel,

149 504 193 541 et
217 502 420 552 egressus
435 502 537 552 ejus
563 501 677 542 sicut
705 514 731 542 a
755 502 973 554 principio

148 555 318 598 dierum
347 557 623 607 aeternitatis,
657 561 701 598 et
726 558 974 609 magnifica-

147 611 264 653 bitur
291 613 336 653 in
362 612 508 654 medio
536 613 752 655 universae
779 618 926 655 terrae:
955 616 978 639 *

147 666 204 708 Et
231 680 320 720 pax
349 669 431 710 erit
456 669 501 709 in
527 674 647 711 terra
674 674 841 720 nostra,
870 669 974 711 dum

146 724 325 766 venerit.
386 720 436 772 V.
469 724 695 776 Loquetur
734 738 890 778 pacem
929 726 973 766 in

148 778 382 830 Gentibus,
410 785 454 822 et
477 783 676 833 potestas
700 782 790 832 ejus
815 794 841 822 a
865 782 975 822 mari

147 847 286 887 usque
305 836 362 877 ad
379 849 511 878 mare.
538 837 607 878 Et.

455 891 608 933 Lectio
627 892 682 932 iii.

151 941 382 1047 Domine
401 948 619 990 exaltetur
635 962 790 990 manus
809 953 900 1000 tua,
930 954 974 991 et

249 1015 339 1044 non
362 1004 554 1046 videant:
581 1005 777 1055 videant,
806 1010 850 1047 et
874 1018 973 1047 eon-

146 1058 384 1101 fundantur
403 1060 597 1102 zelantes
617 1061 786 1113 populi:
806 1066 849 1102 et
861 1061 973 1112 ignis

145 1113 296 1156 hostes
315 1119 416 1157 tuos
441 1116 634 1158 devoret.
670 1117 875 1167 Domine,
901 1117 973 1158 da-

145 1168 214 1211 bis
232 1183 389 1222 pacem
406 1171 550 1213 nobis:
575 1173 720 1214 omnia
739 1173 854 1214 enim
871 1175 973 1226 ope-

146 1237 196 1266 ra
220 1230 372 1268 nostra
396 1230 604 1279 operatus
632 1241 678 1270 es
703 1228 843 1269 nobis.
885 1229 973 1270 Do-

146 1281 262 1323 mine
271 1282 393 1324 Deus
407 1288 567 1334 noster,
584 1284 879 1336 possederunt
892 1297 974 1326 nos

147 1336 313 1379 domini
331 1338 499 1391 absque
517 1344 579 1390 te,
597 1344 767 1381 tantum
784 1340 829 1380 in
846 1345 890 1381 te
910 1353 973 1382 re-

147 1393 381 1435 cordemur
403 1395 592 1436 nominis
617 1395 692 1436 tui.
732 1395 973 1437 Morientes

145 1460 234 1490 non
269 1449 438 1500 vivant,
474 1451 672 1502 gigantes
708 1464 797 1492 non
833 1455 973 1492 resur-

146 1509 266 1554 gant:
293 1508 532 1559 propterea
549 1507 738 1548 visitasti
758 1511 802 1548 et
818 1508 974 1549 contri-

145 1560 248 1601 visti
268 1573 360 1611 eos,
380 1566 424 1603 et
441 1561 675 1615 perdidisti
694 1575 868 1604 omnem
886 1576 973 1605 me-

145 1616 330 1658 moriam
351 1620 513 1659 eorum.

201 1670 254 1722 R.
276 1673 360 1723 Qui
387 1677 596 1715 venturus
625 1678 709 1723 est,
735 1673 897 1723 veniet,
930 1679 974 1716 et

145 1739 234 1768 non
251 1728 461 1771 tardabit:
479 1734 524 1771 et
541 1730 627 1782 jam
642 1742 731 1771 non
746 1730 829 1771 erit
842 1730 974 1771 timor

145 1782 190 1823 in
212 1783 372 1826 finibus
395 1786 572 1827 nostris:
596 1782 620 1809 *
639 1785 857 1836 Quoniam
877 1786 973 1838 ipse

147 1842 214 1880 est
245 1838 447 1882 Salvator
477 1845 638 1882 noster.
685 1833 736 1883 V·
765 1841 973 1893 Deponet

147 1906 298 1936 omnes
321 1895 573 1948 iniquitates
597 1900 788 1946 nostras,
813 1901 856 1938 et
873 1909 971 1948 pro-

145 1949 260 2000 jiciet
290 1950 334 1991 in
365 1952 632 2003 profundum
661 1952 796 1993 maris
827 1953 974 1993 omnia

145 2008 330 2057 peccata
356 2012 519 2049 nostra.
555 2008 782 2057 Quoniam.
821 2003 973 2048 Gloria

145 2061 276 2102 Patri.
312 2063 539 2112 Quoniam.

371 2137 422 2178 In
447 2138 498 2178 H.
526 2138 749 2179 Nocturno.

225 2203 377 2251 Sermo
402 2209 542 2251 sancti
564 2210 726 2251 Leonis
749 2210 894 2262 Papae.

192 2272 309 2309 Serm.
330 2275 360 2310 2.
383 2275 430 2310 de
452 2276 595 2320 jejunio
618 2275 758 2311 decimi
774 2276 929 2314 mensis,

442 2328 479 2359 ct
502 2324 686 2358 collectis.

448 2383 601 2424 Lectio
622 2383 675 2423 iv.

214 2447 363 2490 uod
381 2449 594 2500 temporis
615 2449 744 2499 ratio,
771 2455 814 2491 et
839 2450 969 2491 devo-

154 2517 267 2577 &s
290 2503 610 2601 tionisdnostrae
635 2504 843 2603 aglmongt
869 2518 969 2602 00101-

150 2565 171 2581 ·(Ᾰ
203 2575 224 2578 2
291 2562 419 2601 suetu
453 2572 479 2600 0
542 2562 684 2601 astor'
708 2561 797 2602 ivo
831 2561 867 2602 is
942 2561 969 2591 '-

143 2611 385 2664 lectissimi,
430 2573 723 2658 sollicitudine
758 2592 969 2669 praedica-

144 2680 258 2718 mus,
290 2668 447 2711 decimi
472 2671 634 2714 mensis
658 2671 970 2714 celebrandum

298 2808 362 2833 Pars
378 2808 511 2835 Hiemalis.

1029 291 1126 320 esse
1144 279 1364 331 jejunium,
1390 291 1477 330 quo
1496 293 1578 332 pro
1598 285 1855 323 consumata

1027 335 1314 387 perceptione
1334 335 1527 376 omnium
1545 336 1775 388 fructuum,
1795 338 1854 379 di-

1027 391 1235 441 gnissime
1254 390 1451 441 largitori
1471 393 1621 433 eorum
1637 394 1734 434 Deo
1755 406 1854 435 con-

1027 446 1222 487 tinentiae
1259 445 1451 487 libamen
1487 447 1679 489 offertur.
1738 449 1855 499 Quid

1028 503 1144 543 enim
1159 506 1311 554 potest
1325 502 1545 544 efficacius
1562 517 1658 545 esse
1673 504 1854 556 jejunio?

1028 559 1149 609 cujus
1200 558 1480 600 observantia
1531 562 1854 613 appropinqua-

1027 627 1125 654 mus
1155 614 1269 664 Deo,
1302 620 1346 656 et
1377 615 1630 657 resistentes
1665 616 1853 668 diabolo,

1027 670 1134 711 vitia
1152 670 1313 711 blanda
1330 674 1599 723 superamus.

1084 724 1135 774 R.
1156 727 1350 778 AEgypte
1374 727 1466 767 noli
1493 727 1614 778 flere,
1643 729 1743 780 quia
1766 730 1853 770 Do-

1026 781 1216 822 minator
1233 786 1334 823 tuus
1348 783 1493 824 veniet
1506 783 1596 832 tibi,
1616 790 1717 826 ante
1733 786 1852 836 cujus

1027 839 1315 889 conspectum
1333 838 1627 880 movebuntur
1649 840 1810 892 abyssi,
1834 837 1856 860 *

1025 892 1236 941 Liberare
1260 894 1474 946 populum
1499 908 1626 936 suum
1649 895 1703 937 de
1722 910 1853 938 manu

1026 949 1249 1000 potentiae.
1280 944 1331 994 ,V-
1345 950 1461 991 Ecce
1475 951 1621 992 veniet
1638 952 1853 994 Dominus

1027 1007 1315 1056 exercituum,
1343 1006 1464 1047 Deus
1488 1011 1588 1048 tuus
1613 1021 1713 1049 cum
1732 1014 1854 1061 pote-

1027 1062 1143 1102 state
1161 1074 1330 1112 magna.
1358 1062 1577 1104 Liberare.

1340 1117 1493 1158 Lectio
1515 1131 1551 1157 v.

1032 1167 1250 1275 Semper
1284 1173 1399 1214 enim
1426 1174 1578 1216 virtati
1605 1175 1729 1216 cibus
1755 1176 1853 1227 jeju-

1103 1229 1224 1269 nium
1241 1229 1334 1270 fuit.
1361 1231 1428 1270 De
1450 1229 1715 1272 abstinentia
1737 1231 1853 1272 deni-

1027 1296 1112 1335 que
1140 1284 1361 1336 prodeunt
1390 1290 1522 1326 castae
1552 1287 1852 1337 cogitationes,

1026 1340 1309 1381 rationabiles
1328 1341 1588 1391 voluntates,
1609 1342 1852 1383 salubriora

1027 1395 1223 1436 consilia:
1261 1401 1304 1437 et
1336 1409 1416 1448 per
1447 1397 1714 1439 voluntarias
1747 1398 1852 1438 affli-

1027 1452 1195 1492 ctiones
1224 1464 1326 1492 caro
1360 1453 1727 1505 concupiscentiis
1760 1456 1851 1494 mo-

1026 1507 1145 1557 ritur,
1164 1507 1400 1549 virtutibus
1416 1509 1594 1560 spiritus
1610 1509 1852 1551 innovatur.

1026 1562 1113 1604 Sed
1142 1563 1243 1614 quia
1270 1575 1358 1604 non
1386 1564 1481 1605 solo
1510 1565 1666 1615 jejunio
1693 1565 1852 1606 anima-

1026 1630 1122 1658 rum
1157 1620 1410 1659 nostrarum
1447 1620 1564 1660 salus
1597 1621 1851 1672 acquiritur:

1025 1674 1230 1725 jejunium
1281 1679 1481 1716 nostrum
1537 1675 1850 1717 misericordiis

1025 1733 1269 1782 pauperum
1292 1730 1586 1782 suppleamus.
1622 1732 1850 1783 Impenda-

1025 1798 1122 1826 mus
1168 1785 1336 1834 virtuti,
1385 1786 1505 1837 quod
1555 1786 1848 1828 subtrahimus

1025 1841 1254 1893 voluptati.
1300 1841 1400 1882 Fiat
1431 1841 1611 1882 refectio
1640 1842 1848 1894 pauperis

1025 1896 1289 1938 abstinentia
1307 1897 1547 1948 jejunantis.

1082 1948 1132 1999 R·
1157 1952 1305 2004 Prope
1333 1956 1400 1993 est
1427 1956 1476 1993 ut
1500 1951 1648 1994 veniat
1674 1957 1848 2006 tempus

1026 2007 1133 2058 erS,
1162 2011 1206 2048 et
1234 2007 1328 2048 dies
1356 2008 1446 2059 ejus
1474 2020 1563 2048 non
1587 2007 1847 2060 elongabun-

1023 2066 1109 2103 tur:
1132 2059 1156 2085 *
1170 2062 1449 2104 Miserebitur
1467 2064 1682 2105 Dominus
1701 2066 1848 2116 Jacob,

1025 2122 1068 2159 et
1086 2118 1225 2159 Israel
1244 2118 1495 2160 salvabitur.
1536 2108 1586 2159 V·
1607 2121 1846 2163 Revertere

1022 2173 1147 2224 virgo
1163 2174 1311 2224 Israel,
1330 2176 1550 2216 revertere
1569 2176 1627 2217 ad
1645 2177 1846 2219 civitates

1022 2233 1132 2270 tuas.
1159 2229 1449 2272 Miserebitur.

1327 2278 1481 2318 Lectio
1501 2281 1554 2318 vi.

1093 2339 1324 2382 tudeamus
1343 2341 1573 2383 viduarum
1594 2343 1846 2394 defensioni,

1105 2397 1373 2448 pupillorum
1391 2398 1585 2448 utilitati,
1604 2398 1844 2450 lugentium

1022 2452 1330 2502 consolationi,
1385 2452 1689 2495 dissidentium
1734 2455 1844 2506 paci.

1021 2507 1292 2559 Suscipiatur
1318 2511 1590 2560 peregrinus,
1617 2510 1844 2562 adjuvetur

1021 2565 1278 2615 oppressus,
1295 2564 1507 2606 vestiatur
1525 2564 1681 2614 nudus,
1700 2566 1842 2606 fovea-

1019 2622 1091 2659 tur
1131 2621 1340 2670 aegrotus:
1380 2624 1428 2660 ut
1469 2620 1731 2672 quicumque
1766 2632 1840 2660 no-

1021 2678 1162 2716 strum
1189 2673 1244 2716 de
1270 2675 1395 2726 justis
1422 2675 1647 2717 laboribus
1673 2674 1841 2717 auctori

1596 2803 1635 2835 11
