2040 2990
179 196 246 232 252

181 295 342 337 himine
364 297 459 342 tuo,
487 298 531 336 et
554 305 681 344 reges
705 292 749 333 in
773 291 1010 345 splendore

181 357 303 394 ortus
326 349 401 392 tui.
437 350 557 392 Leva
580 350 624 391 in
649 348 832 391 circuitu
855 348 1008 390 oculos

179 414 291 457 tuos,
309 411 353 448 et
366 405 482 448 vide:
501 418 654 448 omnes
668 405 741 446 isti
755 405 1009 456 congregati

181 469 291 514 sunt,
304 464 518 505 venerunt
530 462 624 505 tibi:
641 462 718 503 filii
731 462 794 503 tui
810 461 866 503 de
879 461 1009 513 longe

180 521 368 570 venient,
393 524 437 561 et
455 519 558 560 filiae
577 524 667 560 tuae
687 518 742 560 de
762 518 900 559 latere
919 530 1009 559 sur-

178 582 294 629 gent.
330 576 455 618 Tune
474 575 655 624 videbiS,
680 580 725 617 et
744 575 909 624 afflues,
932 575 1008 615 mi-

179 634 366 682 rabitur,
402 637 446 675 et
478 631 731 674 dilatabitur
766 644 843 672 cor
874 636 1009 681 tuum,
1071 648 1102 687 5:⁸²3

182 689 357 743 quando
382 691 594 731 conversa
612 688 742 729 faerit
765 687 822 728 ad
841 692 885 729 te
903 687 1008 728 mul—

178 746 322 789 titudo
359 746 511 795 maris,
552 743 763 786 fortitudo
802 744 1009 785 Gentium
1065 757 1067 763 ¹

179 803 347 845 venerit
365 802 456 844 tibi.
488 800 721 843 Inundatio
742 800 1009 842 camelorum

180 860 350 913 operiet
375 864 436 908 te,
467 857 734 900 dromedarii
759 856 935 898 Madian
965 862 1008 898 et

178 916 322 969 Epha:
348 927 500 957 omnes
520 914 575 956 de
594 914 709 956 Saba
728 914 915 963 venient,
937 926 1008 955 au-

179 985 276 1014 rum
296 978 340 1015 et
362 972 464 1014 thus
485 970 747 1021 deferenteS,
772 975 816 1012 et
833 970 1008 1012 laudem

178 1029 369 1071 Domino
390 1027 706 1070 annuntiantes.

234 1100 283 1151 Rg.
312 1098 364 1138 In
396 1095 612 1139 colambae
645 1095 793 1148 specie
820 1094 1008 1148 Spiritus

179 1159 358 1196 sanctus
371 1154 497 1196 visus
519 1157 602 1203 est,
624 1153 813 1194 Paterna
831 1163 919 1193 vox
937 1164 1008 1192 au-

180 1211 271 1253 dita
295 1215 377 1252 est:
403 1214 425 1238 *
447 1210 532 1251 Hic
556 1214 624 1251 est
642 1209 776 1250 Filius
799 1221 924 1250 meus
949 1207 1009 1249 di-

178 1268 331 1317 lectus,
345 1267 390 1308 in
404 1279 491 1319 quo
505 1266 611 1307 mihi
624 1266 737 1308 bene
752 1265 1009 1318 complacui.

182 1320 232 1372 V.
253 1324 365 1366 Coeli
389 1323 531 1376 aperti
554 1327 655 1365 sunt
678 1335 812 1375 super
831 1335 942 1372 eum,
967 1326 1010 1363 et

179 1394 268 1423 vox
284 1381 430 1422 Patris
451 1380 651 1422 intonuit.
679 1379 765 1421 Hic
784 1383 862 1421 est.

261 1457 413 1498 Lectio
434 1457 488 1497 iii.
608 1457 663 1497 Is.
680 1458 738 1497 61.
755 1455 793 1497 d.
810 1462 852 1497 et
869 1457 931 1497 62.

186 1522 433 1630 Gaudens
451 1522 655 1574 gaudebo
674 1522 719 1563 in
737 1522 945 1572 Domino,
967 1526 1011 1564 et

286 1580 523 1623 exsultabit
551 1580 695 1621 anima
720 1592 818 1621 mea
845 1579 890 1620 in
913 1579 1011 1620 Deo

182 1651 301 1680 meo:
335 1637 436 1690 quia
467 1636 608 1678 induit
637 1648 708 1678 me
739 1635 1012 1677 vestimentis

182 1695 352 1737 salutis:
380 1698 424 1736 et
448 1692 703 1735 indumento
730 1692 905 1744 justitiae
932 1692 1011 1734 cir-

182 1750 406 1794 cumdedit
433 1762 520 1800 me,
550 1750 674 1802 quasi
702 1762 914 1802 sponsum
940 1748 1011 1791 de-

182 1810 380 1850 coratum
401 1808 576 1856 corona,
595 1811 639 1848 et
659 1806 785 1858 quasi
803 1818 1012 1859 sponsam

183 1867 383 1906 ornatam
393 1863 629 1906 monilibus
643 1862 742 1904 suis.
763 1862 885 1904 Sicut
897 1862 1012 1904 enim

181 1926 300 1963 terra
313 1920 483 1974 profert
497 1933 676 1971 germen
690 1933 827 1970 suum,
844 1924 888 1962 et
901 1919 1014 1961 sicut

182 1978 338 2020 hortus
363 1989 513 2019 semen
539 1990 666 2019 suum
690 1976 922 2028 germinat,
950 1976 1013 2018 sic

182 2034 398 2076 Dominus
435 2034 557 2076 Deus
597 2032 860 2085 germinabit
896 2034 1013 2085 justi-

182 2091 307 2142 tiam,
339 2095 384 2132 et
412 2089 587 2132 laudem
619 2102 769 2132 coram
798 2090 1013 2132 universis

184 2146 411 2189 Gentibus.
446 2146 635 2199 Propter
658 2147 762 2188 Sion
785 2159 874 2188 non
898 2149 1012 2188 tace-

182 2203 257 2254 bo,
280 2208 324 2245 et
346 2208 529 2256 propter
548 2203 792 2245 Jerusalem
812 2217 901 2246 non
922 2203 1013 2256 qui-

184 2263 345 2310 escam,
371 2259 513 2301 donec
533 2259 783 2310 egrediatur
802 2265 851 2302 ut
870 2260 1012 2313 splen-

183 2317 265 2359 dor
287 2317 426 2369 justus
447 2317 552 2368 erS‚
577 2321 621 2358 et
645 2316 837 2359 salvator
857 2318 947 2369 ejus
966 2322 1014 2359 ut

183 2373 351 2426 lampas
371 2372 648 2415 accendatur.

239 2439 288 2490 R:-
307 2441 455 2492 Reges
475 2441 657 2489 Tharsis
681 2445 724 2483 et
748 2441 901 2483 insulae
922 2445 1012 2483 mu-

184 2510 290 2540 nera
314 2497 514 2539 offerent:
538 2497 559 2521 *
582 2498 727 2548 Reges
746 2497 943 2539 Arabum
969 2503 1012 2540 et

182 2554 298 2597 Saba
317 2554 433 2596 dona
452 2554 644 2596 Domino
663 2554 761 2595 Deo
781 2554 1012 2597 adducent.

187 2607 238 2654 V-
256 2611 419 2653 Omnes
440 2610 495 2652 de
512 2610 627 2652 Saba
646 2611 836 2660 venient,
861 2624 1013 2653 aurum

184 2672 228 2710 et
251 2667 353 2710 thus
379 2666 637 2709 deferentes.
671 2667 828 2718 Reges.
863 2668 1013 2709 Gloria

183 2724 313 2767 Patri.
346 2725 502 2775 Reges.

803 201 842 234 In
868 200 1087 244 Epiphania
1113 199 1278 234 Domini.

1287 295 1336 333 In
1362 295 1413 333 11.
1441 294 1663 335 Nocturno.

1116 366 1214 405 Ant.
1240 361 1391 403 Omnis
1408 365 1527 403 terra
1546 360 1703 402 adoret
1721 364 1782 410 te,
1801 359 1826 386 *
1845 363 1890 401 et

1063 416 1223 470 psallat
1241 416 1334 458 tibi:
1353 417 1570 470 psalmum
1589 416 1706 459 dicat
1724 415 1889 458 nomini

1061 478 1137 515 tuo
1155 474 1357 516 Domine.

1331 562 1528 604 Psalmus
1557 562 1623 603 65.

1129 644 1161 681 ’,ε
1171 630 1335 672 ubilate
1352 631 1451 672 Deo
1471 631 1612 672 omnis
1631 635 1759 680 terra,
1778 629 1890 682 psal-

1125 703 1164 759 >³
1197 686 1511 795 ἓὶἳῖςῗὲἳῖἑί,
1520 687 1830 795 ἳὲἳὲἓῑῖἒεὲ
1866 687 1890 712 *

1112 800 1256 842 Dicite
1275 801 1389 850 Deo,
1410 813 1541 853 quam
1560 799 1771 843 terribilia
1790 803 1891 841 sunt

1062 858 1199 909 opera
1229 862 1304 898 tua
1330 857 1539 899 Domine!
1571 859 1595 885 *
1627 858 1671 898 in
1698 855 1890 898 multitu-

1062 912 1161 955 dine
1194 914 1368 956 virtutis
1400 919 1488 956 tuae
1518 914 1783 956 mentientur
1811 912 1890 955 tibi

1062 969 1225 1012 inimici
1251 970 1326 1012 tui.

1115 1026 1269 1068 Omnis
1288 1031 1405 1068 terra
1424 1027 1580 1069 adoret
1598 1031 1654 1076 te,
1673 1031 1718 1069 et
1732 1025 1892 1079 psallat

1062 1082 1155 1124 tibi:
1180 1083 1204 1110 *
1229 1083 1449 1136 psalmum
1474 1083 1592 1125 dicat
1615 1083 1781 1125 nomini
1803 1087 1892 1124 tuo.

1114 1140 1293 1191 Venite,
1327 1144 1371 1182 et
1400 1140 1546 1183 videte
1575 1142 1711 1193 opera
1738 1139 1840 1182 Dei:
1867 1139 1892 1165 *

1062 1196 1268 1239 terribilis
1304 1197 1348 1238 in
1383 1197 1575 1239 consiliis
1612 1209 1745 1250 super
1776 1195 1892 1238 filios

1062 1253 1300 1299 hominum.

1115 1310 1200 1361 Qui
1219 1310 1436 1352 convertit
1452 1323 1573 1352 mare
1591 1310 1636 1351 in
1653 1309 1832 1359 aridam,
1849 1309 1893 1350 in

1063 1367 1242 1408 flumine
1269 1366 1601 1420 pertransibunt
1625 1366 1757 1421 pede:
1784 1366 1808 1392 *
1834 1365 1894 1408 ibi

1062 1423 1312 1466 laetabimur
1339 1423 1383 1464 in
1411 1423 1521 1477 ipso.

1116 1481 1201 1532 Qui
1225 1480 1474 1522 dominatur
1496 1480 1540 1521 in
1564 1480 1726 1523 virtute
1749 1493 1829 1522 sua
1850 1480 1893 1521 in

1065 1539 1291 1587 aeternum,
1318 1537 1432 1579 oculi
1456 1537 1546 1589 ejus
1572 1549 1705 1591 super
1729 1536 1894 1579 Gentes

1064 1594 1321 1647 respiciunt:
1352 1595 1376 1621 *
1409 1594 1483 1646 qui
1515 1596 1780 1647 exasperant
1806 1606 1894 1636 non

1066 1651 1312 1693 exaltentur
1338 1650 1382 1691 in
1410 1651 1668 1704 semetipsis.

1117 1706 1371 1749 Benedicite
1417 1707 1583 1749 Gentes
1627 1707 1771 1750 Deum
1819 1719 1894 1748 no·

1066 1769 1221 1806 strum:
1247 1764 1271 1790 *
1299 1769 1342 1806 et
1367 1763 1561 1806 auditam
1586 1764 1716 1806 facite
1740 1775 1895 1806 vocem

1065 1820 1206 1863 laudis
1235 1822 1337 1871 ejus,

1119 1877 1203 1928 Qui
1223 1877 1372 1930 posuit
1392 1877 1580 1918 animam
1598 1889 1742 1919 meam
1760 1875 1817 1918 ad
1835 1873 1894 1917 vi-

1066 1939 1172 1977 tam:
1200 1935 1223 1962 *
1251 1939 1295 1976 et
1317 1947 1405 1976 non
1429 1933 1553 1976 dedit
1574 1934 1618 1975 in
1642 1933 1895 1976 commotio-

1066 2005 1167 2035 nem
1194 1990 1332 2044 pedes
1359 2003 1494 2033 meos,

1119 2047 1335 2099 Quoniam
1362 2047 1563 2100 probasti
1592 2059 1673 2088 nos
1701 2047 1841 2089 Deus:
1872 2048 1896 2074 *

1066 2106 1167 2157 igne
1190 2117 1271 2146 nos
1298 2104 1572 2154 examinasti,
1600 2104 1713 2146 sicut
1738 2103 1896 2146 exami-

1066 2163 1194 2203 natur
1222 2161 1461 2211 argentum.

1119 2216 1335 2259 Induxisti
1354 2229 1435 2258 nos
1459 2217 1502 2258 in
1523 2217 1745 2270 laqueum,
1767 2228 1896 2269 posu-

1067 2274 1139 2316 isti
1166 2273 1469 2315 tribulationes
1497 2274 1539 2314 in
1565 2273 1699 2316 dorso
1725 2277 1897 2314 nostro:

1066 2332 1090 2358 *
1109 2329 1358 2383 imposuisti
1376 2328 1574 2372 homines
1597 2342 1730 2383 super
1750 2329 1896 2381 capita

1066 2392 1228 2429 nostra.

1118 2442 1420 2484 Transivimus
1462 2454 1542 2494 per
1584 2442 1729 2493 ignem
1770 2447 1814 2485 et
1854 2455 1895 2484 a-

1068 2513 1216 2552 quam:
1248 2500 1272 2527 *
1305 2503 1348 2541 et
1380 2498 1570 2541 eduxisti
1596 2512 1677 2540 nos
1707 2499 1750 2540 in
1777 2499 1896 2542 refri-

1066 2556 1244 2609 gerium.

1118 2611 1317 2654 Introibo
1343 2611 1383 2652 in
1410 2611 1588 2653 domum
1611 2617 1731 2654 tuam
1754 2612 1798 2653 in
1820 2611 1895 2653 ho-

1066 2669 1292 2711 locaustis:
1316 2669 1339 2694 *
1363 2667 1545 2710 reddam
1567 2668 1645 2710 tibi
1665 2674 1768 2711 vota
1787 2681 1894 2718 mea,

1068 2739 1166 2778 quae
1195 2725 1485 2767 distinxerunt
1512 2724 1629 2767 labia
1654 2737 1762 2767 mea.
