2080 2990
470 252 542 285 Die
566 252 617 286 26.
644 252 754 286 Febr.
802 252 835 286 S.
862 252 1083 293 Margarita:
1109 252 1361 286 (tortonensis
1386 254 1523 287 J’oenit.

145 347 346 399 alligato,
391 347 513 389 humi
557 348 874 400 procumbens,
906 347 975 390 ·ab

146 404 348 446 omnibus
373 416 484 456 quos
510 406 640 447 antea
663 404 860 447 moribus
887 405 976 446 suis

145 460 293 514 palam
321 459 585 511 offenderat,
617 461 792 502 veniam
824 463 976 503 exora-

145 517 219 559 vit.
272 517 379 558 Mox
409 517 649 559 Cortonam
680 518 900 570 profecta,
932 518 977 558 in

146 576 292 615 cinere
325 578 368 615 et
402 572 545 615 cilicio
580 586 606 614 a
637 587 685 616 se
712 573 866 615 laesam
893 574 977 615 Dei

145 631 420 682 maiestatem
435 630 615 682 placare
636 630 814 680 studuit,
835 629 978 672 donec

146 691 250 739 post
293 686 507 728 triennale
549 687 762 729 virtutum
808 688 976 740 experi-

146 745 342 785 mentum
359 756 385 784 a
404 742 612 785 fratribus
628 743 872 785 Minoribus
892 744 976 796 spi-

146 799 316 841 ritualis
343 800 446 841 vitae
476 798 663 842 ducibus
691 800 831 841 Tertii
864 799 977 841 ordi-

146 856 213 897 nis
249 855 450 898 habitum
488 856 754 908 impetravit.
807 856 978 899 Uberes

148 911 307 954 exinde
334 912 527 954 lacrimae
557 913 597 954 ei
625 913 862 955 familiares
891 913 978 954 fue-

146 973 259 1019 runt,
280 973 413 1021 atque
434 969 522 1010 ima
541 970 730 1022 suspiria
748 974 871 1011 tanta
891 970 976 1010 ani-

146 1025 207 1066 mi
234 1025 497 1066 contritione
526 1024 674 1075 ducta,
702 1031 750 1067 ut
778 1025 853 1067 diu
877 1026 978 1067 elin-

147 1081 243 1133 guis
282 1083 554 1123 consisteret.
608 1082 817 1124 Lectulus
861 1082 980 1124 nuda

147 1138 324 1188 humus,
353 1138 544 1180 cervical
570 1139 684 1192 lapis
712 1143 787 1180 aut
814 1138 978 1190 lignum

146 1195 361 1248 porrexit;
374 1199 507 1248 atque
517 1196 578 1237 ita
588 1201 744 1238 noctes
754 1196 978 1237 insomnes

146 1251 191 1292 in
217 1251 462 1293 coelestium
489 1251 775 1295 meditatione
803 1252 979 1294 trahere

148 1308 387 1358 consuevit,
406 1307 573 1350 nullum
588 1309 777 1362 amplius
791 1322 979 1361 pravum

148 1363 416 1406 desiderium
443 1366 674 1418 perpessa,
704 1365 809 1407 dum
836 1365 979 1406 bonus

148 1421 328 1473 spiritus
356 1422 608 1474 promptior
636 1422 856 1462 infirmam
888 1434 978 1463 631-

146 1489 248 1575 gem
273 1476 331 1519 ad
357 1476 613 1519 subeundos
639 1478 817 1520 labores
845 1478 979 1529 erige-

179 1538 225 1575 at

198 1595 251 1647 R
285 1590 476 1642 Propter
508 1591 756 1642 veritatem,
792 1596 837 1632 et
863 1605 980 1632 man-

148 1646 440 1696 suetudinem,
466 1651 511 1688 et
535 1647 758 1699 justitiam:
778 1650 801 1674 *
827 1647 884 1690 Et
908 1647 979 1689 de-

149 1701 283 1744 ducet
313 1706 358 1744 te
389 1702 647 1745 mirabiliter
680 1703 864 1746 dextera
894 1710 980 1746 tua.

147 1752 198 1806 V.
224 1758 382 1811 Specie
400 1763 477 1800 tua
497 1764 540 1801 et
558 1759 886 1812 pulchritudine
905 1765 982 1801 tua

146 1813 342 1864 intende,
369 1817 585 1868 prospere
608 1816 820 1868 procede,
850 1822 894 1859 et
917 1829 980 1858 16-

147 1883 243 1922 gna.
269 1870 327 1913 Et
347 1870 549 1914 deducet.

456 1931 609 1973 Lectio
630 1946 668 1971 v.

245 1982 447 2025 daemone
493 1984 663 2026 insidiis
705 1985 981 2037 funestisque

270 2040 502 2082 conatibus
550 2041 775 2092 lacessita,
824 2042 982 2083 mulier

148 2095 276 2137 fortis
301 2095 476 2138 hostem
487 2109 558 2139 ‘ex
583 2098 731 2140 verbis
759 2098 982 2140 detectum

149 2151 287 2193 semel
305 2157 438 2204 atque
456 2155 615 2195 iterum
630 2155 793 2196 invicta
810 2154 981 2207 repulit.

150 2207 223 2249 Ad
246 2207 512 2251 eludendum
535 2222 661 2251 vanae
685 2210 838 2262 gloriae
862 2211 980 2252 leno-

150 2264 328 2315 cinium,
358 2278 447 2317 quo
477 2278 502 2307 a
529 2266 646 2308 malo
676 2267 833 2319 spiritu
861 2272 980 2319 pete-

149 2319 296 2371 batur,
320 2323 572 2374 praeteritos
598 2336 745 2364 mores
772 2335 877 2364 suos
901 2336 982 2375 per

149 2376 292 2426 vicos,
326 2382 370 2419 et
400 2378 571 2430 plateas
601 2379 690 2420 alta
717 2392 830 2421 voce
858 2392 981 2421 accu-

151 2434 250 2474 sare
277 2445 366 2474 non
394 2433 580 2484 destitit,
614 2435 731 2476 omni
763 2435 981 2500 supplicio

151 2501 199 2530 se
215 2501 337 2530 ream
354 2490 611 2532 inclamans·
631 2504 714 2533 nec
734 2492 817 2532 nisi
837 2505 862 2532 a
883 2504 982 2533 con-

151 2544 336 2587 fessario
356 2546 605 2598 deterrita‚'
594 2562 638 2588 1n
658 2548 906 2600 speciosam
925 2547 982 2588 fa-

152 2600 274 2651 ciem,
300 2602 438 2643 olim‘
427 2604 589 2655 lmpuri
612 2604 774 2645 amoris
795 2616 982 2654 causam,

152 2659 310 2698 saevire
328 2658 548 2709 abstinuit,
568 2673 685 2710 aegre
700 2660 844 2701 ferens
859 2673 983 2700 suam

153 2712 340 2754 formam
364 2714 495 2766 longa
521 2716 663 2757 carnis
687 2716 982 2757 maceratione

152 2780 241 2810 non
266 2769 445 2812 aboleri.
490 2771 658 2822 Quibus
683 2772 868 2823 aliisque
894 2785 981 2813 ma-

1694 278 1698 282 -
1756 253 1855 297 [301]

1029 361 1128 399 gnae
1154 348 1426 400 poenitentiae
1459 347 1726 399 argumentis
1759 360 1856 389 suo-

1029 417 1127 445 rum
1145 405 1374 445 criminum
1392 403 1491 445 labe
1513 404 1701 456 expiata,
1724 409 1858 456 atque

1029 461 1092 503 ita
1117 460 1173 502 de
1199 473 1246 502 se
1272 460 1601 513 triumphatrix,
1629 465 1677 501 ut
1703 473 1857 501 sensus

1029 517 1160 569 plane
1202 529 1354 558 omnes
1390 531 1416 558 a
1452 515 1603 558 mundi
1640 516 1858 558 illecebris

1031 573 1292 623 custodiret,
1327 573 1458 625 digna
1488 573 1603 614 faeta
1636 578 1721 623 est,
1759 586 1857 625 quae

1031 643 1152 682 saepe
1167 630 1345 672 Domini
1365 629 1682 671 consuetudine
1697 629 1857 671 fruere-

1030 692 1112 728 tur.
1165 686 1375 738 Ejusdem
1409 698 1586 739 quoque
1618 685 1780 727 Christi
1815 691 1859 727 et

1031 743 1225 794 Virginis
1236 744 1390 785 Matris
1402 742 1615 791 dolorum,
1632 742 1752 794 quod
1762 743 1860 795 ipsa

1032 799 1236 841 ardenter
1264 801 1520 852 expetierat,
1549 798 1772 850 particeps
1800 798 1858 839 fa-

1032 861 1112 906 613,
1141 857 1309 897 cunctis
1338 855 1538 897 sensibus
1567 853 1788 904 destituta,
1817 860 1860 896 et

1032 925 1134 954 vere
1174 915 1349 954 mortua
1388 911 1608 954 interdum
1650 911 1742 951 visa
1784 916 1860 953 est.

1032 968 1104 1010 Ad
1128 981 1226 1010 eam
1251 969 1450 1022 proinde,
1477 967 1613 1009 veluti
1638 967 1694 1008 ad
1719 967 1859 1020 perfe-

1033 1025 1191 1066 ctionis
1206 1027 1470 1076 magistram,
1486 1037 1540 1065 ex
1551 1023 1715 1065 dissitis
1730 1024 1861 1065 etiam

1032 1081 1282 1132 regionibus
1315 1081 1492 1134 plurimi
1523 1079 1861 1121 conveniebant:

1031 1138 1129 1190 ipsa
1151 1151 1258 1179 vero
1283 1138 1462 1187 coelesti,
1487 1149 1575 1188 quo
1600 1141 1694 1178 erat
1716 1136 1859 1188 perfu-

1034 1207 1099 1244 sa,
1126 1194 1289 1236 lumine
1317 1193 1515 1235 cordium
1544 1194 1733 1243 secreta,
1761 1205 1859 1233 con-

1034 1251 1238 1292 scientias
1255 1250 1490 1299 hominum‚
1507 1250 1596 1290 imo
1617 1254 1660 1290 et
1676 1251 1861 1301 peccata

1033 1307 1077 1347 in
1095 1308 1277 1349 remotis
1296 1307 1399 1348 licet
1418 1305 1617 1359 partibus
1636 1305 1780 1346 Deum
1800 1305 1860 1346 of-

1033 1364 1303 1406 fendentium
1321 1377 1419 1405 cum
1436 1362 1589 1404 dolore
1608 1367 1652 1403 et
1670 1361 1860 1402 lacrimis

1034 1421 1260 1471 detegens,
1290 1422 1547 1471 summaque
1575 1419 1620 1459 in
1645 1418 1789 1459 Deum
1818 1422 1862 1459 et

1033 1477 1283 1529 proximum
1306 1477 1490 1518 caritate
1511 1475 1695 1524 fervens,
1714 1474 1860 1525 ingen-

1032 1538 1123 1575 tem
1165 1534 1407 1574 animarum
1448 1532 1636 1573 fructum
1678 1532 1862 1583 operata

1035 1595 1112 1632 est.
1140 1590 1290 1641 AEgris
1311 1589 1368 1631 ad
1388 1601 1435 1630 se
1455 1587 1730 1630 venientibus
1750 1586 1861 1627 salu-

1034 1651 1134 1696 tem,
1159 1646 1355 1688 obsessis
1377 1659 1402 1686 a
1422 1645 1624 1687 daemone
1643 1643 1861 1685 liberatio-

1033 1715 1135 1744 nem
1169 1702 1432 1755 impetravit.
1487 1701 1678 1742 Puerum
1714 1699 1862 1741 defun-

1035 1764 1154 1800 ctum
1181 1758 1357 1809 lugente
1384 1763 1523 1799 matre
1552 1756 1608 1798 ad
1635 1756 1770 1798 vitam
1797 1768 1860 1796 re-

1035 1815 1171 1857 duxit.
1225 1815 1507 1855 Imminentes
1547 1813 1763 1855 bellorum
1797 1818 1861 1853 tu-

1034 1871 1198 1913 multus
1226 1870 1413 1912 assiduis
1440 1869 1712 1911 orationibus
1738 1866 1860 1909 seda-

1034 1927 1108 1969 vit.
1134 1927 1336 1979 Denique
1356 1939 1538 1968 summae
1558 1925 1737 1978 pietatis
1757 1926 1859 1976 ope-

1034 1984 1157 2026 ribus
1175 1985 1301 2026 vivos
1325 1989 1368 2026 et
1391 1986 1590 2025 mortuos
1614 1981 1698 2023 sibi
1717 1980 1859 2023 deme-

1034 2041 1132 2083 ruit.

1082 2102 1137 2162 R
1163 2096 1367 2138 Dilexisti
1394 2096 1618 2148 justitiam,
1651 2099 1696 2136 et
1728 2093 1862 2135 odisti

1034 2153 1325 2205 iniquitatem:
1354 2158 1375 2181 *
1399 2153 1643 2205 Propterea
1669 2151 1793 2192 unxit
1817 2155 1861 2191 te

1034 2210 1175 2259 Deus,
1220 2210 1342 2251 Deus
1393 2214 1494 2250 tuus
1540 2208 1639 2250 oleo
1684 2206 1861 2248 laetitiae.

1033 2266 1084 2317 V.
1110 2266 1300 2318 Propter
1324 2266 1572 2315 veritatem,
1599 2269 1643 2306 et
1665 2275 1860 2304 mansue-

1035 2322 1242 2373 tudinem,
1262 2326 1305 2363 et
1322 2322 1543 2374 justitiam.
1570 2321 1820 2372 Propterea.

1331 2381 1484 2422 Lectio
1506 2381 1557 2419 vi.

1115 2439 1163 2476 ot
1199 2435 1362 2477 sanctis
1395 2434 1602 2487 operibus
1634 2433 1861 2484 occupata,

1139 2491 1194 2533 de
1220 2491 1364 2542 rigore
1389 2503 1476 2543 quo
1501 2488 1677 2531 assidue
1700 2500 1862 2540 corpus

1036 2560 1162 2588 suum
1190 2547 1436 2596 exercebat,
1461 2545 1566 2586 nihil
1590 2544 1766 2593 remisit,
1790 2556 1860 2584 116-

1037 2616 1122 2655 que
1154 2616 1180 2644 a
1212 2603 1358 2645 studio
1394 2602 1590 2644 coelestia
1621 2598 1862 2642 meditandi

1036 2672 1084 2701 se
1103 2659 1232 2702 avelli
1251 2672 1382 2712 passa
1401 2663 1479 2708 est,
1497 2658 1541 2698 in
1555 2659 1744 2708 utroque
1759 2655 1861 2696 vitae

1035 2717 1196 2766 genere
1211 2716 1340 2768 plane
1356 2713 1622 2762 admiranda,
1632 2713 1862 2762 utramque

1036 2774 1236 2813 sororem
1255 2770 1559 2822 Magdalenam
1584 2774 1627 2811 et
1646 2766 1862 2808 Martham
