2040 2990
711 202 817 236 Feria
845 203 954 237 tertia
983 203 1029 237 ad
1056 204 1293 238 Matutinum.

205 298 432 341 Fundetur
457 297 745 340 exsultatiene
765 298 980 339 universae

154 360 286 398 terrae
314 369 440 397 mons
461 355 575 405 Sion,
595 355 618 380 *
642 354 781 396 latera
799 354 979 406 Aquile-

154 413 233 462 nis,
253 412 407 454 civitas
430 412 546 463 regis
566 411 722 463 magni.

205 469 326 511 Deus
350 469 394 510 in
410 468 614 510 demibus
634 469 724 520 eius
744 470 977 520 cognosce-

153 530 234 575 tur,
253 528 277 552 ’⁸¹
297 538 396 567 cum
415 525 624 578 suscipiet
642 537 748 566 eam.

206 582 422 632 Qucniam
441 594 543 623 ecce
563 594 689 632 reges
717 586 847 622 terrae
876 593 976 623 con-

152 639 320 690 gregati
365 643 487 680 sunt:
523 638 546 663 *
592 639 889 679 convenerunt
933 638 976 678 in

152 708 294 736 unum.

203 752 294 804 Ipsi
321 750 520 792 videntes
549 751 611 792 sic
639 750 842 792 admirati
866 757 975 800 sunt,

152 807 400 850 conturbati
428 812 548 856 sunt,
576 808 785 849 commuti
814 813 934 849 sunt:
952 809 975 833 *

150 868 315 907 tremor
335 863 625 917 apprehendit
646 877 734 905 eos.

202 920 270 962 Ibi
284 920 468 962 doleres
495 926 544 962 ut
570 921 869 973 parturientis:
888 922 911 946 *
931 921 974 961 in

151 978 306 1030 spiritu
329 977 574 1019 vehementi
601 979 803 1019 centeres
841 990 974 1019 naves

150 1034 342 1075 Tharsis.

201 1091 320 1133 Sicut
345 1090 604 1139 audivimus,
630 1091 692 1131 sic
717 1090 903 1132 vidimus
929 1091 972 1131 in

149 1148 324 1190 civitate
343 1148 520 1188 Demini
548 1147 774 1197 virtutum,
802 1147 846 1188 in
874 1148 972 1188 civi-

147 1206 238 1246 tate
266 1204 349 1246 Dei
384 1204 538 1246 nostri:
562 1205 584 1229 *
617 1204 738 1245 Deus
776 1203 973 1245 fundavit

149 1273 245 1303 eam
263 1261 306 1302 in
326 1263 548 1303 aeternum.

198 1318 477 1371 Suscepimus
491 1317 611 1358 Deus
628 1316 972 1358 misericerdiam

146 1379 277 1424 tuam,
297 1375 320 1400 *
340 1375 383 1414 in
402 1373 548 1415 medio
569 1373 721 1425 templi
740 1373 813 1414 tui.

198 1430 445 1472 Secundum
481 1442 640 1472 nomen
676 1435 814 1478 tuum,
839 1430 971 1479 Deus,

147 1486 209 1528 sic
229 1492 272 1528 et
290 1486 384 1528 laus
403 1492 477 1528 tua
500 1486 544 1527 in
567 1486 676 1527 fines
702 1491 850 1527 terrae:
870 1486 893 1511 *
913 1486 970 1537 ju-

148 1543 266 1585 stitia
281 1543 411 1596 plena
429 1548 496 1585 est
516 1542 698 1584 dextera
716 1547 800 1584 tua.

197 1601 390 1642 Laetetur
408 1612 534 1641 mons
554 1599 668 1649 Sion,
689 1604 732 1640 et
752 1599 971 1640 exsultent

145 1657 247 1698 ffliae
278 1655 403 1698 Judae
434 1657 458 1682 *
486 1660 668 1709 propter
703 1655 860 1707 judicia
895 1660 969 1697 tua

145 1713 342 1754 Demine.
752 1720 754 1723 ’

196 1769 474 1811 Circumdate
498 1769 618 1818 Sion,
647 1773 691 1810 et
718 1768 968 1820 complecti-

143 1826 247 1867 mini
263 1839 374 1868 eam:
384 1826 407 1851 *
418 1827 592 1867 narrate
606 1825 649 1865 in
662 1823 855 1866 turribus
867 1825 967 1876 ejus.

194 1883 348 1924 Penite
383 1881 518 1924 corda
545 1886 691 1923 vestra
727 1881 771 1921 in
806 1881 967 1922 virtute

144 1940 252 1992 ejus:
279 1942 303 1967 *
331 1944 374 1981 et
402 1937 650 1980 distribuite
678 1936 835 1978 domos
867 1938 967 1989 ejus,

142 2002 190 2038 ut
209 1995 419 2038 enarretis
439 1995 482 2036 in
501 1994 714 2047 progenie
734 1993 881 2035 altera.

194 2053 407 2103 Queniam
447 2051 517 2093 hic
559 2055 625 2092 est
664 2051 802 2099 Deus,
845 2050 965 2092 Deus

141 2114 290 2151 noster
313 2110 356 2150 in
381 2110 602 2157 aeternum,
626 2112 669 2149 et
691 2107 733 2148 in
758 2106 965 2148 saeculum

142 2166 304 2207 saeculi:
323 2167 346 2192 *
365 2166 460 2218 ipse
480 2170 603 2215 reget
626 2176 707 2205 nos
731 2164 773 2204 in
794 2163 964 2204 saecula.

415 2222 610 2262 psalmus
631 2223 695 2262 48.

145 2272 344 2378 Audite
389 2277 484 2318 haec
530 2289 681 2318 omnes
723 2275 904 2316 Gentes:
940 2274 962 2299 *

247 2333 426 2375 auribus
454 2333 666 2386 percipite
695 2344 861 2380 omnes,
890 2331 962 2382 qui

138 2389 345 2432 habitatis
365 2390 535 2432 orbem:

191 2447 361 2499 Quique
386 2448 633 2496 terrigenae,
655 2450 698 2486 et
724 2444 800 2485 filii
826 2443 961 2484 hemi-

139 2516 257 2543 num:
287 2504 310 2528 *
348 2502 474 2544 simul
510 2503 553 2543 in
589 2515 720 2543 unum
759 2500 880 2542 dives
918 2504 960 2540 et

139 2571 316 2611 pauper.

192 2614 253 2655 Os
279 2628 424 2657 meum
458 2615 660 2667 loquetur
689 2613 959 2666 sapientiam:

138 2671 162 2695 *
182 2677 224 2712 et
247 2670 472 2713 meditatio
496 2671 642 2713 cordis
666 2671 750 2711 mei
775 2668 959 2722 pruden-

138 2727 252 2768 tiam.

1082 298 1307 341 Inclimibo
1342 301 1385 340 in
1417 301 1671 353 parabolam
1705 316 1853 344 aurem

1029 368 1189 396 meam:
1209 357 1231 381 *
1255 357 1447 409 aperiam
1466 358 1508 398 in
1528 358 1735 410 psalterio
1755 373 1853 412 pro-

1028 412 1292 464 positienem
1312 426 1463 454 meam.

1083 469 1169 510 Cur
1186 469 1348 511 timebo
1364 470 1406 510 in
1424 469 1493 511 die
1510 471 1648 512 mala?
1663 473 1685 497 *
1700 473 1851 524 iniqui-

1027 530 1095 566 tas
1116 525 1308 567 calcanei
1326 527 1411 567 mei
1432 527 1717 570 circumdabit
1735 542 1820 570 me:

1081 582 1163 632 Qui
1183 582 1408 625 confidunt
1426 584 1469 624 in
1488 584 1648 625 virtute
1668 587 1794 626 suaz*
1809 591 1852 627 et

1027 638 1070 678 in
1097 638 1372 681 multitudine
1400 639 1648 682 divitiarum
1677 643 1851 683 suarum

1026 694 1278 745 gloriantur.

1078 751 1230 793 Frater
1250 765 1337 793 non
1358 752 1539 801 redimit,
1569 753 1753 795 redimet
1776 754 1849 795 ho-

1026 821 1113 849 mo:
1133 809 1156 833 *
1178 821 1266 849 non
1295 808 1417 850 dabit
1436 809 1532 850 Deo
1561 810 1850 862 placatiunem

1027 877 1159 905 suam.

1077 921 1134 962 Et
1152 922 1339 973 pretium
1359 921 1670 975 redemptienis
1696 924 1850 965 animae

1026 990 1132 1018 suae:
1151 978 1174 1002 *
1195 983 1238 1019 et
1261 977 1480 1020 laborabit
1504 979 1545 1019 in
1567 982 1787 1028 aeternum,
1808 986 1850 1022 et

1026 1034 1143 1075 vivet
1162 1033 1303 1075 adhuc
1322 1035 1364 1074 in
1384 1035 1524 1076 finem.

1076 1090 1176 1132 Non
1205 1090 1369 1132 videbit
1395 1091 1634 1141 interitum,
1664 1105 1761 1134 cum
1789 1095 1848 1134 vi-

1025 1146 1138 1188 derit
1161 1147 1380 1199 sapientes
1403 1148 1657 1190 morientes:
1678 1150 1700 1175 *
1721 1149 1847 1191 simul

1023 1204 1242 1255 insipiens,
1263 1209 1305 1245 et
1325 1204 1482 1246 stultus
1501 1204 1714 1257 peribunt.

1075 1260 1132 1301 Et
1155 1260 1399 1312 relinquent
1419 1260 1567 1301 alienis
1588 1261 1759 1303 divitias
1780 1276 1846 1303 su-

1023 1329 1087 1357 as:
1115 1318 1138 1341 *
1173 1322 1215 1358 et
1250 1316 1481 1369 sepulchra
1510 1320 1661 1359 eurum
1689 1318 1844 1360 domus

1021 1372 1197 1414 illerum
1215 1373 1257 1413 in
1278 1375 1497 1414 aeternum.

1074 1429 1376 1470 Tabernacula
1401 1432 1551 1471 eurum
1576 1431 1618 1471 in
1637 1432 1845 1483 progenie

1023 1491 1066 1527 et
1089 1486 1314 1538 progenie:
1333 1487 1355 1510 *
1383 1489 1648 1529 vocaverunt
1671 1488 1845 1529 nemina

1022 1555 1099 1583 sua
1118 1542 1161 1582 in
1180 1542 1308 1583 terris
1329 1543 1427 1583 suis.

1072 1599 1128 1639 Et
1154 1598 1296 1647 homo,
1326 1611 1422 1640 cum
1451 1600 1494 1640 in
1522 1599 1688 1641 honere
1717 1606 1843 1650 esset,

1020 1667 1109 1695 non
1144 1654 1370 1696 intellexit:
1403 1656 1426 1680 *
1462 1658 1739 1708 comparatus
1777 1662 1844 1698 est

1020 1711 1219 1762 jumentis
1255 1711 1575 1763 insipientibus,
1613 1717 1656 1753 et
1693 1712 1843 1753 similis

1020 1767 1159 1809 factus
1181 1773 1247 1809 est
1264 1767 1359 1808 illis.

1071 1824 1180 1864 Haec
1204 1824 1274 1864 via
1301 1823 1473 1864 illerum
1501 1823 1753 1865 scandalum
1780 1825 1841 1877 ip-

1020 1881 1098 1920 sis:
1116 1881 1139 1905 *
1159 1886 1202 1921 et
1220 1882 1375 1932 pestea
1394 1880 1436 1920 in
1457 1893 1532 1922 ore
1553 1893 1632 1922 suo
1653 1881 1840 1933 compla-

1020 1936 1188 1977 cebunt.

1070 1993 1188 2034 Sicut
1204 2005 1309 2034 oves
1329 1993 1372 2033 in
1390 1993 1558 2034 inferno
1578 1993 1709 2045 pesiti
1729 1999 1839 2035 sunt:

1018 2050 1040 2075 *
1059 2062 1178 2090 mors
1198 2048 1408 2101 depascet
1428 2061 1515 2090 eos.

1069 2106 1125 2146 Et
1144 2104 1480 2147 dominabuntur
1500 2107 1651 2147 eerum
1674 2106 1773 2157 justi
1795 2106 1837 2146 in

1015 2163 1244 2203 matutino:
1263 2162 1286 2187 *
1306 2167 1349 2203 et
1374 2161 1579 2203 auxilium
1599 2164 1749 2203 eurum
1767 2175 1837 2203 ve-

1015 2220 1206 2259 terascet
1224 2218 1267 2258 in
1286 2218 1453 2259 inferno
1474 2231 1498 2259 a
1519 2217 1657 2268 gleria
1677 2220 1837 2259 eerum.

1066 2275 1381 2316 Verumtamen
1400 2274 1519 2315 Deus
1547 2273 1731 2316 redimet
1751 2274 1836 2315 ani-

1014 2343 1129 2371 mam
1153 2343 1294 2372 meam
1314 2330 1368 2372 de
1387 2343 1517 2371 manu
1545 2330 1678 2378 inferi,
1697 2331 1720 2356 *
1739 2343 1836 2372 cum

1014 2387 1233 2439 acceperit
1252 2399 1332 2428 me.

1064 2443 1132 2484 Ne
1167 2443 1362 2484 timueris
1400 2456 1497 2484 cum
1536 2442 1658 2483 dives
1696 2443 1834 2484 faetus

1012 2499 1142 2541 fuerit
1160 2498 1306 2540 homo:
1326 2502 1350 2526 *
1372 2505 1414 2541 et
1434 2511 1531 2540 cum
1550 2498 1832 2551 multiplicata

1013 2555 1141 2596 fuerit
1159 2554 1297 2605 gluria
1317 2554 1472 2596 domus
1491 2555 1590 2606 ejus.

1064 2611 1276 2661 Queniam
1325 2623 1423 2652 cum
1472 2610 1700 2659 interierit,
1744 2622 1830 2649 non

1012 2662 1153 2708 sumet
1185 2668 1341 2708 emnia:
1370 2668 1392 2692 *
1424 2679 1564 2719 neque
1596 2664 1830 2708 descendet

988 2706 1110 2779 [cum
1129 2736 1181 2765 eo
1200 2723 1339 2773 gloria
1358 2723 1457 2775 ejus.
