2080 2990
522 206 691 248 Septima
721 206 780 239 dic
809 206 905 239 infra
933 205 1010 239 Oct.
1036 205 1187 239 Immuc.
1212 207 1326 238 (lonc.
1355 205 1390 237 13.
1418 205 1460 237 M.
1484 205 1526 237 Y.

509 301 671 342 Oratio.

173 354 390 460 Exaudi
422 370 504 399 nos
536 357 657 399 Deus
693 355 896 398 salutaris
928 367 1002 396 no-

272 418 376 457 ster:
403 419 452 457 ut
475 414 588 455 sicut
613 413 668 455 de
691 413 834 455 beatae
852 413 1003 454 Luciae

177 471 370 523 Virginis
390 475 434 513 et
447 470 650 523 Martyris
664 475 753 512 tuae
767 469 1003 511 festivitate

178 528 433 580 gaudemus3
458 527 519 570 ita
535 527 622 580 piae
643 525 890 568 devotionis
911 538 1003 567 eru-

179 584 347 627 diamur
366 583 534 626 affectu.
560 583 646 625 Per
663 582 909 624 Deminum.

227 648 271 682 Et
295 648 335 682 fit
360 656 554 681 commem.
581 645 746 679 Octavae.

232 700 329 741 Ant.
358 697 435 739 Ait
457 696 671 738 Deminus
693 695 814 737 Deus
839 694 895 737 ad
918 709 1003 738 ser-

179 756 370 809 pentem:
387 752 641 794 Inimicitias
655 764 818 804 ponam
833 752 946 794 inter
960 757 1003 794 te

179 816 224 854 et
241 810 482 859 mulierem,
508 814 552 851 et
571 821 720 850 semen
737 813 860 850 tuum
879 813 923 850 et
941 822 1004 851 se-

179 883 278 912 men
298 869 429 910 illius:
455 869 553 921 ipsa
572 869 771 909 centeret
790 872 923 920 caput
941 874 1005 910 tu-

178 940 262 976 um,
282 925 464 978 alleluja.
507 960 509 963 .

196 999 203 1004 ’
227 987 277 1039 V.
307 985 547 1028 Imaculata
572 984 813 1036 Conceptio
838 989 905 1026 est
930 985 1005 1026 he-

180 1043 251 1086 die
267 1047 430 1085 sanctae
444 1043 595 1084 Mariae
604 1041 809 1093 Virginis.
855 1066 871 1084 ν.
897 1043 1006 1092 Quae

180 1100 395 1154 serpentis
415 1104 547 1152 caput
560 1098 756 1150 virgineo
771 1111 828 1151 pe
862 1111 886 1140 e
905 1111 1005 1140 con-

179 1157 308 1200 trivit.

506 1218 670 1259 Oratio.

179 1273 356 1380 DeuS,
376 1277 450 1329 qui
468 1289 548 1330 per
566 1275 895 1318 Immaculatam
909 1277 1004 1318 Vir-

291 1334 402 1385 ginis
445 1333 788 1385 Conceptionem
828 1332 1006 1384 dignum

177 1390 289 1432 Filio
312 1394 390 1431 tuo
414 1389 711 1432 habitaculum
731 1390 1005 1442 praeparasti:

180 1449 446 1499 quaesumus3
474 1451 523 1488 ut
549 1446 625 1498 qui
650 1458 704 1487 ex
729 1451 872 1487 morte
899 1447 1005 1497 ejus-

179 1503 280 1546 dem
293 1503 391 1544 Filii
408 1503 472 1545 tui
487 1504 687 1556 praevisa,
707 1515 803 1544 eam
817 1502 872 1544 ab
889 1503 1006 1544 omni

177 1559 276 1602 labe
290 1559 581 1613 praeservasti,
597 1572 679 1600 nos
696 1571 1005 1611 quoquemun-

179 1615 262 1659 dos
281 1617 371 1668 ejus
389 1615 702 1658 intercessiene
721 1615 778 1657 ad
796 1620 840 1657 te
853 1628 1005 1668 perve-

177 1675 270 1715 nire
290 1671 519 1715 concedas.
553 1672 639 1714 Per
658 1670 861 1714 eumdem
879 1672 1005 1713 Dfim.

228 1733 367 1768 Postea
394 1733 525 1768 Feriae.

448 1797 516 1833 Ad
535 1796 739 1834 Tertiam.

231 1851 328 1892 Ant.
357 1849 497 1891 Lucia
523 1849 661 1900 virgo.

231 1911 368 1963 Capit.
396 1911 590 1951 Fratres:
618 1909 713 1960 Qui.
740 1911 847 1951 400.

230 1973 280 2024 R.
308 1971 369 2013 br.
403 1970 559 2024 Specie
585 1974 662 2011 tua
687 1973 709 1997 *
737 1970 795 2011 Et
818 1970 1005 2023 pulchri-

178 2026 330 2070 tudine
348 2032 434 2069 tua.
461 2026 616 2080 Specie
633 2030 719 2068 tua.
741 2023 791 2075 V.
812 2026 1006 2077 Intende,

179 2086 393 2138 prospere
422 2082 633 2137 procede,
667 2087 711 2125 et
742 2095 887 2134 regna.
938 2083 1006 2125 Et.

181 2140 334 2183 Gloria
350 2140 481 2182 Patri.
507 2139 675 2193 Specie.

233 2198 282 2251 V.
321 2200 560 2254 Adjuvabit
596 2213 693 2242 eam
727 2200 849 2242 Deus
885 2200 1008 2243 vultu

181 2270 273 2300 suo.
308 2261 357 2311 R.
389 2257 512 2299 Deus
539 2257 583 2297 in
609 2254 756 2298 medio
785 2257 892 2309 ejus,
919 2269 1008 2298 non

182 2313 540 2356 commovebitur.

459 2387 527 2423 Ad
549 2386 736 2423 Sextam.

236 2441 334 2481 Ant.
371 2440 454 2481 Per
479 2444 524 2481 te
551 2439 688 2481 Lucia
714 2439 850 2490 virgo.

263 2499 517 2552 Capitulum.
714 2503 749 2542 2.
767 2503 863 2542 Cor.
880 2503 929 2541 11.

309 2559 452 2601 mulor
479 2560 593 2601 enim
617 2573 699 2602 vos
726 2560 811 2602 Dei
838 2558 1009 2600 aemula-

192 2643 194 2645 *
336 2615 467 2658 tiene.
520 2615 752 2670 Despondi
784 2616 898 2657 enim
930 2627 1010 2655 vos

186 2672 259 2771 ιὲιὲὶ
280 2672 375 2714 viro
393 2673 603 2724 virginem
621 2677 787 2715 castam
806 2671 1011 2714 exhibere

255 2729 373 2771 risto.

1809 197 1883 232 401

1108 299 1155 350 Rg.
1194 298 1253 338 br.
1298 296 1537 350 Adiuvabit
1573 309 1669 338 eam
1702 301 1722 323 *
1761 296 1883 337 Deus

1056 353 1181 396 vultu
1204 366 1296 395 suo.
1328 352 1577 406 Adiuvabit.
1614 350 1661 399 Y.
1693 353 1816 394 Deus
1839 353 1883 393 in

1055 409 1202 452 medio
1244 411 1353 462 ejus,
1397 423 1486 452 non
1527 409 1884 452 commovebitur.

1056 467 1188 509 Deus.
1215 467 1370 508 (deria
1387 466 1517 508 Patri.
1546 466 1793 519 Adiuvabit.

1107 521 1156 573 V.
1185 524 1331 575 Elegit
1355 536 1451 566 eam
1475 524 1611 574 Deus,
1641 528 1684 565 et
1706 522 1884 576 praeele-

1057 581 1120 632 git
1155 594 1262 622 eam.
1306 584 1355 634 Rg.
1395 581 1445 621 In
1482 579 1766 622 tabernaculo
1803 592 1883 621 suo

1057 637 1256 680 habitare
1274 637 1378 679 facit
1397 649 1504 678 eam.

1338 705 1405 742 Ad
1429 706 1612 741 Nonam.

1111 760 1207 799 Ant.
1245 760 1381 800 Soror
1408 770 1506 799 mea
1531 757 1679 798 Lucia.

1109 819 1367 870 Capitulum.
1572 819 1700 859 Eccli.
1718 820 1775 857 51.
1793 818 1829 856 b.

1056 878 1290 984 Demine
1305 879 1426 920 Deus
1445 891 1577 928 meus,
1598 877 1800 919 exaltasti
1818 891 1884 919 su-

1171 949 1250 990 per
1272 940 1435 977 terram
1459 934 1776 977 habitationem
1799 947 1885 976 me-

1059 1007 1143 1044 am,
1164 999 1207 1036 et
1229 1006 1311 1046 pro
1330 996 1471 1033 morte
1493 991 1712 1033 defluente
1732 990 1884 1044 depre-

1060 1052 1158 1092 cata
1186 1064 1293 1091 sum.
1337 1048 1547 1090 Invocavi
1571 1049 1688 1089 Dfim
1709 1048 1886 1089 Patrem

1058 1107 1236 1148 Demini
1249 1106 1346 1155 mei,
1363 1111 1411 1147 ut
1424 1118 1513 1146 non
1529 1104 1803 1157 derelinquat
1816 1117 1886 1145 me

1058 1163 1102 1204 in
1120 1164 1190 1205 die
1210 1162 1502 1205 tribulationis
1521 1174 1643 1211 meae,
1660 1166 1703 1202 et
1722 1161 1766 1202 in
1780 1162 1885 1203 tem-

1058 1233 1168 1273 pore
1195 1218 1486 1272 superberum
1511 1218 1605 1259 sine
1631 1217 1860 1270 adjuterio.

1111 1285 1160 1335 R.
1195 1284 1254 1324 br.
1292 1280 1437 1331 Elegit
1471 1292 1567 1320 eam
1598 1279 1738 1328 Deus,
1775 1286 1795 1306 *
1829 1278 1887 1320 Et

1059 1337 1286 1390 praeelegit
1315 1349 1421 1378 eam.
1462 1335 1617 1387 Elegit.
1660 1333 1708 1383 Y.
1745 1335 1796 1375 In
1824 1339 1886 1375 ta-

1058 1393 1297 1436 bernaculo
1324 1405 1403 1434 suo
1428 1392 1625 1434 habitare
1652 1391 1756 1433 facit
1780 1403 1886 1432 eam.

1058 1451 1115 1492 Et
1138 1449 1376 1503 praeelegit.
1404 1448 1558 1490 Gloria
1577 1448 1706 1489 Patri.
1734 1447 1887 1498 Elegit.

1109 1502 1158 1554 V.
1195 1505 1368 1547 Diffusa
1403 1509 1470 1547 est
1506 1504 1645 1556 gratia
1680 1504 1723 1544 in
1759 1503 1886 1545 labiis

1058 1563 1156 1604 tuis.
1207 1565 1254 1616 R.
1295 1563 1539 1615 Propterea
1578 1559 1804 1602 benedixit
1842 1564 1887 1602 te

1058 1620 1179 1662 Deus
1206 1620 1251 1660 in
1278 1620 1500 1661 aeternum.

1264 1691 1325 1732 In
1343 1690 1406 1732 11.
1425 1688 1678 1740 vesperis.

1110 1749 1244 1782 Omnia
1272 1754 1311 1783 ut
1338 1748 1372 1781 in
1400 1747 1424 1781 Ι.
1449 1748 1562 1793 Vcsp.
1587 1747 1664 1790 396,
1691 1752 1843 1788 practer:

1110 1799 1159 1849 V.
1197 1800 1367 1842 Diffusa
1404 1804 1471 1842 est
1505 1799 1647 1850 gratia
1682 1799 1726 1839 in
1761 1798 1887 1840 labiis

1059 1857 1155 1898 tuis
1208 1859 1255 1909 R.
1299 1857 1540 1909 Propterea
1579 1854 1804 1897 benedixit
1843 1859 1887 1896 te

1059 1913 1180 1955 Deus
1209 1913 1254 1954 in
1282 1914 1503 1954 aeternum.

1114 1972 1182 2013 Ad
1204 1972 1374 2023 Magnis.
1398 1972 1495 2013 Ant.
1524 1972 1665 2014 Tanto
1687 1971 1886 2024 pendere

1060 2042 1156 2070 eam
1173 2028 1268 2070 fixit
1284 2029 1471 2082 Spiritus
1491 2033 1678 2078 sanctus
1696 2033 1744 2070 ut
1762 2028 1887 2079 virgo

1061 2085 1223 2127 Christi
1240 2084 1473 2127 immobilis
1492 2086 1781 2138 permaneret.

1114 2146 1318 2179 Commcm.
1345 2145 1502 2179 Oetavae
1523 2145 1599 2181 397.
1624 2151 1659 2179 et
1685 2145 1816 2179 Feriae.

1114 2193 1275 2233 Quando
1306 2193 1441 2227 festum
1467 2194 1502 2228 S.
1528 2193 1658 2227 Lucia:
1689 2194 1821 2227 incidit
1850 2193 1884 2226 in

1061 2241 1211 2275 Domin.
1236 2241 1299 2274 ΠΙ.
1324 2241 1503 2275 Advent..
1535 2241 1581 2275 dc
1608 2252 1652 2275 co
1680 2242 1717 2275 tit
1743 2247 1884 2275 tautum

1062 2299 1256 2323 commem.
1288 2289 1324 2322 in
1357 2289 1528 2332 utrisque
1560 2290 1673 2332 Yesp.
1705 2296 1740 2323 et
1772 2289 1885 2322 Laud.

1062 2338 1207 2380 absque
1234 2337 1281 2370 ix.
1306 2337 1405 2370 Lect.

1250 2414 1333 2457 Die
1352 2416 1411 2456 14.
1430 2414 1699 2456 Decembris.

1152 2476 1344 2527 Septima
1366 2476 1435 2517 die
1458 2477 1563 2516 infra
1587 2476 1795 2516 Octavam

1060 2534 1409 2577 Immaculatae
1431 2533 1659 2584 concept.
1679 2534 1731 2574 B.
1751 2533 1813 2573 M.
1828 2532 1885 2572 V.

1116 2592 1157 2625 In
1194 2592 1218 2626 1.
1252 2592 1451 2626 Nocturno
1482 2593 1683 2626 Lectiones
1715 2592 1761 2625 de
1790 2591 1885 2625 Scri-

1064 2646 1175 2683 ptura
1194 2646 1425 2674 occurrente.
1462 2640 1504 2673 In
1526 2640 1633 2679 Quat.
1651 2640 1780 2681 Temp.
1804 2639 1886 2678 Ego

1063 2687 1265 2732 sapientia.
1294 2694 1335 2721 ut
1369 2689 1405 2721 in
1436 2688 1560 2722 Festis
1590 2687 1628 2720 B.
1657 2687 1699 2719 M.
1727 2687 1767 2719 V.
1795 2682 1886 2726 [137]

1065 2746 1147 2769 eum
1176 2736 1253 2778 R-Rg.
1281 2741 1319 2769 ut
1346 2736 1381 2769 in
1411 2736 1516 2769 festo.
