2080 2990
586 212 656 246 Die
681 212 712 244 S.
738 211 825 245 Dec.
873 211 1063 245 Immacul.
1088 210 1268 252 Concept.
1295 211 1333 243 Β.
1358 210 1401 243 M.
1425 210 1466 243 V.

183 313 290 350 mea,
308 302 447 341 amica
459 313 567 350 mea,
587 301 791 342 columba
804 314 911 351 mea,
925 302 999 343 im-

183 356 399 399 maculata
415 370 523 398 mea.
549 357 816 400 Emissiones
834 363 932 399 tuae.

463 419 612 459 Lectio
632 420 712 459 viii.

259 483 312 511 ve
326 470 409 511 Dei
424 483 550 511 mons
568 470 835 522 praepinguis
855 475 899 511 et
911 484 999 511 um-

290 526 459 576 brosus,
478 527 522 567 in
537 539 624 578 quo
640 528 850 568 enutritus
865 539 1000 577 agnus

183 583 405 624 rationalis
428 585 611 636 peccata
630 587 760 635 atque
781 582 1001 624 infirmita-

184 643 250 681 tes
273 644 444 681 nostras
467 639 674 691 portavit:
701 651 839 688 mons,
866 652 889 680 e
914 652 1000 691 quo

185 694 414 737 devolutus
441 695 528 744 ille,
556 694 673 736 nulla
696 707 826 736 manu
850 698 1001 748 praeci-

186 765 258 793 sus
277 751 403 804 lapis,
427 751 629 792 contrivit
652 763 749 791 aras
771 751 1001 801 idolorum,

184 813 228 849 et
245 809 385 850 factus
406 813 473 849 est
490 808 534 848 in
553 811 684 860 caput
703 807 858 858 anguli,
875 808 1000 849 mira-

182 864 281 906 bilis
299 864 342 904 in
360 863 498 905 oculis
514 863 686 905 nostris.
713 864 808 904 Ave
827 869 1000 905 sanctus

182 921 267 962 Dei
298 920 513 969 thronus„
535 919 729 960 divinum
762 919 1000 969 donarium,

183 976 339 1018 domus
361 976 526 1027 gloriae,
549 975 858 1028 perpulchrum
878 989 999 1017 orna-

181 1034 390 1082 mentum,
411 1031 628 1073 cimelium
651 1031 851 1082 electum,
875 1037 918 1073 et
936 1037 999 1074 to-

182 1091 267 1130 tius
290 1088 409 1130 orbis
431 1088 796 1141 propitiatorium,
824 1089 999 1130 coelum-

184 1158 268 1197 que
299 1145 382 1187 Dei
417 1144 599 1196 gloriam
635 1147 853 1186 enarrans.
905 1146 1000 1186 Ave

181 1214 289 1242 urna
325 1214 378 1242 ex
412 1213 524 1253 puro
565 1213 670 1242 auro
711 1201 918 1250 conflata,
958 1206 1001 1243 et

182 1257 480 1299 suavissimam
497 1257 737 1298 animarum
752 1260 1000 1298 nostrarum

183 1313 466 1362 dulcedinem,
486 1313 704 1354 Christum
725 1313 900 1362 scilicet,
927 1314 999 1365 qui

181 1383 339 1411 manna
354 1375 430 1419 est,
450 1370 687 1411 continens.
716 1369 753 1410 O
769 1370 1001 1421 purissima

183 1432 226 1469 et
248 1427 364 1468 omni
387 1426 517 1467 laude
541 1431 584 1467 et
607 1425 818 1478 obsequio
843 1426 999 1477 dignis-

182 1484 291 1524 sima
300 1483 448 1534 Virgo,
457 1483 554 1524 Deo
568 1481 760 1524 dicatum
773 1482 999 1523 donarium

183 1539 299 1581 omni
319 1541 614 1580 creaturarum
633 1538 872 1580 conditioni
890 1551 999 1590 prae-

181 1595 359 1645 cellens,
386 1600 502 1636 terra
528 1607 615 1636 non
644 1599 780 1644 secta,
807 1594 999 1636 inaratus

182 1665 295 1703 ager,
317 1651 417 1693 vitis
439 1651 723 1702 floridissima,
746 1651 843 1692 fons
864 1663 999 1702 aquas

182 1708 421 1757 effundens,
445 1708 568 1758 virgo
591 1709 819 1758 generans:
847 1712 890 1749 et
912 1720 998 1748 ma-

179 1769 247 1806 ter
266 1764 348 1805 viri
369 1764 528 1814 nescia,
551 1764 808 1805 innocentiae
828 1763 999 1805 thesau-

181 1834 254 1862 rus
289 1818 590 1870 abscondituS,
626 1824 669 1861 et
703 1820 999 1861 sanctimoniae

181 1876 334 1927 decus;
370 1876 681 1928 acceptissimis
713 1876 800 1917 tuis
832 1889 883 1917 ac
913 1889 999 1916 ma-

180 1934 304 1974 terna
329 1932 588 1974 auctoritate
615 1931 771 1973 validis
795 1931 998 1983 precibus

181 1989 238 2031 ad
271 1989 507 2030 Dominum
543 2001 593 2030 ac
629 1988 771 2030 Deum
807 1988 999 2029 omnium

183 2045 464 2087 Conditorem
474 2044 628 2085 Filium
642 2049 765 2086 tuum
780 2056 834 2085 ex
847 2049 892 2085 te
907 2044 998 2085 sine

180 2106 305 2154 patre
332 2101 541 2152 genitum,
574 2100 859 2142 ecclesiastici
887 2100 997 2141 ordi-

180 2158 246 2199 nis
269 2157 561 2209 gubernacula
585 2157 652 2198 fac
677 2156 852 2208 dirigas,
878 2160 921 2197 et
943 2155 999 2197 ad

179 2218 357 2267 portum
374 2213 654 2265 tranquillum
671 2212 899 2265 perducas.

215 2272 284 2326 ..Re
307 2270 556 2321 Magnificat
576 2270 720 2310 anima
738 2282 836 2311 mea
853 2269 999 2310 Domi-

180 2323 296 2368 num:
320 2330 343 2355 *
367 2326 477 2376 Quia
498 2325 600 2367 fecit
622 2325 729 2366 mihi
750 2338 906 2377 magna
925 2326 999 2376 qui

180 2386 337 2434 potens
351 2386 428 2432 est,
448 2386 490 2424 et
509 2386 706 2424 sanctum
723 2394 882 2423 nomen
898 2382 998 2432 ejus.

182 2433 231 2485 V.
257 2438 372 2480 Ecce
398 2438 511 2479 enim
539 2451 593 2480 ex
619 2438 704 2479 hoc
729 2437 905 2479 beatam
929 2450 999 2479 me

182 2492 327 2535 dicent
353 2506 504 2536 omnes
533 2494 845 2546 generationes.
890 2494 999 2544 Quia

180 2550 292 2592 fecit.
319 2550 471 2592 Gloria
487 2551 617 2592 Patri.
646 2550 757 2616 Quia
775 2550 888 2593 feeit.

475 2607 657 2649 Lectio
647 2622 699 2648 lx.

249 2661 478 2703 acerdotes
504 2663 685 2714 justitia,
719 2667 762 2704 et
788 2661 998 2714 probatae,

270 2718 558 2760 immaculatae
593 2731 644 2760 ac
680 2719 860 2760 sincerae
896 2717 1000 2759 fidei

1052 302 1342 344 exsultatione
1374 301 1721 354 splendidissime
1751 300 1871 342 indu-

1050 359 1124 400 ito.
1179 358 1448 400 Orthodoxis
1476 358 1767 410 principibus,
1798 357 1871 409 qui

1050 427 1143 467 prae
1163 415 1280 455 omni
1298 417 1506 467 purpurae
1527 419 1600 455 aut
1620 414 1713 455 auri
1732 413 1871 466 splen-

1053 470 1174 521 dore,
1199 475 1242 512 et
1266 484 1358 523 prae
1381 471 1626 521 margaritis
1648 483 1698 511 ac
1721 469 1871 522 lapidi-

1051 526 1134 568 bus
1156 527 1375 580 pretiosis,
1400 531 1444 568 te
1467 527 1584 568 nacti
1607 531 1706 567 sunt
1727 525 1870 567 diade-

1052 596 1122 624 ma
1139 588 1183 625 et
1200 583 1499 625 indumentum
1515 595 1565 623 ac
1579 582 1871 623 firmissimum

1052 640 1173 690 regni
1213 640 1279 681 sui
1320 641 1640 687 ornamentum,
1680 639 1723 679 in
1758 643 1871 679 tran—

1053 695 1187 747 quillo
1222 709 1272 737 ac
1304 697 1518 748 prospero
1553 700 1668 737 statu
1700 699 1872 746 sceptra

1053 752 1200 803 dirige.
1246 753 1360 793 Male
1385 752 1495 793 fidas
1523 752 1721 792 nationes
1748 751 1790 791 in
1818 756 1871 801 te,

1052 821 1103 849 ac
1129 809 1271 850 Deum
1299 821 1353 850 ex
1380 814 1423 850 te
1451 808 1644 858 genitum
1670 806 1870 859 blasphe-

1051 867 1238 914 mantes,
1275 867 1426 906 eorum
1457 864 1643 917 pedibus
1676 868 1871 904 sternens

1053 921 1267 973 subjicito:
1296 921 1624 973 subiectumque
1651 919 1872 972 populum,

1052 982 1099 1018 ut
1135 977 1372 1019 secundum
1406 977 1489 1018 Dei
1524 978 1795 1028 praeceptum
1829 975 1871 1015 in

1052 1034 1175 1074 suavi
1205 1033 1464 1075 obedientiae
1493 1032 1705 1084 obsequio
1727 1044 1872 1084 perse-

1052 1092 1184 1139 veret,
1200 1090 1467 1131 confirmato.
1494 1090 1634 1130 Tuam
1647 1089 1759 1129 hanc
1773 1088 1871 1129 civi-

1052 1149 1203 1196 tatem,
1228 1159 1325 1198 quae
1344 1151 1388 1188 te
1407 1151 1630 1198 tamquam
1649 1144 1802 1186 turrim
1822 1157 1873 1185 ac

1051 1203 1378 1245 fundamentum
1405 1202 1553 1251 habet,
1581 1201 1777 1242 victoriae
1800 1201 1871 1241 tri-

1051 1259 1225 1312 umphis
1267 1261 1495 1308 coronato,
1537 1262 1580 1299 et
1618 1256 1872 1298 fortitudine

1052 1317 1391 1367 circumcingens
1415 1314 1633 1356 custodito
1652 1313 1737 1354 Dei
1754 1311 1871 1354 habi-

1051 1373 1277 1421 tationem,
1301 1371 1452 1424 templi
1476 1371 1680 1412 decorem
1701 1381 1872 1421 semper

1052 1431 1330 1478 conservat03
1377 1427 1625 1468 laudatores
1671 1430 1771 1467 tuos
1817 1424 1871 1466 ab

1052 1485 1169 1526 omni
1200 1484 1447 1526 discrimine
1476 1488 1519 1524 et
1552 1482 1683 1523 animi
1711 1483 1872 1532 angore

1052 1542 1206 1591 exime3
1232 1540 1415 1593 captivis
1434 1539 1781 1591 redemptionem
1798 1538 1871 1579 tri-

1050 1597 1190 1647 buit03
1220 1597 1460 1650 peregrinis
1485 1600 1620 1644 tecto,
1649 1599 1692 1636 et
1717 1594 1872 1646 quovis

1050 1653 1258 1706 praesidio
1278 1652 1507 1703 destitutis,
1527 1651 1720 1692 solamen
1738 1655 1782 1692 te
1802 1652 1871 1691 ex-

1051 1709 1162 1751 hibe.
1207 1709 1420 1750 Universo
1448 1708 1611 1749 mundo
1639 1707 1871 1748 auxiliatri-

1051 1779 1146 1807 cem
1173 1778 1348 1806 manum
1379 1770 1498 1806 tuam
1528 1764 1722 1816 porrige,
1753 1767 1802 1803 ut
1828 1763 1871 1802 in

1050 1822 1201 1863 laetitia
1231 1826 1275 1863 et
1307 1821 1594 1862 exsultatione
1627 1819 1871 1860 solemnita-

1050 1882 1117 1919 tes
1137 1883 1235 1919 tuas
1256 1877 1383 1918 simul
1403 1890 1500 1918 cum
1517 1877 1611 1925 ista,
1634 1888 1763 1927 quam
1781 1887 1870 1915 mo-

1053 1934 1109 1975 do
1128 1933 1409 1983 celebramus,
1427 1932 1663 1974 festivitate
1682 1930 1870 1984 splendi-

1052 1990 1230 2031 dissimo
1247 1989 1363 2031 exitu
1379 1989 1676 2040 transigamus,
1695 1988 1738 2028 in
1754 1986 1871 2028 Chri-

1052 2051 1120 2088 sto
1133 2047 1157 2087 J
1160 2059 1237 2087 esu
1252 2046 1553 2086 universorum
1562 2045 1685 2095 Rege
1700 2056 1752 2085 ac
1765 2056 1870 2084 vero

1050 2102 1147 2143 Deo
1167 2106 1330 2151 nostro,
1354 2102 1424 2143 cui
1442 2101 1581 2152 gloria
1601 2105 1644 2142 et
1662 2098 1870 2141 fortitudo

1053 2170 1137 2199 una
1156 2171 1255 2199 cum
1276 2162 1428 2199 sancto
1448 2158 1637 2208 vitaeque
1655 2156 1870 2208 principio

1051 2214 1195 2263 Patre,
1220 2218 1263 2256 et
1286 2215 1506 2255 coaeterno
1527 2218 1570 2254 et
1591 2212 1870 2254 consubstan-

1050 2270 1144 2311 tiali
1166 2275 1209 2311 et
1234 2272 1529 2320 conregnante
1553 2269 1730 2322 Spiritu,
1757 2280 1870 2309 nunc

1052 2331 1095 2368 et
1114 2339 1287 2379 semper
1302 2331 1346 2368 et
1364 2326 1407 2366 in
1423 2325 1583 2367 saecula
1601 2325 1869 2367 saeculorum.

1049 2383 1202 2424 Amffl.

1103 2447 1167 2489 Te
1185 2447 1328 2489 Deum
1345 2446 1584 2488 laudamus.
1602 2447 1661 2487 14.

1310 2535 1389 2576 Ad
1414 2535 1608 2576 Laudes

1255 2601 1305 2630 et
1342 2607 1439 2640 per
1474 2597 1665 2632 Horas.

1102 2662 1199 2702 Ant.
1225 2663 1253 2701 1.
1284 2662 1396 2704 Tota
1413 2662 1597 2715 pulchra
1615 2661 1639 2687 *
1659 2673 1704 2702 es
1722 2660 1868 2709 Maria,

1051 2722 1094 2760 et
1111 2718 1281 2760 macula
1300 2718 1521 2769 originalis
1540 2730 1627 2759 non
1646 2722 1712 2759 est
1728 2716 1772 2757 in
1789 2721 1843 2757 te.
