2080 2990
743 245 953 279 Commune
978 243 1324 286 Evangelistarum.

1818 235 1890 281 [19]

1059 337 1104 378 Si
1125 349 1297 389 quaeras
1318 336 1423 389 quid
1441 336 1633 387 Marcus3
1666 335 1751 377 hoc
1772 336 1892 388 quod

178 342 260 434 {gl-r,
286 350 368 435 rssec
386 337 720 380 revertebantur
740 351 839 379 cum
858 338 1005 380 ambu-

245 406 299 435 en
320 425 328 434 .

234 452 284 504 R.
309 449 428 490 Dum
447 450 668 492 steteritis.
695 450 748 502 [7]

406 525 455 565 In
483 526 533 565 ΙΙ.
562 526 785 566 Nocturno.

181 589 247 630 De
270 587 558 640 Expositione
583 587 622 629 S.
647 587 850 638 Gregorii
874 587 1008 639 Papae

230 656 364 696 super
382 644 659 686 Ezechielem
676 643 956 696 Prophetam.

260 712 414 753 Lectio
433 713 486 752 iv.
598 715 738 750 Homil.
754 715 785 749 3.
802 715 884 749 Lib.
904 715 931 749 1.

194 779 409 815 ⁸
439 775 626 825 quatuor
654 772 872 821 animalia⁷
911 784 1008 823 quae

184 805 275 880 qi
297 829 545 882 prophetiae
565 829 722 882 spiritu
740 829 885 870 futura
898 840 1008 880 prae-

184 883 185 893 ³
297 885 519 934 videntur,
571 885 719 926 subtili
760 884 1010 925 narratione

179 940 609 991 describuntur,'cum
623 941 796 982 dicitur:
812 942 1010 991 Quatuor

179 998 314 1040 facies
338 997 429 1047 uni,
463 1002 507 1038 et
532 999 721 1049 quatuor
745 1009 902 1049 pennae
927 996 1010 1037 uni.

181 1053 297 1105 Quid
322 1066 402 1106 per
430 1053 606 1103 faciem,
642 1053 725 1094 nisi
752 1053 926 1102 notitia3
968 1057 1012 1093 et

181 1110 286 1163 quid
310 1122 390 1162 per
416 1122 600 1162 pennas,
634 1109 716 1150 nisi
741 1109 916 1150 volatus
941 1122 1011 1150 ex-

179 1164 404 1220 primitur?
432 1166 518 1207 Per
532 1166 689 1207 faciem
706 1166 868 1218 quippe
882 1177 1011 1206 unus-

182 1225 368 1275 quisque
396 1222 696 1273 cognoscitur:
736 1235 815 1274 per
844 1234 1012 1274 pennas

181 1292 288 1321 vero
311 1279 355 1319 in
379 1278 515 1320 altum
540 1278 685 1319 avium
705 1280 895 1330 corpora
914 1277 1011 1319 sub-

179 1335 393 1376 levantur.
435 1335 590 1376 Facies
617 1337 766 1386 itaque
795 1333 852 1375 ad
878 1332 1012 1375 fidem

180 1391 387 1444 pertinet,
424 1403 569 1444 penna
595 1390 653 1432 ad
682 1389 1012 1442 contemplatio-

181 1460 292 1489 nem.
327 1447 413 1488 Per
436 1446 570 1488 fidem
593 1459 782 1498 namque
803 1446 858 1487 ab
879 1446 1013 1487 omni-

182 1503 353 1556 potenti
390 1504 489 1544 Deo
527 1502 855 1554 cognoscimur,
902 1502 1014 1543 sicut

181 1560 277 1612 ipse
298 1558 353 1601 de
373 1559 464 1600 suis
485 1558 641 1600 ovibus
661 1558 780 1600 dicit:
800 1559 896 1609 Ego
917 1571 1014 1599 sum

181 1619 335 1668 pastor
365 1614 529 1665 bonus,
575 1619 619 1656 et
651 1617 873 1666 cognosco
907 1627 1013 1656 oves

182 1684 314 1721 meas,
335 1676 380 1713 et
399 1673 672 1722 cognoscunt
690 1683 760 1712 me
779 1683 901 1712 meae.
930 1671 1014 1721 Qui

180 1739 333 1769 rursus
353 1728 427 1769 ait:
445 1728 542 1779 Ego
560 1727 653 1768 scio
671 1739 783 1779 quos
798 1726 1014 1777 elegerim.

182 1784 268 1825 Per
305 1783 723 1836 contemplationem
760 1795 887 1833 vero,
929 1795 1015 1835 qua

184 1852 318 1892 super
338 1841 636 1892 nosmetipsos
654 1839 865 1889 t611imur,
891 1839 1015 1892 quasi

184 1896 228 1936 in
248 1897 351 1937 aera
370 1895 578 1938 levamur.

238 1959 289 2009 Rv.
305 1955 411 1998 Vidi
431 1956 688 2007 conjunctos
706 1955 836 2004 viros,
855 1953 1015 1995 haben—

185 2017 252 2054 tes
277 2010 531 2064 splendidas
555 2015 718 2061 vestes,
751 2015 795 2052 et
818 2010 1016 2061 Angelus

185 2068 365 2109 Domini
383 2068 558 2109 locutus
578 2072 646 2109 est
665 2066 721 2108 ad
739 2080 825 2116 me,
851 2066 1016 2108 dicens:

185 2127 209 2152 *
237 2124 316 2166 Isti
350 2128 453 2165 sunt
479 2123 560 2164 viri
588 2123 727 2164 sancti
759 2123 861 2164 facti
890 2122 1017 2163 amici

186 2180 280 2222 Dei.
311 2178 362 2230 V.
381 2179 486 2222 Vidi
505 2179 723 2230 Angelum
742 2179 827 2220 Dei
846 2178 1016 2228 fortem,

187 2236 410 2278 volantem
424 2249 504 2289 per
518 2235 712 2276 medium
725 2235 896 2285 coelum,
907 2247 1017 2276 voce

187 2305 344 2344 magna
355 2292 618 2334 clamantem
629 2296 672 2333 et
687 2291 917 2333 dicentem.
927 2291 1017 2332 Isti.

495 2357 648 2399 Lectio
670 2371 706 2397 v.

174 2446 177 2448 a
274 2415 432 2455 uatuor
443 2425 549 2464 ergo
559 2412 695 2455 facies
705 2412 780 2454 uni
790 2416 904 2453 sunt:
917 2412 1018 2464 quia

297 2469 334 2510 si
357 2471 554 2521 requiras
576 2469 682 2521 quid
699 2468 937 2510 Matthaeus
963 2467 1019 2509 de

190 2525 489 2566 incarnatione
515 2525 696 2567 Damini
723 2525 897 2566 sentiat:
933 2523 1019 2564 hoc

191 2581 393 2621 nimirum
412 2581 555 2631 sentit,
584 2580 704 2633 quod
723 2581 908 2631 Marcus,
936 2579 1018 2620 Lu-

192 2649 282 2685 cas,
316 2641 360 2678 et
387 2637 590 2678 Joannes.
638 2637 683 2678 Si
713 2649 885 2689 quaeras
914 2635 1020 2687 quid

191 2693 216 2733 J
219 2694 384 2733 oannes
403 2693 574 2744 sentiat3
593 2693 678 2734 hoc
696 2692 853 2746 procul
873 2691 1019 2741 dubio,

194 2747 314 2800 quod
332 2748 486 2798 Lucas⁷
504 2748 690 2799 Marcus,
712 2754 756 2791 et
773 2748 1020 2790 Matthaeus.

1060 393 1311 442 Matthaeus,
1343 394 1367 434 J
1371 395 1551 442 oannes,
1585 397 1628 434 et
1651 392 1805 433 Lucas.
1847 392 1892 433 Si

1063 462 1236 502 quaeras
1257 449 1363 501 quid
1380 449 1538 500 Lucas3
1570 449 1655 490 hoc
1681 448 1801 501 quod
1821 449 1845 489 J
1849 461 1891 490 o-

1063 507 1208 555 annes‚
1227 505 1474 554 Matthaeus,
1496 510 1539 546 et
1556 505 1731 546 Marcus
1751 505 1893 546 sentit.

1062 563 1260 612 Quatuor
1280 574 1385 613 ergo
1405 562 1539 603 facies
1558 561 1631 602 uni
1651 566 1766 602 sunt:
1792 561 1893 613 quia

1062 618 1218 660 notitia
1244 617 1363 667 fidei,
1402 630 1488 670 qua
1517 620 1840 668 cognoscuntur
1868 630 1893 658 a

1062 675 1177 724 Deo,
1208 674 1304 727 ipsa
1330 678 1397 716 est
1419 674 1464 714 in
1489 686 1591 723 uno,
1626 686 1724 725 quae
1750 678 1817 714 est
1841 673 1893 714 si-

1062 730 1154 771 mul
1172 730 1215 771 in
1236 733 1436 782 quatuor.
1474 729 1698 781 Quidquid
1718 729 1831 770 enim
1850 730 1893 769 in

1064 799 1151 828 uno
1175 787 1408 836 inveneris,
1436 786 1522 827 hoc
1546 786 1590 826 in
1615 785 1817 827 omnibus
1842 786 1894 826 si-

1064 843 1154 884 mul
1175 846 1363 895 quatuor
1384 844 1639 894 cognosces.

1119 911 1168 963 R.
1197 908 1323 949 Beati
1343 908 1448 949 estis
1467 920 1567 948 cum
1591 906 1897 948 maledixerint

1065 964 1190 1005 vobis
1227 964 1446 1013 hemines,
1491 968 1535 1004 et
1567 963 1788 1015 persecuti
1816 975 1895 1003 vos

1066 1020 1240 1070 fuerint,
1276 1025 1320 1061 et
1351 1019 1541 1061 dixerint
1573 1032 1703 1060 omne
1734 1019 1897 1059 malum

1066 1076 1299 1118 adversum
1315 1089 1406 1125 vos,
1425 1076 1698 1124 mentientes,
1712 1080 1897 1127 propter

1066 1145 1150 1173 me:
1177 1136 1199 1159 *
1222 1132 1424 1174 Gaudete
1453 1137 1497 1173 et
1525 1131 1756 1181 exsultate,
1793 1133 1896 1183 quo-

1066 1188 1182 1229 niam
1205 1201 1374 1230 merces
1394 1193 1541 1229 vestra
1561 1187 1743 1239 copiosa
1764 1192 1831 1228 est
1854 1188 1897 1227 in

1066 1244 1201 1286 coelis.
1239 1243 1289 1293 V.
1322 1245 1431 1286 Cum
1457 1257 1537 1285 vos
1563 1243 1737 1285 oderint
1761 1243 1896 1284 homi-

1066 1314 1160 1350 nes,
1196 1305 1239 1342 et
1264 1314 1364 1341 cum
1393 1300 1695 1352 separaverint
1720 1312 1816 1349 vos,
1854 1304 1898 1341 et

1067 1356 1442 1408 exprobraverint,
1459 1362 1503 1398 et
1519 1356 1723 1408 ejecerint
1737 1368 1898 1397 nomen

1067 1418 1262 1454 vestrum
1277 1417 1503 1465 tamquam
1521 1412 1695 1462 malum,
1715 1417 1898 1464 propter

1067 1469 1226 1510 Filium
1244 1469 1445 1510 hominis.
1473 1468 1686 1510 Gaudete.

1372 1554 1535 1595 Lectio'
1545 1555 1597 1594 vi.

1152 1622 1170 1658 t
1191 1619 1379 1669 quatuor
1397 1629 1556 1669 pennae
1576 1616 1666 1657 uni:
1696 1617 1797 1668 quia
1815 1617 1899 1658 Dei

1171 1673 1484 1725 omnipotentis
1494 1672 1652 1713 Filium
1662 1673 1900 1713 D6minum

1067 1733 1267 1770 nostrum
1286 1729 1310 1769 J
1313 1741 1436 1770 esum
1458 1728 1681 1770 Christum
1705 1729 1833 1770 simul
1857 1742 1899 1770 o-

1067 1798 1190 1827 mnes
1207 1785 1487 1826 concorditer
1505 1785 1764 1837 praedicant:
1784 1790 1827 1826 et
1844 1785 1900 1826 ad

1068 1841 1340 1883 divinitatem
1365 1841 1455 1891 ejus
1479 1841 1638 1882 mentis
1663 1841 1816 1882 oculos
1842 1839 1899 1882 le-

1068 1899 1233 1946 vantes,
1260 1909 1405 1948 penna
1423 1896 1806 1948 contemplationis
1826 1909 1898 1937 vo-

1068 1953 1169 1994 lant.
1213 1952 1594 2003 Evangelistarum
1627 1965 1734 2003 ergo
1766 1953 1899 1994 facies

1069 2008 1126 2050 ad
1149 2008 1467 2050 humanitatem
1492 2008 1671 2049 Do1nini
1698 2009 1900 2061 pertinet,

1067 2077 1213 2118 penna
1231 2064 1289 2106 ad.
1304 2064 1592 2106 divinitatem:
1614 2065 1715 2116 quia
1729 2065 1773 2105 in
1790 2078 1900 2114 eum,

1071 2134 1201 2173 quem
1225 2122 1488 2173 corporeum
1513 2121 1746 2173 aspiciunt,
1777 2121 1899 2172 quasi

1070 2177 1203 2219 facies
1238 2176 1490 2218 intendunt:
1531 2176 1610 2219 sed
1648 2176 1754 2218 dum
1785 2177 1901 2218 hunc

1071 2246 1167 2275 esse
1207 2233 1633 2285 incircumscriptum
1670 2237 1803 2285 atque
1840 2233 1900 2273 in-

1070 2291 1335 2342 corporeum
1375 2302 1430 2330 ex
1470 2288 1696 2330 divinitate
1739 2292 1900 2330 annun-

1069 2346 1189 2395 tiant,
1213 2358 1292 2397 per
1311 2345 1694 2397 contemplationis
1712 2357 1901 2397 pennam

1073 2401 1198 2454 quasi
1214 2401 1259 2442 in
1275 2402 1378 2442 aera
1395 2401 1607 2443 levantur.
1626 2401 1738 2450 Quia
1752 2403 1901 2452 itaque

1070 2471 1158 2499 una
1181 2462 1248 2499 est
1271 2457 1382 2499 fides
1406 2456 1716 2498 incarnationis
1742 2457 1834 2508 ejus
1856 2456 1901 2496 in

1072 2513 1286 2563 amnibus,
1308 2518 1352 2555 et
1368 2526 1450 2566 par
1466 2512 1779 2565 contemplatio
1795 2512 1901 2554 divi-

1071 2570 1220 2611 nitatis
1242 2571 1332 2622 ejus
1355 2570 1399 2610 in
1419 2569 1614 2620 singulis,
1642 2573 1762 2610 recte
1786 2580 1900 2609 nunc

1071 2626 1245 2668 dicitur:
1273 2627 1472 2676 Quatuor
1487 2625 1620 2666 facies
1635 2624 1719 2674 uni,
1739 2628 1783 2665 et
1798 2625 1898 2675 qua-

1071 2686 1173 2724 tuor
1190 2695 1349 2735 pennae
1372 2682 1456 2723 uni.

1122 2746 1173 2797 R.
1201 2747 1281 2789 Isti
1301 2751 1401 2789 sunt
1419 2745 1771 2799 triumphatores.
1800 2742 1882 2796 [10]
