<?xml version="1.0" encoding="UTF-8"?>
<!DOCTYPE html PUBLIC "-//W3C//DTD XHTML 1.0 Transitional//EN"
    "http://www.w3.org/TR/xhtml1/DTD/xhtml1-transitional.dtd">
<html xmlns="http://www.w3.org/1999/xhtml" xml:lang="en" lang="en">
 <head>
  <title>
</title>
<meta http-equiv="Content-Type" content="text/html;charset=utf-8" />
  <meta name='ocr-system' content='tesseract 3.04.00' />
  <meta name='ocr-capabilities' content='ocr_page ocr_carea ocr_par ocr_line ocrx_word'/>
</head>
<body>
  <div class='ocr_page' id='page_1' title='image "./p1breviariumroma00cathuoft_0368.png"; bbox 0 0 2040 2990; ppageno 0'>
   <div class='ocr_carea' id='block_1_1' title="bbox 216 212 282 248">
    <p class='ocr_par' dir='ltr' id='par_1_1' title="bbox 216 212 282 248">
     <span class='ocr_line' id='line_1_1' title="bbox 216 212 282 248; baseline -0.015 0"><span class='ocrx_word' id='word_1_1' title='bbox 216 212 282 248; x_wconf 82' lang='lat'>314</span> 
     </span>
    </p>
   </div>
   <div class='ocr_carea' id='block_1_2' title="bbox 215 306 1040 993">
    <p class='ocr_par' dir='ltr' id='par_1_2' title="bbox 215 306 1040 644">
     <span class='ocr_line' id='line_1_2' title="bbox 217 306 1039 360; baseline -0.001 -12"><span class='ocrx_word' id='word_1_2' title='bbox 217 320 242 348; x_wconf 93' lang='lat' dir='ltr'>a</span> <span class='ocrx_word' id='word_1_3' title='bbox 257 307 422 349; x_wconf 85' lang='lat' dir='ltr'>dextris</span> <span class='ocrx_word' id='word_1_4' title='bbox 436 307 557 357; x_wconf 89' lang='lat' dir='ltr'>meis,</span> <span class='ocrx_word' id='word_1_5' title='bbox 577 306 864 360; x_wconf 83' lang='lat' dir='ltr'>quoadusque</span> <span class='ocrx_word' id='word_1_6' title='bbox 879 319 1039 359; x_wconf 91' lang='lat' dir='ltr'>ponam</span> 
     </span>
     <span class='ocr_line' id='line_1_3' title="bbox 217 363 1039 416; baseline 0 -12"><span class='ocrx_word' id='word_1_7' title='bbox 217 364 416 405; x_wconf 91' lang='lat' dir='ltr'>inimicos</span> <span class='ocrx_word' id='word_1_8' title='bbox 456 369 557 406; x_wconf 93' lang='lat' dir='ltr'>tuos</span> <span class='ocrx_word' id='word_1_9' title='bbox 600 363 839 405; x_wconf 89' lang='lat' dir='ltr'>scabellum</span> <span class='ocrx_word' id='word_1_10' title='bbox 875 363 1039 416; x_wconf 89' lang='lat' dir='ltr'>pedum</span> 
     </span>
     <span class='ocr_line' id='line_1_4' title="bbox 216 419 1038 462; baseline -0.002 0"><span class='ocrx_word' id='word_1_11' title='bbox 216 419 414 462; x_wconf 87' lang='lat' dir='ltr'>tuorum?</span> <span class='ocrx_word' id='word_1_12' title='bbox 438 421 595 462; x_wconf 85' lang='lat' dir='ltr'>Nonne</span> <span class='ocrx_word' id='word_1_13' title='bbox 617 433 768 462; x_wconf 92' lang='lat' dir='ltr'>omnes</span> <span class='ocrx_word' id='word_1_14' title='bbox 787 425 886 462; x_wconf 93' lang='lat' dir='ltr'>sunt</span> <span class='ocrx_word' id='word_1_15' title='bbox 906 419 1038 461; x_wconf 89' lang='lat' dir='ltr'>admi-</span> 
     </span>
     <span class='ocr_line' id='line_1_5' title="bbox 216 477 1040 530; baseline -0.001 -12"><span class='ocrx_word' id='word_1_16' title='bbox 216 477 452 519; x_wconf 90' lang='lat' dir='ltr'>nistratorii</span> <span class='ocrx_word' id='word_1_17' title='bbox 471 478 665 530; x_wconf 90' lang='lat' dir='ltr'>spiritus,</span> <span class='ocrx_word' id='word_1_18' title='bbox 693 477 737 518; x_wconf 90' lang='lat' dir='ltr'>in</span> <span class='ocrx_word' id='word_1_19' title='bbox 755 477 1040 518; x_wconf 90' lang='lat' dir='ltr'>ministerium</span> 
     </span>
     <span class='ocr_line' id='line_1_6' title="bbox 215 533 1038 587; baseline -0.002 -12"><span class='ocrx_word' id='word_1_20' title='bbox 215 534 335 575; x_wconf 91' lang='lat' dir='ltr'>missi</span> <span class='ocrx_word' id='word_1_21' title='bbox 367 540 549 587; x_wconf 90' lang='lat' dir='ltr'>propter</span> <span class='ocrx_word' id='word_1_22' title='bbox 581 547 673 584; x_wconf 90' lang='lat' dir='ltr'>eos,</span> <span class='ocrx_word' id='word_1_23' title='bbox 708 534 782 586; x_wconf 92' lang='lat' dir='ltr'>qui</span> <span class='ocrx_word' id='word_1_24' title='bbox 813 533 1038 575; x_wconf 75' lang='lat' dir='ltr'>haeredita-</span> 
     </span>
     <span class='ocr_line' id='line_1_7' title="bbox 216 590 688 644; baseline -0.002 -12"><span class='ocrx_word' id='word_1_25' title='bbox 216 595 305 632; x_wconf 88' lang='lat' dir='ltr'>tem</span> <span class='ocrx_word' id='word_1_26' title='bbox 324 592 498 644; x_wconf 82' lang='lat' dir='ltr'>capient</span> <span class='ocrx_word' id='word_1_27' title='bbox 516 590 688 633; x_wconf 81' lang='lat' dir='ltr'>salutis?</span> 
     </span>
    </p>

    <p class='ocr_par' dir='ltr' id='par_1_3' title="bbox 215 655 1039 993">
     <span class='ocr_line' id='line_1_8' title="bbox 270 655 1039 704; baseline -0.005 -5"><span class='ocrx_word' id='word_1_28' title='bbox 270 660 318 699; x_wconf 77' lang='lat' dir='ltr'>R.</span> <span class='ocrx_word' id='word_1_29' title='bbox 345 657 386 698; x_wconf 90' lang='lat' dir='ltr'><strong>A</strong></span> <span class='ocrx_word' id='word_1_30' title='bbox 413 657 578 699; x_wconf 80' lang='lat' dir='ltr'><strong>dextris</strong></span> <span class='ocrx_word' id='word_1_31' title='bbox 603 662 668 699; x_wconf 91' lang='lat' dir='ltr'>est</span> <span class='ocrx_word' id='word_1_32' title='bbox 690 656 795 697; x_wconf 89' lang='lat' dir='ltr'>mihi</span> <span class='ocrx_word' id='word_1_33' title='bbox 814 655 1039 704; x_wconf 93' lang='lat' dir='ltr'>Dominus,</span> 
     </span>
     <span class='ocr_line' id='line_1_9' title="bbox 216 711 1038 766; baseline -0.002 -12"><span class='ocrx_word' id='word_1_34' title='bbox 216 726 270 754; x_wconf 91' lang='lat' dir='ltr'>ne</span> <span class='ocrx_word' id='word_1_35' title='bbox 296 716 588 756; x_wconf 87' lang='lat' dir='ltr'>commovear:</span> <span class='ocrx_word' id='word_1_36' title='bbox 610 715 631 737; x_wconf 90' lang='lat'>*</span> <span class='ocrx_word' id='word_1_37' title='bbox 659 714 843 766; x_wconf 84' lang='lat' dir='ltr'>Propter</span> <span class='ocrx_word' id='word_1_38' title='bbox 867 713 952 755; x_wconf 94' lang='lat' dir='ltr'>hoc</span> <span class='ocrx_word' id='word_1_39' title='bbox 978 711 1038 753; x_wconf 92' lang='lat' dir='ltr'>di-</span> 
     </span>
     <span class='ocr_line' id='line_1_10' title="bbox 216 769 1038 819; baseline 0 -9"><span class='ocrx_word' id='word_1_40' title='bbox 216 769 398 811; x_wconf 82' lang='lat' dir='ltr'>latatum</span> <span class='ocrx_word' id='word_1_41' title='bbox 418 776 484 812; x_wconf 92' lang='lat' dir='ltr'>est</span> <span class='ocrx_word' id='word_1_42' title='bbox 502 783 577 813; x_wconf 92' lang='lat' dir='ltr'>cor</span> <span class='ocrx_word' id='word_1_43' title='bbox 596 783 758 819; x_wconf 87' lang='lat' dir='ltr'>meum,</span> <span class='ocrx_word' id='word_1_44' title='bbox 783 775 826 812; x_wconf 89' lang='lat' dir='ltr'>et</span> <span class='ocrx_word' id='word_1_45' title='bbox 853 769 1038 812; x_wconf 69' lang='lat' dir='ltr'>exsulte-</span> 
     </span>
     <span class='ocr_line' id='line_1_11' title="bbox 216 822 1039 879; baseline 0 -13"><span class='ocrx_word' id='word_1_46' title='bbox 216 826 278 867; x_wconf 86' lang='lat' dir='ltr'>vit</span> <span class='ocrx_word' id='word_1_47' title='bbox 303 826 449 878; x_wconf 88' lang='lat' dir='ltr'>lingua</span> <span class='ocrx_word' id='word_1_48' title='bbox 477 841 584 869; x_wconf 90' lang='lat' dir='ltr'>mea.</span> <span class='ocrx_word' id='word_1_49' title='bbox 619 822 668 873; x_wconf 63' lang='lat' dir='ltr'>Y.</span> <span class='ocrx_word' id='word_1_50' title='bbox 698 827 912 868; x_wconf 91' lang='lat' dir='ltr'>Dominus</span> <span class='ocrx_word' id='word_1_51' title='bbox 936 838 1039 879; x_wconf 92' lang='lat' dir='ltr'>pars</span> 
     </span>
     <span class='ocr_line' id='line_1_12' title="bbox 215 882 1039 934; baseline -0.002 -10"><span class='ocrx_word' id='word_1_52' title='bbox 215 882 485 926; x_wconf 79' lang='lat' dir='ltr'>haereditatis</span> <span class='ocrx_word' id='word_1_53' title='bbox 518 897 645 934; x_wconf 89' lang='lat' dir='ltr'>meae,</span> <span class='ocrx_word' id='word_1_54' title='bbox 684 889 727 926; x_wconf 91' lang='lat' dir='ltr'>et</span> <span class='ocrx_word' id='word_1_55' title='bbox 765 883 912 925; x_wconf 81' lang='lat' dir='ltr'>calicis</span> <span class='ocrx_word' id='word_1_56' title='bbox 942 882 1039 923; x_wconf 90' lang='lat' dir='ltr'>mei.</span> 
     </span>
     <span class='ocr_line' id='line_1_13' title="bbox 215 940 969 993; baseline 0 -13"><span class='ocrx_word' id='word_1_57' title='bbox 215 940 412 993; x_wconf 87' lang='lat' dir='ltr'>Propter.</span> <span class='ocrx_word' id='word_1_58' title='bbox 443 941 596 982; x_wconf 87' lang='lat' dir='ltr'>Gloria</span> <span class='ocrx_word' id='word_1_59' title='bbox 615 940 745 982; x_wconf 89' lang='lat' dir='ltr'>Patri.</span> <span class='ocrx_word' id='word_1_60' title='bbox 771 941 969 992; x_wconf 83' lang='lat' dir='ltr'>Propter.</span> 
     </span>
    </p>
   </div>
   <div class='ocr_carea' id='block_1_3' title="bbox 439 1022 814 1062">
    <p class='ocr_par' dir='ltr' id='par_1_4' title="bbox 439 1022 814 1062">
     <span class='ocr_line' id='line_1_14' title="bbox 439 1022 814 1062; baseline -0.005 0"><span class='ocrx_word' id='word_1_61' title='bbox 439 1024 486 1062; x_wconf 91' lang='lat' dir='ltr'>In</span> <span class='ocrx_word' id='word_1_62' title='bbox 514 1023 564 1062; x_wconf 92' lang='grc' dir='ltr'>ΙΙ.</span> <span class='ocrx_word' id='word_1_63' title='bbox 593 1022 814 1061; x_wconf 79' lang='grc' dir='ltr'>Νο61111110.</span> 
     </span>
    </p>
   </div>
   <div class='ocr_carea' id='block_1_4' title="bbox 216 1093 1046 2798">
    <p class='ocr_par' dir='ltr' id='par_1_5' title="bbox 216 1093 1046 2798">
     <span class='ocr_line' id='line_1_15' title="bbox 216 1093 1039 1146; baseline 0 -13"><span class='ocrx_word' id='word_1_64' title='bbox 216 1094 370 1135; x_wconf 73' lang='lat' dir='ltr'>Sermo</span> <span class='ocrx_word' id='word_1_65' title='bbox 399 1093 538 1135; x_wconf 89' lang='lat' dir='ltr'>sancti</span> <span class='ocrx_word' id='word_1_66' title='bbox 562 1093 790 1136; x_wconf 80' lang='lat' dir='ltr'>Athanasii</span> <span class='ocrx_word' id='word_1_67' title='bbox 815 1093 1039 1146; x_wconf 85' lang='lat' dir='ltr'>Episcopi.</span> 
     </span>
     <span class='ocr_line' id='line_1_16' title="bbox 231 1155 1022 1199; baseline -0.005 -7"><span class='ocrx_word' id='word_1_68' title='bbox 231 1158 331 1192; x_wconf 74' lang='lat' dir='ltr'>Orat.</span> <span class='ocrx_word' id='word_1_69' title='bbox 348 1158 377 1191; x_wconf 76' lang='lat'>2.</span> <span class='ocrx_word' id='word_1_70' title='bbox 397 1163 526 1192; x_wconf 74' lang='lat' dir='ltr'>contra</span> <span class='ocrx_word' id='word_1_71' title='bbox 544 1157 722 1192; x_wconf 68' lang='lat' dir='ltr'>Arianos,</span> <span class='ocrx_word' id='word_1_72' title='bbox 742 1160 829 1199; x_wconf 82' lang='lat' dir='ltr'>post</span> <span class='ocrx_word' id='word_1_73' title='bbox 846 1155 1022 1189; x_wconf 82' lang='lat' dir='ltr'>medium.</span> 
     </span>
     <span class='ocr_line' id='line_1_17' title="bbox 517 1213 740 1254; baseline -0.004 -1"><span class='ocrx_word' id='word_1_74' title='bbox 517 1214 667 1254; x_wconf 76' lang='lat' dir='ltr'>Lectio</span> <span class='ocrx_word' id='word_1_75' title='bbox 689 1213 740 1252; x_wconf 77' lang='lat' dir='ltr'>iv.</span> 
     </span>
     <span class='ocr_line' id='line_1_18' title="bbox 224 1272 1039 1325; baseline 0.001 -13"><span class='ocrx_word' id='word_1_76' title='bbox 224 1272 333 1320; x_wconf 24' lang='lat' dir='ltr'>fxi</span> <span class='ocrx_word' id='word_1_77' title='bbox 352 1274 597 1325; x_wconf 84' lang='lat' dir='ltr'>personam,</span> <span class='ocrx_word' id='word_1_78' title='bbox 616 1285 719 1322; x_wconf 90' lang='lat' dir='ltr'>rem,</span> <span class='ocrx_word' id='word_1_79' title='bbox 744 1277 918 1325; x_wconf 92' lang='lat' dir='ltr'>tempus</span> <span class='ocrx_word' id='word_1_80' title='bbox 937 1284 1039 1325; x_wconf 88' lang='lat' dir='ltr'>apo-</span> 
     </span>
     <span class='ocr_line' id='line_1_19' title="bbox 222 1328 1040 1394; baseline 0 -24"><span class='ocrx_word' id='word_1_81' title='bbox 222 1344 294 1394; x_wconf 29' lang='grc' dir='ltr'>,ἢ</span> <span class='ocrx_word' id='word_1_82' title='bbox 336 1329 481 1371; x_wconf 83' lang='grc'>8101161</span> <span class='ocrx_word' id='word_1_83' title='bbox 500 1328 605 1371; x_wconf 82' lang='grc'>(11611</span> <span class='ocrx_word' id='word_1_84' title='bbox 625 1331 940 1380; x_wconf 82' lang='lat' dir='ltr'>cognoscerent</span> <span class='ocrx_word' id='word_1_85' title='bbox 955 1328 1040 1370; x_wconf 86' lang='lat' dir='ltr'>hae-</span> 
     </span>
     <span class='ocr_line' id='line_1_20' title="bbox 223 1385 1041 1438; baseline -0.001 -11"><span class='ocrx_word' id='word_1_86' title='bbox 223 1390 280 1409; x_wconf 55' lang='lat'>³²“</span> <span class='ocrx_word' id='word_1_87' title='bbox 338 1386 474 1437; x_wconf 89' lang='lat' dir='ltr'>retici,</span> <span class='ocrx_word' id='word_1_88' title='bbox 507 1399 743 1438; x_wconf 83' lang='lat' dir='ltr'>numquam</span> <span class='ocrx_word' id='word_1_89' title='bbox 775 1385 965 1427; x_wconf 80' lang='lat' dir='ltr'>humana</span> <span class='ocrx_word' id='word_1_90' title='bbox 996 1386 1041 1426; x_wconf 92' lang='lat' dir='ltr'>in</span> 
     </span>
     <span class='ocr_line' id='line_1_21' title="bbox 217 1443 1041 1495; baseline 0 -11"><span class='ocrx_word' id='word_1_91' title='bbox 217 1443 438 1484; x_wconf 79' lang='lat' dir='ltr'>Deitatem</span> <span class='ocrx_word' id='word_1_92' title='bbox 455 1443 779 1492; x_wconf 83' lang='lat' dir='ltr'>transferenteS,</span> <span class='ocrx_word' id='word_1_93' title='bbox 801 1447 891 1484; x_wconf 87' lang='lat' dir='ltr'>tam</span> <span class='ocrx_word' id='word_1_94' title='bbox 910 1443 1041 1495; x_wconf 92' lang='lat' dir='ltr'>impie</span> 
     </span>
     <span class='ocr_line' id='line_1_22' title="bbox 218 1499 1041 1541; baseline 0 -1"><span class='ocrx_word' id='word_1_95' title='bbox 218 1503 262 1541; x_wconf 91' lang='lat' dir='ltr'>et</span> <span class='ocrx_word' id='word_1_96' title='bbox 289 1499 422 1541; x_wconf 89' lang='lat' dir='ltr'>stulte</span> <span class='ocrx_word' id='word_1_97' title='bbox 455 1499 666 1541; x_wconf 91' lang='lat' dir='ltr'>adversus</span> <span class='ocrx_word' id='word_1_98' title='bbox 694 1499 915 1541; x_wconf 85' lang='lat' dir='ltr'>Christum</span> <span class='ocrx_word' id='word_1_99' title='bbox 944 1512 1041 1541; x_wconf 90' lang='lat' dir='ltr'>sese</span> 
     </span>
     <span class='ocr_line' id='line_1_23' title="bbox 217 1555 1042 1606; baseline -0.001 -9"><span class='ocrx_word' id='word_1_100' title='bbox 217 1555 480 1597; x_wconf 83' lang='lat' dir='ltr'>habuissent.</span> <span class='ocrx_word' id='word_1_101' title='bbox 526 1555 579 1597; x_wconf 89' lang='lat' dir='ltr'>Id</span> <span class='ocrx_word' id='word_1_102' title='bbox 613 1556 770 1598; x_wconf 88' lang='lat' dir='ltr'>intueri</span> <span class='ocrx_word' id='word_1_103' title='bbox 804 1555 970 1606; x_wconf 87' lang='lat' dir='ltr'>licebit,</span> <span class='ocrx_word' id='word_1_104' title='bbox 1006 1556 1042 1597; x_wconf 91' lang='lat' dir='ltr'>si</span> 
     </span>
     <span class='ocr_line' id='line_1_24' title="bbox 216 1612 1042 1665; baseline 0.001 -12"><span class='ocrx_word' id='word_1_105' title='bbox 216 1612 385 1654; x_wconf 91' lang='lat' dir='ltr'>initium</span> <span class='ocrx_word' id='word_1_106' title='bbox 408 1612 607 1654; x_wconf 92' lang='lat' dir='ltr'>lectionis</span> <span class='ocrx_word' id='word_1_107' title='bbox 636 1612 779 1654; x_wconf 91' lang='lat' dir='ltr'>denuo</span> <span class='ocrx_word' id='word_1_108' title='bbox 808 1615 1042 1665; x_wconf 90' lang='lat' dir='ltr'>repetitum</span> 
     </span>
     <span class='ocr_line' id='line_1_25' title="bbox 217 1669 1041 1722; baseline 0 -11"><span class='ocrx_word' id='word_1_109' title='bbox 217 1669 357 1722; x_wconf 87' lang='lat' dir='ltr'>probe</span> <span class='ocrx_word' id='word_1_110' title='bbox 387 1670 590 1722; x_wconf 83' lang='lat' dir='ltr'>excipias.</span> <span class='ocrx_word' id='word_1_111' title='bbox 634 1669 752 1711; x_wconf 89' lang='lat' dir='ltr'>Dicit</span> <span class='ocrx_word' id='word_1_112' title='bbox 781 1669 894 1711; x_wconf 91' lang='lat' dir='ltr'>enim</span> <span class='ocrx_word' id='word_1_113' title='bbox 923 1669 1041 1722; x_wconf 90' lang='lat' dir='ltr'>Apo-</span> 
     </span>
     <span class='ocr_line' id='line_1_26' title="bbox 218 1726 1042 1778; baseline 0.001 -12"><span class='ocrx_word' id='word_1_114' title='bbox 218 1726 371 1767; x_wconf 88' lang='lat' dir='ltr'>stolus:</span> <span class='ocrx_word' id='word_1_115' title='bbox 390 1726 680 1775; x_wconf 79' lang='lat' dir='ltr'>Multifariam,</span> <span class='ocrx_word' id='word_1_116' title='bbox 699 1726 934 1778; x_wconf 91' lang='lat' dir='ltr'>multisque</span> <span class='ocrx_word' id='word_1_117' title='bbox 952 1739 1042 1767; x_wconf 91' lang='lat' dir='ltr'>mo-</span> 
     </span>
     <span class='ocr_line' id='line_1_27' title="bbox 219 1782 1042 1836; baseline 0 -12"><span class='ocrx_word' id='word_1_118' title='bbox 219 1782 286 1824; x_wconf 93' lang='lat' dir='ltr'>dis</span> <span class='ocrx_word' id='word_1_119' title='bbox 305 1783 408 1825; x_wconf 93' lang='lat' dir='ltr'>olim</span> <span class='ocrx_word' id='word_1_120' title='bbox 427 1783 546 1825; x_wconf 93' lang='lat' dir='ltr'>Deus</span> <span class='ocrx_word' id='word_1_121' title='bbox 568 1783 739 1824; x_wconf 80' lang='lat' dir='ltr'>locutus</span> <span class='ocrx_word' id='word_1_122' title='bbox 759 1787 825 1825; x_wconf 92' lang='lat' dir='ltr'>est</span> <span class='ocrx_word' id='word_1_123' title='bbox 843 1782 1042 1836; x_wconf 78' lang='lat' dir='ltr'>patribus</span> 
     </span>
     <span class='ocr_line' id='line_1_28' title="bbox 218 1839 1041 1893; baseline 0.001 -13"><span class='ocrx_word' id='word_1_124' title='bbox 218 1840 379 1881; x_wconf 90' lang='lat' dir='ltr'>nostris</span> <span class='ocrx_word' id='word_1_125' title='bbox 404 1853 484 1892; x_wconf 91' lang='lat' dir='ltr'>per</span> <span class='ocrx_word' id='word_1_126' title='bbox 502 1839 759 1893; x_wconf 80' lang='lat' dir='ltr'>Prophetas:</span> <span class='ocrx_word' id='word_1_127' title='bbox 785 1840 948 1882; x_wconf 81' lang='lat' dir='ltr'>ultimis</span> <span class='ocrx_word' id='word_1_128' title='bbox 971 1852 1041 1881; x_wconf 87' lang='lat' dir='ltr'>au-</span> 
     </span>
     <span class='ocr_line' id='line_1_29' title="bbox 218 1896 1042 1938; baseline -0.001 0"><span class='ocrx_word' id='word_1_129' title='bbox 218 1901 307 1938; x_wconf 90' lang='lat' dir='ltr'>tem</span> <span class='ocrx_word' id='word_1_130' title='bbox 346 1896 499 1938; x_wconf 91' lang='lat' dir='ltr'>diebus</span> <span class='ocrx_word' id='word_1_131' title='bbox 535 1896 709 1938; x_wconf 79' lang='lat' dir='ltr'>locutus</span> <span class='ocrx_word' id='word_1_132' title='bbox 744 1901 811 1938; x_wconf 91' lang='lat' dir='ltr'>est</span> <span class='ocrx_word' id='word_1_133' title='bbox 840 1896 968 1938; x_wconf 92' lang='lat' dir='ltr'>nobis</span> <span class='ocrx_word' id='word_1_134' title='bbox 999 1897 1042 1937; x_wconf 92' lang='lat' dir='ltr'>in</span> 
     </span>
     <span class='ocr_line' id='line_1_30' title="bbox 219 1953 1042 2006; baseline -0.001 -12"><span class='ocrx_word' id='word_1_135' title='bbox 219 1953 341 1995; x_wconf 89' lang='lat' dir='ltr'>Filio.</span> <span class='ocrx_word' id='word_1_136' title='bbox 376 1954 523 2006; x_wconf 91' lang='lat' dir='ltr'>Atque</span> <span class='ocrx_word' id='word_1_137' title='bbox 549 1954 610 1995; x_wconf 90' lang='lat' dir='ltr'>ita</span> <span class='ocrx_word' id='word_1_138' title='bbox 634 1953 767 2006; x_wconf 93' lang='lat' dir='ltr'>paulo</span> <span class='ocrx_word' id='word_1_139' title='bbox 793 1958 897 2006; x_wconf 91' lang='lat' dir='ltr'>post</span> <span class='ocrx_word' id='word_1_140' title='bbox 922 1953 1042 1995; x_wconf 92' lang='lat' dir='ltr'>dicit:</span> 
     </span>
     <span class='ocr_line' id='line_1_31' title="bbox 218 2009 1042 2063; baseline 0.001 -13"><span class='ocrx_word' id='word_1_141' title='bbox 218 2009 417 2051; x_wconf 89' lang='lat' dir='ltr'>Perfecta</span> <span class='ocrx_word' id='word_1_142' title='bbox 449 2010 504 2051; x_wconf 89' lang='lat' dir='ltr'>ab</span> <span class='ocrx_word' id='word_1_143' title='bbox 534 2023 586 2052; x_wconf 91' lang='lat' dir='ltr'>eo</span> <span class='ocrx_word' id='word_1_144' title='bbox 614 2012 864 2052; x_wconf 87' lang='lat' dir='ltr'>nostrorum</span> <span class='ocrx_word' id='word_1_145' title='bbox 891 2022 1042 2063; x_wconf 88' lang='lat' dir='ltr'>pecca-</span> 
     </span>
     <span class='ocr_line' id='line_1_32' title="bbox 218 2066 1043 2119; baseline 0.001 -12"><span class='ocrx_word' id='word_1_146' title='bbox 218 2068 363 2107; x_wconf 91' lang='lat' dir='ltr'>torum</span> <span class='ocrx_word' id='word_1_147' title='bbox 382 2067 700 2119; x_wconf 90' lang='lat' dir='ltr'>purificatione,</span> <span class='ocrx_word' id='word_1_148' title='bbox 727 2067 869 2119; x_wconf 92' lang='lat' dir='ltr'>ipsum</span> <span class='ocrx_word' id='word_1_149' title='bbox 889 2066 1043 2108; x_wconf 90' lang='lat' dir='ltr'>sedere</span> 
     </span>
     <span class='ocr_line' id='line_1_33' title="bbox 220 2122 1043 2176; baseline 0 -12"><span class='ocrx_word' id='word_1_150' title='bbox 220 2122 277 2164; x_wconf 90' lang='lat' dir='ltr'>ad</span> <span class='ocrx_word' id='word_1_151' title='bbox 307 2123 533 2164; x_wconf 80' lang='lat' dir='ltr'>dexteram</span> <span class='ocrx_word' id='word_1_152' title='bbox 564 2124 803 2176; x_wconf 75' lang='lat' dir='ltr'>maiestatis</span> <span class='ocrx_word' id='word_1_153' title='bbox 835 2123 878 2164; x_wconf 91' lang='lat' dir='ltr'>in</span> <span class='ocrx_word' id='word_1_154' title='bbox 906 2123 1043 2165; x_wconf 84' lang='lat' dir='ltr'>excel-</span> 
     </span>
     <span class='ocr_line' id='line_1_34' title="bbox 220 2179 1044 2231; baseline 0.001 -11"><span class='ocrx_word' id='word_1_155' title='bbox 220 2179 290 2229; x_wconf 89' lang='lat' dir='ltr'>sis,</span> <span class='ocrx_word' id='word_1_156' title='bbox 305 2184 429 2221; x_wconf 92' lang='lat' dir='ltr'>tanto</span> <span class='ocrx_word' id='word_1_157' title='bbox 444 2179 669 2221; x_wconf 91' lang='lat' dir='ltr'>meliorem</span> <span class='ocrx_word' id='word_1_158' title='bbox 680 2180 860 2231; x_wconf 84' lang='lat' dir='ltr'>Angelis</span> <span class='ocrx_word' id='word_1_159' title='bbox 871 2180 1044 2229; x_wconf 87' lang='lat' dir='ltr'>factum,</span> 
     </span>
     <span class='ocr_line' id='line_1_35' title="bbox 221 2236 1043 2289; baseline 0.001 -12"><span class='ocrx_word' id='word_1_160' title='bbox 221 2241 383 2289; x_wconf 87' lang='lat' dir='ltr'>quanto</span> <span class='ocrx_word' id='word_1_161' title='bbox 404 2237 684 2289; x_wconf 80' lang='lat' dir='ltr'>praestantius</span> <span class='ocrx_word' id='word_1_162' title='bbox 707 2250 866 2278; x_wconf 91' lang='lat' dir='ltr'>nomen</span> <span class='ocrx_word' id='word_1_163' title='bbox 886 2249 979 2289; x_wconf 88' lang='lat' dir='ltr'>prae</span> <span class='ocrx_word' id='word_1_164' title='bbox 998 2236 1043 2278; x_wconf 94' lang='lat' dir='ltr'>il-</span> 
     </span>
     <span class='ocr_line' id='line_1_36' title="bbox 220 2292 1044 2345; baseline 0.001 -11"><span class='ocrx_word' id='word_1_165' title='bbox 220 2292 274 2334; x_wconf 86' lang='lat' dir='ltr'>lis</span> <span class='ocrx_word' id='word_1_166' title='bbox 297 2295 476 2334; x_wconf 92' lang='lat' dir='ltr'>sortitus</span> <span class='ocrx_word' id='word_1_167' title='bbox 501 2298 576 2334; x_wconf 89' lang='grc'>681.</span> <span class='ocrx_word' id='word_1_168' title='bbox 611 2294 678 2335; x_wconf 92' lang='lat' dir='ltr'>De</span> <span class='ocrx_word' id='word_1_169' title='bbox 705 2306 758 2334; x_wconf 93' lang='lat' dir='ltr'>eo</span> <span class='ocrx_word' id='word_1_170' title='bbox 784 2294 914 2345; x_wconf 88' lang='lat' dir='ltr'>igitur</span> <span class='ocrx_word' id='word_1_171' title='bbox 938 2295 1044 2335; x_wconf 87' lang='lat' dir='ltr'>tem-</span> 
     </span>
     <span class='ocr_line' id='line_1_37' title="bbox 220 2349 1043 2402; baseline 0 -12"><span class='ocrx_word' id='word_1_172' title='bbox 220 2362 339 2402; x_wconf 89' lang='lat' dir='ltr'>pore,</span> <span class='ocrx_word' id='word_1_173' title='bbox 360 2362 446 2402; x_wconf 93' lang='lat' dir='ltr'>quo</span> <span class='ocrx_word' id='word_1_174' title='bbox 464 2349 591 2391; x_wconf 91' lang='lat' dir='ltr'>nobis</span> <span class='ocrx_word' id='word_1_175' title='bbox 606 2363 685 2402; x_wconf 89' lang='lat' dir='ltr'>per</span> <span class='ocrx_word' id='word_1_176' title='bbox 699 2349 855 2390; x_wconf 88' lang='lat' dir='ltr'>Filium</span> <span class='ocrx_word' id='word_1_177' title='bbox 869 2350 1043 2392; x_wconf 81' lang='lat' dir='ltr'>locutus</span> 
     </span>
     <span class='ocr_line' id='line_1_38' title="bbox 222 2406 1043 2458; baseline 0 -11"><span class='ocrx_word' id='word_1_178' title='bbox 222 2411 305 2454; x_wconf 89' lang='lat' dir='ltr'>est,</span> <span class='ocrx_word' id='word_1_179' title='bbox 338 2419 436 2447; x_wconf 92' lang='lat' dir='ltr'>cum</span> <span class='ocrx_word' id='word_1_180' title='bbox 461 2408 743 2458; x_wconf 91' lang='lat' dir='ltr'>peccatorum</span> <span class='ocrx_word' id='word_1_181' title='bbox 769 2407 971 2458; x_wconf 77' lang='lat' dir='ltr'>purgatio</span> <span class='ocrx_word' id='word_1_182' title='bbox 998 2406 1043 2447; x_wconf 92' lang='lat' dir='ltr'>fi-</span> 
     </span>
     <span class='ocr_line' id='line_1_39' title="bbox 222 2462 1044 2515; baseline 0 -12"><span class='ocrx_word' id='word_1_183' title='bbox 222 2468 330 2512; x_wconf 89' lang='lat' dir='ltr'>eret,</span> <span class='ocrx_word' id='word_1_184' title='bbox 358 2462 649 2515; x_wconf 89' lang='lat' dir='ltr'>apostolicum</span> <span class='ocrx_word' id='word_1_185' title='bbox 674 2462 839 2504; x_wconf 92' lang='lat' dir='ltr'>dictum</span> <span class='ocrx_word' id='word_1_186' title='bbox 863 2463 1044 2504; x_wconf 91' lang='lat' dir='ltr'>mentio-</span> 
     </span>
     <span class='ocr_line' id='line_1_40' title="bbox 222 2518 1045 2569; baseline 0 -9"><span class='ocrx_word' id='word_1_187' title='bbox 222 2532 321 2560; x_wconf 91' lang='lat' dir='ltr'>nem</span> <span class='ocrx_word' id='word_1_188' title='bbox 356 2519 468 2560; x_wconf 89' lang='lat' dir='ltr'>facit.</span> <span class='ocrx_word' id='word_1_189' title='bbox 515 2518 701 2569; x_wconf 89' lang='lat' dir='ltr'>Quando</span> <span class='ocrx_word' id='word_1_190' title='bbox 737 2524 882 2560; x_wconf 85' lang='lat' dir='ltr'>autem</span> <span class='ocrx_word' id='word_1_191' title='bbox 919 2519 1045 2561; x_wconf 90' lang='lat' dir='ltr'>nobis</span> 
     </span>
     <span class='ocr_line' id='line_1_41' title="bbox 221 2575 1044 2627; baseline 0.001 -11"><span class='ocrx_word' id='word_1_192' title='bbox 221 2575 395 2617; x_wconf 76' lang='lat' dir='ltr'>locutus</span> <span class='ocrx_word' id='word_1_193' title='bbox 428 2581 494 2617; x_wconf 90' lang='lat' dir='ltr'>est</span> <span class='ocrx_word' id='word_1_194' title='bbox 524 2576 568 2619; x_wconf 90' lang='lat' dir='ltr'>in</span> <span class='ocrx_word' id='word_1_195' title='bbox 600 2575 728 2624; x_wconf 89' lang='lat' dir='ltr'>Filio,</span> <span class='ocrx_word' id='word_1_196' title='bbox 760 2580 834 2616; x_wconf 91' lang='lat' dir='ltr'>aut</span> <span class='ocrx_word' id='word_1_197' title='bbox 870 2575 1044 2627; x_wconf 90' lang='lat' dir='ltr'>quando</span> 
     </span>
     <span class='ocr_line' id='line_1_42' title="bbox 222 2631 1046 2685; baseline -0.001 -12"><span class='ocrx_word' id='word_1_198' title='bbox 222 2632 425 2685; x_wconf 80' lang='lat' dir='ltr'>purgatio</span> <span class='ocrx_word' id='word_1_199' title='bbox 470 2634 753 2684; x_wconf 91' lang='lat' dir='ltr'>peccatorum</span> <span class='ocrx_word' id='word_1_200' title='bbox 797 2631 926 2680; x_wconf 84' lang='lat' dir='ltr'>facta,</span> <span class='ocrx_word' id='word_1_201' title='bbox 972 2637 1046 2673; x_wconf 93' lang='lat' dir='ltr'>aut</span> 
     </span>
     <span class='ocr_line' id='line_1_43' title="bbox 223 2688 1046 2740; baseline 0.001 -11"><span class='ocrx_word' id='word_1_202' title='bbox 223 2688 398 2740; x_wconf 93' lang='lat' dir='ltr'>quando</span> <span class='ocrx_word' id='word_1_203' title='bbox 423 2694 551 2729; x_wconf 87' lang='lat' dir='ltr'>natus</span> <span class='ocrx_word' id='word_1_204' title='bbox 577 2693 643 2729; x_wconf 90' lang='lat' dir='ltr'>est</span> <span class='ocrx_word' id='word_1_205' title='bbox 667 2689 816 2737; x_wconf 92' lang='lat' dir='ltr'>homo,</span> <span class='ocrx_word' id='word_1_206' title='bbox 844 2688 926 2729; x_wconf 92' lang='lat' dir='ltr'>nisi</span> <span class='ocrx_word' id='word_1_207' title='bbox 946 2694 1046 2740; x_wconf 91' lang='lat' dir='ltr'>post</span> 
     </span>
     <span class='ocr_line' id='line_1_44' title="bbox 222 2743 1045 2798; baseline -0.001 -12"><span class='ocrx_word' id='word_1_208' title='bbox 222 2745 478 2798; x_wconf 76' lang='lat' dir='ltr'>Prophetas,</span> <span class='ocrx_word' id='word_1_209' title='bbox 493 2745 626 2797; x_wconf 92' lang='lat' dir='ltr'>idque</span> <span class='ocrx_word' id='word_1_210' title='bbox 641 2745 684 2785; x_wconf 92' lang='lat' dir='ltr'>in</span> <span class='ocrx_word' id='word_1_211' title='bbox 696 2744 857 2786; x_wconf 76' lang='lat' dir='ltr'>ultimis</span> <span class='ocrx_word' id='word_1_212' title='bbox 869 2743 1045 2786; x_wconf 86' lang='lat' dir='ltr'>diebus?</span> 
     </span>
    </p>
   </div>
   <div class='ocr_carea' id='block_1_5' title="bbox 719 211 1412 254">
    <p class='ocr_par' dir='ltr' id='par_1_6' title="bbox 719 211 1412 254">
     <span class='ocr_line' id='line_1_45' title="bbox 719 211 1412 254; baseline 0.001 -10"><span class='ocrx_word' id='word_1_213' title='bbox 719 211 917 244; x_wconf 72' lang='lat' dir='ltr'>Dominicu</span> <span class='ocrx_word' id='word_1_214' title='bbox 947 211 1004 244; x_wconf 68' lang='lat' dir='ltr'>x&#39;l.</span> <span class='ocrx_word' id='word_1_215' title='bbox 1033 216 1118 253; x_wconf 71' lang='lat' dir='ltr'>post</span> <span class='ocrx_word' id='word_1_216' title='bbox 1147 211 1412 254; x_wconf 73' lang='lat' dir='ltr'>Epiphaniam.</span> 
     </span>
    </p>
   </div>
   <div class='ocr_carea' id='block_1_6' title="bbox 1091 306 1913 529">
    <p class='ocr_par' dir='ltr' id='par_1_7' title="bbox 1091 306 1913 529">
     <span class='ocr_line' id='line_1_46' title="bbox 1144 306 1912 360; baseline 0.001 -12"><span class='ocrx_word' id='word_1_217' title='bbox 1144 309 1195 360; x_wconf 65' lang='lat' dir='ltr'>R.</span> <span class='ocrx_word' id='word_1_218' title='bbox 1230 306 1372 348; x_wconf 91' lang='lat' dir='ltr'>Notas</span> <span class='ocrx_word' id='word_1_219' title='bbox 1407 306 1513 348; x_wconf 91' lang='lat' dir='ltr'>mihi</span> <span class='ocrx_word' id='word_1_220' title='bbox 1549 307 1689 349; x_wconf 83' lang='lat' dir='ltr'>fecisti</span> <span class='ocrx_word' id='word_1_221' title='bbox 1725 307 1912 350; x_wconf 82' lang='lat' dir='ltr'>Domine</span> 
     </span>
     <span class='ocr_line' id='line_1_47' title="bbox 1091 363 1912 416; baseline 0.004 -13"><span class='ocrx_word' id='word_1_222' title='bbox 1091 363 1183 403; x_wconf 89' lang='lat' dir='ltr'>vias</span> <span class='ocrx_word' id='word_1_223' title='bbox 1198 363 1317 404; x_wconf 90' lang='lat' dir='ltr'>vitae:</span> <span class='ocrx_word' id='word_1_224' title='bbox 1338 365 1359 388; x_wconf 84' lang='lat'>*</span> <span class='ocrx_word' id='word_1_225' title='bbox 1379 363 1655 416; x_wconf 90' lang='lat' dir='ltr'>Adimplebis</span> <span class='ocrx_word' id='word_1_226' title='bbox 1672 377 1743 406; x_wconf 90' lang='lat' dir='ltr'>me</span> <span class='ocrx_word' id='word_1_227' title='bbox 1761 364 1912 406; x_wconf 83' lang='lat' dir='ltr'>laetitia</span> 
     </span>
     <span class='ocr_line' id='line_1_48' title="bbox 1091 419 1912 463; baseline 0.001 -3"><span class='ocrx_word' id='word_1_228' title='bbox 1091 432 1189 461; x_wconf 93' lang='lat' dir='ltr'>cum</span> <span class='ocrx_word' id='word_1_229' title='bbox 1223 420 1346 461; x_wconf 90' lang='lat' dir='ltr'>vultu</span> <span class='ocrx_word' id='word_1_230' title='bbox 1381 424 1472 462; x_wconf 91' lang='lat' dir='ltr'>tuo:</span> <span class='ocrx_word' id='word_1_231' title='bbox 1515 419 1827 463; x_wconf 87' lang='lat' dir='ltr'>delectationes</span> <span class='ocrx_word' id='word_1_232' title='bbox 1867 420 1912 461; x_wconf 93' lang='lat' dir='ltr'>in</span> 
     </span>
     <span class='ocr_line' id='line_1_49' title="bbox 1091 475 1913 529; baseline 0.002 -12"><span class='ocrx_word' id='word_1_233' title='bbox 1091 475 1272 517; x_wconf 80' lang='lat' dir='ltr'>dextera</span> <span class='ocrx_word' id='word_1_234' title='bbox 1291 480 1366 518; x_wconf 89' lang='lat' dir='ltr'>tua</span> <span class='ocrx_word' id='word_1_235' title='bbox 1384 489 1524 529; x_wconf 91' lang='lat' dir='ltr'>usque</span> <span class='ocrx_word' id='word_1_236' title='bbox 1542 476 1586 517; x_wconf 93' lang='lat' dir='ltr'>in</span> <span class='ocrx_word' id='word_1_237' title='bbox 1604 477 1745 519; x_wconf 91' lang='lat' dir='ltr'>finem.</span> <span class='ocrx_word' id='word_1_238' title='bbox 1777 475 1827 527; x_wconf 69' lang='lat' dir='ltr'>V.</span> <span class='ocrx_word' id='word_1_239' title='bbox 1843 477 1913 519; x_wconf 92' lang='lat' dir='ltr'>Tu</span> 
     </span>
    </p>
   </div>
   <div class='ocr_carea' id='block_1_7' title="bbox 1091 532 1913 643">
    <p class='ocr_par' dir='ltr' id='par_1_8' title="bbox 1091 532 1913 643">
     <span class='ocr_line' id='line_1_50' title="bbox 1091 532 1913 585; baseline 0.002 -12"><span class='ocrx_word' id='word_1_240' title='bbox 1091 545 1137 574; x_wconf 92' lang='lat' dir='ltr'>es</span> <span class='ocrx_word' id='word_1_241' title='bbox 1154 533 1226 585; x_wconf 94' lang='lat' dir='ltr'>qui</span> <span class='ocrx_word' id='word_1_242' title='bbox 1241 535 1444 574; x_wconf 85' lang='lat' dir='ltr'>restitues</span> <span class='ocrx_word' id='word_1_243' title='bbox 1459 532 1762 576; x_wconf 73' lang='lat' dir='ltr'>haereditetem</span> <span class='ocrx_word' id='word_1_244' title='bbox 1771 546 1913 575; x_wconf 88' lang='lat' dir='ltr'>meam</span> 
     </span>
     <span class='ocr_line' id='line_1_51' title="bbox 1091 589 1609 643; baseline 0 -13"><span class='ocrx_word' id='word_1_245' title='bbox 1091 589 1206 630; x_wconf 93' lang='lat' dir='ltr'>mihi.</span> <span class='ocrx_word' id='word_1_246' title='bbox 1234 589 1510 643; x_wconf 90' lang='lat' dir='ltr'>Adimplebis</span> <span class='ocrx_word' id='word_1_247' title='bbox 1528 603 1609 632; x_wconf 90' lang='lat' dir='ltr'>me.</span> 
     </span>
    </p>
   </div>
   <div class='ocr_carea' id='block_1_8' title="bbox 1093 667 1913 831">
    <p class='ocr_par' dir='ltr' id='par_1_9' title="bbox 1093 667 1913 831">
     <span class='ocr_line' id='line_1_52' title="bbox 1401 667 1610 707; baseline -0.01 0"><span class='ocrx_word' id='word_1_248' title='bbox 1401 667 1552 707; x_wconf 90' lang='lat' dir='ltr'>Lectio</span> <span class='ocrx_word' id='word_1_249' title='bbox 1574 680 1610 706; x_wconf 79' lang='lat' dir='ltr'>v,</span> 
     </span>
     <span class='ocr_line' id='line_1_53' title="bbox 1093 725 1913 831; baseline 0.002 -61"><span class='ocrx_word' id='word_1_250' title='bbox 1093 725 1307 831; x_wconf 91' lang='lat' dir='ltr'>Deinde</span> <span class='ocrx_word' id='word_1_251' title='bbox 1347 743 1445 771; x_wconf 93' lang='lat' dir='ltr'>cum</span> <span class='ocrx_word' id='word_1_252' title='bbox 1487 729 1679 771; x_wconf 76' lang='lat' dir='ltr'>narratio</span> <span class='ocrx_word' id='word_1_253' title='bbox 1714 730 1913 772; x_wconf 76' lang='lat' dir='ltr'>instituta</span> 
     </span>
    </p>
   </div>
   <div class='ocr_carea' id='block_1_9' title="bbox 1090 786 1918 2786">
    <p class='ocr_par' dir='ltr' id='par_1_10' title="bbox 1090 786 1916 1680">
     <span class='ocr_line' id='line_1_54' title="bbox 1187 786 1912 840; baseline 0.001 -12"><span class='ocrx_word' id='word_1_254' title='bbox 1187 791 1304 828; x_wconf 89' lang='lat' dir='ltr'>esset</span> <span class='ocrx_word' id='word_1_255' title='bbox 1321 786 1375 829; x_wconf 90' lang='lat' dir='ltr'>de</span> <span class='ocrx_word' id='word_1_256' title='bbox 1391 786 1579 828; x_wconf 78' lang='lat' dir='ltr'>humana</span> <span class='ocrx_word' id='word_1_257' title='bbox 1591 786 1728 828; x_wconf 91' lang='lat' dir='ltr'>Verbi</span> <span class='ocrx_word' id='word_1_258' title='bbox 1742 786 1912 840; x_wconf 91' lang='lat' dir='ltr'>dispen-</span> 
     </span>
     <span class='ocr_line' id='line_1_55' title="bbox 1091 842 1913 896; baseline -0.001 -11"><span class='ocrx_word' id='word_1_259' title='bbox 1091 843 1270 893; x_wconf 88' lang='lat' dir='ltr'>satione,</span> <span class='ocrx_word' id='word_1_260' title='bbox 1290 842 1433 896; x_wconf 91' lang='lat' dir='ltr'>deque</span> <span class='ocrx_word' id='word_1_261' title='bbox 1447 843 1608 885; x_wconf 80' lang='lat' dir='ltr'>ultimis</span> <span class='ocrx_word' id='word_1_262' title='bbox 1626 843 1913 896; x_wconf 88' lang='lat' dir='ltr'>temporibus:</span> 
     </span>
     <span class='ocr_line' id='line_1_56' title="bbox 1091 900 1912 952; baseline 0 -10"><span class='ocrx_word' id='word_1_263' title='bbox 1091 901 1410 952; x_wconf 78' lang='lat' dir='ltr'>consequenter</span> <span class='ocrx_word' id='word_1_264' title='bbox 1433 900 1806 950; x_wconf 81' lang='lat' dir='ltr'>commemoravit,</span> <span class='ocrx_word' id='word_1_265' title='bbox 1828 900 1912 942; x_wconf 87' lang='lat' dir='ltr'>De-</span> 
     </span>
     <span class='ocr_line' id='line_1_57' title="bbox 1090 956 1913 1010; baseline 0 -12"><span class='ocrx_word' id='word_1_266' title='bbox 1090 970 1163 998; x_wconf 93' lang='lat' dir='ltr'>um</span> <span class='ocrx_word' id='word_1_267' title='bbox 1199 969 1341 1010; x_wconf 92' lang='lat' dir='ltr'>neque</span> <span class='ocrx_word' id='word_1_268' title='bbox 1377 956 1675 1010; x_wconf 90' lang='lat' dir='ltr'>superioribus</span> <span class='ocrx_word' id='word_1_269' title='bbox 1708 956 1913 999; x_wconf 81' lang='lat' dir='ltr'>aetatibus</span> 
     </span>
     <span class='ocr_line' id='line_1_58' title="bbox 1090 1012 1913 1066; baseline 0.001 -11"><span class='ocrx_word' id='word_1_270' title='bbox 1090 1015 1289 1064; x_wconf 89' lang='lat' dir='ltr'>tacuisse,</span> <span class='ocrx_word' id='word_1_271' title='bbox 1310 1012 1388 1055; x_wconf 91' lang='lat' dir='ltr'>sed</span> <span class='ocrx_word' id='word_1_272' title='bbox 1402 1013 1597 1056; x_wconf 82' lang='lat' dir='ltr'>locutum</span> <span class='ocrx_word' id='word_1_273' title='bbox 1612 1026 1709 1055; x_wconf 91' lang='lat' dir='ltr'>esse</span> <span class='ocrx_word' id='word_1_274' title='bbox 1718 1026 1798 1066; x_wconf 89' lang='lat' dir='ltr'>per</span> <span class='ocrx_word' id='word_1_275' title='bbox 1808 1013 1913 1056; x_wconf 89' lang='lat' dir='ltr'>Pro-</span> 
     </span>
     <span class='ocr_line' id='line_1_59' title="bbox 1090 1069 1912 1123; baseline 0 -11"><span class='ocrx_word' id='word_1_276' title='bbox 1090 1070 1261 1123; x_wconf 87' lang='lat' dir='ltr'>phetas:</span> <span class='ocrx_word' id='word_1_277' title='bbox 1277 1075 1320 1112; x_wconf 91' lang='lat' dir='ltr'>et</span> <span class='ocrx_word' id='word_1_278' title='bbox 1333 1075 1568 1123; x_wconf 87' lang='lat' dir='ltr'>postquam</span> <span class='ocrx_word' id='word_1_279' title='bbox 1581 1069 1818 1123; x_wconf 75' lang='lat' dir='ltr'>Prophetae</span> <span class='ocrx_word' id='word_1_280' title='bbox 1832 1083 1912 1112; x_wconf 90' lang='lat' dir='ltr'>suo</span> 
     </span>
     <span class='ocr_line' id='line_1_60' title="bbox 1092 1126 1914 1180; baseline -0.001 -11"><span class='ocrx_word' id='word_1_281' title='bbox 1092 1127 1235 1169; x_wconf 87' lang='lat' dir='ltr'>officio</span> <span class='ocrx_word' id='word_1_282' title='bbox 1266 1127 1484 1180; x_wconf 83' lang='lat' dir='ltr'>perfuncti</span> <span class='ocrx_word' id='word_1_283' title='bbox 1516 1131 1630 1177; x_wconf 92' lang='lat' dir='ltr'>sunt,</span> <span class='ocrx_word' id='word_1_284' title='bbox 1663 1131 1706 1169; x_wconf 90' lang='grc'>61</span> <span class='ocrx_word' id='word_1_285' title='bbox 1736 1126 1807 1169; x_wconf 85' lang='lat' dir='ltr'>lex</span> <span class='ocrx_word' id='word_1_286' title='bbox 1833 1139 1914 1180; x_wconf 92' lang='lat' dir='ltr'>per</span> 
     </span>
     <span class='ocr_line' id='line_1_61' title="bbox 1091 1183 1914 1237; baseline 0 -12"><span class='ocrx_word' id='word_1_287' title='bbox 1091 1184 1286 1236; x_wconf 87' lang='lat' dir='ltr'>Angelos</span> <span class='ocrx_word' id='word_1_288' title='bbox 1311 1184 1591 1237; x_wconf 79' lang='lat' dir='ltr'>pronuntiata</span> <span class='ocrx_word' id='word_1_289' title='bbox 1610 1187 1690 1234; x_wconf 91' lang='lat' dir='ltr'>est,</span> <span class='ocrx_word' id='word_1_290' title='bbox 1718 1188 1761 1225; x_wconf 90' lang='lat' dir='ltr'>et</span> <span class='ocrx_word' id='word_1_291' title='bbox 1779 1183 1914 1226; x_wconf 84' lang='lat' dir='ltr'>Filius</span> 
     </span>
     <span class='ocr_line' id='line_1_62' title="bbox 1092 1239 1913 1290; baseline 0 -8"><span class='ocrx_word' id='word_1_292' title='bbox 1092 1241 1222 1283; x_wconf 89' lang='lat' dir='ltr'>etiam</span> <span class='ocrx_word' id='word_1_293' title='bbox 1247 1240 1302 1282; x_wconf 86' lang='lat' dir='ltr'>ad</span> <span class='ocrx_word' id='word_1_294' title='bbox 1327 1253 1407 1283; x_wconf 93' lang='lat' dir='ltr'>nos</span> <span class='ocrx_word' id='word_1_295' title='bbox 1431 1239 1674 1290; x_wconf 91' lang='lat' dir='ltr'>descendit,</span> <span class='ocrx_word' id='word_1_296' title='bbox 1702 1239 1819 1282; x_wconf 90' lang='lat' dir='ltr'>etad</span> <span class='ocrx_word' id='word_1_297' title='bbox 1838 1240 1913 1281; x_wconf 87' lang='lat' dir='ltr'>mi-</span> 
     </span>
     <span class='ocr_line' id='line_1_63' title="bbox 1091 1296 1915 1348; baseline -0.001 -9"><span class='ocrx_word' id='word_1_298' title='bbox 1091 1297 1362 1339; x_wconf 81' lang='lat' dir='ltr'>nistrandum</span> <span class='ocrx_word' id='word_1_299' title='bbox 1387 1297 1585 1348; x_wconf 73' lang='lat' dir='ltr'>accessit:</span> <span class='ocrx_word' id='word_1_300' title='bbox 1611 1301 1716 1338; x_wconf 89' lang='lat' dir='ltr'>tunc</span> <span class='ocrx_word' id='word_1_301' title='bbox 1740 1296 1915 1339; x_wconf 90' lang='lat' dir='ltr'>demum</span> 
     </span>
     <span class='ocr_line' id='line_1_64' title="bbox 1092 1353 1915 1396; baseline 0 -1"><span class='ocrx_word' id='word_1_302' title='bbox 1092 1354 1340 1396; x_wconf 75' lang='lat' dir='ltr'>necessario</span> <span class='ocrx_word' id='word_1_303' title='bbox 1373 1353 1614 1396; x_wconf 90' lang='lat' dir='ltr'>subintulit:</span> <span class='ocrx_word' id='word_1_304' title='bbox 1649 1353 1792 1396; x_wconf 91' lang='lat' dir='ltr'>Tanto</span> <span class='ocrx_word' id='word_1_305' title='bbox 1828 1354 1915 1395; x_wconf 86' lang='lat' dir='ltr'>me-</span> 
     </span>
     <span class='ocr_line' id='line_1_65' title="bbox 1092 1409 1914 1463; baseline 0 -11"><span class='ocrx_word' id='word_1_306' title='bbox 1092 1411 1174 1453; x_wconf 91' lang='lat' dir='ltr'>lior</span> <span class='ocrx_word' id='word_1_307' title='bbox 1198 1411 1378 1463; x_wconf 88' lang='lat' dir='ltr'>Angelis</span> <span class='ocrx_word' id='word_1_308' title='bbox 1402 1411 1556 1452; x_wconf 85' lang='lat' dir='ltr'>factus:</span> <span class='ocrx_word' id='word_1_309' title='bbox 1581 1409 1814 1452; x_wconf 89' lang='lat' dir='ltr'>ostendere</span> <span class='ocrx_word' id='word_1_310' title='bbox 1841 1422 1914 1452; x_wconf 89' lang='lat' dir='ltr'>vo-</span> 
     </span>
     <span class='ocr_line' id='line_1_66' title="bbox 1092 1467 1915 1520; baseline 0 -11"><span class='ocrx_word' id='word_1_311' title='bbox 1092 1468 1203 1518; x_wconf 90' lang='lat' dir='ltr'>lens,</span> <span class='ocrx_word' id='word_1_312' title='bbox 1230 1473 1393 1520; x_wconf 88' lang='lat' dir='ltr'>quanto</span> <span class='ocrx_word' id='word_1_313' title='bbox 1413 1467 1548 1509; x_wconf 91' lang='lat' dir='ltr'>Filius</span> <span class='ocrx_word' id='word_1_314' title='bbox 1574 1479 1668 1520; x_wconf 88' lang='lat' dir='ltr'>prae</span> <span class='ocrx_word' id='word_1_315' title='bbox 1691 1479 1818 1509; x_wconf 88' lang='lat' dir='ltr'>servo</span> <span class='ocrx_word' id='word_1_316' title='bbox 1844 1479 1915 1509; x_wconf 85' lang='lat' dir='ltr'>ex-</span> 
     </span>
     <span class='ocr_line' id='line_1_67' title="bbox 1093 1523 1916 1577; baseline -0.001 -11"><span class='ocrx_word' id='word_1_317' title='bbox 1093 1524 1227 1575; x_wconf 91' lang='lat' dir='ltr'>cellit,</span> <span class='ocrx_word' id='word_1_318' title='bbox 1263 1529 1384 1566; x_wconf 87' lang='lat' dir='ltr'>tanto</span> <span class='ocrx_word' id='word_1_319' title='bbox 1422 1524 1644 1566; x_wconf 89' lang='lat' dir='ltr'>functione</span> <span class='ocrx_word' id='word_1_320' title='bbox 1681 1523 1916 1577; x_wconf 89' lang='lat' dir='ltr'>officioque</span> 
     </span>
     <span class='ocr_line' id='line_1_68' title="bbox 1093 1580 1916 1631; baseline 0 -9"><span class='ocrx_word' id='word_1_321' title='bbox 1093 1583 1334 1631; x_wconf 91' lang='lat' dir='ltr'>servorum,</span> <span class='ocrx_word' id='word_1_322' title='bbox 1365 1581 1464 1622; x_wconf 86' lang='lat' dir='ltr'>Filii</span> <span class='ocrx_word' id='word_1_323' title='bbox 1495 1580 1916 1623; x_wconf 88' lang='lat' dir='ltr'>administrationem</span> 
     </span>
     <span class='ocr_line' id='line_1_69' title="bbox 1093 1638 1480 1680; baseline -0.003 -1"><span class='ocrx_word' id='word_1_324' title='bbox 1093 1638 1317 1680; x_wconf 89' lang='lat' dir='ltr'>meliorem</span> <span class='ocrx_word' id='word_1_325' title='bbox 1337 1638 1480 1679; x_wconf 89' lang='lat' dir='ltr'>fuisse.</span> 
     </span>
    </p>

    <p class='ocr_par' dir='ltr' id='par_1_11' title="bbox 1093 1698 1917 1977">
     <span class='ocr_line' id='line_1_70' title="bbox 1149 1698 1915 1753; baseline -0.004 -11"><span class='ocrx_word' id='word_1_326' title='bbox 1149 1703 1199 1753; x_wconf 70' lang='lat' dir='ltr'>R.</span> <span class='ocrx_word' id='word_1_327' title='bbox 1240 1699 1429 1750; x_wconf 89' lang='lat' dir='ltr'>Diligam</span> <span class='ocrx_word' id='word_1_328' title='bbox 1473 1703 1518 1740; x_wconf 90' lang='lat' dir='ltr'>te</span> <span class='ocrx_word' id='word_1_329' title='bbox 1554 1698 1742 1740; x_wconf 88' lang='lat' dir='ltr'>Domine</span> <span class='ocrx_word' id='word_1_330' title='bbox 1778 1698 1915 1740; x_wconf 91' lang='lat' dir='ltr'>virtus</span> 
     </span>
     <span class='ocr_line' id='line_1_71' title="bbox 1093 1754 1916 1797; baseline -0.001 0"><span class='ocrx_word' id='word_1_331' title='bbox 1093 1768 1205 1797; x_wconf 91' lang='lat' dir='ltr'>mea:</span> <span class='ocrx_word' id='word_1_332' title='bbox 1237 1756 1450 1797; x_wconf 89' lang='lat' dir='ltr'>Dominus</span> <span class='ocrx_word' id='word_1_333' title='bbox 1481 1754 1800 1796; x_wconf 84' lang='lat' dir='ltr'>firmamentum</span> <span class='ocrx_word' id='word_1_334' title='bbox 1829 1767 1916 1796; x_wconf 91' lang='lat' dir='ltr'>me-</span> 
     </span>
     <span class='ocr_line' id='line_1_72' title="bbox 1094 1808 1916 1863; baseline -0.002 -9"><span class='ocrx_word' id='word_1_335' title='bbox 1094 1826 1177 1862; x_wconf 91' lang='lat' dir='ltr'>um,</span> <span class='ocrx_word' id='word_1_336' title='bbox 1198 1817 1221 1841; x_wconf 88' lang='lat'>*</span> <span class='ocrx_word' id='word_1_337' title='bbox 1234 1813 1291 1854; x_wconf 92' lang='lat' dir='ltr'>Et</span> <span class='ocrx_word' id='word_1_338' title='bbox 1310 1812 1523 1863; x_wconf 80' lang='lat' dir='ltr'>refugium</span> <span class='ocrx_word' id='word_1_339' title='bbox 1539 1824 1695 1853; x_wconf 92' lang='lat' dir='ltr'>meum.</span> <span class='ocrx_word' id='word_1_340' title='bbox 1724 1808 1775 1861; x_wconf 67' lang='lat' dir='ltr'>V.</span> <span class='ocrx_word' id='word_1_341' title='bbox 1791 1810 1916 1853; x_wconf 82' lang='lat' dir='ltr'>Libe-</span> 
     </span>
     <span class='ocr_line' id='line_1_73' title="bbox 1095 1867 1917 1921; baseline -0.001 -11"><span class='ocrx_word' id='word_1_342' title='bbox 1095 1871 1213 1911; x_wconf 78' lang='lat' dir='ltr'>rator</span> <span class='ocrx_word' id='word_1_343' title='bbox 1245 1882 1387 1919; x_wconf 91' lang='lat' dir='ltr'>meus,</span> <span class='ocrx_word' id='word_1_344' title='bbox 1420 1869 1541 1910; x_wconf 86' lang='lat' dir='ltr'>Deus</span> <span class='ocrx_word' id='word_1_345' title='bbox 1571 1881 1712 1919; x_wconf 85' lang='grc'>1116118,</span> <span class='ocrx_word' id='word_1_346' title='bbox 1743 1867 1917 1921; x_wconf 81' lang='lat' dir='ltr'>adjutor</span> 
     </span>
     <span class='ocr_line' id='line_1_74' title="bbox 1095 1925 1554 1977; baseline -0.004 -9"><span class='ocrx_word' id='word_1_347' title='bbox 1095 1939 1228 1968; x_wconf 92' lang='lat' dir='ltr'>meus.</span> <span class='ocrx_word' id='word_1_348' title='bbox 1255 1926 1311 1967; x_wconf 90' lang='lat' dir='ltr'>Et</span> <span class='ocrx_word' id='word_1_349' title='bbox 1330 1925 1554 1977; x_wconf 83' lang='lat' dir='ltr'>refugium.</span> 
     </span>
    </p>

    <p class='ocr_par' dir='ltr' id='par_1_12' title="bbox 1095 2000 1918 2737">
     <span class='ocr_line' id='line_1_75' title="bbox 1398 2000 1619 2041; baseline -0.009 0"><span class='ocrx_word' id='word_1_350' title='bbox 1398 2000 1547 2041; x_wconf 88' lang='lat' dir='ltr'>Lectio</span> <span class='ocrx_word' id='word_1_351' title='bbox 1568 2000 1619 2039; x_wconf 81' lang='lat' dir='ltr'>vi.</span> 
     </span>
     <span class='ocr_line' id='line_1_76' title="bbox 1178 2063 1916 2117; baseline -0.005 -9"><span class='ocrx_word' id='word_1_352' title='bbox 1178 2066 1427 2108; x_wconf 88' lang='lat' dir='ltr'>unctionem</span> <span class='ocrx_word' id='word_1_353' title='bbox 1479 2065 1608 2117; x_wconf 85' lang='lat' dir='ltr'>igitur</span> <span class='ocrx_word' id='word_1_354' title='bbox 1666 2063 1916 2105; x_wconf 82' lang='lat' dir='ltr'>discernens</span> 
     </span>
     <span class='ocr_line' id='line_1_77' title="bbox 1189 2122 1917 2176; baseline -0.004 -12"><span class='ocrx_word' id='word_1_355' title='bbox 1189 2122 1448 2176; x_wconf 88' lang='lat' dir='ltr'>Apostolus,</span> <span class='ocrx_word' id='word_1_356' title='bbox 1475 2127 1568 2163; x_wconf 91' lang='lat' dir='ltr'>tum</span> <span class='ocrx_word' id='word_1_357' title='bbox 1587 2122 1796 2171; x_wconf 90' lang='lat' dir='ltr'>veterem,</span> <span class='ocrx_word' id='word_1_358' title='bbox 1823 2125 1917 2162; x_wconf 93' lang='lat' dir='ltr'>tum</span> 
     </span>
     <span class='ocr_line' id='line_1_78' title="bbox 1095 2177 1916 2230; baseline -0.005 -8"><span class='ocrx_word' id='word_1_359' title='bbox 1095 2193 1273 2229; x_wconf 88' lang='lat' dir='ltr'>novam,</span> <span class='ocrx_word' id='word_1_360' title='bbox 1316 2191 1472 2230; x_wconf 88' lang='lat' dir='ltr'>magna</span> <span class='ocrx_word' id='word_1_361' title='bbox 1508 2177 1680 2219; x_wconf 91' lang='lat' dir='ltr'>dicendi</span> <span class='ocrx_word' id='word_1_362' title='bbox 1715 2177 1916 2219; x_wconf 78' lang='lat' dir='ltr'>libertate</span> 
     </span>
     <span class='ocr_line' id='line_1_79' title="bbox 1095 2232 1917 2286; baseline -0.005 -8"><span class='ocrx_word' id='word_1_363' title='bbox 1095 2236 1247 2286; x_wconf 81' lang='lat' dir='ltr'>utitur,</span> <span class='ocrx_word' id='word_1_364' title='bbox 1275 2234 1331 2277; x_wconf 86' lang='lat' dir='ltr'>ad</span> <span class='ocrx_word' id='word_1_365' title='bbox 1356 2234 1535 2276; x_wconf 81' lang='lat' dir='ltr'>Judaeos</span> <span class='ocrx_word' id='word_1_366' title='bbox 1563 2233 1756 2275; x_wconf 90' lang='lat' dir='ltr'>scribens</span> <span class='ocrx_word' id='word_1_367' title='bbox 1785 2238 1828 2275; x_wconf 91' lang='lat' dir='ltr'>et</span> <span class='ocrx_word' id='word_1_368' title='bbox 1856 2232 1917 2274; x_wconf 94' lang='lat' dir='ltr'>lo-</span> 
     </span>
     <span class='ocr_line' id='line_1_80' title="bbox 1097 2289 1918 2346; baseline -0.005 -12"><span class='ocrx_word' id='word_1_369' title='bbox 1097 2305 1244 2346; x_wconf 91' lang='lat' dir='ltr'>quens.</span> <span class='ocrx_word' id='word_1_370' title='bbox 1279 2293 1466 2344; x_wconf 91' lang='lat' dir='ltr'>Propter</span> <span class='ocrx_word' id='word_1_371' title='bbox 1494 2290 1579 2332; x_wconf 91' lang='lat' dir='ltr'>hoc</span> <span class='ocrx_word' id='word_1_372' title='bbox 1605 2291 1735 2341; x_wconf 88' lang='lat' dir='ltr'>igitur</span> <span class='ocrx_word' id='word_1_373' title='bbox 1761 2302 1848 2331; x_wconf 92' lang='lat' dir='ltr'>non</span> <span class='ocrx_word' id='word_1_374' title='bbox 1874 2289 1918 2330; x_wconf 92' lang='lat' dir='ltr'>in</span> 
     </span>
     <span class='ocr_line' id='line_1_81' title="bbox 1096 2346 1916 2400; baseline -0.005 -9"><span class='ocrx_word' id='word_1_375' title='bbox 1096 2349 1344 2391; x_wconf 89' lang='lat' dir='ltr'>universum</span> <span class='ocrx_word' id='word_1_376' title='bbox 1364 2361 1418 2389; x_wconf 86' lang='lat' dir='ltr'>ex</span> <span class='ocrx_word' id='word_1_377' title='bbox 1435 2347 1615 2400; x_wconf 88' lang='lat' dir='ltr'>propria</span> <span class='ocrx_word' id='word_1_378' title='bbox 1630 2346 1916 2398; x_wconf 90' lang='lat' dir='ltr'>comparatio-</span> 
     </span>
     <span class='ocr_line' id='line_1_82' title="bbox 1095 2402 1918 2455; baseline -0.004 -9"><span class='ocrx_word' id='word_1_379' title='bbox 1095 2406 1162 2447; x_wconf 88' lang='lat' dir='ltr'>nis</span> <span class='ocrx_word' id='word_1_380' title='bbox 1188 2405 1356 2446; x_wconf 87' lang='lat' dir='ltr'>ratione</span> <span class='ocrx_word' id='word_1_381' title='bbox 1379 2403 1505 2454; x_wconf 82' lang='lat' dir='ltr'>dixit,</span> <span class='ocrx_word' id='word_1_382' title='bbox 1539 2403 1659 2455; x_wconf 90' lang='lat' dir='ltr'>quod</span> <span class='ocrx_word' id='word_1_383' title='bbox 1683 2402 1819 2454; x_wconf 88' lang='lat' dir='ltr'>major</span> <span class='ocrx_word' id='word_1_384' title='bbox 1843 2407 1918 2443; x_wconf 91' lang='lat' dir='ltr'>aut</span> 
     </span>
     <span class='ocr_line' id='line_1_83' title="bbox 1096 2457 1917 2512; baseline -0.005 -8"><span class='ocrx_word' id='word_1_385' title='bbox 1096 2461 1349 2504; x_wconf 80' lang='lat' dir='ltr'>honoratior</span> <span class='ocrx_word' id='word_1_386' title='bbox 1370 2465 1501 2502; x_wconf 89' lang='lat' dir='ltr'>esset:</span> <span class='ocrx_word' id='word_1_387' title='bbox 1525 2472 1579 2501; x_wconf 92' lang='lat' dir='ltr'>ne</span> <span class='ocrx_word' id='word_1_388' title='bbox 1601 2459 1698 2511; x_wconf 91' lang='lat' dir='ltr'>quis</span> <span class='ocrx_word' id='word_1_389' title='bbox 1719 2458 1843 2512; x_wconf 88' lang='lat' dir='ltr'>quasi</span> <span class='ocrx_word' id='word_1_390' title='bbox 1863 2457 1917 2500; x_wconf 91' lang='lat' dir='ltr'>de</span> 
     </span>
     <span class='ocr_line' id='line_1_84' title="bbox 1098 2517 1917 2571; baseline -0.005 -11"><span class='ocrx_word' id='word_1_391' title='bbox 1098 2518 1290 2571; x_wconf 82' lang='lat' dir='ltr'>ejusdem</span> <span class='ocrx_word' id='word_1_392' title='bbox 1313 2517 1499 2568; x_wconf 85' lang='lat' dir='ltr'>generis,</span> <span class='ocrx_word' id='word_1_393' title='bbox 1532 2521 1576 2558; x_wconf 92' lang='lat' dir='ltr'>et</span> <span class='ocrx_word' id='word_1_394' title='bbox 1601 2528 1699 2557; x_wconf 92' lang='lat' dir='ltr'>cum</span> <span class='ocrx_word' id='word_1_395' title='bbox 1724 2528 1777 2558; x_wconf 90' lang='lat' dir='ltr'>eo</span> <span class='ocrx_word' id='word_1_396' title='bbox 1802 2528 1917 2557; x_wconf 93' lang='lat' dir='ltr'>com-</span> 
     </span>
     <span class='ocr_line' id='line_1_85' title="bbox 1096 2571 1917 2616; baseline -0.005 0"><span class='ocrx_word' id='word_1_397' title='bbox 1096 2574 1297 2616; x_wconf 86' lang='lat' dir='ltr'>munibus</span> <span class='ocrx_word' id='word_1_398' title='bbox 1323 2573 1455 2615; x_wconf 91' lang='lat' dir='ltr'>rebus</span> <span class='ocrx_word' id='word_1_399' title='bbox 1484 2573 1580 2614; x_wconf 87' lang='lat' dir='ltr'>haec</span> <span class='ocrx_word' id='word_1_400' title='bbox 1605 2572 1738 2614; x_wconf 86' lang='lat' dir='ltr'>verba</span> <span class='ocrx_word' id='word_1_401' title='bbox 1765 2571 1917 2613; x_wconf 88' lang='lat' dir='ltr'>intelli-</span> 
     </span>
     <span class='ocr_line' id='line_1_86' title="bbox 1097 2626 1918 2684; baseline -0.007 -11"><span class='ocrx_word' id='word_1_402' title='bbox 1097 2636 1232 2684; x_wconf 86' lang='lat' dir='ltr'>geret:</span> <span class='ocrx_word' id='word_1_403' title='bbox 1255 2629 1334 2671; x_wconf 93' lang='lat' dir='ltr'>sed</span> <span class='ocrx_word' id='word_1_404' title='bbox 1356 2629 1456 2671; x_wconf 89' lang='lat' dir='ltr'>ideo</span> <span class='ocrx_word' id='word_1_405' title='bbox 1475 2629 1700 2671; x_wconf 89' lang='lat' dir='ltr'>meliorem</span> <span class='ocrx_word' id='word_1_406' title='bbox 1716 2627 1837 2669; x_wconf 92' lang='lat' dir='ltr'>illum</span> <span class='ocrx_word' id='word_1_407' title='bbox 1856 2626 1918 2668; x_wconf 88' lang='lat' dir='ltr'>di·</span> 
     </span>
     <span class='ocr_line' id='line_1_87' title="bbox 1098 2681 1918 2737; baseline -0.006 -8"><span class='ocrx_word' id='word_1_408' title='bbox 1098 2688 1177 2737; x_wconf 82' lang='lat' dir='ltr'>xit,</span> <span class='ocrx_word' id='word_1_409' title='bbox 1207 2691 1256 2728; x_wconf 88' lang='lat' dir='ltr'>ut</span> <span class='ocrx_word' id='word_1_410' title='bbox 1284 2686 1517 2728; x_wconf 89' lang='lat' dir='ltr'>discrimen</span> <span class='ocrx_word' id='word_1_411' title='bbox 1543 2688 1711 2727; x_wconf 84' lang='lat' dir='ltr'>naturae</span> <span class='ocrx_word' id='word_1_412' title='bbox 1738 2683 1835 2725; x_wconf 90' lang='lat' dir='ltr'>Filii</span> <span class='ocrx_word' id='word_1_413' title='bbox 1861 2681 1918 2724; x_wconf 89' lang='lat' dir='ltr'>ad</span> 
     </span>
    </p>

    <p class='ocr_par' dir='ltr' id='par_1_13' title="bbox 1098 2742 1600 2786">
     <span class='ocr_line' id='line_1_88' title="bbox 1098 2742 1600 2786; baseline -0.004 -1"><span class='ocrx_word' id='word_1_414' title='bbox 1098 2757 1168 2786; x_wconf 90' lang='lat' dir='ltr'>res</span> <span class='ocrx_word' id='word_1_415' title='bbox 1187 2745 1357 2785; x_wconf 79' lang='lat' dir='ltr'>creatas</span> <span class='ocrx_word' id='word_1_416' title='bbox 1376 2742 1600 2784; x_wconf 79' lang='lat' dir='ltr'>indicaret.</span> 
     </span>
    </p>
   </div>
   <div class='ocr_carea' id='block_1_10' title="bbox 154 155 1983 2842">
    <p class='ocr_par' dir='ltr' id='par_1_14' title="bbox 154 155 1983 2842">
     <span class='ocr_line' id='line_1_89' title="bbox 154 155 1983 2842; baseline 0 0"><span class='ocrx_word' id='word_1_417' title='bbox 154 155 1983 2842; x_wconf 95' lang='lat' dir='ltr'> </span> 
     </span>
    </p>
   </div>
  </div>
 </body>
</html>
