2040 2990
754 200 796 234 In
820 200 965 235 Octava
990 200 1024 235 S.
1046 200 1241 244 Stephani.

1782 202 1848 237 233

425 293 492 330 Ad
512 294 695 330 Nonam.

199 351 299 392 Ant.
325 351 443 391 Ecce
462 349 600 391 Maria
618 350 779 402 genuit.

200 412 458 464 Capitulum.
692 411 824 452 Hebr.
838 412 867 451 1.
886 423 919 451 c.

192 470 262 523 psi
280 470 496 524 peribunt,
518 475 566 513 tu
586 476 732 514 autem
747 472 972 524 permane-

197 526 282 577 bis;
301 531 344 569 et
363 540 514 570 omnes
534 528 648 570 sicut
666 529 974 573 vestimentum

145 586 438 627 veterascent:
457 589 501 627 et
519 585 640 627 velut
658 587 866 627 amictum
881 598 972 626 mu-

145 640 260 682 tabis
280 653 366 692 eos,
387 646 431 684 et
448 642 746 685 mutabuntur:
764 647 812 684 tu
827 646 974 684 autem

145 696 264 739 idem
282 698 378 751 ipse
398 711 460 751 es,
486 702 530 741 et
554 700 654 741 anni
677 699 742 741 tui
761 711 849 741 non
869 698 972 741 defi-

147 754 272 796 cient.

200 813 250 865 R.
269 811 332 853 br.
352 812 571 854 Viderunt
590 825 742 854 omnes
761 812 871 854 fines
889 817 972 854 ter-

147 881 224 918 rae,
247 869 270 893 *
294 868 497 921 Alleluia,
525 869 706 922 alleluja.
742 869 972 911 Viderunt.

147 919 200 972 V.
216 925 427 976 ,Salutate
458 926 542 967 Dei
574 926 725 968 nostri.
774 926 972 978 Alleluia,

146 981 327 1034 alleluja.
359 982 508 1024 Gloria
524 983 655 1024 Patri.
682 982 911 1024 Viderunt.

200 1037 250 1089 V.
271 1042 470 1085 Verbum
495 1057 597 1086 caro
618 1044 781 1086 factum
804 1048 886 1094 est,
915 1043 972 1085 al-

146 1098 285 1152 leluja.
332 1099 383 1150 Rr-
417 1100 473 1142 Et
507 1100 721 1143 habitavit
754 1101 798 1141 in
834 1100 972 1151 nobis,

146 1155 327 1209 alleluja.

350 1238 412 1279 In
430 1238 492 1280 11.
511 1238 764 1290 vesperis.

198 1305 287 1340 Ant.
313 1304 359 1339 de
382 1304 579 1338 Laudibus
594 1305 673 1350 231;
700 1302 845 1337 Psalmi
870 1307 910 1336 ut
935 1301 972 1335 in

148 1353 274 1388 Festis
297 1353 338 1388 B.
359 1353 407 1387 M.
424 1352 469 1387 V.
490 1352 598 1397 [133];
627 1351 750 1395 Capit.
775 1354 811 1386 ct
835 1350 972 1394 Hymn.

147 1405 189 1436 ut
214 1402 253 1436 in
276 1401 302 1436 Ι.
326 1400 523 1445 Vesperis.
540 1401 615 1436 223.

201 1454 253 1505 V.
280 1456 446 1499 Notum
476 1457 581 1500 fecit
607 1458 840 1509 Dominus,
870 1458 970 1500 alle-

146 1512 244 1566 luja.
273 1515 326 1568 R.
339 1513 537 1556 Salutate
555 1527 693 1565 suum,
712 1515 894 1567 alleluja.

200 1582 272 1624 Ad
289 1581 463 1634 Magnis.
486 1581 588 1623 Ant.
614 1581 816 1632 Magnum
834 1582 970 1624 haere-

146 1634 296 1677 ditatis
329 1636 598 1688 mysterium:
641 1637 854 1690 templum
887 1638 972 1681 Dei

145 1692 286 1734 factus
306 1697 372 1734 est
395 1695 545 1735 uterus
563 1694 798 1736 nescientis
817 1695 971 1736 virum:

145 1761 234 1790 non
260 1753 327 1791 est
349 1749 544 1802 pollutus
568 1763 622 1792 ex
641 1763 693 1792 ea
712 1764 888 1793 carnem
907 1765 970 1794 as-

146 1808 337 1848 sumens:
358 1818 510 1849 omnes
528 1811 680 1859 gentes
698 1808 890 1859 venient,
910 1809 970 1851 di-

147 1864 311 1905 centes:
331 1863 483 1906 Gloria
500 1862 578 1905 tibi
596 1864 795 1906 Domine.

203 1925 335 1961 Oratio
359 1929 400 1960 ut
424 1936 542 1970 supra
562 1926 602 1960 in
625 1925 744 1960 Laud.
763 1925 837 1960 232.

200 1976 350 2013 Deinde
374 1989 445 2023 pro
470 1978 506 2014 S.
530 1978 738 2022 Stephano.

200 2036 301 2077 Ant.
349 2033 595 2088 Stephanus
634 2038 782 2076 autem
816 2034 970 2086 plenus

146 2091 286 2141 gratia
301 2095 344 2132 et
360 2090 624 2141 fortitudine,
644 2090 832 2132 faciebat
848 2090 972 2142 signa

147 2160 304 2199 magna
323 2147 367 2189 in
384 2147 564 2201 populo.

201 2199 254 2253 V.
275 2204 523 2257 Stephanus
548 2203 659 2246 vidit
685 2203 823 2245 coelos
848 2205 970 2257 aper-

147 2265 230 2302 tos.
274 2262 326 2313 Rz.
348 2260 474 2303 Vidit
507 2265 550 2303 et
578 2261 789 2302 introivit:
816 2260 970 2302 beatus

147 2316 293 2368 homo,
309 2318 380 2359 cui
398 2317 500 2360 coeli
519 2317 740 2371 patebant.

485 2384 647 2426 Oratio.

230 2442 479 2493 mnipotens
528 2439 791 2493 sempiterne
835 2439 972 2487 Deus,

251 2497 326 2549 qui
342 2497 558 2549 primitias
576 2497 819 2549 Martyrum
839 2495 883 2535 in
900 2494 972 2536 be-

151 2552 213 2593 ati
236 2552 403 2594 Levitae
429 2553 638 2606 Stephani
666 2552 874 2604 sanguine
902 2550 972 2592 de-

151 2608 321 2650 dicasti:
351 2609 496 2652 tribue
524 2612 788 2662 quaesumus;
818 2613 866 2649 ut
891 2620 972 2660 pro

151 2664 277 2707 nobis
295 2665 559 2708 intercessor
578 2669 776 2715 exsistat,
802 2665 875 2717 qui
891 2676 973 2716 pro

153 2722 242 2763 suis
274 2722 404 2763 etiam
434 2721 790 2775 persecutoribus
824 2722 973 2762 exora-

304 2863 369 2888 Pars
383 2863 517 2889 fflemalis.

1023 293 1087 335 vit
1100 293 1338 335 Dominum
1352 300 1550 337 nostrum
1565 297 1589 337 J
1592 310 1713 338 esum
1729 298 1847 339 Chri-

1025 354 1140 391 stum
1165 350 1322 392 Filium
1348 356 1484 393 tuum:
1513 353 1596 403 Qui
1619 359 1766 395 tecum
1789 355 1847 396 vi-

1024 407 1088 448 vit
1107 411 1152 448 et
1170 413 1334 458 regnat.

1078 475 1135 509 De
1173 474 1260 508 aliis
1298 474 1454 508 Octavis
1497 474 1530 507 in
1568 474 1627 507 his
1665 475 1846 518 Vesperis

1026 524 1123 557 nihil
1146 523 1195 557 fit.

1282 585 1516 614 —ffl-A-
1530 599 1534 601 .
1554 599 1559 601 .
1580 600 1591 601 L

1082 657 1129 696 In
1158 657 1324 698 Octava
1347 659 1514 701 Sancti
1538 660 1790 711 Stephani.

1360 727 1519 770 Duplex.

1188 790 1275 831 Ad.
1300 790 1686 832 Matutinum.

1078 852 1202 893 Invit.
1233 852 1451 895 Christum
1472 858 1635 903 natum,
1661 853 1734 905 qui
1750 853 1848 895 bea-

1024 913 1118 950 tum
1148 909 1281 951 hodie
1314 910 1543 951 coronavit
1570 909 1848 963 Stephanum,

1026 967 1048 991 *
1067 965 1226 1008 Venite
1246 966 1490 1008 adoremus.

1078 1028 1144 1068 Ps.
1175 1029 1334 1078 Venite,
1355 1028 1633 1070 exsultemus.
1650 1029 1687 1069 2.

1079 1089 1233 1132 ΙῙ)’ῑηῃ.,
1266 1090 1367 1125 Ant..
1403 1090 1464 1124 Ps.
1495 1094 1529 1124 et
1559 1084 1642 1130 ῩῨ.
1668 1089 1776 1123 Noct.
1803 1088 1849 1121 de

1027 1136 1170 1171 Comm.
1199 1138 1311 1171 unius
1336 1138 1443 1173 Mart.
1463 1136 1531 1180 [22]

1272 1210 1321 1248 In
1339 1210 1368 1247 I.
1389 1210 1611 1249 Nocturno.

1129 1274 1195 1315 De
1212 1272 1396 1314 Actibus
1417 1272 1745 1325 Apostolorum.

1105 1339 1256 1380 Lectio
1278 1340 1302 1379 i.
1473 1339 1574 1390 Cap.
1589 1340 1623 1379 7.
1640 1340 1663 1379 f.
1680 1344 1722 1380 et
1738 1340 1773 1378 8.

1031 1403 1232 1472 ''{?<]2.T>‘²'‘'x‘·1ura
1255 1401 1442 1449 cervice,
1469 1404 1512 1441 et
1535 1400 1846 1441 incircumcisis

1035 1507 1036 1517 ἵ
1060 1473 1121 1501 μ
1143 1475 1146 1493 1
1171 1455 1379 1498 cordibus
1391 1461 1434 1497 et
1444 1456 1630 1508 auribus,
1646 1469 1726 1498 vos
1737 1469 1847 1498 sem-

1023 1545 1025 1547 >
1043 1506 1146 1535 ἈἈ
1170 1526 1249 1566 per
1264 1513 1443 1565 Spiritui
1461 1518 1613 1555 sancto
1633 1514 1847 1563 resistitis,

1023 1570 1135 1612 sicut
1149 1574 1300 1623 patres
1311 1570 1455 1619 vestri,
1472 1570 1532 1611 ita
1544 1574 1587 1611 et
1598 1582 1687 1611 vos.
1708 1570 1847 1620 Quem

1022 1626 1345 1680 Prophetarum
1380 1639 1466 1667 non
1499 1631 1599 1668 sunt
1629 1627 1849 1680 persecuti

1022 1689 1171 1737 patres
1199 1681 1355 1725 vestri?
1392 1683 1449 1724 Et
1478 1683 1733 1725 occiderunt
1759 1696 1846 1733 eos,

1025 1741 1099 1794 qui
1116 1739 1469 1794 praenuntiabant
1494 1739 1549 1781 de
1568 1739 1758 1781 adventu
1775 1740 1800 1780 J
1802 1753 1845 1780 u-

1024 1798 1096 1847 sti,
1125 1798 1244 1849 cujus
1268 1809 1348 1838 vos
1371 1809 1485 1837 nunc
1509 1795 1775 1848 proditores,
1804 1801 1847 1837 et

1023 1853 1256 1895 homicidae
1272 1853 1427 1894 fuistis:
1449 1852 1523 1905 qui
1542 1852 1773 1905 accepistis
1789 1852 1845 1894 le-

1022 1923 1122 1962 gem
1140 1910 1185 1951 in
1201 1908 1488 1962 dispositione
1503 1908 1782 1960 Angelorum,
1803 1913 1846 1951 et

1022 1979 1111 2008 non
1135 1965 1401 2007 custodistis.
1436 1964 1678 2007 Audientes
1702 1970 1847 2007 autem

1022 2023 1136 2073 haec,
1163 2021 1493 2064 dissecabantur
1516 2021 1723 2064 cordibus
1747 2022 1846 2072 suis,

1024 2083 1067 2121 et
1085 2078 1329 2120 stridebant
1348 2078 1552 2120 dentibus
1573 2078 1617 2119 in
1636 2091 1744 2121 eum.

1078 2143 1130 2193 Rz.
1144 2143 1391 2196 Stephanus
1413 2148 1559 2185 autem
1577 2143 1732 2196 plenus
1751 2145 1844 2195 gra-

1022 2200 1084 2241 tia
1111 2204 1154 2241 et
1181 2199 1454 2250 fortitudine,
1475 2200 1498 2226 *
1515 2199 1723 2242 Faciebat
1747 2212 1845 2252 pro-

1023 2256 1140 2308 digia
1172 2261 1216 2298 et
1249 2257 1372 2308 signa
1406 2269 1564 2308 magna
1594 2256 1638 2297 in
1670 2255 1846 2309 populo.

1028 2305 1080 2358 V.
1104 2312 1393 2355 Surrexerunt
1425 2312 1603 2365 quidam
1636 2312 1691 2354 de
1724 2324 1846 2364 syna-

1023 2371 1138 2420 goga
1174 2368 1446 2422 disputantes
1483 2382 1582 2411 cum
1614 2368 1846 2421 Stephano,

1025 2430 1069 2467 et
1096 2438 1184 2467 non
1211 2428 1418 2478 poterant
1449 2428 1653 2467 resistere
1681 2424 1846 2477 sapien-

1024 2482 1099 2524 tiae
1118 2486 1161 2524 et
1178 2482 1357 2535 Spiritui
1378 2481 1452 2535 qui
1470 2480 1742 2534 loquebatur.
1768 2480 1846 2521 Fa-

1026 2538 1180 2581 ciebat.

1335 2597 1486 2638 Lectio
1507 2596 1545 2636 ii.

996 2710 1012 2781 Ι,
1029 2650 1175 2758 Cum
1198 2669 1343 2706 autem
1367 2669 1483 2706 esset
1507 2663 1661 2716 plenus
1685 2660 1847 2713 Spiritu

1111 2725 1275 2770 sanct0‚
1294 2719 1524 2762 intendens
1543 2719 1586 2760 in
1601 2718 1770 2766 coelum,
1787 2716 1845 2757 vi-

1604 2849 1644 2880 16
