2040 2990
724 206 894 240 Sabbato
919 206 968 240 ad
992 206 1230 240 Matutinum.
1818 204 1863 241 99

150 295 387 338 babuntur:
415 298 438 323 *
466 297 638 338 auferes
673 298 877 349 spiritum
910 301 979 339 eo-

149 366 263 402 rum,
293 357 337 394 et
366 352 590 402 deficient,
619 358 663 395 et
684 354 729 394 in
750 354 978 406 pulverem

149 422 277 450 suum
294 411 582 451 revertentur.

199 466 387 507 Emittes
406 466 610 518 spiritum
627 471 766 517 tuum,
796 473 840 509 et
861 481 978 510 crea-

147 521 325 563 buntur:
333 524 357 550 *
366 527 410 564 et
421 522 656 564 renovabis
667 523 825 565 faciem
836 530 978 566 terrae.

199 579 264 620 Sit
284 579 425 630 gloria
444 579 625 620 Domini
643 580 687 619 in
709 580 935 622 saeculum:
955 584 978 609 *

146 635 371 677 laetabitur
378 636 595 677 Dominus
604 636 649 676 in
659 637 869 688 operibus
877 638 977 679 suis.

200 693 284 742 Qui
303 693 485 745 respicit
504 697 679 743 terram,
700 698 743 734 et
759 693 863 735 facit
882 707 978 735 eam

146 750 351 790 tremere:
378 751 402 776 *
431 750 506 801 qui
535 750 676 801 tangit
702 756 896 801 montes,
934 756 977 792 et

146 804 370 857 fumigant.

199 861 398 904 Cantabo
418 863 613 904 Domino
643 863 686 903 in
711 864 802 904 vita
819 877 933 905 mea:
954 866 977 891 *

145 918 331 970 psallam
349 919 446 960 Deo
463 932 576 969 meo,
597 919 808 971 quamdiu
828 934 936 961 sum.

196 975 221 1015 J
223 975 447 1017 ucundum
459 976 516 1017 sit
528 977 567 1017 ei
579 975 804 1028 eloquium
815 990 976 1018 meum:

145 1032 169 1058 *
189 1044 270 1083 ego
294 1045 400 1073 vero
425 1032 684 1074 delectabor
707 1033 752 1073 in
772 1033 977 1074 Domino.

195 1088 418 1130 Deficiant
441 1091 702 1142 peccatores
726 1102 751 1129 a
770 1094 903 1139 terra,
933 1095 977 1131 et

144 1144 283 1196 iniqui
315 1146 378 1187 ita
410 1151 458 1187 ut
490 1158 580 1187 non
613 1146 715 1187 sint:
739 1148 763 1173 *
788 1145 976 1188 benedic

146 1201 291 1243 anima
309 1215 407 1243 mea
428 1202 632 1244 Domino.

407 1256 603 1296 Psalmus
624 1257 715 1295 104.

148 1306 466 1414 Confitemini
486 1316 690 1365 Domino,
710 1321 753 1357 et
771 1316 977 1357 invocate

237 1384 397 1414 nomen
418 1374 524 1425 ejus:
543 1375 567 1399 *
586 1373 841 1413 annuntiate
862 1373 976 1413 inter

148 1427 314 1469 Gentes
337 1431 472 1481 opera
493 1430 594 1481 ejus.

197 1484 383 1527 Caritate
403 1486 459 1535 ei,
489 1490 533 1527 et
560 1485 734 1538 psallite
765 1486 818 1527 ei:
837 1487 861 1512 *
880 1499 976 1526 nar-

145 1542 241 1582 rate
262 1542 409 1582 omnia
427 1541 645 1583 mirabilia
667 1543 768 1595 ejus.

198 1597 459 1639 Laudamini
508 1599 552 1639 in
599 1599 775 1640 nomine
820 1604 975 1641 sancto

147 1654 254 1705 ejus:
285 1655 310 1681 *
339 1654 515 1696 laetetur
561 1668 637 1696 cor
684 1656 975 1707 quaerentium

145 1710 395 1751 Dominum.

196 1767 392 1817 Quaerite
411 1768 662 1818 Dominum,
683 1773 726 1810 et
746 1769 974 1810 confirma-

143 1823 267 1864 mini:
294 1826 319 1850 *
347 1825 532 1876 quaerite
561 1825 718 1866 faciem
746 1826 837 1877 ejus
866 1839 974 1867 sem-

141 1892 233 1932 per.
606 1890 612 1900 ·

193 1936 464 1979 Mementote
475 1937 743 1978 mirabilium
755 1939 857 1990 ejus,
874 1951 973 1990 quae

141 1992 294 2034 fecit:*
305 1993 508 2046 prodigia
524 1995 625 2046 ejus
646 1999 690 2035 et
707 1993 867 2046 judicia
884 1995 973 2035 oris

143 2061 244 2101 ejus.

195 2105 353 2147 Semen
385 2106 628 2157 Abraham,
664 2107 781 2148 servi
814 2109 921 2159 ejus:
949 2109 973 2135 *

142 2161 221 2202 filii
239 2162 390 2212 Jacob,
410 2163 540 2204 electi
560 2164 661 2215 ejus.

194 2218 297 2271 Ipse
315 2219 533 2260 Dominus
550 2220 672 2260 Deus
700 2225 866 2261 noster:
886 2222 909 2247 *
929 2221 972 2260 in

142 2275 345 2316 universa
364 2281 483 2317 terra
502 2275 663 2327 judicia
683 2277 784 2328 ejus.

193 2331 364 2373 Memor
401 2332 482 2373 fuit
517 2332 561 2372 in
599 2332 809 2373 saeculum
842 2338 971 2374 testa-

142 2388 278 2429 menti
298 2389 379 2429 sui:
399 2390 422 2415 *
441 2388 584 2438 verbi,
608 2388 728 2440 quod
745 2388 971 2430 mandavit

141 2443 187 2484 in
205 2444 324 2486 mille
343 2445 666 2496 generationes:

195 2500 324 2550 Quod
353 2500 573 2553 disposuit
601 2501 658 2542 ad
686 2499 927 2542 Abraham:
948 2503 971 2528 *

144 2560 187 2596 et
204 2557 436 2607 juramenti
455 2558 522 2598 sui
541 2557 599 2598 ad
617 2558 758 2599 Isaac:

194 2611 251 2652 Et
275 2613 431 2654 statuit
454 2613 564 2654 illud
582 2613 720 2655 Jacob
744 2614 789 2654 in
808 2615 970 2666 praece-

142 2672 282 2719 ptum:
302 2669 326 2695 *
345 2674 390 2710 et
417 2669 556 2710 Isra‘el
584 2670 628 2710 in
656 2672 970 2711 testamentum

143 2725 371 2765 aeternum:

1085 300 1267 341 Dicens:
1302 300 1382 341 tibi
1416 300 1532 343 dabo
1562 307 1726 343 terram
1755 302 1862 343 Cha—

1033 369 1163 406 naan,
1184 358 1208 383 *
1227 357 1467 398 funiculum
1491 358 1764 401 haereditatis
1792 372 1862 400 ve-

1033 417 1148 453 strae.

1085 469 1195 510 Cum
1215 474 1363 511 essent
1378 473 1560 512 numero
1579 470 1713 521 brevi,
1725 474 1861 525 *pau-

1033 526 1197 566 cissimi
1218 531 1262 567 et
1281 526 1437 567 incolae
1459 528 1559 579 ejus.

1083 582 1139 623 Et
1175 584 1526 635 pertransierunt
1564 583 1618 625 de
1655 590 1784 635 gente
1818 586 1861 626 in

1031 643 1218 690 gentem,
1236 642 1260 666 *
1280 645 1324 681 et
1345 639 1400 681 de
1418 653 1553 691 regno
1574 640 1630 681 ad
1649 641 1861 693 populum

1032 695 1229 736 alterum.

1082 752 1184 793 Non
1223 753 1401 805 reliquit
1441 753 1664 794 hominem
1701 756 1860 796 nocere

1031 809 1110 849 eis:
1130 811 1153 835 *
1174 814 1218 850 et
1238 810 1453 862 corripuit
1473 823 1554 862 pro
1576 811 1638 851 eis
1659 823 1795 862 reges.

1081 865 1232 906 Nolite
1261 869 1442 917 tangere
1473 866 1661 908 christos
1680 880 1817 908 meos:
1838 870 1860 894 *

1031 926 1075 962 et
1102 922 1147 962 in
1175 922 1406 975 prophetis
1438 924 1547 964 meis
1576 923 1713 965 nolite
1740 924 1860 964 mali-

1029 979 1164 1029 gnari.

1081 1035 1139 1076 Et
1158 1036 1335 1077 vocavit
1354 1035 1514 1077 famem
1534 1050 1667 1089 super
1682 1042 1860 1078 terram:

1030 1093 1053 1118 *
1069 1096 1113 1132 et
1132 1104 1262 1133 omne
1277 1093 1601 1134 firmamentum
1618 1094 1744 1146 panis
1761 1107 1859 1135 con-

1030 1148 1163 1189 trivit.

1082 1205 1203 1246 Misit
1232 1210 1333 1246 ante
1363 1218 1438 1246 eos
1467 1206 1623 1247 virum:
1649 1208 1672 1233 *
1700 1207 1744 1247 in
1773 1220 1859 1248 ser-

1029 1275 1133 1302 vum
1153 1262 1446 1303 venumdatus
1470 1268 1537 1304 est
1554 1263 1578 1303 J
1581 1263 1730 1315 oseph.

1081 1318 1437 1359 Humiliaverunt
1483 1320 1526 1359 in
1569 1320 1858 1372 compedibus

1029 1374 1167 1426 pedes
1188 1375 1288 1425 eius,
1312 1375 1474 1416 ferrum
1495 1377 1751 1428 pertransiit
1771 1378 1858 1417 ani-

1028 1444 1145 1471 mam
1167 1433 1268 1483 ejus,
1284 1433 1307 1458 *
1324 1431 1465 1472 donec
1486 1435 1655 1473 veniret
1675 1433 1858 1474 verbum

1030 1488 1131 1539 ejus.

1080 1544 1318 1595 Eloquium
1356 1545 1535 1585 Domini
1572 1546 1858 1587 inflammavit

1029 1613 1144 1641 eum:
1172 1602 1196 1627 *
1223 1601 1343 1641 misit
1371 1614 1465 1651 rex,
1502 1607 1546 1642 et
1580 1602 1714 1643 solvit
1743 1615 1856 1653 eum3

1027 1657 1857 1710 princepspopulorum,etdimisiteum.

1081 1713 1321 1755 Constituit
1342 1727 1441 1755 eum
1457 1714 1683 1755 dominum
1699 1715 1855 1755 domus

1028 1783 1136 1811 suae:
1151 1772 1174 1797 *
1195 1775 1238 1811 et
1255 1771 1501 1823 principem
1521 1771 1663 1811 omnis
1683 1784 1855 1823 posses-

1027 1826 1164 1867 sionis
1186 1839 1292 1867 suae:

1078 1882 1138 1924 Ut
1164 1882 1358 1924 erudiret
1383 1883 1606 1935 principes
1631 1883 1721 1934 ejus
1742 1884 1855 1925 sicut

1027 1941 1333 1991 semetipsum:
1357 1941 1380 1966 *
1408 1943 1451 1980 et
1479 1952 1606 1980 senes
1636 1940 1727 1991 ejus
1755 1953 1853 1992 pru-

1027 1994 1223 2036 dentiam
1243 1995 1434 2036 doceret.

1076 2051 1133 2092 Et
1161 2052 1342 2093 intravit
1367 2052 1505 2092 Israel
1532 2052 1577 2092 in
1595 2053 1853 2104 AEgyptum:

1025 2109 1048 2134 *
1060 2113 1103 2148 et
1114 2107 1252 2149 Jacob
1266 2108 1415 2149 accola
1427 2108 1507 2149 fuit
1521 2109 1564 2149 in
1575 2113 1694 2150 terra
1706 2108 1853 2149 Cham.

1075 2164 1133 2204 Et
1167 2165 1288 2205 auxit
1322 2165 1537 2217 populum
1572 2178 1698 2206 suum
1726 2165 1852 2206 vehe-

1023 2222 1213 2262 menter:
1243 2223 1267 2274 ἶ*
1295 2226 1339 2263 et
1372 2221 1564 2262 firmavit
1593 2235 1692 2263 eum
1721 2234 1852 2274 super

1024 2277 1226 2318 inimicos
1247 2278 1349 2330 ejus.

1076 2333 1306 2375 Convertit
1335 2347 1410 2375 cor
1436 2336 1590 2375 eorum
1611 2339 1660 2375 ut
1679 2334 1852 2375 odirent

1023 2390 1237 2441 populum
1258 2391 1362 2442 ejus:
1382 2392 1405 2417 *
1425 2395 1469 2431 et
1488 2390 1637 2431 dolum
1658 2391 1852 2432 facerent

1023 2446 1067 2486 in
1088 2459 1240 2487 servos
1259 2449 1360 2499 ejus.

1075 2502 1196 2544 Misit
1224 2503 1408 2555 Moysen
1443 2516 1619 2544 servum
1654 2515 1799 2543 suum:
1827 2503 1850 2528 *

1022 2558 1185 2608 Aaron,
1207 2572 1336 2611 quem
1357 2559 1489 2610 elegit
1507 2560 1663 2611 ipsum.

1074 2615 1229 2656 Posuit
1269 2615 1314 2656 in
1356 2616 1418 2656 eis
1456 2615 1591 2657 verba
1626 2615 1848 2666 signorum

1022 2673 1214 2767 ἓιίιόωῐῐι,
1232 2673 1255 2698 *
1276 2677 1319 2712 et
1342 2671 1645 2723 prodigiorum
1668 2671 1712 2710 in
1731 2675 1848 2710 terra

1089 2739 1170 2767 am.
