2080 2990
584 226 650 259 Die
676 227 704 258 Γ).
732 226 839 259 Febr.

203 325 271 365 Ps.
300 323 512 364 Dominus
531 323 738 374 regnavit.
756 323 816 363 15.

203 386 240 425 2.
278 383 537 425 Medicinam
574 383 794 424 carnalem
828 382 852 407 *
884 384 977 423 cor-

149 439 249 491 pori
276 451 375 479 meo
407 452 644 491 numquam
673 438 867 488 exhibui,
898 438 978 480 sed.

149 493 293 535 habeo
316 495 554 547 Deminum
576 495 600 535 J
603 507 726 536 esum
747 493 977 544 Christum,

151 550 225 602 qui
261 550 356 591 solo
397 548 598 592 sermone
635 552 851 591 restaurat
886 550 976 590 uni-

148 607 286 647 versa.

202 669 238 706 3.
282 666 455 707 Gratias
490 666 571 708 tibi
606 678 689 716 ago
729 666 753 692 *
789 665 976 705 Domine

149 721 174 761 J
176 734 253 762 esu
278 721 462 771 Christe,
490 722 592 773 quia
615 733 784 761 memor
809 732 856 761 es
881 721 976 770 mei,

149 782 193 818 et
215 777 371 818 misisti
394 777 450 818 ad
472 790 542 818 me
566 776 833 829 Apostolum
854 781 977 818 tuum

149 835 302 874 curare
321 833 502 874 vulnera
519 845 627 873 mea.

202 896 238 933 4.
271 892 492 934 Benedico
520 898 563 933 te
591 893 615 919 *
642 893 773 933 Pater
801 891 977 932 Domini

148 948 234 988 mei
262 948 367 989 Jesu
399 948 578 989 Christi:
616 947 718 999 quia
751 960 831 999 per
858 946 976 999 Apo-

149 1003 311 1044 stolum
327 1010 451 1045 tuum
468 1002 703 1044 mamilIam
719 1016 863 1044 meam
877 1015 976 1044 meo

148 1060 319 1111 pectori
338 1060 577 1101 restituisti.

199 1124 235 1162 5.
258 1120 341 1172 Qui
355 1133 425 1161 me
440 1119 643 1170 dignatus
661 1123 728 1160 est
746 1121 770 1146 *
789 1119 844 1160 ab
861 1120 977 1160 omni

147 1174 278 1226 plaga
306 1178 477 1225 curare,
505 1181 548 1217 et
575 1175 810 1216 mamillam
835 1188 977 1216 meam

147 1243 247 1271 meo
275 1232 445 1283 pectori
472 1232 718 1280 restituere,
745 1231 890 1283 ipsum
917 1234 976 1271 in-

148 1299 261 1328 voco
280 1287 424 1328 Deum
442 1288 600 1329 vivum.

225 1363 483 1415 Capitulum.
691 1355 818 1404 Eccli.
839 1364 896 1402 51.

149 1418 441 1525 Confitebor
468 1424 547 1466 tibi
574 1424 761 1465 Domine
790 1425 904 1474 Rex,
934 1429 977 1465 et

249 1479 510 1522 collaudabo
540 1485 585 1522 te
612 1481 755 1521 Deum
782 1479 975 1520 Salvato-

148 1548 241 1576 rem
255 1549 410 1577 meum.
438 1535 693 1577 Confitebor
707 1535 977 1576 nominituo:

150 1591 355 1642 quoniam
387 1591 560 1643 adjutor
589 1597 633 1632 et
664 1593 891 1643 protector
918 1591 976 1631 fa-

149 1651 245 1687 ctus
274 1660 322 1688 es
350 1647 474 1696 mihi,
513 1652 557 1688 et
588 1647 785 1688 liberasti
815 1659 976 1699 corpus

148 1715 293 1743 meum
313 1716 339 1744 a
357 1702 614 1755 perditione.

199 1762 410 1813 Hymnus.
442 1763 546 1803 Jesu
564 1765 737 1804 corona.
763 1763 859 1803 434.

200 1816 251 1867 V.
285 1822 457 1863 Diffusa
492 1828 559 1864 est
594 1823 737 1872 gratia
771 1823 815 1862 in
849 1821 976 1863 labiis

148 1878 247 1919 tuis.
294 1879 345 1920 R.
387 1878 631 1930 Propterea
668 1877 894 1919 benedixit
932 1883 977 1918 te

148 1932 268 1974 Deus
295 1933 339 1973 in
366 1935 588 1974 aeternum.

203 1996 274 2037 Ad
287 1996 449 2037 Bened.
464 1997 562 2037 Ant.
582 1995 857 2043 Paganorum
870 1992 976 2034 mul-

148 2047 293 2090 titudo
318 2049 488 2099 fugiens
513 2049 569 2090 ad
592 2049 873 2102 sepulchrum
894 2051 976 2090 vir-

149 2104 278 2153 ginis,
310 2104 504 2146 tulerunt
532 2104 677 2146 velum
706 2105 795 2156 ejus
826 2110 978 2146 contra

147 2158 309 2210 ignem:
338 2164 387 2201 ut
415 2159 724 2211 comprobaret
751 2160 976 2209 Deminus,

151 2215 270 2266 quod
302 2228 328 2256 a
358 2215 565 2267 periculis
597 2215 785 2256 incendii
811 2215 977 2256 meritis

91 2298 94 2301 -
148 2269 292 2312 beutae
322 2271 509 2322 Agathae
537 2271 742 2323 Martyris
776 2284 866 2312 suae
899 2283 976 2312 eos

147 2325 364 2369 liberaret.

480 2382 641 2422 Oratio.

238 2454 330 2492 eus,
360 2444 434 2495 qui
458 2444 570 2485 inter
596 2445 742 2484 cetera
766 2443 976 2495 potentiae

258 2502 346 2539 tuae
381 2499 591 2540 miracula
628 2500 759 2540 etiam
794 2499 837 2538 in
871 2511 978 2539 sexu

151 2552 294 2603 fragili
321 2555 548 2596 victeriam
573 2555 769 2607 martyrii
796 2554 976 2595 contuli-

155 2609 225 2650 sti:
251 2609 445 2652 concede
463 2612 695 2663 propitius3
718 2615 766 2652 ut
786 2610 859 2662 qui
876 2610 977 2651 bea-

151 2670 209 2705 tae
243 2665 432 2715 Agathae
464 2666 658 2717 Virginis
695 2671 739 2708 et
773 2665 977 2717 Martyris

151 2725 240 2762 tuae
264 2721 460 2762 natalitia
482 2721 680 2772 colimus,
705 2734 785 2774 per
809 2720 979 2777 ejus-ad

305 2861 369 2886 Pars
386 2862 519 2887 Hiemalis.

887 227 921 259 S.
947 226 1112 267 Agathan
1139 226 1240 264 Vilia.
1267 232 1301 259 ct
1330 227 1432 259 Mart.

1029 327 1074 363 te
1110 322 1310 374 exempla
1343 321 1604 372 gradiamur.
1657 324 1742 364 Per
1769 324 1856 365 Do-

1029 378 1193 418 minum
1210 382 1420 418 nostrum.
1528 388 1531 390 ·

1298 442 1365 477 Ad
1389 441 1590 478 Tertiam.

1086 500 1120 538 A
1128 505 1184 540 nt.
1213 498 1473 540 Medicinam
1493 499 1722 540 carnalem.

1084 560 1220 610 Capit.
1252 558 1517 599 Confitebor.
1545 563 1588 596 ut
1613 572 1754 608 supra.

1082 615 1132 664 R*-
1160 615 1219 654 br.
1253 614 1409 667 Specie
1436 619 1512 654 tua
1539 616 1558 636 *
1585 614 1642 654 Et
1670 614 1856 666 pulchri-

1029 670 1179 711 tudine
1215 675 1301 711 tua.
1355 669 1523 722 Specie.
1575 664 1623 714 Y.
1663 670 1856 720 Intende,

1029 728 1243 777 pr6spere
1273 724 1487 778 procede,
1521 729 1564 766 ct
1594 738 1737 775 regna.
1791 726 1856 767 Et.

1032 781 1182 822 Gloria
1199 781 1330 822 Patri.
1366 781 1533 833 Specie.

1082 832 1132 883 Y.
1169 837 1409 889 Adjuvabit
1446 850 1543 878 eam
1577 837 1698 878 Deus
1734 837 1857 879 vultu

1030 905 1122 934 suo.
1162 894 1210 943 Rg.
1243 893 1363 933 Deus
1390 892 1434 932 in
1461 893 1607 934 medio
1636 894 1743 944 ejus,
1771 906 1857 933 non

1030 949 1388 990 commovebitur.

1307 1017 1373 1052 Ad
1398 1016 1585 1053 Sextam.

1086 1075 1183 1113 Ant.
1214 1073 1390 1114 Gratias
1408 1073 1489 1114 tibi
1509 1086 1604 1125 ago.

1109 1134 1366 1184 Capitulum.
1576 1133 1699 1172 liceli.
1720 1134 1778 1170 51.

1028 1187 1287 1292 Liberasti
1307 1205 1377 1234 me
1402 1193 1642 1234 secundum
1665 1195 1855 1236 multitu-

1134 1248 1278 1289 dinem
1318 1249 1631 1291 misericerdiae
1669 1252 1855 1292 neminis

1028 1304 1092 1345 tui
1124 1318 1149 1345 a
1180 1304 1472 1355 rugientibus,
1509 1306 1769 1358 praeparatis
1800 1306 1856 1348 ad

1029 1373 1194 1410 escam,
1239 1360 1294 1402 de
1332 1360 1531 1402 manibus
1570 1362 1857 1413 quaerentium

1029 1416 1218 1457 animam
1238 1429 1389 1466 meam,
1412 1421 1456 1457 et
1478 1416 1532 1457 de
1554 1417 1701 1458 multis
1723 1418 1855 1459 tribu-

1027 1471 1263 1513 lationibus
1276 1485 1374 1523 quae
1386 1472 1767 1515 circumdederunt
1776 1487 1856 1515 me.

1082 1530 1132 1579 R.
1171 1529 1232 1569 br.
1271 1527 1512 1579 Adiuvabit
1548 1541 1644 1569 eam
1679 1527 1700 1549 *
1735 1529 1856 1570 Deus

1028 1584 1151 1625 vultu
1176 1596 1267 1624 suo.
1303 1583 1551 1636 Adiuvabit.
1590 1582 1640 1628 Y.
1668 1585 1788 1625 Deus
1813 1585 1857 1625 in

1028 1639 1174 1680 medio
1217 1641 1326 1690 ejus,
1369 1653 1458 1680 non
1500 1640 1857 1681 commovebitur.

1019 1696 1161 1736 Deus.
1199 1695 1349 1736 Gloria
1368 1696 1498 1737 Patri.
1534 1696 1782 1748 Adjuvabit.

1083 1745 1132 1796 V.
1158 1751 1301 1802 Elegit
1326 1764 1421 1791 eam
1444 1752 1580 1800 Deus,
1607 1757 1650 1792 et
1676 1751 1855 1803 praeele-

1028 1807 1092 1857 git
1128 1819 1235 1847 cam.
1278 1808 1326 1857 Ru
1367 1807 1418 1846 In
1454 1806 1737 1848 tabernaculo
1775 1819 1855 1848 suo

1029 1862 1227 1903 habitare
1246 1862 1349 1903 facit
1368 1875 1475 1903 eam.

1306 1935 1374 1970 Ad
1396 1935 1580 1970 Nonam.

1082 1992 1180 2030 Ant.
1209 1990 1294 2037 Qui
1310 2003 1380 2031 me
1400 1990 1603 2040 dignatus
1624 1996 1700 2031 est.

1108 2050 1365 2101 Capitulum.
1571 2050 1698 2089 Eccli.
1718 2050 1775 2088 51.

1093 2109 1273 2151 audabit
1300 2123 1441 2162 usque
1471 2109 1528 2151 ad
1554 2115 1741 2152 mortem
1769 2112 1854 2151 ani-

1122 2178 1193 2206 ma
1227 2178 1325 2206 mea
1360 2165 1614 2215 Dominum,
1652 2166 1856 2217 quoniam

1029 2221 1144 2262 eruis
1168 2221 1432 2263 sustinentes
1451 2225 1506 2271 te,
1531 2226 1574 2263 et
1596 2221 1757 2262 liberas
1779 2234 1855 2262 eos

1029 2276 1084 2318 de
1109 2288 1241 2317 manu
1266 2276 1496 2328 angustiae,
1525 2277 1712 2317 Demine
1734 2278 1855 2318 Deus

1028 2337 1190 2374 noster.

1081 2387 1130 2437 Rs».
1166 2387 1227 2427 br.
1265 2387 1409 2438 Elegit
1442 2399 1539 2428 eam
1569 2387 1709 2437 Deus,
1742 2387 1763 2409 *
1797 2388 1855 2428 Et

1028 2443 1256 2496 praeelegit
1284 2456 1390 2484 eam.
1435 2443 1588 2493 Elegit.
1634 2439 1679 2489 NV.
1716 2443 1767 2483 In
1794 2448 1854 2484 ta-

1028 2499 1265 2540 bernaculo
1293 2511 1371 2540 suo
1397 2499 1595 2540 habitare
1620 2498 1724 2539 facit
1749 2511 1854 2539 eam.

1027 2555 1095 2597 Et.
1135 2555 1287 2596 Gloria
1304 2555 1432 2596 Patri.
1469 2554 1621 2605 Elegit.

1080 2605 1131 2656 Y.
1166 2611 1338 2652 Diffusa
1375 2616 1440 2652 est
1475 2610 1615 2661 gratia
1649 2610 1693 2650 in
1728 2609 1854 2650 labiis

1028 2666 1126 2708 tuis.
1176 2662 1225 2712 R*-
1264 2667 1507 2719 Propterea
1546 2664 1771 2707 benedixit
1809 2669 1853 2705 te

1028 2721 1150 2763 Deus
1177 2722 1221 2762 in
1249 2723 1470 2763 aeternum.

1583 2848 1648 2881 31*
