2040 2990
796 201 996 235 Dominiea
1021 200 1291 243 sexagesimae.

253 295 316 336 Te
334 308 462 337 mane
479 295 658 337 laudum
677 296 879 346 carmine,

302 351 366 393 Te
387 351 674 405 deprecamur
692 354 891 405 vespere3

299 408 503 460 Digneris
521 413 570 450 ut
587 413 631 451 te
651 408 873 462 supplices

298 464 547 507 Laudemus
566 466 677 508 inter
695 465 875 507 eo'elites.

256 528 379 580 Patri,
398 530 613 583 simulque
632 530 754 580 Filio,

298 586 486 639 Tibique
506 592 656 629 sancte
675 587 872 640 Spiritus,

298 643 418 685 Sicut
435 644 525 694 fuit,
544 644 600 685 sit
618 644 773 695 jugiter

297 700 484 742 Saeclum
502 713 583 753 per
602 713 731 742 omne
749 699 899 751 gloria.

504 758 658 798 Amen.

244 806 294 857 Y·
332 813 598 866 Vespertina
635 813 775 855 oratio
810 810 1020 853 ascendat

195 867 251 910 ad
271 874 314 911 te
329 870 529 912 Domine.
556 870 604 921 R.
619 870 676 911 Et
695 867 934 911 descendat
951 881 1018 909 su-

194 938 274 977 per
290 939 372 967 nos
390 925 692 968 miseric6rdia
710 931 796 967 tua.

244 984 314 1025 Ad
337 985 509 1034 Magnis.
530 987 629 1026 Ant.
658 986 782 1028 Dixit
804 986 1018 1027 D6minus

193 1044 217 1069 ¹⁸¹
241 1042 297 1085 ad
324 1043 439 1086 Noe:
476 1044 595 1085 Finis
627 1045 843 1086 universae
876 1043 1018 1085 carnis

194 1100 313 1142 venit
332 1113 481 1142 coram
499 1114 584 1143 me:
612 1102 680 1142 fac
699 1100 780 1142 tibi
799 1113 944 1141 arcam
964 1098 1019 1142 de

193 1156 320 1208 lignis
336 1157 563 1209 laevigatis,
581 1162 630 1199 ut
647 1158 838 1199 salvetur
852 1157 1018 1198 univer-

194 1226 290 1254 sum
309 1227 456 1256 semen
473 1228 517 1256 1n
537 1227 598 1257 ea.

526 1268 689 1310 Oratio.

191 1320 370 1426 DeuS,
386 1328 461 1381 qui
476 1328 706 1381 conspicis,
722 1328 823 1380 quia
837 1340 890 1369 ex
903 1327 1020 1369 nulla

295 1390 446 1426 nostra
458 1385 629 1426 actione
641 1383 916 1426 confidimus:
927 1397 1020 1426 con-

193 1439 301 1482 cede
325 1442 559 1494 propitius;
585 1446 634 1483 ut
657 1446 810 1483 contra
833 1440 1020 1483 adversa

194 1498 340 1538 omnia
349 1498 557 1540 Doctoris
568 1498 775 1540 Gentium
789 1498 1020 1551 protectio-

193 1566 247 1595 ne
265 1555 520 1597 muniamur.
546 1555 631 1597 Per
649 1555 895 1596 Dominum.

399 1636 812 1665 ψ,-

469 1708 743 1758 Dominjca

336 1776 394 1815 in
436 1774 879 1825 Sexagesima.

356 1852 443 1893 Ad
468 1852 855 1893 Matutinum.

245 1914 415 1955 Invitat.
456 1915 822 1967 Praeoccupemus
861 1912 1018 1954 faciem

192 1969 297 2010 Dfii:
318 1973 341 1997 *
359 1970 415 2012 Et
433 1971 476 2012 in
496 1971 675 2024 psalmis
693 1970 921 2022 jubilemus
941 1969 993 2011 ei.

244 2032 312 2072 Ps.
332 2033 500 2083 Venite,
521 2032 799 2075 exsultemus.
818 2031 854 2071 2.

245 2092 287 2126 In
300 2094 423 2137 primo
435 2093 556 2127 Versu
568 2093 710 2126 Psalmi
724 2091 1017 2126 omittiturPrae-

194 2141 425 2185 occupemus
442 2141 578 2177 faciem
591 2143 683 2186 ejus,
700 2146 769 2179 ete.
787 2139 917 2181 eteius
932 2138 1018 2173 loco

193 2189 378 2233 repetitur
403 2200 423 2223 a
448 2188 577 2223 Choro
600 2188 878 2222 Invitatorium.

246 2242 455 2294 Hymnus.
492 2241 637 2284 Primo
666 2243 746 2285 die.
773 2244 810 2284 2.

245 2304 342 2345 Ant„
361 2302 419 2337 Ps.
440 2307 477 2336 ct
492 2296 574 2342 YY.
592 2301 712 2343 Noct.7
735 2304 774 2334 ut
797 2299 833 2333 in
854 2298 967 2332 Psalt.
985 2305 1016 2339 3,

432 2374 481 2412 In
504 2373 533 2411 1.
558 2373 779 2411 Nocturno.

389 2444 455 2485 De
483 2442 597 2485 libro
626 2443 821 2485 Genesis.

247 2508 395 2549 Lectio
417 2510 439 2548 i.
643 2510 745 2558 Cap.
762 2509 798 2546 ἶ).
815 2507 854 2547 d.
871 2512 913 2547 ct
929 2508 965 2546 6.

219 2578 237 2623 χ
262 2577 293 2607 11³2
318 2569 382 2606 oe
414 2578 518 2607 vero
551 2579 651 2608 cum
683 2565 1017 2618 quingentorum

226 2618 291 2675 '2‘ss
318 2630 319 2633 ’
345 2627 461 2664 esset
484 2624 711 2670 annorum,
736 2622 885 2673 genuit
906 2622 1017 2671 Sem,

292 2671 306 2699 Ὗ
345 2677 496 2727 Cham,
521 2683 564 2720 et
582 2679 606 2719 J
609 2678 783 2731 apheth.
820 2679 1017 2730 Cumque

194 2737 433 2787 coepissent
446 2734 643 2777 h6mines
657 2734 936 2787 multiplicari
951 2747 1017 2775 su-

1074 309 1154 348 per
1175 300 1353 347 terram,
1380 302 1423 339 et
1444 297 1557 338 filias
1578 299 1897 351 procreassent,

1074 351 1273 394 videntes
1306 353 1385 394 filii
1412 353 1496 395 Dei
1527 353 1639 395 filias
1672 353 1897 395 hominum

1075 408 1195 461 quod
1223 415 1368 452 essent
1394 409 1607 463 pulchrae,
1634 412 1898 463 acceperunt

1074 465 1156 507 sibi
1179 469 1339 508 uxores
1363 479 1418 508 ex
1441 466 1657 516 Omnibus,
1682 479 1790 519 quas
1814 467 1897 509 ele-

1073 528 1236 573 gerant.
1276 523 1485 576 Dixitque
1510 523 1647 565 Deus:
1673 523 1774 565 Non
1802 536 1897 576 per-

1072 579 1265 622 manebit
1296 580 1473 633 spiritus
1498 592 1622 621 meus
1651 579 1695 620 in
1721 579 1896 622 homine

1073 635 1116 676 in
1140 638 1367 686 aeternum,
1393 637 1494 690 quia
1518 649 1620 678 caro
1644 640 1727 678 est:
1755 639 1896 678 erunt-

1074 705 1159 744 que
1184 691 1278 735 dies
1305 693 1420 734 illius
1449 698 1624 735 centum
1651 693 1801 744 viginti
1825 705 1897 734 an-

1072 751 1239 791 norum.
1277 750 1486 802 Gigantes
1512 754 1658 791 autem
1682 754 1806 791 erant
1830 762 1897 790 su-

1072 819 1151 858 per
1182 811 1345 848 terram
1372 807 1416 847 in
1444 805 1598 848 diebus
1626 805 1721 847 illis.
1773 806 1897 848 Post-

1073 875 1204 915 quam
1232 864 1346 905 enim
1373 863 1556 915 ingressi
1584 867 1684 904 sunt
1712 861 1790 903 filii
1813 862 1897 904 Dei

1071 918 1129 961 ad
1155 920 1268 961 filias
1295 920 1539 969 hominum,
1566 919 1740 972 illaeque
1766 931 1896 970 genu-

1073 977 1215 1026 erunt,
1239 977 1312 1019 isti
1335 982 1435 1018 sunt
1458 978 1662 1029 potentes
1685 988 1711 1016 a
1734 974 1895 1017 saeculo

1073 1034 1151 1075 viri
1170 1034 1338 1075 famosi.

1124 1092 1175 1144 R.
1200 1091 1322 1132 Dixit
1339 1090 1554 1132 Dominus
1573 1087 1631 1131 ad
1647 1088 1760 1130 Noe:
1779 1088 1897 1130 Finis

1073 1149 1287 1190 universae
1320 1147 1461 1189 carnis
1490 1146 1609 1188 venit
1635 1158 1785 1187 coram
1810 1158 1897 1187 me:

1072 1204 1240 1257 repleta
1261 1210 1328 1246 est
1349 1209 1466 1246 terra
1486 1202 1716 1256 iniquitate
1734 1203 1896 1251 eorum,

1072 1263 1095 1287 *
1109 1262 1166 1303 Et
1185 1274 1266 1313 ego
1285 1259 1535 1313 disperdam
1555 1272 1632 1301 eos
1651 1271 1751 1301 cum
1767 1263 1896 1300 terra.

1072 1313 1122 1365 V.
1140 1318 1230 1360 Fae
1248 1318 1329 1360 tibi
1349 1329 1494 1359 aream
1509 1315 1564 1358 de
1580 1315 1707 1368 lignis
1723 1315 1896 1366 laeviga-

1071 1375 1139 1424 tis,
1159 1373 1480 1416 mansiunculas
1499 1374 1543 1414 in
1563 1386 1615 1415 ea
1633 1372 1776 1414 facies.
1802 1371 1870 1414 Et.

1381 1431 1532 1473 Lectio
1553 1431 1593 1472 ii.

1071 1481 1287 1589 Videns
1310 1493 1455 1530 autem
1475 1488 1595 1529 Deus
1619 1484 1740 1539 quod
1760 1484 1897 1527 multa

1179 1546 1345 1588 malitia
1364 1545 1589 1586 hominum
1612 1548 1728 1585 esset
1750 1543 1794 1584 in
1812 1547 1895 1585 ter-

1070 1615 1137 1653 ra,
1169 1607 1213 1645 et
1241 1606 1397 1644 cuncta
1427 1601 1635 1652 cogitatio
1663 1598 1810 1642 cordis
1835 1599 1896 1640 in-

1070 1662 1191 1701 tenta
1222 1664 1338 1701 esset
1369 1657 1426 1700 ad
1452 1658 1615 1700 malum
1645 1657 1763 1699 omni
1789 1656 1896 1698 tem·

1070 1729 1190 1769 pore,
1207 1715 1413 1769 poenituit
1426 1727 1526 1757 eum
1541 1713 1660 1767 quod
1673 1713 1896 1755 hominem

1071 1773 1247 1815 fecisset
1270 1773 1314 1814 in
1336 1778 1463 1815 terra.
1499 1772 1555 1814 Et
1577 1775 1720 1813 tactus
1743 1768 1896 1812 dolore

1070 1828 1215 1871 cordis
1235 1830 1512 1878 intrinsecus,
1535 1827 1722 1877 Delebo,
1744 1826 1895 1879 inquit,

1070 1885 1302 1936 hominem,
1321 1899 1453 1939 quem
1466 1885 1623 1933 creavi,
1642 1897 1668 1926 a
1686 1883 1797 1925 facie
1811 1887 1895 1925 ter-

1070 1955 1143 1992 rae,
1161 1942 1217 1984 ab
1232 1942 1408 1984 hcmine
1423 1954 1564 1994 usque
1579 1939 1636 1983 ad
1649 1939 1895 1989 animantia,

1070 2011 1096 2040 a
1126 1999 1272 2052 reptili
1298 2011 1438 2052 usque
1470 1996 1527 2040 ad
1554 1997 1756 2040 volucres
1783 1996 1895 2038 coeli.

1070 2056 1262 2097 Po'enitet
1281 2056 1396 2098 enim
1413 2068 1484 2097 me
1502 2055 1658 2096 fecisse
1677 2066 1765 2095 eos
1797 2053 1839 2110 N
1841 2056 1895 2094 οό

1069 2125 1175 2154 vero
1209 2113 1374 2154 invenit
1408 2111 1592 2164 gratiam
1627 2122 1775 2152 coram
1806 2109 1894 2151 Do-

1069 2183 1198 2212 mmo.

1124 2227 1174 2279 R.
1201 2226 1300 2267 Noe
1328 2225 1394 2266 vir
1426 2225 1562 2276 justus
1593 2228 1726 2276 atque
1757 2222 1894 2276 perfe-

1070 2288 1182 2332 ctus,
1207 2295 1306 2324 cum
1325 2282 1422 2323 Deo
1442 2280 1696 2322 ambulavit:
1722 2283 1744 2308 *
1761 2279 1817 2320 Et
1836 2279 1893 2321 fe-

1070 2340 1128 2382 cit
1151 2339 1296 2381 omnia
1316 2340 1604 2390 quaecumque
1623 2335 1835 2389 praecepit
1855 2335 1895 2377 ei

1068 2396 1200 2438 Deus.
1234 2386 1282 2438 V.
1303 2394 1428 2436 Fecit
1451 2393 1534 2435 sibi
1557 2405 1719 2442 arcam,
1742 2397 1790 2434 ut
1814 2391 1894 2433 sal-

1069 2453 1244 2494 varetur
1258 2451 1508 2492 universum
1524 2461 1684 2491 semen.
1711 2449 1767 2490 Et
1780 2448 1893 2490 fecit.

1372 2505 1524 2547 Lectio
1544 2506 1598 2546 iii.

1164 2577 1202 2605 ae
1222 2568 1322 2604 sunt
1339 2562 1642 2613 generationes
1660 2562 1772 2603 Noe:
1795 2561 1894 2603 Noe

1181 2620 1247 2660 vir
1265 2621 1402 2671 justus
1423 2624 1554 2670 atque
1575 2618 1794 2670 perfectus
1814 2618 1894 2659 fuit

1070 2677 1114 2718 in
1146 2674 1498 2729 generatiOnibus
1526 2675 1634 2723 suisa,
1669 2687 1768 2716 cum
1795 2674 1891 2716 Deo

1070 2732 1318 2775 ambulavit.
1371 2732 1427 2773 Et
1461 2731 1611 2783 genuit
1645 2736 1736 2773 tres
1766 2730 1892 2779 filios,
