2080 2990
573 228 662 270 ,Die
688 230 717 261 9.
744 228 879 261 Martii.
926 228 961 261 S.
987 228 1206 262 Franciscae
1231 229 1379 262 Yiduzc.

203 316 253 367 V.
269 317 295 358 J
295 321 442 358 ustum
461 317 643 359 deduxit
661 318 874 359 Dominus
892 331 972 370 per

146 372 238 413 vias
262 377 416 413 rectas.
455 377 503 428 Rg.
526 373 583 414 Et
606 373 798 415 ostendit
820 373 883 413 illi
907 386 971 414 re-

145 441 278 478 gnum
296 428 390 468 Dei.

487 483 650 524 Oratio.

145 533 325 638 Deus,
352 539 425 590 qui
443 538 622 579 beatum
640 539 665 579 J
668 540 869 587 oannem,
894 543 971 579 tuo

251 596 400 635 amore
421 597 695 644 succensum,
721 595 834 635 inter
853 594 972 635 flam-

144 661 238 690 mas
269 649 495 690 innoxium
528 649 730 691 incedere
759 650 901 690 fecisti
928 655 972 691 et

144 716 225 756 per
273 717 373 745 eum
411 705 654 746 Ecclesiam
700 710 821 746 tuam
857 718 972 746 nova

144 760 270 812 prole
303 760 584 802 foecundasti:
618 766 799 813 praesta,
834 761 971 812 ipsius

146 815 484 866 suffragantibus
502 817 684 866 meritis3
709 820 758 857 ut
781 816 880 866 igne
905 829 971 857 ca-

145 871 287 912 ritatis
305 876 394 913 tuae
408 872 514 912 vitia
529 876 681 913 nostra
695 873 911 921 curentur,
930 877 974 913 et

144 926 339 968 remedia
361 926 490 968 nobis
509 928 681 968 aeterna
703 927 973 979 proveniant.

143 982 229 1023 Per
246 982 495 1023 Dominum.

204 1040 346 1075 Postea
371 1041 494 1075 Feriae
520 1043 766 1075 occurrentis.

201 1092 245 1125 In
275 1093 300 1126 I.
332 1093 532 1127 Nocturno
566 1094 770 1128 Lectiones
802 1094 848 1127 dc
880 1095 976 1128 Scri-

149 1144 261 1182 ptura
288 1146 519 1174 occurrente.

200 1192 242 1225 In
280 1192 471 1233 Quadi-ag.
509 1192 703 1226 Mulierem
737 1191 884 1226 fortem.
930 1190 976 1233 dl}

150 1240 286 1272 eodem
311 1239 522 1273 Communi.
547 1238 645 1282 [103]

383 1309 431 1346 In
452 1309 500 1346 II.
522 1309 743 1347 Nocturno.

453 1372 603 1411 Lectio
625 1373 674 1410 iv.

257 1432 462 1471 rancisca
484 1429 642 1471 nobilis
665 1432 864 1472 matrona
887 1431 973 1471 Ro-

156 1492 158 1494 ’
182 1483 253 1535 ⁴‡„s;s
283 1488 426 1535 mana,
454 1485 508 1526 ab
532 1485 707 1527 ineunte
733 1488 862 1527 aetate
881 1486 974 1526 illu-

206 1535 240 1554 *
284 1541 390 1582 stria
428 1540 549 1582 dedit
585 1541 795 1583 virtutum
833 1543 974 1582 exem-

146 1595 236 1647 pla:
265 1596 424 1637 etenim
446 1596 638 1648 pueriles
663 1596 792 1638 ludos
820 1602 862 1638 et
886 1596 974 1637 ille-

148 1650 302 1692 cebras
321 1650 472 1692 mundi
489 1653 716 1703 respuens,
741 1651 975 1693 solitudine

147 1711 190 1748 et
215 1707 414 1748 oratione
437 1709 703 1759 magnopere
728 1707 973 1749 delectaba-

145 1767 226 1804 tur.
261 1762 476 1803 Undecim
499 1774 636 1802 annos
656 1768 774 1812 nata,
801 1763 972 1813 virgini-

146 1819 283 1859 tatem
319 1830 443 1858 suam
478 1817 575 1858 Deo
612 1821 885 1867 consecrare,
931 1823 974 1859 et

146 1872 459 1914 monasterium
508 1872 678 1922 ingredi
725 1873 973 1924 proposuit:

147 1929 378 1980 parentum
401 1933 547 1969 tamen
569 1927 786 1969 voluntati
806 1927 973 1968 humili-

147 1988 215 2024 ter
261 1982 588 2035 obtemperans,
637 1982 874 2024 Laurentio
919 1983 974 2023 de

147 2038 390 2087 Pontianis,
426 2038 570 2090 juveni
606 2050 731 2089 aeque
767 2037 890 2079 diviti
922 2050 972 2078 ac

148 2093 284 2134 nobili
315 2093 473 2145 nupsit.
522 2093 574 2132 In
604 2093 880 2134 matrimonio
912 2106 974 2133 ar-

150 2148 298 2189 ctioris
321 2148 423 2189 vitae
445 2148 738 2199 propositum,
768 2153 977 2199 quantum

149 2203 284 2252 licuit,
304 2215 478 2255 semper
497 2203 687 2244 retinuit:
706 2216 731 2243 a
751 2205 975 2254 spectacu-

149 2258 219 2308 lis,
252 2258 478 2307 conviviis,
515 2258 697 2309 aliisque
729 2257 978 2309 hujusmodi

152 2313 482 2355 oblectamentis
502 2312 756 2362 abhorrens,
782 2313 908 2354 lanea
928 2326 978 2354 ac

150 2368 321 2418 vulgari
338 2374 461 2409 veste
485 2373 628 2416 utens,
657 2374 699 2410 et
720 2368 934 2419 quidquid
954 2381 979 2408 a

152 2423 404 2464 domesticis
428 2423 544 2464 curis
567 2425 794 2475 supererat
811 2425 978 2474 tempo-

152 2478 222 2527 ris,
249 2479 436 2520 orationi
455 2483 530 2519 aut
547 2479 849 2531 proximorum
867 2479 976 2519 utili-

152 2533 233 2573 tati
258 2532 470 2574 tribuens:
509 2534 553 2574 in
584 2533 631 2575 id
657 2546 762 2574 vero
790 2533 979 2573 maxima

154 2587 446 2629 sollicitudine
463 2588 729 2637 incumbens,
754 2594 802 2629 ut
820 2590 978 2628 matro-

153 2655 232 2682 nas
255 2643 478 2684 Romanas
506 2657 532 2684 a
557 2644 734 2695 pompis
760 2642 909 2683 saeculi
936 2647 980 2683 et

155 2700 334 2738 ornatus
365 2698 558 2740 vanitate
588 2700 828 2739 revocaret.
869 2698 979 2746 Qua-

1778 229 1852 264 503

1022 320 1207 370 propter
1244 319 1422 361 domum
1460 322 1733 372 Oblatarum,
1770 324 1850 365 sub

1023 373 1174 424 regula
1192 376 1330 416 sancti
1349 376 1591 427 Benedicti,
1617 391 1850 429 congrega-

1022 429 1154 470 tionis
1181 430 1343 472 Montis
1372 431 1548 481 Oliveti,
1586 433 1728 474 adhuc
1755 435 1849 476 viro

1024 485 1215 535 alligata,
1239 487 1283 526 in
1302 487 1421 528 Urbe
1439 488 1634 529 instituit.
1665 490 1762 530 Viri
1781 502 1850 530 ex-

1024 540 1182 590 silium,
1205 542 1422 583 bonorum
1442 545 1666 594 jacturam,
1692 558 1743 585 ac
1762 546 1850 585 uni-

1024 598 1164 637 versae
1184 597 1340 639 domus
1359 601 1594 640 moerorem
1611 612 1699 640 non
1717 601 1851 641 modo

1028 654 1379 694 constantissime
1409 654 1628 696 toleravit:
1657 655 1735 696 sed
1759 658 1851 705 gra-

1029 706 1112 747 tias
1144 721 1276 758 agens
1309 722 1407 750 cum
1437 709 1570 751 beato
1602 709 1703 758 Job,
1746 711 1853 752 illud

1027 761 1278 814 frequenter
1330 765 1586 816 usurpabat:
1640 765 1853 806 Dominus

1027 816 1158 867 dedit,
1178 819 1391 861 Dominus
1409 820 1602 862 abstulit:
1622 820 1677 861 sit
1695 834 1854 862 nomen

1025 874 1203 914 Domini
1221 874 1512 917 benedictum.

1085 948 1134 986 R
1168 946 1357 1000 Propter
1388 949 1631 997 veritatem,
1664 953 1707 989 et
1737 961 1852 988 man-

1028 1002 1319 1053 suetudinem,
1348 1009 1391 1045 et
1417 1004 1640 1055 justitiam,
1663 1004 1683 1025 *
1702 1003 1758 1044 Et
1783 1003 1853 1044 de-

1027 1057 1159 1099 ducet
1195 1063 1239 1099 te
1270 1059 1526 1101 mirabiliter
1558 1059 1738 1100 dextera
1769 1064 1855 1099 tua.

1033 1110 1082 1159 V.
1095 1113 1251 1164 Specie
1270 1120 1355 1165 tua,
1376 1120 1419 1156 et
1437 1114 1761 1166 pulchritudine
1780 1119 1856 1155 tua

1026 1168 1216 1218 intende,
1245 1173 1460 1223 prospere
1484 1170 1694 1222 procede,
1722 1174 1766 1210 et
1792 1182 1854 1210 re-

1027 1236 1123 1273 gna,
1151 1223 1208 1266 Et
1227 1225 1428 1268 deducet.

1340 1310 1489 1349 Lectio
1512 1323 1547 1347 v.

1125 1375 1191 1415 iro
1230 1374 1454 1424 defuncto,
1502 1376 1558 1417 ad
1599 1376 1856 1427 praedictam

1136 1429 1395 1471 Oblatarum
1414 1431 1592 1471 domum
1609 1431 1856 1480 convolans,

1027 1485 1155 1526 nudis
1175 1485 1373 1537 pedibus,
1392 1486 1493 1527 fune
1514 1486 1570 1527 ad
1590 1486 1750 1526 collum
1767 1487 1855 1527 alli-

1028 1543 1148 1590 gato,
1176 1541 1295 1582 humi
1319 1544 1558 1594 prostrata,
1586 1541 1732 1582 multis
1759 1555 1857 1582 cum

1032 1596 1221 1637 lacrimis
1261 1600 1410 1638 earum
1450 1600 1631 1637 numero
1669 1596 1857 1637 adscribi

1032 1652 1288 1703 suppliciter
1314 1652 1564 1704 postulavit.
1603 1652 1710 1692 Voti
1742 1665 1856 1692 com-

1028 1718 1112 1758 pos
1132 1707 1264 1756 facta,
1290 1707 1392 1748 licet
1417 1712 1535 1748 esset
1559 1707 1751 1748 omnium
1769 1719 1856 1746 ma-

1030 1766 1113 1810 ter,
1138 1774 1226 1802 non
1250 1762 1335 1803 alio
1358 1768 1504 1803 tamen
1529 1775 1659 1813 quam
1678 1761 1856 1810 ancillae,

1030 1816 1338 1868 vilissimaeque
1357 1818 1543 1865 feminae,
1568 1823 1611 1857 et
1629 1816 1854 1857 immundi-

1029 1871 1102 1912 tiae
1111 1872 1276 1912 vasculi
1286 1873 1413 1913 titulo
1424 1872 1703 1922 gloriabatur.
1716 1872 1855 1920 Quam

1030 1926 1160 1967 vilem
1184 1928 1250 1967 sui
1273 1927 1636 1968 existimationem
1656 1932 1699 1967 et
1718 1925 1854 1966 verbo

1033 1980 1271 2023 declaravit
1294 1988 1338 2023 et
1361 1982 1577 2033 exemplo:
1604 1994 1722 2033 saepe
1743 1981 1856 2021 enim

1034 2048 1058 2076 e
1078 2036 1327 2078 suburbana
1346 2040 1472 2077 vinea
1490 2039 1727 2086 revertens,
1747 2041 1790 2076 et
1810 2036 1854 2076 li-

1030 2095 1215 2142 gnorum
1237 2093 1400 2134 fascem
1423 2092 1606 2143 proprio
1630 2092 1764 2142 capiti
1782 2092 1855 2132 im-

1029 2148 1224 2198 positum
1243 2147 1457 2196 deferens,
1476 2147 1547 2187 vel
1566 2146 1732 2187 eisdem
1751 2150 1854 2187 onu-

1031 2207 1146 2243 stum
1183 2215 1316 2252 agens
1352 2215 1432 2254 per
1463 2202 1628 2243 Urbem
1664 2201 1855 2249 asellum,

1030 2258 1299 2309 pauperibus
1332 2257 1634 2305 subveniebat,
1669 2257 1713 2296 in
1745 2269 1855 2307 quos

1030 2313 1161 2354 etiam
1196 2313 1340 2364 largas
1372 2313 1671 2364 eleemosynas
1706 2313 1854 2361 eroga-

1030 2368 1119 2409 bat:
1139 2370 1491 2419 aegrotantesque
1509 2368 1553 2407 in
1571 2366 1856 2407 xenodochiis

1030 2423 1225 2472 visitans,
1253 2436 1341 2464 non
1365 2422 1587 2475 corporali
1608 2426 1777 2462 tantum
1800 2421 1854 2461 ci-

1031 2477 1101 2527 bo,
1122 2477 1201 2518 sed
1218 2478 1480 2519 salutaribus
1498 2476 1674 2517 monitis
1689 2477 1854 2516 recrea-

1030 2532 1116 2574 bat.
1151 2532 1322 2585 Corpus
1342 2547 1467 2574 suum
1484 2531 1656 2582 vigiliis,
1680 2530 1854 2581 jejuniis,

1032 2588 1189 2638 cilicio,
1217 2589 1359 2629 ferreo
1386 2587 1576 2638 cingulo,
1604 2585 1854 2634 crebrisque

1031 2643 1214 2694 flagellis
1237 2644 1281 2684 in
1306 2643 1562 2684 servitutem
1580 2640 1776 2689 redigere
1795 2639 1853 2688 ju-

1030 2698 1143 2747 giter
1170 2698 1408 2748 satagebat.
1449 2695 1604 2737 Cibum
1632 2694 1693 2734 illi
1719 2691 1855 2733 semel
