2080 2990
225 215 317 259 [222]

228 311 380 353 Noctis
398 311 605 353 recelitur
625 325 752 354 coena
771 313 1020 361 novissima,

278 368 372 418 Qua
393 367 592 436 Christus
616 368 810 410 creditur
833 382 991 419 agnum
1012 372 1055 409 et

536 437 689 476 azyma

276 478 464 520 Dedisse
484 479 703 530 fratribus,
723 481 843 533 juxta
861 480 1055 531 legitima

327 535 489 576 Priscis
509 535 679 577 indulta
698 536 909 589 patribus.

232 607 333 645 l'ost
347 616 507 654 agnum
523 605 731 700 tIYpicum
752 606 936 658 expletis
952 607 1055 658 epu-

278 716 449 768 Corpus
464 673 745 780 Dodfinicum
763 717 914 759 datum
928 715 1054 758 disci-

276 828 348 870 Sic
370 832 514 870 totum
534 772 748 878 ggiffibus,
773 828 894 880 quod
912 834 1055 870 totum

535 885 727 935 singulis,

328 941 432 993 Ejus
451 941 638 982 fatemur
657 941 869 983 manibus.

229 1007 360 1050 Dedit
377 1008 603 1059 fragilibus
618 1010 817 1062 corporis
833 1009 1055 1059 ferculum,

276 1064 412 1105 Dedit
437 1070 481 1106 et
505 1065 706 1107 tristibus
731 1066 955 1117 sanguinis
978 1068 1055 1118 po-

276 1176 458 1218 Dicens:
511 1121 698 1229 3ἓὲἐὲῐίῗέ
752 1178 874 1229 quod
926 1177 1055 1220 trado

537 1233 775 1283 vasculum,

329 1290 493 1331 Omnes
513 1302 568 1330 ex
588 1302 641 1331 eo
660 1289 809 1331 bibite.

225 1359 295 1400 Sic
315 1358 577 1399 sacrificium
594 1358 714 1400 istud
732 1359 930 1408 instituit,

277 1416 409 1467 Cujus
429 1414 621 1456 officium
640 1416 855 1458 committi
873 1415 1013 1456 voluit

275 1471 389 1513 Solis
404 1470 683 1524 presbyteris,
703 1472 861 1525 quibus
877 1471 940 1513 sic
955 1474 1055 1513 con-

536 1528 663 1578 gruit,

327 1584 387 1625 Ut
406 1589 589 1634 sumant,
610 1589 654 1625 et
673 1583 778 1625 dent
797 1584 965 1626 ceteris.

226 1652 355 1693 Panis
372 1653 595 1704 angelicus
610 1653 659 1694 fit
673 1653 801 1706 panis
816 1652 1056 1703 huminum3

277 1708 365 1750 Dat
385 1709 510 1761 panis
535 1708 716 1750 co'elicus
735 1709 888 1761 figuris
911 1709 1055 1750 termi-

535 1778 654 1806 num:

279 1820 316 1861 Ο
341 1833 412 1862 res
434 1821 658 1871 mirabilis,
681 1821 919 1863 manducat
941 1823 1058 1863 Dfim

327 1877 512 1930 Pauper,
533 1890 697 1927 servus,
718 1882 761 1919 et
778 1877 964 1919 humilis.

229 1946 292 1986 'l'e
316 1946 430 1987 trina
447 1946 599 1988 Deitas
622 1949 797 1998 unaque
820 1947 1056 1999 poscimus,

277 2002 348 2043 Sic
375 2015 456 2043 nos
482 2008 532 2044 tu
558 2003 705 2052 visita,
738 2003 852 2044 sicut
880 2008 924 2045 te
953 2003 1055 2045 coli-

534 2072 647 2100 mus:

276 2113 361 2155 Per
393 2118 492 2156 tuas
525 2115 702 2157 semitas
735 2114 820 2156 duc
851 2127 934 2157 nos
967 2128 1055 2168 quo

536 2170 769 2220 tendimus,

332 2224 404 2266 Ad
422 2225 575 2275 lucem,
597 2239 727 2278 quam
746 2226 976 2269 inhabitas

539 2282 691 2323 Amen.

466 2354 513 2392 In
542 2355 570 2392 I.
600 2355 821 2395 Noc-turno.

284 2419 379 2458 Ant.
413 2419 616 2460 Fructum
635 2418 914 2461 salutiferum.

518 2491 716 2531 l'salmus
746 2494 773 2531 l.

341 2554 465 2593 eatus
480 2553 557 2602 vir,
573 2554 648 2605 qui
667 2566 756 2595 non
771 2554 878 2597 abiit
893 2556 936 2596 in
956 2570 1057 2598 con-

358 2607 457 2648 silio
477 2608 723 2661 impierum,
744 2615 787 2652 et
805 2611 849 2651 in
868 2613 939 2653 via
957 2626 1057 2665 pec-

359 2665 556 2705 caterum
590 2678 678 2707 non
709 2667 846 2716 stetit,
878 2668 902 2694 *
936 2674 979 2710 et
1012 2670 1056 2710 in

231 2719 441 2762 cathedra
459 2721 722 2772 pestilentiae
740 2735 829 2764 non
848 2723 975 2765 sedit:

539 222 713 257 Officium
741 224 913 257 votivum
939 224 986 257 de
1011 224 1067 258 ss.
1092 221 1346 256 Eucharistiae
1370 223 1628 255 saei-umento.

1159 309 1246 351 Sed
1260 309 1306 350 in
1320 309 1416 361 lege
1427 310 1607 351 Domini
1617 311 1822 364 voluntas
1836 312 1938 363 eiust,

1106 366 1130 392 *
1151 370 1194 407 et
1214 366 1258 406 in
1275 365 1371 417 lege
1387 367 1478 418 ejus
1497 366 1782 410 meditabitur
1799 367 1871 410 die
1886 380 1939 410 ac

1108 427 1249 463 nocte.

1159 478 1216 519 Et
1244 478 1326 519 erit
1353 482 1580 530 tamquam
1606 479 1790 531 lignum,
1818 480 1939 532 quod

1107 534 1354 587 plantatum
1365 538 1432 576 est
1446 546 1575 576 secus
1586 534 1798 578 decursus
1808 538 1939 588 aqua-

1107 603 1215 639 rum,
1242 591 1266 616 *
1295 589 1416 642 quod
1443 590 1635 633 fructum
1662 605 1791 633 suum
1814 591 1940 635 dabit

1107 646 1152 687 in
1171 648 1372 700 tempore
1393 659 1489 688 suo:

1158 703 1215 744 Et
1243 703 1397 744 felium
1426 704 1517 754 ejus
1545 716 1635 745 non
1654 703 1833 746 defluet:
1850 705 1875 731 ¹⁸¹
1895 709 1939 747 et

1108 759 1255 800 omnia
1275 762 1566 811 quaecumque
1585 759 1733 810 faciet,
1757 773 1939 814 prospe-

1107 814 1330 856 rabuntur.

1159 871 1262 912 Non
1295 871 1359 912 sic
1391 871 1535 924 impii,
1568 885 1658 913 non
1691 872 1773 914 sic:
1803 873 1828 898 *
1860 872 1940 915 sed

1107 932 1334 979 tamquam
1378 927 1544 980 pulvis,
1588 941 1720 981 quem
1764 929 1941 982 pr6jicit

1108 989 1265 1025 ventus
1284 997 1310 1025 a
1328 983 1439 1026 facie
1458 988 1600 1026 terrae.

1159 1039 1269 1081 Ideo
1294 1053 1383 1082 non
1407 1044 1639 1092 resurgent
1664 1041 1789 1094 impii
1813 1042 1858 1083 in
1881 1042 1940 1094 ju-

1109 1096 1241 1138 dicio:
1266 1097 1290 1122 *
1315 1109 1459 1149 neque
1486 1099 1747 1150 peccatores
1770 1098 1815 1139 in
1839 1110 1940 1140 con-

1109 1153 1210 1194 cilio
1231 1154 1456 1205 justorum.

1160 1209 1380 1259 Queniam
1402 1210 1527 1251 novit
1549 1210 1645 1251 Dfis
1670 1210 1789 1251 viam
1813 1211 1944 1262 justo-

1107 1278 1220 1306 rum:
1238 1265 1262 1291 *
1282 1270 1326 1307 et
1344 1266 1428 1307 iter
1447 1266 1685 1319 impiorum
1703 1265 1877 1319 peribit.

1163 1324 1260 1363 Ant.
1307 1324 1517 1364 Fructum
1558 1322 1831 1364 salutiferum
1869 1335 1943 1374 gu-

1109 1378 1315 1419 standum
1361 1377 1484 1420 dedit
1525 1379 1743 1421 Dominus
1789 1379 1946 1421 mortis

1109 1448 1202 1476 suae
1221 1437 1436 1487 tempore.

1105 1552 1109 1558 ᾖ
1163 1494 1261 1532 Ant.
1291 1494 1330 1532 A
1352 1491 1499 1534 fructu
1516 1491 1732 1534 frumenti.

1396 1552 1596 1593 Psalmus
1617 1554 1655 1592 4.

1184 1617 1259 1644 um
1304 1604 1556 1646 invocarem
1606 1604 1832 1647 exaudivit
1873 1618 1946 1647 me

1202 1660 1324 1701 Deus
1348 1660 1524 1711 justitiae
1543 1673 1671 1703 meae:
1694 1661 1718 1687 *
1741 1661 1786 1702 in
1809 1660 1944 1703 tribu-

1109 1716 1273 1757 lati6ne
1294 1715 1489 1758 dilatasti
1507 1716 1626 1757 mihi.

1161 1772 1371 1814 Miserere
1397 1772 1505 1822 mei,
1533 1773 1557 1799 *
1586 1777 1630 1814 et
1659 1772 1820 1815 exaudi
1848 1786 1942 1815 ora-

1109 1828 1275 1870 ti6nem
1294 1841 1450 1869 meam.

1161 1884 1261 1925 Fssii
1293 1884 1521 1926 huminum
1554 1887 1787 1937 usquequo
1820 1886 1944 1936 gravi

1110 1939 1269 1982 corde?
1297 1941 1322 1967 *
1350 1945 1399 1982 ut
1428 1940 1535 1992 quid
1568 1940 1751 1992 diligitis
1778 1941 1944 1984 vanita-

1109 2002 1211 2047 tem,
1232 2002 1276 2039 et
1297 1996 1495 2049 quaeritis
1514 1997 1813 2040 mendacium?

1159 2054 1218 2095 Et
1250 2053 1411 2095 scitete
1450 2054 1659 2105 queniam
1691 2053 1944 2096 mirificavit

1108 2110 1326 2150 Deminus
1351 2114 1553 2151 sanctum
1577 2123 1718 2151 suum:
1742 2111 1767 2136 ’⁸¹
1791 2110 1942 2152 Domi-

1109 2179 1192 2207 nus
1220 2165 1429 2208 exaudiet
1460 2178 1531 2208 me
1565 2179 1665 2207 cum
1692 2165 1942 2208 clamavero

1109 2222 1166 2264 ad
1186 2235 1298 2264 eum.

1160 2278 1424 2329 Irascimini,
1453 2282 1498 2320 et
1524 2277 1660 2320 nolite
1687 2281 1894 2331 peccare:
1918 2280 1942 2306 *

1111 2347 1210 2387 quae
1230 2334 1376 2376 dicitis
1399 2335 1444 2376 in
1464 2334 1674 2376 cordibus
1693 2336 1870 2386 vestris,
1897 2336 1941 2377 in

1109 2390 1327 2432 cubilibus
1345 2391 1506 2433 vestris
1527 2392 1884 2444 compungimini.

1159 2447 1415 2488 Sacrificate
1450 2447 1718 2489 sacrificium
1753 2449 1942 2500 justitiae,

1110 2508 1154 2545 et
1179 2505 1357 2555 sperate
1380 2503 1425 2544 in
1449 2503 1657 2545 Demino:
1680 2505 1705 2531 *
1728 2504 1855 2546 multi
1881 2504 1942 2546 di-

1109 2564 1230 2601 cunt:
1259 2559 1367 2609 Quis
1386 2559 1581 2601 ostendit
1600 2559 1730 2601 nobis
1750 2560 1889 2602 bona?

1160 2615 1389 2666 Signatum
1425 2621 1492 2657 est
1525 2629 1658 2669 super
1685 2629 1767 2658 nos
1795 2617 1942 2659 lumen

1109 2671 1256 2712 vultus
1283 2671 1348 2713 tui
1375 2672 1582 2713 Demine:
1601 2674 1625 2701 *
1644 2673 1808 2715 dedisti
1835 2673 1942 2715 laeti-

1109 2727 1217 2769 tiam
1235 2728 1280 2768 in
1300 2727 1435 2769 corde
1455 2741 1566 2770 meo.
