2080 2990
611 216 821 250 Commune
849 215 1095 251 Confessoris
1120 225 1196 248 non
1224 215 1432 249 Pontifici&

219 308 269 360 V.
285 309 312 351 J
313 314 460 352 ustum
479 309 665 352 deduxit
680 308 898 351 Dominus
916 320 997 361 per

167 367 261 410 vias
279 371 436 409 rectas.
473 368 522 417 Ru
549 366 608 409 Et
631 365 827 407 ostendit
852 365 915 406 illi
932 377 996 406 re-

166 436 301 475 gnum
319 423 414 465 Dei.

370 509 431 549 In
456 508 519 549 11.
547 506 798 557 Vesperis.

218 579 304 612 Ant.
335 579 381 612 de
410 578 530 612 Laud.
563 573 648 617 [75]‚
677 577 837 622 Psalmi.
870 577 993 620 Capit.

165 631 201 661 et
227 627 403 670 Hymnus
428 631 467 660 ut
493 626 531 660 in
555 626 580 659 Ι.
605 626 721 669 Vesp.
755 619 824 663 [67]

218 682 269 734 V.
288 682 462 724 J'ustum
482 681 666 724 deduxit
685 679 902 721 Deminus
918 691 999 731 per

168 739 262 780 vias
282 743 437 780 rectas.
468 743 518 794 R.
544 738 603 779 Et
627 735 823 779 ostendit
846 735 910 776 illi
934 747 998 776 re-

168 809 302 847 gnum
321 795 415 837 Dei.

217 859 289 902 Ad
310 860 494 911 Magnis„
519 861 619 900 Ant.
655 857 739 898 Hic
762 857 829 899 vir
855 856 998 909 despi-

169 915 290 958 ciens
309 916 333 944 *
350 914 564 957 mundum
583 918 628 956 et
645 914 832 963 terrena,
848 913 998 955 trium-

167 971 328 1026 phans,
354 971 531 1014 divitias
554 970 671 1012 coelo
691 969 891 1012 cendidit
911 982 999 1019 ore,

167 1041 311 1070 manu.

218 1092 259 1126 Si
297 1096 473 1127 occurrat
504 1091 693 1125 celebrari
726 1091 882 1125 Festum
916 1091 997 1133 plu-

165 1141 262 1174 rium
307 1139 585 1174 Confessorum
629 1149 705 1173 non
750 1138 997 1176 Pontificum.

166 1188 343 1223 Officium
368 1188 407 1222 fit
432 1192 471 1222 ut
496 1197 629 1230 supra:
656 1187 724 1221 scd
750 1187 787 1221 in
815 1186 997 1221 Oratione

166 1240 203 1270 et
219 1236 414 1278 Sermone,
431 1245 518 1279 quae
535 1235 727 1270 habentur
745 1235 781 1268 in
799 1234 996 1277 singulari.

166 1284 343 1318 dicantur
368 1284 405 1317 in
430 1283 581 1326 plurali.

381 1350 793 1377 njVQffin

331 1420 393 1460 11.
427 1418 556 1460 Aliae
583 1417 846 1459 Lectiones

208 1488 288 1527 pro
319 1475 582 1515 Confessore
613 1486 697 1514 non
730 1474 954 1514 Pontifice.

404 1544 454 1583 In
480 1544 510 1583 Ι.
539 1544 762 1585 Nocturno.

312 1604 380 1644 De
407 1601 522 1643 libro
550 1601 862 1643 Ecclesiastici.

271 1665 425 1706 Lectio
446 1665 469 1704 i.
713 1664 815 1715 Cap.
835 1665 891 1703 31.

180 1755 183 1772 3
270 1721 406 1761 eatus
420 1719 498 1769 vir,
514 1718 589 1771 qui
604 1718 806 1760 inventus
827 1723 894 1760 est
908 1718 1002 1759 sine

184 1819 185 1823 ,
207 1763 273 1829 ’,54
296 1775 484 1817 macula:
521 1779 566 1817 et
604 1775 679 1827 qui
710 1779 814 1827 post
847 1787 1002 1816 aurum

176 1827 275 1857 2²³
297 1844 388 1873 non
407 1831 530 1881 abiit,
549 1843 630 1873 nec
651 1831 847 1883 speravit
865 1830 910 1871 in
928 1843 1001 1883 pe-

170 1887 299 1930 cunia
318 1892 362 1929 et
379 1887 612 1929 thesauris.
640 1886 748 1937 Quis
769 1891 836 1928 est
854 1886 937 1936 hic,
958 1891 1002 1927 et

168 1943 447 1986 laudabimus
467 1941 590 1985 eum?
614 1941 720 1984 fecit
740 1942 856 1984 enim
875 1943 1001 1983 mira-

167 2000 275 2042 bilia
293 2000 338 2041 in
356 1999 448 2055 vita
467 2012 556 2040 sua.
589 1998 675 2049 Qui
696 1998 914 2051 probatus
934 2003 1002 2040 est

169 2057 214 2098 in
232 2056 320 2106 illo,
341 2060 384 2097 et
398 2057 621 2108 perfectus
640 2059 717 2105 est,
738 2054 821 2096 erit
835 2054 898 2095 illi
910 2054 1000 2105 gle-

169 2113 235 2154 ria
258 2113 438 2154 aeterna:
466 2112 542 2163 qui
568 2111 715 2164 petuit
740 2110 1000 2161 transgredi,

170 2173 215 2210 et
230 2181 319 2210 non
334 2173 401 2210 est
416 2170 733 2218 transgressus:
752 2167 898 2208 facere
913 2179 1000 2207 ma-

169 2224 227 2275 la,
247 2229 291 2267 et
309 2237 399 2266 non
418 2224 537 2266 fecit:
562 2223 664 2265 ideo
685 2222 881 2265 stabilita
900 2227 1002 2264 sunt

168 2280 287 2322 bona
309 2280 425 2322 illius
449 2281 493 2321 in
511 2280 721 2330 Domino,
748 2284 792 2321 et
816 2279 1001 2321 eleemo-

171 2349 302 2389 synas
321 2336 437 2378 illius
457 2336 682 2378 enarrabit
701 2336 844 2378 omnis
864 2335 1001 2378 eccle-

171 2393 235 2434 sia
253 2394 516 2434 sancterum.

193 2475 204 2493 ι
226 2449 277 2499 R.
307 2449 430 2500 Euge
462 2461 590 2490 serve
621 2448 738 2490 bone
772 2452 817 2490 et
846 2446 1001 2496 fidelis,

171 2504 275 2555 quia
298 2504 344 2545 in
367 2517 510 2557 pauca
533 2504 655 2546 fuisti
678 2503 839 2553 fidelis,
868 2515 1002 2555 supra

170 2559 308 2601 multa
321 2564 366 2601 te
381 2562 662 2602 constituam:
676 2562 698 2585 *
707 2561 830 2601 Intra
844 2559 889 2600 in
899 2562 1001 2609 gau-

171 2616 292 2658 dium
310 2615 398 2657 1)ῇὶ
416 2617 491 2657 tui.
522 2610 571 2661 V.
592 2617 782 2658 Demine
808 2615 1001 2668 quinque

170 2672 336 2714 talenta
368 2671 590 2714 tradidisti
622 2672 747 2722 mihi,
780 2684 883 2714 ecce
917 2671 1002 2711 alia

172 2729 363 2781 quinque
383 2728 712 2781 superlucratus
732 2741 839 2770 sum.
867 2728 1000 2769 Intra.

1810 209 1881 254 [77]
1927 170 1929 173 ι

1154 310 1308 351 Lectio
1330 310 1368 349 ii.
1465 316 1555 359 Cap.
1571 317 1620 350 152.
1636 327 1663 350 c.
1684 322 1719 350 et
1733 318 1783 349 5535.

1052 354 1179 478 Qui
1197 366 1323 407 timet
1337 366 1586 417 Deminum,
1603 366 1793 419 excipiet
1808 365 1883 407 do-

1156 425 1343 464 ctrinam
1374 424 1478 474 ejus:
1507 427 1551 465 et
1580 423 1654 475 qui
1678 422 1882 475 vigilave-

1052 479 1141 520 rint
1155 478 1213 520 ad
1227 478 1360 528 illum,
1375 479 1599 521 invenient
1615 479 1883 521 benedictio-

1052 549 1163 577 nem.
1192 535 1277 586 Qui
1294 536 1452 588 quaerit
1471 535 1623 586 legem,
1642 535 1885 588 replebitur

1053 592 1108 634 ab
1129 605 1195 634 ea:
1224 596 1268 634 et
1294 592 1369 644 qui
1394 592 1605 634 insidiase
1629 593 1734 644 agit,
1763 605 1884 634 scan—

1053 649 1318 690 dalizabitur
1342 649 1386 689 in
1412 662 1475 691 ea.
1513 649 1598 699 Qui
1621 649 1778 690 timent
1797 649 1884 690 De-

1052 706 1230 756 minum,
1248 706 1473 747 invenient
1489 705 1698 758 judicium
1712 707 1884 757 justum,

1054 767 1098 804 et
1116 762 1303 814 justitias
1323 763 1450 814 quasi
1465 762 1613 804 lumen
1632 761 1885 803 accendent.

1054 819 1139 869 Qui
1157 818 1300 860 credit
1318 819 1429 869 Deo,
1448 818 1637 860 attendit
1655 817 1885 868 mandatis,

1055 880 1099 917 et
1119 876 1194 927 qui
1213 874 1397 917 confidit
1415 876 1460 916 in
1478 875 1571 926 illo,
1593 887 1681 916 non
1698 875 1885 916 minora-

1052 932 1182 973 bitur.
1217 932 1411 973 Timenti
1434 932 1675 973 Deminum
1699 944 1788 972 non
1815 944 1885 972 oc-

1054 991 1230 1030 current
1266 988 1398 1038 mala,
1443 988 1523 1030 sed
1558 989 1603 1029 in
1639 988 1885 1030 tentatione

1052 1047 1175 1086 Deus
1195 1045 1319 1086 illum
1338 1045 1634 1095 conservabit,
1662 1049 1706 1086 et
1730 1044 1884 1085 libera-

1052 1102 1120 1144 bit
1139 1114 1164 1142 a
1182 1101 1320 1143 maliS.
1347 1101 1532 1154 Sapiens
1552 1114 1641 1143 non
1659 1100 1754 1143 odit
1767 1113 1884 1141 man-

1055 1159 1159 1200 data
1185 1162 1229 1200 et
1251 1158 1456 1210 justitias,
1493 1162 1537 1200 et
1565 1170 1657 1199 non
1691 1156 1886 1199 illidetur

1055 1215 1181 1267 quasi
1199 1215 1244 1255 in
1260 1214 1456 1267 procella
1470 1214 1606 1256 navis.
1627 1214 1775 1255 Homo
1792 1226 1885 1255 sen-

1055 1274 1178 1370 <slatus
1202 1270 1344 1313 credit
1366 1270 1454 1322 legi
1472 1271 1573 1322 Dei,
1602 1274 1646 1313 et
1668 1270 1740 1312 lex
1758 1270 1822 1311 illi
1840 1270 1886 1311 fi-

1087 1328 1178 1369 elis.

1107 1393 1155 1443 Rg.
1194 1388 1345 1430 Justus
1387 1388 1650 1440 germinabit
1691 1388 1805 1429 sicut
1839 1388 1886 1428 li-

1054 1445 1181 1495 lium,
1216 1451 1237 1472 *
1278 1444 1338 1486 Et
1380 1444 1556 1486 florebit
1592 1444 1637 1485 in
1673 1446 1887 1486 aeternum

1055 1506 1157 1543 ante
1190 1501 1440 1542 Deminum.
1493 1501 1542 1550 Y.
1576 1500 1806 1542 Plantatus
1842 1501 1886 1540 in

1055 1558 1190 1599 domo
1209 1558 1400 1607 Demini,
1419 1558 1464 1598 in
1484 1557 1606 1599 atriis
1627 1557 1785 1599 domus
1802 1557 1887 1599 Dei

1054 1615 1206 1657 nostri.
1238 1614 1297 1656 Et
1321 1614 1507 1656 florebit.

1159 1696 1310 1737 Lectio
1331 1696 1385 1736 iii.

1535 1695 1635 1746 Cap.
1656 1696 1720 1735 34.
1742 1696 1778 1735 b.

1124 1766 1282 1818 piritus
1301 1765 1550 1807 timentium
1568 1766 1713 1806 Deum
1733 1765 1886 1816 quaeri·
1957 1786 1965 1791 -

1141 1827 1228 1871 tur,
1256 1826 1300 1863 et
1324 1822 1369 1862 in
1393 1823 1599 1874 respectu
1623 1821 1738 1862 illius
1757 1820 1886 1862 bene-

1056 1879 1238 1920 dicetur.
1270 1878 1382 1930 Spes
1408 1877 1523 1918 enim
1542 1877 1719 1918 illorum
1741 1877 1785 1917 in
1805 1877 1885 1918 sal-

1054 1937 1231 1976 vantem
1257 1933 1374 1983 illos,
1404 1938 1448 1975 et
1473 1934 1589 1975 oculi
1613 1933 1699 1975 Dei
1724 1933 1769 1973 in
1793 1933 1886 1975 dili-

1053 1993 1207 2043 gentes
1244 2002 1303 2032 se.
1359 1990 1444 2040 Qui
1479 1990 1605 2031 timet
1636 1989 1887 2039 Deminum,

1053 2047 1162 2088 nihil
1193 2045 1453 2099 trepidabit,
1493 2051 1536 2088 et
1570 2059 1658 2087 non
1690 2045 1887 2098 pavebit:

1055 2103 1263 2155 queniam
1277 2103 1374 2155 ipse
1389 2107 1457 2144 est
1472 2115 1574 2155 spes
1590 2103 1691 2154 ejus.
1713 2102 1886 2144 Timen-

1053 2160 1111 2201 tis
1127 2159 1366 2200 Dominum
1384 2158 1517 2200 beata
1537 2163 1604 2200 est
1621 2159 1766 2200 anima
1785 2160 1886 2210 ejus.

1054 2215 1127 2257 Ad
1147 2228 1278 2267 quem
1297 2215 1499 2268 respicit,
1527 2219 1570 2256 et
1595 2215 1692 2267 quis
1717 2219 1785 2256 est
1803 2215 1886 2256 for-

1053 2271 1198 2324 titudo
1232 2269 1346 2324 ejus?
1389 2271 1517 2313 Oculi
1543 2271 1723 2313 Demini
1754 2284 1887 2323 super

1053 2328 1259 2370 timentes
1279 2341 1393 2378 eum,
1421 2329 1649 2381 protector
1665 2327 1887 2380 potentiae,

1054 2385 1377 2426 firmamentum
1394 2384 1587 2434 virtutis,
1610 2383 1801 2435 tegimen
1823 2396 1886 2424 ar-

1055 2441 1194 2491 doris,
1232 2445 1276 2482 et
1307 2440 1613 2482 umbraculum
1644 2439 1885 2490 meridiani,

1055 2497 1309 2550 deprecatio
1340 2496 1614 2547 offensic'mis,
1646 2500 1690 2537 et
1722 2495 1886 2548 adjuto-

1054 2553 1168 2594 rium
1201 2566 1346 2604 casus,
1380 2552 1578 2594 exaltans
1606 2552 1810 2602 animam,
1843 2556 1886 2593 et

1054 2609 1304 2651 illuminans
1325 2609 1487 2659 oeulos,
1510 2608 1620 2650 dans
1640 2608 1884 2656 sanitatem,

1056 2670 1099 2708 et
1118 2666 1264 2715 vitam,
1285 2670 1329 2707 et
1347 2665 1713 2707 benedictienem.

1108 2726 1156 2776 Ην.
1184 2727 1274 2768 Iste
1293 2726 1511 2777 cognovit.
1532 2725 1619 2776 [70]
