2080 2990
536 241 605 273 Dic
632 241 682 273 ΞΓ».
710 240 816 272 Febr.
864 240 899 272 S.
925 239 1143 280 Margarita·
1170 237 1423 271 Cortonensis
1451 237 1586 271 l‘oenit.

208 342 279 378 tur
295 336 413 388 apud
427 335 623 384 Netinos,
644 332 916 375 adorandam
930 332 1038 372 mira

209 393 374 445 pietate
390 392 635 440 ventitaret,
654 389 844 443 improbi
862 388 1038 440 quidam

210 449 410 489 irrisores
429 460 508 499 per
529 460 624 488 eam
645 446 922 488 occasionem
943 443 1037 484 reli-

209 504 502 554 giosissimum
544 503 683 544 virum
724 501 852 542 ludos
894 500 1038 540 facere

210 560 452 601 voluerunt.
500 560 656 610 Itaque
687 570 767 610 per
802 555 1038 597 simulatio-

210 629 309 657 nem
327 615 384 656 ad
403 615 637 667 prandium
656 614 842 666 piscium
855 611 1038 652 invitato

211 685 386 713 carnem
440 671 611 712 suillam
661 671 905 722 apponunt,
958 679 1040 707 nec

210 728 328 769 aliud
354 728 438 779 ipsi
460 726 736 768 manducant.
772 724 881 765 Inde
903 723 1039 764 homi-

210 785 276 824 nis
317 783 647 835 improbitatem
688 781 925 831 exagitare,
970 779 1040 820 vel

210 840 534 892 simplicitatem
561 838 763 879 cavillari.
797 836 942 886 Negat
968 835 1040 876 ille

212 909 259 937 se
289 895 527 948 quidquam
561 896 761 945 gustasse
788 897 951 945 praeter
978 892 1040 943 pi-

212 965 323 1000 sces:
343 954 578 1002 statimque
596 950 754 1002 spinas,
775 955 818 990 et
834 960 1040 1000 squamas

212 1010 357 1048 amota
388 1006 613 1058 mappula,
649 1018 735 1057 qua
767 1004 1040 1055 tegebantur,

212 1063 418 1111 ostendit,
456 1067 499 1103 et
536 1064 689 1102 eorum
725 1060 1041 1113 impudentiam

211 1119 445 1169 redarguit.
481 1119 594 1159 Item
618 1117 673 1158 ab
699 1117 891 1158 antistite
916 1117 1041 1167 Syra-

212 1178 376 1216 cusano
404 1175 520 1215 fama
544 1173 786 1214 sanctitatis
812 1172 957 1213 excito
983 1172 1040 1213 vi-

212 1231 378 1278 sitatus,
398 1235 442 1271 et
461 1230 515 1271 ab
537 1229 704 1278 eodem,
723 1234 771 1270 ut
791 1241 940 1269 secum
956 1240 1040 1269 coe-

212 1289 351 1336 naret,
375 1287 597 1335 invitatus,
622 1285 822 1338 protinus
843 1297 866 1325 e
886 1283 1041 1325 cellula

211 1343 436 1394 placentas
461 1344 650 1393 quatuor
676 1340 841 1382 calidas
861 1353 916 1381 ex
934 1342 1039 1380 tem-

212 1412 320 1451 pore
337 1398 543 1439 divinitus
558 1399 735 1450 paratas
750 1396 948 1449 protulit:
969 1396 1043 1447 qui

212 1457 368 1506 postea
396 1454 588 1495 vicissim
617 1452 673 1494 ad
701 1452 939 1494 antistitem
967 1452 1041 1503 Sy-

212 1514 390 1551 racusas
416 1511 656 1563 profectus,
685 1510 804 1561 juxta
828 1508 1042 1560 episcopi-

213 1580 301 1616 um,
334 1566 533 1618 plurimis
562 1565 742 1607 aviculis
771 1564 1042 1606 circumvoli-

214 1622 424 1671 tantibus,
453 1627 496 1663 et
518 1622 656 1674 ipsius
679 1621 917 1662 adventum
938 1632 1042 1672 quo-

215 1677 452 1718 dammodo
476 1677 810 1727 gratulantibus,
839 1675 1043 1717 mirabili·

214 1738 282 1774 ter
302 1735 512 1785 exceptus
534 1738 611 1774 est.
635 1733 717 1773 His
737 1732 921 1783 aliisque
936 1731 1043 1772 mul·
1100 1745 1108 1788 ,3
1120 1747 1137 1792 χλ

215 1790 271 1829 tis
301 1791 512 1841 spectatae
537 1789 836 1830 sanctimoniae
862 1787 1044 1837 indiciis,
1100 1783 1134 1849 ᾖξ’

215 1845 394 1897 ejusque
433 1845 638 1897 precibus
676 1844 846 1886 coelesti
882 1843 1043 1884 auxilio
1105 1849 1132 1860 ’Ἴ

213 1900 524 1950 laborantibus,
545 1914 633 1942 non
655 1900 799 1942 solum
817 1899 1044 1950 indigenis,

214 1970 365 1998 verum
395 1958 526 1998 etiam
555 1956 826 2008 alienigenis,
854 1968 907 1996 eo
933 1968 1043 2007 prae-

215 2013 363 2054 sertim
395 2025 508 2053 anno
537 2025 624 2064 quo
653 2012 859 2063 migravit
885 2012 930 2051 in
959 2023 1044 2052 coe-

216 2068 321 2118 lum,
344 2068 574 2110 millesimo
594 2068 902 2110 trecentesimo
924 2067 1043 2119 quin-

219 2124 472 2175 quagesimo
504 2126 664 2177 primo,
697 2124 938 2177 saepissime
970 2124 1045 2164 im-

214 2182 405 2232 petrato,
456 2181 663 2223 commoti
707 2181 800 2222 Leo
849 2179 1045 2221 decimus

215 2235 418 2277 Pontifex
443 2236 659 2277 Maximus
683 2237 726 2277 in
749 2237 909 2277 Netina
936 2235 1046 2277 urbe

214 2292 418 2344 primum,
440 2292 597 2333 deinde
616 2293 778 2333 Paulus
798 2305 850 2333 eo
870 2292 1045 2333 nomine

214 2348 368 2389 tertius
403 2348 506 2389 alibi
539 2348 670 2389 etiam
702 2348 821 2390 beati
853 2347 1046 2389 Conradi

215 2404 415 2445 festivam
435 2403 551 2445 diem
570 2403 801 2446 undecimo
821 2404 1045 2445 Kalendas

218 2460 362 2501 Martii
390 2460 622 2511 quotannis
651 2460 863 2502 celebrari
890 2459 1046 2512 permi-

215 2517 322 2557 sere.
350 2516 454 2566 Ejus
474 2529 636 2569 corpus
655 2516 699 2556 in
719 2518 925 2566 argentea
945 2517 1044 2557 con-

215 2571 354 2613 ditum
373 2585 475 2613 arca
495 2573 538 2612 in
560 2572 745 2613 ecclesia
762 2572 901 2612 sancti
914 2572 1044 2612 Nico-

216 2627 273 2668 lai
298 2627 417 2680 apud
435 2628 620 2670 Netinos
645 2628 776 2670 variis
803 2626 946 2668 adhuc
971 2627 1045 2667 mi-

215 2685 374 2725 raculis
394 2685 604 2726 enitescit.

269 2741 317 2791 R.
344 2741 434 2782 Iste
453 2740 598 2782 homo.
619 2740 699 2792 [72]

1147 332 1188 365 In
1211 331 1275 365 ΠΙ.
1298 331 1497 364 Nocturno
1525 330 1694 363 nomilia
1719 330 1756 363 in
1778 330 1924 370 Evang.

1094 380 1190 413 Ecce
1207 387 1280 412 nos
1296 377 1533 421 reliquimus.
1558 377 1605 411 de
1623 377 1768 411 Comm.
1784 378 1924 411 Abbat.

1096 429 1122 460 1.
1140 428 1239 460 loco.
1258 424 1338 468 [80]

1294 519 1378 561 Die
1396 520 1462 560 26.
1481 516 1720 559 Februarii.

1150 588 1193 629 S.
1217 587 1512 637 Margaritae
1539 584 1862 627 Cortonensis

1355 644 1668 684 Poenitentis.

1382 704 1644 747 Semiduplex.

1147 759 1283 793 Omnia
1315 760 1361 793 dc
1393 760 1596 794 Communi
1627 770 1695 794 nec
1720 759 1825 803 Virg.
1856 770 1926 794 nec

1094 807 1201 840 Mart.
1226 808 1299 850 [99]
1323 814 1466 849 practer
1491 818 1596 850 sequ.

1434 868 1596 907 Oratio,

1094 923 1276 1027 Deus,
1298 929 1372 981 qui
1390 928 1599 969 famulam
1617 933 1738 970 tuam
1756 927 1924 978 Marga-

1187 988 1315 1027 ritam
1336 985 1392 1027 de
1410 984 1674 1038 perditionis
1693 984 1764 1026 via
1782 983 1839 1025 ad
1859 996 1923 1024 sa-

1092 1042 1198 1083 lutis
1226 1041 1450 1083 tramitem
1480 1040 1824 1082 misericorditer
1851 1038 1923 1080 de-

1093 1098 1273 1140 duxisti:
1302 1096 1458 1138 eadem
1486 1096 1614 1138 nobis
1643 1095 1924 1137 miseratione

1093 1153 1303 1203 concede;
1329 1157 1377 1194 ut
1403 1166 1535 1205 quam
1557 1153 1680 1205 prius
1705 1153 1925 1193 errantem

1094 1210 1255 1251 sectari
1274 1222 1363 1250 non
1383 1209 1648 1257 erubuimus,
1667 1221 1773 1249 mox
1786 1206 1925 1260 poeni-

1093 1268 1261 1307 tentem
1297 1265 1483 1317 impigre
1520 1265 1645 1317 sequi
1677 1263 1927 1315 gloriemur.

1093 1319 1178 1363 Per
1197 1321 1446 1362 Dominum.

1150 1380 1356 1414 Commcm.
1383 1381 1505 1415 Feriae
1531 1381 1570 1414 in
1594 1381 1786 1424 Quadrag.

1149 1432 1205 1465 In·
1224 1432 1250 1466 I.
1278 1433 1480 1467 Nocturno
1515 1433 1721 1468 Lectiones
1754 1434 1801 1468 de
1829 1433 1928 1468 Scri-

1096 1485 1207 1522 ptura
1234 1486 1469 1515 occurrente.

1148 1533 1190 1565 In
1217 1533 1408 1575 Quadrag.
1434 1532 1632 1567 Mulierem
1654 1532 1802 1566 fortem.
1828 1530 1926 1574 [103]

1330 1598 1379 1636 In
1398 1598 1449 1637 ΙΙ.
1469 1598 1692 1637 Nocturno.

1400 1666 1553 1707 Lectio
1574 1666 1627 1706 iv.

1139 1733 1461 1789 “argarita,
1486 1743 1512 1770 a
1529 1730 1630 1771 loco
1650 1729 1928 1771 dormitionis

1204 1785 1219 1840 J>
1273 1787 1560 1829 Cortonensis
1580 1785 1820 1838 appellata,
1846 1785 1927 1826 La-

1271 1843 1389 1885 viani
1419 1843 1464 1883 in
1489 1842 1653 1883 Tuscia
1681 1846 1828 1883 ortum
1854 1840 1929 1882 ha-

1096 1900 1202 1941 buit.
1234 1900 1394 1940 Primis
1415 1898 1727 1940 adolescentiae
1745 1910 1838 1938 suae
1857 1910 1929 1938 an-

1096 1957 1164 1997 nis
1191 1955 1346 1997 mundi
1373 1954 1678 2007 voluptatibus
1706 1958 1856 2006 capta,
1883 1954 1929 1995 in

1095 2013 1261 2054 Montis
1279 2011 1487 2053 Politiani
1508 2011 1688 2053 civitate
1706 2022 1866 2051 vanam
1885 2013 1930 2051 et

1096 2068 1312 2110 lubricam
1347 2068 1484 2109 vitam
1521 2066 1662 2117 duxit3
1707 2065 1787 2108 sed
1829 2079 1929 2107 cum

1097 2125 1310 2166 amasium
1335 2124 1391 2165 ab
1417 2122 1620 2165 hostibus
1645 2122 1764 2163 foede
1789 2126 1928 2163 trans-

1096 2181 1265 2222 fossum
1289 2179 1452 2222 indicio
1479 2179 1600 2221 canis
1624 2179 1670 2219 in
1692 2178 1823 2219 fovea
1845 2177 1927 2219 sub

1097 2242 1217 2278 strue
1235 2236 1453 2287 lignorum
1466 2234 1731 2277 tumulatum
1744 2234 1927 2275 fortuito

1096 2294 1353 2345 reperisset,
1384 2292 1504 2333 illico
1533 2291 1649 2332 facta
1677 2294 1745 2331 est
1772 2302 1928 2331 manus

1096 2348 1277 2389 Domini
1309 2360 1442 2400 super
1475 2360 1586 2398 eam3
1632 2359 1731 2399 quae
1767 2358 1927 2397 magno

1097 2405 1327 2457 culparum
1360 2406 1538 2445 suarum
1572 2404 1766 2444 moerore
1799 2406 1928 2451 tacta,

1097 2462 1204 2502 exiit
1222 2461 1359 2510 foras,
1379 2465 1423 2501 et
1440 2460 1562 2501 flevit
1582 2461 1743 2500 amare.
1771 2458 1928 2510 Itaque

1096 2517 1339 2558 Lavianum
1363 2517 1559 2565 reversa,
1588 2516 1707 2556 crine
1727 2514 1928 2563 detonso,

1097 2573 1300 2624 neglecto
1345 2572 1509 2624 capite,
1555 2570 1765 2623 pullaque
1803 2574 1927 2611 veste

1097 2630 1310 2678 contecta,
1332 2626 1556 2669 erroribus
1575 2627 1666 2667 suis
1685 2625 1927 2677 mundique

1096 2683 1315 2725 illecebris
1334 2683 1534 2724 nuntium
1557 2682 1689 2732 misit3
1715 2682 1848 2733 inque
1872 2683 1927 2721 ae-

1097 2740 1225 2781 dibus
1249 2740 1347 2781 Deo
1374 2739 1526 2789 sacris,
1554 2738 1656 2779 fune
1682 2737 1739 2779 ad
1765 2737 1927 2779 collum
