2040 2990
624 207 728 242 Infra
752 206 1050 241 Hebdomadam
1073 206 1136 239 IV.
1162 206 1375 239 Adventus.

150 298 306 348 tristis,
337 310 481 350 neque
510 297 803 347 turbulentus,
838 297 981 338 donec

149 358 289 406 ponat
311 354 357 394 in
381 358 500 396 terra
522 353 745 405 judicium:
777 357 820 394 et
837 353 982 403 legem

152 410 243 461 ejus
261 409 417 450 insulae
437 409 768 462 exspectabunt.

199 476 252 528 R,
280 470 498 512 Nascetur
522 469 652 511 nobis
676 469 904 522 parvulus,
938 473 982 510 et

152 525 384 567 vocabitur
403 527 542 576 Deus,
561 526 763 567 Fortisz*
787 526 890 578 Ipse
917 537 982 566 se-

153 581 275 623 debit
295 595 428 635 super
448 582 657 624 thronum
674 581 819 623 David
842 581 982 633 patris

152 638 235 687 sui,
268 642 312 680 et
345 637 595 690 imperabit:
628 639 750 689 eujus
782 639 983 690 potestas

152 706 285 746 super
316 694 546 736 humerum
575 694 676 745 ejus.
716 693 763 744 V.
801 694 852 734 In
883 693 983 745 ipso

152 749 469 792 benedicentur
496 763 649 792 omnes
675 749 816 791 tribus
841 754 983 799 terrae,

153 818 306 847 omnes
326 806 492 848 Gentes
512 806 704 847 servient
724 805 774 847 ei.
800 806 914 857 Ipse.

460 879 614 921 Lectio
634 878 673 918 ii.

249 947 314 976 aee
334 935 442 976 dicit
459 934 676 976 Deminus
687 934 810 974 Deus
831 946 984 974 creans

258 991 411 1042 coelos,
445 996 490 1033 et
517 989 758 1033 extendens
792 1001 884 1030 eos:
915 989 984 1029 fir-

153 1059 277 1088 mans
292 1052 467 1096 terram,
486 1051 530 1088 et
550 1059 650 1098 quae
670 1045 916 1097 germinant
932 1057 986 1086 ex

155 1116 223 1145 ea:
243 1103 352 1144 dans
367 1103 521 1144 flatum
534 1101 715 1155 populo,
737 1101 812 1153 qui
832 1105 899 1142 est
918 1114 985 1141 su-

153 1172 234 1211 per
262 1171 375 1209 eam,
405 1163 449 1201 et
483 1159 685 1211 spiritum
715 1156 985 1198 calcantibus

156 1227 262 1256 eam.
308 1215 404 1266 Ego
436 1214 653 1255 Deminus
680 1213 838 1254 vocavi
870 1217 914 1254 te
942 1213 987 1252 in

154 1271 336 1322 justitia,
364 1275 408 1312 et
432 1269 704 1323 apprehendi
726 1282 903 1310 manum
921 1273 985 1309 tu-

157 1339 238 1377 am,
258 1331 303 1368 et
322 1327 496 1368 servavi
514 1331 569 1367 te.
595 1326 653 1367 Et
671 1324 776 1366 dedi
791 1329 836 1366 te
850 1325 895 1365 in
908 1324 986 1365 foe-

157 1382 239 1424 dus
257 1382 429 1435 pepuli,
454 1383 499 1423 in
523 1382 669 1423 lucem
688 1380 912 1422 Gentium:
938 1385 987 1421 ut

156 1440 351 1491 aperires
375 1438 529 1480 Oculos
553 1439 793 1486 caecorum,
822 1440 866 1478 et
885 1435 987 1478 edu-

158 1506 282 1535 ceres
309 1494 365 1535 de
390 1493 672 1535 conclusione
691 1492 903 1541 vinctum,
932 1491 988 1533 de

156 1549 292 1647 gomo
330 1550 520 1591 carceris
557 1548 763 1591 sedentes
794 1548 839 1588 in
869 1549 986 1589 tene-

188 1618 258 1647 ns.

207 1670 260 1721 R.
300 1665 419 1706 Ecce
462 1665 547 1717 jam
592 1664 714 1705 venit
756 1663 987 1716 plenitudo

157 1721 386 1774 temporis,
423 1721 467 1761 in
503 1732 591 1772 quo
625 1719 743 1760 misit
770 1719 893 1760 Deus
921 1719 988 1759 Fi-

158 1776 266 1818 lium
305 1790 433 1818 suum
469 1776 515 1817 in
534 1780 711 1825 terras,
753 1777 905 1816 natum
933 1774 989 1816 de

158 1832 360 1884 Virgine,
400 1833 566 1873 factum
603 1830 683 1872 sub
720 1830 833 1881 lege:
869 1831 893 1858 *
929 1830 990 1872 Ut

160 1885 989 1996 {ffbssgssffssrbssffi‘i‘affiassss'ri'tZ‘ssssffieJ·

161 2012 247 2050 am,
276 2012 362 2052 qua
385 1999 539 2041 dilexit
563 2011 644 2039 nos
668 1998 807 2046 Deus,
832 1996 990 2037 Filium

162 2068 290 2097 suum
307 2056 427 2097 misit
445 2056 490 2096 in
506 2053 833 2096 similitudinem
848 2053 990 2094 carnis

159 2112 344 2164 peccati.
371 2112 431 2154 Ut
450 2124 538 2153 eos.

464 2180 618 2223 Lectio
639 2180 695 2220 iii.

239 2251 388 2290 antate
423 2247 616 2288 Domino
664 2245 882 2287 canticum
917 2256 991 2284 no-

257 2318 380 2355 vum,
425 2304 522 2344 laus
564 2303 656 2354 ejus
697 2301 752 2343 ab
786 2299 991 2342 extremis

162 2366 310 2403 terrae:
339 2361 413 2413 qui
432 2358 700 2401 descenditis
719 2358 764 2398 in
782 2368 920 2404 mare,
949 2359 993 2395 et

163 2416 392 2469 plenitudo
421 2417 529 2467 ejus,
558 2414 729 2463 insulae,
758 2417 802 2454 et
828 2411 992 2452 habita-

164 2475 286 2514 tores
301 2474 461 2514 earum.
482 2470 744 2512 Sublevetur
760 2468 992 2514 desertum,

167 2532 211 2569 et
230 2528 430 2569 civitates
451 2528 558 2579 ejus3
583 2527 628 2566 in
652 2523 857 2566 demibus
875 2521 993 2563 habi-

166 2582 278 2624 tabit
314 2583 475 2624 Cedar:
509 2581 686 2623 laudate
723 2579 994 2620 habitatores

166 2639 327 2688 Petrae,
346 2638 402 2680 de
420 2639 585 2680 vertice
603 2636 818 2678 montium
838 2634 994 2675 clama-

167 2694 288 2737 bunt.
326 2687 498 2736 Ponent
515 2693 708 2736 Domino
727 2691 930 2743 gloriam,
950 2693 1003 2730 et·

1800 200 1861 238 171

1033 295 1211 338 laudem
1235 297 1327 348 ejus
1350 296 1394 336 in
1416 296 1567 337 insulis
1593 295 1864 337 nuntiabunt.

1033 352 1251 394 Deminus
1289 352 1402 393 sicut
1438 352 1564 393 fortis
1604 351 1863 402 egredietur,

1035 409 1148 450 sicut
1179 409 1245 450 vir
1276 407 1501 461 praeliator
1534 408 1764 449 suscitabit
1796 420 1863 449 ze-

1034 465 1141 505 lum:
1182 464 1511 514 vociferabitur,
1555 470 1599 506 et
1642 463 1864 505 clamabit:

1036 533 1168 572 super
1186 521 1387 562 inimicos
1408 533 1512 562 suos
1534 519 1864 561 confortabitur.

1084 592 1135 631 R»,
1167 585 1306 636 Virgo
1324 585 1470 635 Israel,
1491 587 1712 626 revertere
1732 584 1789 625 ad
1808 584 1864 624 ci-

1035 632 1196 682 vitates
1226 645 1342 681 tuas:
1371 648 1391 670 *
1430 641 1672 692 Usquequo
1710 639 1864 680 dolens

1036 697 1270 739 averteris?
1289 696 1522 747 generabis
1536 696 1773 737 Dominum
1784 695 1865 735 Sal-

1036 755 1245 802 vatorem,
1266 753 1534 794 oblationem
1548 765 1709 807 novam
1722 751 1766 791 in
1780 755 1864 792 ter-

1037 822 1101 850 ra:
1121 816 1143 839 *
1167 808 1468 850 Ambulabunt
1492 808 1691 849 hemines
1718 807 1761 846 in
1785 806 1864 846 sal-

1037 865 1271 906 vatic'mem.
1296 863 1345 915 V.
1375 866 1426 905 In
1451 865 1633 905 caritate
1652 864 1866 915 perpetua

1040 920 1174 962 dilexi
1192 926 1252 963 te:
1275 921 1377 963 ideo
1403 921 1563 962 attraxi
1586 924 1630 960 te
1654 920 1866 959 miserans

1037 978 1112 1018 tui.
1143 978 1396 1030 Usquequo.
1429 977 1583 1019 Gloria
1601 976 1732 1017 Patri.
1764 975 1865 1015 Am-

1037 1032 1262 1074 bulabunt.

1087 1101 1159 1142 Ad
1179 1100 1339 1141 Bencd.
1369 1100 1468 1140 Ant.
1498 1100 1742 1147 Consurge,
1767 1107 1866 1136 con-

1039 1157 1185 1204 surge:
1203 1154 1226 1179 *
1244 1153 1427 1195 induere
1442 1151 1753 1201 fortitudinem,
1770 1150 1866 1192 bra-

1039 1209 1186 1251 chium
1204 1209 1394 1251 Demini.

1094 1277 1181 1310 Nisi
1216 1276 1380 1310 dicenda
1419 1276 1468 1309 sit
1504 1276 1589 1308 Ant.
1630 1274 1767 1308 Nolite.
1803 1275 1865 1308 vel

1037 1326 1125 1358 Ant.
1151 1325 1256 1357 Ecce
1280 1323 1480 1366 completa.
1507 1321 1582 1357 158.

1091 1377 1153 1410 Ad
1178 1377 1332 1419 Magnis.
1364 1377 1450 1409 Ant.
1481 1373 1522 1409 Ο.

1240 1494 1407 1531 Feria
1441 1493 1672 1540 Quarta.

1215 1562 1284 1601 De
1313 1556 1430 1596 Isaia
1457 1553 1692 1605 Propheta.

1143 1625 1296 1666 Lectio
1317 1623 1341 1662 i.
1587 1620 1690 1670 Cap.
1705 1620 1763 1658 51.

1049 1694 1137 1776 VN
1151 1682 1273 1724 udite
1292 1693 1374 1729 me,
1401 1679 1475 1731 qui
1500 1678 1731 1730 sequimini
1752 1677 1872 1728 quod

1137 1767 1143 1777 ψ,
1169 1740 1329 1790 justum
1348 1740 1426 1785 est,
1446 1739 1489 1776 et
1510 1733 1705 1785 quaeritis
1720 1733 1867 1772 Demi-

1041 1809 1160 1836 num:
1178 1792 1390 1835 attendite
1410 1790 1467 1832 ad
1482 1794 1653 1842 petram
1667 1787 1783 1828 unde
1799 1800 1868 1828 ex-

1043 1851 1121 1892 cisi
1140 1850 1261 1899 estis,
1290 1853 1334 1889 et
1357 1846 1414 1888 ad
1437 1846 1669 1886 cavernam
1687 1844 1787 1893 laci,
1814 1843 1869 1884 de

1043 1917 1129 1958 qua
1165 1903 1341 1957 praecisi
1380 1902 1496 1944 estis.
1549 1899 1777 1941 Attendite
1807 1899 1870 1940 'ad

1043 1961 1267 2004 Abraham
1295 1963 1470 2011 patrem
1497 1962 1708 2004 vestrum,
1742 1959 1786 1996 et
1814 1954 1870 1996 ad

1043 2018 1195 2059 Saram
1211 2028 1310 2068 quae
1323 2013 1497 2067 peperit
1511 2024 1606 2053 vos:
1623 2011 1724 2063 quia
1738 2023 1871 2051 unum

1042 2073 1199 2115 vocavi
1218 2084 1328 2120 eum,
1348 2074 1391 2111 et
1408 2067 1614 2111 benedixi
1633 2067 1683 2116 ei,
1703 2070 1746 2108 et
1764 2065 1870 2107 mul-

1042 2128 1241 2181 tiplicavi
1272 2139 1382 2169 eum.
1423 2122 1732 2166 Consolabitur
1765 2133 1870 2171 ergo

1042 2184 1259 2225 Deminus
1283 2183 1404 2231 Sion,
1432 2185 1476 2223 et
1503 2178 1800 2221 consolabitur
1828 2189 1871 2217 o-

1043 2253 1167 2282 mnes
1191 2241 1338 2281 ruinas
1363 2238 1470 2289 ejus:
1498 2240 1542 2277 et
1567 2237 1704 2287 ponet
1728 2232 1871 2274 deser-

1044 2301 1139 2337 tum
1157 2297 1248 2347 ejus
1269 2293 1394 2347 quasi
1408 2292 1597 2339 delicias,
1618 2294 1662 2331 et
1677 2286 1872 2329 solitudi-

1044 2365 1146 2393 nem
1182 2352 1272 2403 ejus
1315 2349 1439 2402 quasi
1473 2347 1650 2388 hortum
1684 2343 1872 2384 Demini.

1047 2407 1268 2450 Gaudium
1299 2410 1344 2447 et
1374 2403 1527 2445 laetitia
1555 2399 1798 2442 invenietur
1828 2398 1872 2438 in

1047 2477 1114 2514 ea,
1136 2463 1376 2514 gratiarum
1394 2459 1525 2507 actio,
1553 2461 1597 2498 et
1616 2468 1704 2497 vox
1720 2452 1872 2495 laudis.

1100 2520 1152 2571 R.
1171 2519 1196 2559 J
1197 2517 1337 2566 uravi,
1365 2515 1471 2557 dicit
1488 2512 1720 2560 Deminus,
1747 2513 1796 2550 ut
1812 2507 1872 2548 ul-

1046 2580 1115 2616 tra
1136 2576 1222 2627 jam
1245 2586 1334 2615 non
1355 2572 1520 2612 irascar
1546 2579 1677 2620 super
1694 2571 1872 2627 terram:

1046 2635 1219 2672 montes
1253 2629 1368 2670 enim
1388 2622 1444 2668 'et
1472 2624 1607 2667 colles
1636 2622 1872 2672 suscipient

1048 2686 1256 2739 justitiam
1274 2695 1431 2733 meam,
1451 2671 1474 2695 *
1490 2681 1546 2721 Et
1564 2677 1871 2720 testamentum
