2080 2990
651 196 719 228 Dit-
744 197 795 228 21.
821 196 904 229 ..1:111.
953 198 986 229 S.
1015 197 1175 236 Agnetis
1204 197 1305 237 Yii-g.
1332 205 1367 230 ct
1394 198 1499 232 Mart.

214 291 316 331 mile
342 291 423 331 erit
446 303 629 342 regnum
653 290 865 332 coelOrum
891 289 1044 331 decem

214 346 470 396 virginibus:
508 360 607 399 quae
641 348 906 399 accipientes
940 346 1043 386 lam—

213 402 351 454 pades
372 416 483 452 suas,
504 403 701 445 exierunt
720 403 896 444 obviam
916 414 1043 454 spon-

213 471 263 499 so
285 464 328 500 et
347 472 536 512 sponsae.
564 460 620 501 Et
638 459 818 512 reliqua.

261 537 449 578 Homilia
472 539 612 580 sancti
632 538 836 590 Greg6rii
855 537 1001 590 Papae.

403 599 572 633 Ilomilia
596 602 641 634 12.
662 602 698 634 in
718 602 861 644 Evang.

232 667 300 709 Q
313 663 410 702 aepe
429 663 525 700 vos,
544 651 700 693 fratres
720 649 950 699 carissimi,
970 648 1043 690 acl-

233 741 244 761 „
292 713 298 717 ’
329 709 489 748 meneo
526 721 665 760 prava
702 709 838 759 epera
874 707 1042 756 fugere,

246 770 249 771 ’
328 763 478 805 mundi
535 764 661 816 hujus
715 763 1042 816 inquinamenta

211 817 424 860 devitare:
453 821 532 861 sed
557 819 768 861 hodierna
794 819 932 860 sancti
958 819 1041 859 Ev-

210 875 367 926 angelii
395 876 584 918 lectione
613 876 856 929 compellor
884 876 1041 926 dicere,

209 936 258 972 ut
278 937 321 973 et
338 931 455 973 bona
477 946 575 985 quae
597 933 739 983 agitis,
765 946 863 974 cum
882 945 1040 984 magna

209 988 380 1030 cautela
399 990 599 1030 teneatis:
627 1003 682 1031 ne
706 1002 786 1043 per
809 989 894 1030 hoc
919 988 1040 1041 quod

209 1057 234 1084 a
260 1043 388 1085 vobis
414 1050 582 1086 rectum
608 1046 789 1096 geritur,
818 1046 943 1087 favor
967 1051 1042 1087 aut

207 1101 349 1150 gratia
377 1100 566 1142 humana
595 1102 856 1153 requiratur:
883 1115 938 1143 ne
967 1115 1040 1155 ap-

207 1159 372 1208 petitus
405 1157 547 1199 laudis
580 1158 807 1211 subrepat,
844 1163 887 1200 et
921 1158 1041 1211 quod

207 1212 313 1253 foris
343 1214 606 1264 ostenditur,
639 1215 757 1256 intus
785 1228 810 1256 a
837 1214 1041 1257 mercede

207 1271 428 1310 vacuetur.
458 1270 572 1312 Ecce
593 1272 708 1312 enim
727 1272 1041 1325 Redemptoris

207 1338 318 1367 voce
338 1325 494 1368 decem
513 1328 718 1378 virgines,
743 1333 787 1370 et
807 1341 959 1370 omnes
981 1328 1040 1370 di-

207 1385 364 1423 cuntur
405 1384 613 1435 virgines,
655 1390 699 1426 et
739 1390 887 1426 tamen
927 1386 1041 1427 intra

206 1437 492 1481 beatitudinis
540 1442 714 1492 januam
758 1454 847 1482 non
889 1455 1041 1483 omnes

207 1500 308 1536 sunt
322 1498 529 1548 receptae:
545 1498 646 1550 quia
661 1500 811 1539 earum
826 1498 1040 1551 quaedam,

207 1550 312 1591 dum
333 1550 387 1592 de
407 1553 656 1603 virginitate
679 1567 758 1595 sua
774 1554 959 1605 gloriam
978 1555 1039 1596 fo-

206 1606 266 1646 ris
295 1608 522 1659 expetunt,
559 1610 602 1650 in
631 1611 747 1652 vasis
776 1612 865 1652 suis
894 1611 1040 1652 eleum

206 1662 368 1705 habere
387 1664 631 1708 noluerunt.

266 1726 311 1777 lx‘g.
328 1725 419 1777 Ipsi
441 1739 538 1767 sum
559 1726 841 1781 desponsata,
863 1729 932 1771 cui
951 1731 1038 1769 An-

205 1780 290 1831 geli
307 1781 512 1832 serviunt,
530 1785 651 1836 cujus
666 1785 1039 1837 pulchritudinem

206 1836 272 1878 sol
305 1842 349 1879 et
380 1837 482 1879 luna
514 1840 743 1882 mirantur:
776 1839 798 1860 '⁴¹
833 1842 925 1894 Ipsi
957 1841 1039 1883 soli

206 1905 336 1934 servo
357 1893 504 1944 fidem,
530 1895 542 1935 i
577 1896 615 1955 si
638 1910 708 1939 me
728 1902 823 1939 tota
842 1897 1038 1939 devotio-

205 1961 260 1989 ne
279 1952 519 1991 committo.
626 1953 867 1995 Dexteram
895 1966 1039 1995 meam

206 2010 249 2045 et
285 2005 444 2046 collum
478 2020 624 2049 meum
652 2010 787 2051 cinxit
813 2010 1036 2063 lapidibus

205 2061 425 2112 pretiesis:
450 2064 634 2106 tradidit
652 2066 830 2108 auribus
850 2067 958 2108 meis
978 2067 1037 2107 in-

206 2117 488 2160 aestimabiles
506 2125 775 2172 margaritas.
803 2124 894 2175 Ipsi
914 2123 1007 2164 soli.

495 2185 646 2226 Lectio
669 2188 752 2226 viii.

207 2236 331 2342 Sed
355 2248 477 2301 prius
502 2251 788 2302 quaerendum
812 2253 939 2295 nobis
959 2259 1038 2305 est,

301 2304 405 2356 quid
426 2306 481 2347 sit
502 2318 684 2357 regnum
704 2309 935 2359 coelorum,
964 2316 1039 2353 aut

207 2372 284 2400 cur
306 2359 461 2402 decem
484 2362 723 2413 virginibus
747 2369 1038 2418 comparetur,

208 2429 306 2468 quae
340 2417 472 2458 etiam
504 2419 695 2469 virgines
723 2420 965 2472 prudentes
994 2429 1038 2465 et

205 2471 341 2514 fatuae
368 2473 582 2515 dicantur.
618 2475 734 2517 Dum
763 2478 876 2518 enim
906 2479 1037 2521 coelo-

206 2541 303 2569 rum
328 2542 511 2580 regnum
539 2536 728 2581 constat,
762 2534 862 2585 quia
890 2547 1036 2587 repro-

206 2583 364 2626 berum
383 2586 527 2627 nullus
547 2587 803 2638 ingreditur,
829 2590 959 2631 etiam
979 2592 1037 2633 fa-

206 2641 292 2682 tuis
311 2641 550 2693 virginibus
571 2656 648 2685 cur
667 2645 806 2686 simile
826 2658 923 2687 esse
942 2660 1037 2699 per-

206 2696 406 2739 hibetur?
447 2699 534 2741 Sed
559 2700 786 2743 sciendum
809 2702 936 2744 nobis
961 2710 1037 2754 est,

1098 288 1219 340 quod
1234 302 1354 342 saepe
1367 290 1411 330 in
1422 302 1548 331 sacro
1560 290 1736 342 eloquio
1746 303 1929 342 regnum

1098 344 1311 386 coelo'rum
1340 346 1574 398 praesentis
1607 348 1819 399 temporis
1848 347 1927 388 Ec-

1098 400 1231 441 clesia
1257 400 1427 443 dicitur.
1461 402 1528 443 De
1549 415 1637 454 quo
1658 402 1744 444 alio
1763 403 1806 443 in
1826 403 1927 444 loco

1097 456 1313 498 Do'minus
1333 457 1453 499 dicit:
1472 458 1617 500 Mittet
1634 459 1772 500 Filius
1790 458 1928 501 homi-

1098 512 1164 553 nis
1192 513 1389 564 Angelos
1417 527 1537 565 suos,
1566 519 1610 556 et
1638 514 1845 566 colligent
1872 515 1928 557 de

1096 581 1232 619 regno
1253 571 1344 622 ejus
1365 570 1510 612 emnia
1529 570 1747 612 scandala.
1770 571 1927 623 Neque

1098 625 1211 666 enim
1235 626 1278 666 in
1302 626 1376 667 illo
1400 639 1535 677 regno
1559 626 1857 678 beatitudinis,
1884 628 1927 668 in

1099 694 1186 732 quo
1205 696 1292 735 pax
1313 696 1482 724 summa
1502 689 1584 733 est,
1602 683 1787 724 inveniri
1806 686 1927 725 scan-

1097 736 1197 778 dala
1215 741 1433 791 peterunt,
1454 752 1553 791 quae
1572 739 1844 790 colligantur.

1155 801 1206 851 R.
1236 799 1542 853 Omnipotens,
1580 799 1821 850 adorande,
1857 813 1928 842 co-

1095 854 1243 905 lende,
1279 855 1524 906 tremende,
1560 856 1777 898 benedico
1813 862 1872 898 te:
1906 862 1928 884 *

1096 911 1206 961 Quia
1229 925 1309 964 per
1327 912 1484 953 Filium
1511 918 1635 954 tuum
1659 913 1928 963 unigenitum

1095 968 1215 1008 evasi
1251 969 1390 1010 minas
1426 968 1650 1010 heminum
1682 969 1927 1022 impierum,

1096 1028 1138 1065 et
1193 1025 1425 1077 spurcitias
1479 1024 1644 1067 diaboli
1693 1025 1926 1078 impolluto

1096 1079 1204 1121 calle
1230 1081 1421 1122 transivi.
1463 1078 1512 1128 V.
1537 1082 1603 1123 Te
1628 1082 1842 1123 confiteor
1867 1081 1927 1122 la-

1094 1135 1192 1186 biis,
1225 1142 1269 1178 te
1299 1136 1448 1187 corde,
1479 1143 1524 1179 te
1553 1138 1658 1180 totis
1686 1137 1927 1180 visceribus

1095 1196 1373 1246 concupisco.
1427 1194 1550 1244 Quia.
1606 1194 1757 1236 Gloria
1796 1194 1928 1236 Patri.

1136 1262 1216 1290 uia.

1095 1249 1132 1299 Q
1233 1291 1250 1304 '⁸
1400 1299 1552 1341 Lectio
1574 1302 1626 1342 ix.

1141 1371 1169 1398 n
1196 1358 1387 1410 quinque
1409 1364 1555 1400 autem
1575 1359 1775 1412 corporis
1794 1358 1926 1400 sensi-

1163 1413 1245 1455 bus
1268 1418 1569 1467 unusquisque
1593 1415 1804 1457 subsistit.
1843 1415 1926 1456 Ge-

1093 1470 1282 1512 minatus
1297 1477 1444 1513 autem
1461 1471 1683 1524 quinarius
1701 1470 1927 1513 denerium

1093 1526 1276 1578 perficit.
1317 1528 1374 1569 Et
1401 1527 1502 1579 quia
1527 1540 1582 1569 ex
1606 1529 1794 1579 utreque
1819 1540 1927 1569 sexu

1093 1581 1289 1623 fidelium
1308 1583 1544 1625 multitudo
1570 1583 1804 1634 colligitur,
1832 1596 1925 1624 san-

1094 1643 1164 1679 cta
1193 1638 1390 1680 Ecclesia
1423 1639 1577 1681 decem
1604 1639 1844 1690 virginibus
1872 1642 1925 1680 si-

1092 1693 1206 1735 milis
1221 1707 1319 1736 esse
1335 1695 1626 1737 denuntiatur.
1651 1696 1701 1736 In
1722 1708 1808 1748 qua
1823 1695 1925 1748 quia

1091 1750 1193 1791 mali
1228 1763 1327 1792 cum
1360 1751 1504 1802 bonis,
1541 1757 1585 1793 et
1614 1751 1793 1805 reprobi
1826 1765 1925 1793 cum

1092 1806 1242 1848 electis
1271 1806 1452 1850 admixti
1480 1813 1596 1858 sunt,
1624 1813 1744 1850 recte
1773 1807 1924 1849 similis

1091 1862 1330 1913 virginibus
1375 1863 1665 1916 prudentibus
1707 1870 1750 1906 et
1794 1864 1925 1906 fatuis

1092 1931 1189 1960 esse
1209 1919 1475 1971 perhibetur.
1502 1921 1611 1962 Sunt
1629 1932 1818 1972 namque
1836 1919 1924 1972 ple·

1093 1977 1216 2026 rique
1237 1976 1527 2026 continenteS,
1555 1976 1629 2028 qui
1649 1976 1704 2018 ab
1724 1978 1925 2029 appetitu

1094 2044 1141 2072 se
1170 2032 1376 2074 exterieri
1404 2032 1672 2083 custodiunt,
1701 2037 1744 2074 et
1768 2045 1848 2085 spe
1867 2031 1924 2074 ad

1091 2087 1299 2129 interiora
1317 2088 1560 2141 rapiuntur,
1586 2101 1761 2130 carnem
1783 2090 1923 2130 mace-

1092 2149 1204 2194 rant,
1242 2149 1286 2185 et
1313 2149 1409 2186 toto
1439 2143 1659 2186 desiderio
1688 2143 1746 2186 ad
1773 2146 1922 2198 super-

1092 2213 1192 2241 nam
1245 2201 1433 2253 patriam
1486 2200 1705 2250 anhelant,
1761 2202 1924 2243 aeterna

1091 2256 1273 2309 praemia
1310 2258 1538 2310 expetunt,
1578 2269 1661 2310 pro
1697 2256 1923 2299 laboribus

1092 2312 1181 2353 suis
1209 2314 1404 2365 recipere
1432 2311 1585 2355 laudes
1610 2312 1824 2354 humanas
1847 2326 1922 2356 no-

1090 2368 1195 2410 lunt.
1248 2369 1307 2409 Hi
1342 2369 1545 2410 nimirum
1580 2369 1765 2421 gleriam
1800 2383 1923 2412 suam

1091 2437 1179 2466 non
1205 2424 1249 2466 in
1277 2437 1354 2467 ore
1381 2424 1606 2467 heminum
1631 2431 1814 2478 ponunt,
1844 2425 1923 2468 sed

1090 2481 1203 2522 intra
1231 2481 1543 2523 conscientiam
1568 2483 1816 2533 contegunt.
1866 2482 1922 2524 Et

1091 2542 1191 2579 sunt
1209 2537 1423 2590 plerique,
1452 2538 1526 2589 qui
1546 2551 1707 2590 corpus
1727 2551 1807 2591 per
1826 2538 1922 2580 abs-

1090 2593 1317 2635 tinentiam
1331 2594 1540 2644 affligunt,
1560 2594 1639 2636 sed
1660 2594 1715 2636 de
1730 2595 1829 2648 ipsa
1843 2607 1922 2636 sua

1091 2649 1352 2691 abstinentia
1388 2649 1603 2692 humanos
1639 2651 1814 2693 favores
1851 2653 1921 2692 ex-

1090 2711 1255 2758 petunt.
1314 2707 1375 2747 Te
1395 2707 1538 2747 Deum
1557 2707 1798 2749 laudamus.
1816 2708 1876 2748 14.
