2040 2990
654 200 753 233 Infra
780 198 1075 232 Hebdomadum
1101 196 1162 230 lv.
1188 196 1401 230 Adventus.

224 297 365 329 (Mulio.
395 295 537 330 Excita.
567 302 605 330 ut
631 306 757 338 supra.
783 293 857 328 169.

227 344 317 377 l'ost
360 344 552 386 usn-ras
597 344 673 377 dici
716 343 893 376 dicuntur
932 341 1000 374 Y'c-

173 402 297 433 sper-„c
325 392 607 425 Defunctoruni.

342 497 512 534 Feria
547 496 826 534 Secunda.

226 561 284 594 Ad
317 561 553 594 Matutinum.
586 560 694 593 on-it.
726 564 761 593 ct
792 559 929 602 llyrnn.
961 563 999 592 ut

174 608 206 639 in
238 608 385 641 Domin.
414 606 664 651 praet-etllffi.

352 669 418 708 De
445 668 561 708 Isaia
587 665 821 717 Propheta.

278 736 308 775 1
314 737 428 776 ectio
451 739 471 777 i.
664 740 766 788 sap
783 738 841 776 41.
859 736 895 775 b.

176 797 274 841 ἶΓ;1;
302 796 349 832 tu
378 791 515 832 Israel
542 804 667 833 serve
693 802 833 838 meus,
859 788 1000 829 Jacob

179 851 243 885 :usk
276 860 408 912 quem
439 848 565 898 elegi,
600 860 749 888 semen
776 845 1001 887 Abraham

169 905 297 945 amici
324 904 425 945 mei:
460 904 504 944 in
538 916 624 956 quo
656 901 929 955 apprehendi
956 906 1002 943 te

169 960 224 1002 ab
245 960 450 1002 extremis
468 964 614 1011 terrae,
641 963 685 1000 et
704 972 730 999 a
752 958 1001 1010 longinquis

171 1017 262 1068 ejus
282 1016 437 1057 vocavi
456 1020 515 1065 te,
543 1020 586 1057 et
606 991 700 1057 'dixi
719 1014 812 1056 tibi:
840 1015 1002 1055 Servus

169 1085 294 1114 meus
314 1085 361 1114 es
381 1076 445 1121 tu,
474 1071 585 1122 elegi
603 1076 663 1121 te,
693 1075 736 1112 et
757 1083 846 1111 non
864 1069 1002 1122 abjeci

169 1133 225 1170 te.
248 1129 317 1170 Ne
331 1131 497 1178 timeas,
515 1128 617 1180 quia
632 1140 714 1178 ego
729 1131 878 1168 tecum
892 1139 1001 1167 sum:

169 1198 225 1226 ne
249 1184 460 1233 declines,
491 1184 592 1236 quia
622 1196 704 1234 ego
730 1184 853 1224 Deus
884 1187 1002 1223 tuus:

171 1241 417 1282 confortavi
453 1245 512 1290 te,
556 1244 600 1281 et
636 1239 870 1281 auxiliatus
906 1252 1003 1279 sum

169 1296 265 1347 tibi,
306 1301 349 1338 et
383 1296 579 1348 suscepit
611 1300 655 1337 te
688 1295 870 1337 dextera
901 1295 1002 1346 justi

169 1365 267 1394 mel

224 1406 274 1456 Ιγ
301 1408 455 1450 Canite
484 1408 591 1449 tuba
618 1408 663 1448 in
691 1407 814 1458 Sion
845 1408 1003 1448 vocate

173 1464 355 1514 Gentes,
380 1465 634 1506 annuntiate
652 1463 847 1516 populis,
874 1467 918 1503 et
942 1462 1003 1504 di·

172 1515 311 1561 citez*
336 1520 453 1562 Ecce
477 1521 600 1562 Deus
624 1519 829 1561 Salvator
853 1523 1004 1560 noster

172 1575 387 1617 adveniet.
425 1570 474 1620 Y.
498 1576 784 1625 Annuntiate,
814 1580 857 1616 et
885 1574 1003 1616 audi-

171 1636 264 1672 tum
289 1632 436 1674 facite:
464 1632 710 1684 loquimini,
738 1636 782 1673 et
807 1631 1004 1672 clamate.

172 1688 301 1729 Ecce.

484 1738 635 1778 Lectio
656 1737 693 1777 ii.

172 1791 328 1897 Ecce
349 1798 671 1840 confundentur
686 1803 730 1840 et
745 1797 1006 1841 erubescent

265 1867 435 1905 omnes,
465 1855 539 1907 qui
556 1859 753 1908 pugnant
771 1854 1006 1896 adversum

174 1915 234 1952 te:
266 1915 394 1952 erunt
425 1911 551 1963 quasi
583 1924 671 1952 non
705 1911 805 1961 sint,
836 1915 879 1952 et
910 1924 1005 1964 per-

174 1966 300 2007 ibunt
332 1966 429 2016 viri,
467 1967 541 2019 qui
576 1966 884 2008 contradicunt
914 1967 1006 2008 tibi.

176 2022 358 2072 Quaeres
379 2035 467 2072 eos,
489 2027 532 2064 et
550 2036 639 2064 non
658 2023 868 2073 invenies,
886 2023 1006 2064 viros

176 2077 363 2119 rebelles
382 2083 498 2120 tuos:
518 2083 644 2120 erunt
664 2079 789 2131 quasi
804 2092 893 2121 non
908 2079 1006 2130 sint,

177 2138 221 2174 et
240 2133 376 2175 veluti
396 2134 676 2187 consumptio
695 2134 896 2177 homines
917 2135 1005 2177 bel·

175 2188 318 2230 lantes
342 2189 576 2231 adversum
594 2195 650 2231 te.
684 2190 797 2239 Quia
816 2203 898 2242 ego
917 2191 1006 2233 Do-

175 2244 318 2285 minus
360 2245 482 2286 Deus
524 2250 626 2286 tuus
669 2246 1006 2298 apprehendens
1070 2255 1088 2289 ,l
1128 2256 1130 2258 ’

175 2313 353 2341 manum
377 2306 516 2350 tuam,
548 2301 788 2353 dicensque
811 2302 905 2343 tibi:
937 2303 1006 2345 Ne

174 2358 343 2404 timeas,
363 2369 445 2407 ego
465 2356 610 2408 adjuvi
629 2361 684 2398 te.

225 2414 276 2464 R’.
311 2416 413 2457 Non
446 2417 667 2458 auferetur
699 2422 922 2469 sceptrum
951 2418 1006 2460 de

176 2471 200 2512 J
202 2471 299 2521 uda
320 2477 363 2513 et
382 2472 471 2513 dux
490 2472 545 2513 de
560 2472 726 2514 femore
742 2473 843 2524 ejus,
864 2473 1006 2516 donec

178 2528 323 2568 veniat
344 2528 418 2579 qui
435 2528 674 2569 mittendus
695 2526 813 2569 est-'⁸¹
834 2530 922 2583 Et
911 2543 1006 2582 ipse

178 2584 260 2624 erit
285 2584 558 2636 exspectatio
585 2584 803 2625 Gentium.
834 2574 885 2624 Y
908 2586 1006 2626 Pul-

177 2638 372 2680 chriores
408 2645 508 2681 sunt
542 2640 657 2681 oculi
691 2641 782 2691 ejus
810 2641 928 2690 vino,
962 2647 1006 2683 et

177 2694 331 2736 dentes
359 2696 450 2746 ejus
475 2695 589 2737 lacte
613 2695 901 2737 candidiores.
938 2698 1004 2739 Et.

1358 289 1512 330 Lectio
1533 288 1588 327 iii.

1149 353 1207 394 oli
1234 353 1405 402 timere,
1436 351 1599 394 vermis
1622 351 1777 402 Jacob,
1811 352 1886 405 qui

1157 409 1320 450 mortui
1340 409 1446 450 estis
1466 421 1521 450 ex
1538 408 1690 450 Israel:
1710 421 1794 460 ego
1813 421 1886 450 au-

1054 465 1228 506 xiliatus
1248 478 1344 506 sum
1360 463 1451 514 tibi,
1471 464 1578 506 dicit
1591 465 1824 506 Dominus:
1843 469 1888 506 et

1053 520 1308 573 redemptor
1357 525 1460 562 tuus
1510 525 1688 562 sanctus
1737 520 1887 562 Israel.

1053 577 1149 628 Ego
1174 577 1305 629 posui
1330 581 1376 618 te
1400 577 1526 628 quasi
1548 576 1794 629 plaustrum
1813 577 1886 618 tri-

1053 636 1206 674 turans
1230 646 1410 682 novum,
1437 632 1605 674 habens
1630 638 1776 674 rostra
1799 645 1886 674 ser-

1054 689 1210 730 rantia:
1238 688 1466 730 triturabis
1485 693 1676 739 montes,
1704 694 1749 731 et
1770 701 1886 730 com-

1053 747 1237 787 minues:
1270 750 1315 787 et
1342 745 1479 787 colles
1508 746 1634 797 quasi
1659 745 1888 798 pfflverem

1053 813 1206 853 pones.
1247 801 1497 843 Ventilabis
1528 813 1620 851 eos,
1654 806 1699 843 et
1729 806 1887 843 ventus

1054 857 1190 907 tollet,
1211 862 1255 898 et
1271 857 1404 899 turbo
1424 857 1650 910 disperget
1666 870 1759 899 eos:
1779 862 1824 899 et
1838 861 1888 899 tu

1056 912 1297 954 exsultabis
1331 913 1376 954 in
1407 913 1619 964 Domino,
1656 913 1701 954 in
1731 918 1887 955 sancto

1055 969 1191 1010 Israel
1213 968 1446 1011 laetaberis,

1106 1026 1158 1076 Rv.
1187 1025 1260 1066 Me
1289 1027 1467 1078 oportet
1492 1025 1646 1075 minui,
1672 1025 1796 1067 illum
1816 1038 1888 1067 au-

1055 1085 1145 1122 tem
1171 1082 1386 1122 crescere:
1415 1081 1491 1133 qui
1517 1085 1665 1122 autem
1689 1086 1794 1134 post
1817 1094 1888 1124 me

1055 1137 1192 1187 venit,
1218 1142 1320 1178 ante
1345 1149 1416 1178 me
1440 1137 1583 1178 factus
1611 1142 1692 1179 est.
1709 1134 1734 1160 *
1758 1138 1889 1190 Cujus

1055 1205 1143 1233 non
1167 1206 1265 1234 sum
1290 1193 1447 1244 dignus
1470 1193 1705 1265 corrigiam
1723 1194 1888 1236 calcea-

1055 1251 1303 1290 mentorum
1328 1249 1512 1291 solvere.
1551 1242 1602 1293 V
1626 1249 1723 1302 Ego
1748 1249 1888 1303 bapti-

1056 1306 1154 1346 zavi
1181 1317 1263 1347 vos
1291 1318 1425 1358 aqua:
1462 1305 1537 1346 ille
1569 1310 1716 1348 autem
1748 1305 1889 1359 bapti-

1056 1361 1175 1403 zabit
1210 1373 1291 1402 vos
1329 1361 1494 1413 Spiritu
1529 1366 1696 1404 sancto.
1748 1362 1890 1415 Cujus.

1058 1416 1210 1459 Gloria
1228 1417 1360 1459 Patri.
1389 1417 1531 1469 Cujus.

1112 1476 1175 1509 Ad
1206 1475 1371 1510 Laudes
1411 1475 1500 1511 Ant.
1532 1475 1744 1510 secundum
1775 1485 1888 1518 supe-

1057 1524 1197 1558 riorem
1222 1524 1440 1558 lx’ubricam.
1468 1524 1541 1560 157.

1110 1582 1181 1622 Ad
1201 1581 1364 1623 Bened.
1392 1583 1493 1623 Ant.
1520 1581 1642 1623 Dicit
1659 1582 1890 1624 Dominus:

1057 1638 1080 1664 *
1094 1638 1404 1680 Poenitentiam
1419 1638 1549 1689 agite:
1565 1639 1890 1692 appropinqua-

1058 1694 1121 1735 vit
1137 1694 1254 1735 enim
1267 1707 1451 1745 regnum
1465 1693 1691 1744 coelorum,
1707 1694 1891 1748 alleluja.

1109 1752 1195 1787 Nisi
1222 1752 1387 1786 dicenda
1412 1752 1463 1787 sit
1486 1751 1574 1787 Ant.
1599 1753 1728 1790 Nolite
1745 1754 1889 1791 timere.

1057 1800 1120 1834 vel
1141 1801 1231 1834 Ant.
1256 1801 1357 1836 Ecce
1381 1801 1583 1846 completa.
1606 1802 1681 1837 158.

1108 1852 1237 1887 Hodie
1262 1853 1404 1887 dicitur
1429 1851 1535 1887 Offic.
1560 1852 1737 1887 Defunct.

1109 1905 1171 1939 Ad
1196 1905 1352 1947 Magnis.
1376 1905 1465 1938 Ant.
1497 1905 1539 1941 Ο.

1266 2012 1397 2049 Feri
1414 2024 1439 2049 a
1466 2013 1684 2050 Tertia.

1237 2074 1309 2114 De
1336 2073 1452 2114 Isaia
1478 2073 1712 2126 Propheta.

1160 2138 1314 2179 Lectio
1333 2137 1357 2177 i.
1594 2138 1698 2189 Cap.
1717 2138 1783 2178 42.

1066 2209 1126 2245 ῑΓῑ
1147 2209 1224 2238 cce
1270 2209 1424 2239 servus
1466 2210 1609 2247 meus,
1654 2198 1892 2251 suscipiam

1165 2265 1279 2294 eum:
1320 2252 1486 2295 electus
1522 2266 1662 2303 meus,
1699 2253 1891 2307 compla-

1059 2308 1150 2350 cuit
1175 2308 1259 2350 sibi
1286 2308 1330 2348 in
1356 2308 1432 2350 illo
1461 2309 1607 2351 anima
1636 2321 1749 2351 mea:
1787 2309 1891 2352 dedi

1059 2364 1261 2417 spiritum
1292 2376 1439 2406 meum
1473 2377 1606 2418 super
1634 2377 1751 2415 eum,
1783 2365 1890 2416 iudi-

1059 2421 1175 2461 cium
1196 2419 1413 2461 Gentibus
1437 2421 1644 2473 proferet.
1679 2421 1781 2462 Non
1806 2421 1890 2463 cla-

1058 2475 1212 2525 mabit,
1248 2488 1391 2527 neque
1422 2476 1611 2528 accipiet
1641 2479 1890 2529 personam,

1058 2545 1140 2573 nec
1164 2531 1366 2573 audietur
1385 2544 1473 2573 vox
1497 2533 1588 2584 ejus
1611 2532 1730 2573 foris.
1767 2533 1890 2574 Cala-

1058 2601 1179 2629 mum
1205 2589 1462 2640 quassatum
1486 2600 1576 2629 non
1602 2590 1817 2640 conteret,
1846 2594 1891 2631 et

1058 2643 1193 2684 linum
1212 2643 1429 2695 fumigans
1447 2656 1535 2684 non
1555 2647 1821 2696 exstinguet:
1845 2645 1889 2685 in

1059 2699 1245 2741 veritate
1265 2699 1425 2741 edacet
1443 2699 1661 2751 judicium.
1687 2701 1791 2742 Non
1807 2701 1890 2742 erit
