2080 2990
554 242 749 275 Orationis
774 241 817 275 D.
844 242 887 275 N.
912 242 946 275 J.
972 241 1011 275 C.
1038 242 1075 274 ,in
1102 242 1229 275 Monte
1256 242 1407 275 Olivcti.

124 343 240 384 niam
264 341 544 392 eleemosyna
569 352 595 380 a
619 343 761 380 morte
785 338 953 387 liberat,

125 403 170 440 et
187 398 285 450 ipsa
304 402 371 438 est
391 408 489 448 quae
507 400 668 447 purgat
686 397 884 447 peccata,
910 398 954 434 et

125 454 229 495 facit
251 454 444 494 invenire
468 450 814 492 misericordiam
833 454 876 490 et
894 449 953 490 vi-

125 515 217 551 tam
244 510 462 550 aeternam.
504 507 588 556 Qui
621 510 767 547 autem
793 505 956 546 faciunt

125 567 359 618 peccatum
392 567 435 604 et
467 563 758 614 iniquitatem,
805 561 956 602 hostes

127 625 228 662 sunt
259 620 414 660 animae
447 631 549 659 suae.
590 617 821 658 Manifesto
850 629 956 667 ergo

127 676 254 717 vobis
268 675 509 724 veritatem,
530 679 572 715 et
586 686 674 714 non
689 672 958 714 abscondam

129 745 155 773 a
163 731 291 774 vobis
307 730 528 772 occultum
539 731 796 770 sermonem.
816 728 956 777 Quan-

130 787 188 829 do
217 786 376 828 orabas
403 799 502 827 cum
527 784 736 833 lacrimis,
765 789 808 825 et
836 796 958 835 sepe-

128 843 266 885 liebas
297 844 514 891 mortuos,
547 846 591 882 et
623 839 959 890 derelinquebas

129 898 364 952 prandium
390 903 529 946 tuum,
563 902 606 938 et
637 898 835 936 mortuos
864 894 958 936 abs-

131 954 354 997 condebas
382 966 462 1006 per
489 952 675 999 diemin
707 950 840 992 domo
868 956 960 999 tua,

131 1016 175 1052 et
193 1015 322 1052 nocte
343 1008 589 1062 sepeliebas
610 1021 700 1057 eos,
719 1020 800 1058 ego
822 1006 961 1048 obtuli

132 1066 375 1107 orationem
400 1070 520 1107 tuam
539 1064 742 1106 Domino.
777 1063 834 1104 Et
860 1063 961 1114 quia

132 1123 339 1174 acceptus
360 1133 457 1162 eras
476 1120 589 1170 Deo,
614 1121 795 1161 necesse
815 1119 895 1160 fuit
913 1123 961 1159 ut

132 1177 316 1232 tQatio
335 1175 546 1229 probaret
563 1181 619 1217 te.

184 1239 311 1293 Rz.1n
345 1237 547 1279 omnibus
578 1236 742 1287 gratias
776 1235 905 1285 agite:
937 1237 958 1260 *

131 1295 231 1337 Sine
256 1293 577 1336 intermissione
604 1294 738 1333 orate.
774 1287 824 1338 Ys'.
850 1291 962 1331 Haec

132 1356 199 1393 est
227 1351 341 1392 enim
367 1349 572 1391 voluntas
599 1348 683 1389 Dei
715 1348 758 1388 in
787 1346 960 1387 Christo

131 1407 157 1447 J
159 1419 236 1449 esu
254 1407 299 1447 in
323 1405 525 1447 omnibus
543 1404 681 1446 vobis.
715 1403 814 1444 Sine
834 1403 961 1443 inter-

131 1462 349 1504 missione.

133 1541 200 1582 De
216 1538 417 1591 Epistola
434 1537 553 1580 beati
572 1537 598 1577 J
599 1535 727 1577 acobi
743 1535 962 1588 Apostoli.

236 1603 389 1645 Lectio
408 1603 448 1643 ii.
648 1601 750 1653 Cap.
767 1601 803 1640 5.
820 1600 857 1641 d.

217 1670 312 1709 rate
330 1679 413 1720 pro
433 1666 635 1714 invicem,
654 1670 702 1706 ut
721 1664 963 1705 salvemini:

227 1723 412 1764 multum
437 1722 553 1763 enim
570 1721 688 1762 valet
708 1719 962 1772 deprecatio

134 1780 236 1832 justi
263 1778 450 1820 assidua.
485 1777 605 1818 Elias
630 1777 763 1817 homo
790 1780 884 1817 erat
911 1777 963 1815 si-

133 1835 249 1877 milis
273 1834 401 1876 nobis
425 1832 663 1886 passibilis:
696 1837 741 1873 et
767 1831 964 1872 oratione

136 1892 278 1933 oravit
309 1894 358 1931 ut
387 1902 475 1931 non
507 1889 680 1942 plueret
716 1900 849 1940 super
880 1891 964 1928 ter-

135 1960 244 1996 ram,
283 1951 327 1988 et
359 1958 448 1987 non
478 1945 592 1998 pluit
629 1955 766 1985 annos
799 1948 889 1984 tres
922 1947 965 1983 et

135 2015 308 2045 menses
333 2014 421 2043 sex.
458 2001 516 2042 Et
539 2013 713 2041 rursum
738 1998 894 2040 oravit:
923 2003 966 2039 et

138 2058 300 2100 coelum
319 2056 442 2098 dedit
459 2056 669 2108 pluviam,
695 2060 738 2096 et
756 2059 874 2095 terra
893 2052 965 2094 de-

138 2114 202 2156 dit
220 2114 409 2154 fructum
427 2125 564 2153 suum.
601 2112 779 2152 Fratres
803 2110 905 2159 mei,
931 2108 967 2149 si

139 2170 237 2222 quis
264 2181 319 2210 ex
342 2167 470 2210 vobis
495 2167 706 2208 erraverit
727 2179 751 2206 a
771 2165 967 2212 veritate,

140 2230 184 2267 et
208 2224 473 2266 converterit
499 2223 596 2275 quis
622 2235 736 2263 eum:
763 2221 875 2262 scire
895 2219 966 2261 de-

139 2280 216 2322 bet
249 2279 453 2331 quoniam
485 2279 559 2330 qui
589 2277 786 2319 converti
817 2276 968 2317 fecerit

140 2338 420 2388 peccatorem
434 2334 489 2375 ab
506 2336 654 2375 errore
669 2333 752 2374 viae
769 2345 870 2380 suae,
887 2330 967 2371 sal-

141 2391 263 2432 vabit
282 2391 469 2432 animam
488 2391 578 2441 ejus
595 2402 619 2430 a
633 2393 786 2437 morte,
807 2393 850 2428 et
866 2388 967 2439 ope-

142 2447 224 2488 riet
241 2445 562 2488 multitudinem
580 2447 874 2498 peccatorum.

196 2512 247 2562 R.
276 2511 385 2551 Cum
410 2510 582 2552 stabitis
608 2508 664 2550 ad
690 2506 920 2556 orandum,
948 2507 970 2529 *

143 2567 369 2616 Dimittite‚
389 2567 425 2607 si
446 2566 550 2618 quid
568 2565 739 2606 habetis
759 2563 970 2604 adversus

145 2623 344 2673 aliquem.
370 2616 420 2668 ils.
437 2622 495 2663 Ut
515 2626 558 2662 et
571 2622 702 2662 Pater
721 2623 876 2666 vester,
896 2617 971 2668 qui

144 2678 188 2718 in
207 2677 329 2718 coelis
349 2682 416 2718 est
434 2677 624 2718 dimittat
642 2675 768 2716 vobis
787 2675 971 2725 peccata

144 2738 303 2774 vestra.
329 2732 557 2774 Dimittite.

1012 339 1077 378 De
1102 334 1305 387 Epistola
1333 333 1451 375 beati
1480 332 1602 373 Pauli
1629 330 1835 383 Apostoli

1271 390 1328 432 ad
1347 388 1576 430 Hebraeos.

1116 457 1267 496 Lectio
1288 457 1340 495 iii.
1577 457 1677 507 Cap.
1698 458 1734 495 5.

1085 512 1248 553 hristus
1273 523 1360 551 non
1379 511 1662 561 semetipsum
1682 507 1835 548 clarifi-

1104 567 1219 610 cavit
1233 571 1281 607 ut
1296 565 1493 618 pontifex
1508 565 1646 605 fieret:
1667 562 1745 604 sed
1763 563 1837 614 qui

1009 625 1182 666 locutus
1203 627 1270 663 est
1288 621 1345 662 ad
1364 634 1475 662 eum:
1494 620 1629 660 Filius
1648 631 1771 659 meus
1789 630 1836 658 es

1009 686 1072 729 tu,
1101 691 1183 730 ego
1211 677 1345 718 hodie
1373 676 1501 727 genui
1525 681 1579 717 te.
1621 673 1836 724 Quemad-

1010 734 1191 777 modum
1210 739 1254 775 et
1271 734 1315 773 in
1335 733 1421 773 alio
1441 731 1540 772 loco
1562 731 1679 772 dicit:
1702 730 1771 770 Tu
1791 741 1837 769 es

1011 790 1220 832 sacerdos
1256 789 1299 829 in
1336 789 1561 835 aeternum,
1598 784 1837 826 secundum

1012 846 1210 888 ordinem
1224 842 1560 885 Melchisedech.
1588 841 1672 891 Qui
1690 841 1732 880 in
1752 839 1838 880 die-

1011 902 1093 944 bus
1126 901 1266 942 carnis
1302 912 1393 940 suae
1421 910 1593 951 preces,
1625 895 1838 948 supplica-

1011 959 1241 1008 tionesque
1262 955 1318 997 ad
1339 968 1448 1003 eum,
1470 954 1542 1005 qui
1560 952 1702 1005 possit
1718 950 1839 990 illum

1013 1014 1182 1054 salvum
1212 1012 1355 1052 facere
1387 1024 1411 1051 a
1435 1014 1592 1057 morte,
1630 1021 1729 1048 cum
1757 1006 1838 1047 cla-

1012 1072 1135 1110 more
1160 1067 1325 1116 valido,
1354 1071 1397 1107 et
1424 1065 1614 1106 lacrimis
1641 1062 1839 1110 offerens,

1014 1124 1245 1166 exauditus
1274 1127 1340 1164 est
1366 1133 1447 1174 pro
1480 1133 1558 1161 sua
1585 1117 1839 1160 reverentia.

1014 1182 1070 1222 Et
1103 1179 1280 1231 quidem
1313 1190 1411 1219 cum
1440 1180 1555 1217 esset
1581 1174 1717 1214 Filius
1745 1171 1838 1220 Dei,

1015 1236 1167 1278 didicit
1186 1248 1239 1276 ex
1258 1235 1328 1282 iis,
1356 1245 1454 1284 quae
1474 1243 1630 1283 passus
1651 1233 1733 1276 est,
1763 1226 1837 1267 ob-

1015 1291 1261 1334 edientiam:
1282 1294 1325 1330 et
1341 1288 1678 1333 consummatus,
1699 1284 1838 1323 factus

1015 1353 1082 1389 est
1104 1346 1305 1388 omnibus
1331 1339 1737 1394 obtemperantibus
1758 1337 1840 1378 sibi

1015 1416 1148 1445 causa
1167 1401 1319 1443 salutis
1339 1401 1526 1446 aeternae‚
1546 1395 1794 1448 appellatus
1815 1405 1839 1433 a

1014 1460 1111 1500 Deo
1140 1457 1340 1510 pontifex
1366 1457 1485 1507 juxta
1514 1452 1711 1493 ordinem
1735 1448 1839 1489 Mel-

1016 1513 1260 1557 chisedech.

1071 1578 1118 1627 Rg.
1143 1572 1378 1615 Exaudivit
1396 1569 1612 1611 Dominus
1636 1566 1841 1617 depreca-

1015 1632 1180 1673 tionem
1207 1641 1363 1669 meam:
1395 1626 1416 1647 *
1443 1623 1658 1665 Dominus
1684 1620 1842 1661 oratio-

1016 1699 1116 1728 nem
1148 1697 1291 1726 meam
1322 1680 1526 1732 suscepit.
1571 1674 1618 1724 V.
1648 1675 1843 1717 Clamavi

1016 1744 1060 1783 in
1099 1746 1195 1783 toto
1239 1738 1371 1782 corde
1413 1749 1527 1785 meo,
1573 1731 1731 1775 exaudi
1773 1743 1843 1771 me

1017 1798 1216 1839 Domine.
1260 1794 1484 1836 Dominus.
1534 1788 1684 1829 Gloria
1714 1786 1843 1827 Patri.

1017 1854 1242 1894 Dominus.

1242 1923 1290 1961 In
1318 1922 1368 1960 II.
1396 1922 1619 1960 Nocturno.

1073 1993 1169 2031 Ant.
1195 1990 1305 2029 Cum
1324 1985 1470 2035 oratis,
1490 1995 1577 2024 non
1596 1979 1716 2022 eritis
1733 1977 1844 2040 sicut

1018 2045 1274 2098 hypocritae,
1295 2042 1369 2094 qui
1387 2043 1533 2082 amant
1551 2038 1594 2077 in
1611 2034 1844 2087 synagogis

1020 2107 1064 2143 et
1102 2102 1147 2141 in
1188 2098 1355 2149 angulis
1394 2096 1639 2148 platearum
1680 2093 1844 2130 stantes

1021 2160 1163 2205 orare,
1188 2160 1235 2197 ut
1259 2153 1489 2195 videantur
1514 2148 1568 2190 ab
1587 2143 1845 2188 hominibus.

1293 2217 1491 2256 Psalmus
1511 2216 1575 2254 42.

1032 2316 1055 2329 a
1096 2297 1121 2334 ἦε
1133 2279 1263 2321 ridica
1294 2289 1364 2318 me
1393 2276 1534 2324 Deus,
1572 2275 1615 2312 et
1647 2268 1845 2311 discerne

1025 2330 1062 2380 Ᾰὲἕῖ,
1091 2330 1127 2386 ξὲι
1151 2346 1327 2376 causam
1352 2343 1495 2372 meam
1521 2327 1575 2369 de
1603 2329 1731 2375 gente
1756 2333 1845 2361 non

1026 2382 1053 2413 Ἠ
1085 2377 1127 2413 '³³¹
1152 2393 1320 2437 sancta,
1350 2388 1374 2413 *
1402 2385 1457 2427 ab
1485 2382 1658 2424 homine
1685 2379 1845 2428 iniquo,

1022 2452 1065 2489 et
1084 2446 1240 2487 doloso
1261 2446 1364 2484 erue
1382 2453 1463 2482 me.

1074 2501 1186 2551 Quia
1208 2505 1257 2541 tu
1282 2511 1329 2540 es
1352 2498 1472 2538 Deus
1496 2490 1708 2534 fortitudo
1734 2498 1845 2549 mea:

1022 2559 1045 2584 *
1066 2568 1200 2609 quare
1219 2567 1290 2595 me
1313 2549 1531 2604 repulisti?
1556 2552 1599 2588 et
1619 2547 1844 2607 quare-tri-

1023 2614 1100 2654 stis
1122 2611 1294 2659 incedo,
1318 2609 1420 2650 dum
1444 2603 1596 2654 affligit
1618 2613 1688 2642 me
1711 2610 1845 2639 mmu-

1079 2668 1122 2709 s?

1022 2682 1236 2764 euEmitte
1258 2721 1400 2761 lucem
1418 2722 1538 2758 tuam
1557 2718 1600 2755 et
1619 2710 1847 2752 veritatem
