2040 2990
731 198 901 231 Rubricat-
926 195 1121 233 :zcuuralcs
1150 191 1343 227 lire-viarii.

196 306 222 330 et
237 303 352 334 Nonam,
367 303 394 326 et
406 297 441 324 ad
455 295 679 331 completorium,
694 300 844 327 numquam
860 295 1008 325 mutantur,

196 345 226 368 ut
239 341 268 368 in
282 338 422 370 Psalteri0,
437 336 496 362 sive
510 335 544 362 de
557 334 673 366 Sanctis,
690 333 749 359 sive
762 332 797 359 de
811 332 949 365 Tempore
962 330 1009 356 fiat

196 379 331 407 Officium.

245 418 269 444 6.
284 415 386 444 Psalmi
399 414 434 442 de
449 413 593 441 Dominica
607 411 642 438 ad
655 411 800 445 Vesperas,
815 413 846 436 ut
859 407 1008 443 plurimum

196 457 322 483 dicuntur
341 454 368 481 in
387 453 516 487 Vesper-is
533 452 685 484 Festorum,
705 453 818 484 excepto
837 448 942 479 ultimo.
961 447 1009 481 qui

196 498 328 522 mutatur:
346 500 408 520 cum
424 499 490 519 vero
508 491 587 518 aliter
601 490 659 517 fieri
673 489 762 522 debet,
779 488 835 515 suis
852 487 919 514 locis
932 490 1008 513 nota-

196 537 247 560 tur.
280 533 311 559 In
329 531 458 566 Vesperis
474 530 547 557 infra
563 530 695 556 Octavam
713 528 841 554 dicuntur
858 525 961 553 Psalmi
979 529 1009 552 ut

197 572 224 598 in
246 571 373 598 secundis
390 569 519 604 Vesper-is
538 568 623 595 Festi:
647 567 696 594 sed
717 567 744 593 in
766 566 862 600 primis
880 565 1010 599 Vesperis

195 610 248 637 diei
261 610 373 636 Oetavae
387 608 515 635 dicuntur
528 611 558 635 ut
572 608 599 634 in
613 606 708 641 primis
720 605 850 640 Vesper-is
862 604 944 638 Festi,
957 603 1009 630 nisi

196 649 275 676 aliter
292 651 410 675 notetur.

247 688 271 715 7.
287 687 318 714 In
332 687 386 713 fine
398 686 571 713 Psalmorum
585 692 694 719 semper
707 683 807 711 dicitur
821 685 915 709 ‹udi-521
930 684 1011 709 Patri,

197 730 382 761 praeterquam
403 725 430 751 in
449 725 560 751 Psalmo
582 728 653 751 {vt-11<
677 726 747 750 itt-11<
773 732 848 749 meus
871 724 903 748 ιιιΙ
930 729 954 748 ις
979 723 1011 747 d«.-

203 769 259 793 lucc
279 778 285 790 ι
297 767 402 794 immet
414 764 441 790 in
454 763 564 790 Psalmo
585 766 703 790 Laudine
721 764 865 789 Ιῡιλιιιιιίιιιιι
882 763 913 788 tic
928 762 1011 787 cni-lis:

196 804 244 838 qui
261 803 462 836 conjunguntur
477 810 539 829 cum
556 801 617 829 aliis
630 800 756 833 Psalmis,
774 800 841 827 etin
855 799 909 826 fine
922 797 1011 825 ultimi

197 846 303 869 tantum
326 842 427 869 dicitur
447 844 540 868 ‹al-'wia
564 842 647 867 l'utri.
670 842 700 867 ut
722 840 779 866 suis
801 839 868 865 locis
891 841 1010 864 notatur.

197 882 336 909 Praeterea
354 889 408 908 non
424 881 522 908 dicitur
540 880 568 907 in
585 880 678 907 triduo
695 878 806 913 majoris
821 876 1012 905 Hebdomadae

197 924 260 947 ante
274 920 388 953 Pascha,
405 927 455 947 nec
473 920 500 946 in
513 918 612 946 Officio
629 918 838 951 Defunctorum,
855 917 932 950 cujus
950 916 1012 942 loco

198 967 248 994 pro
271 959 416 986 Defunctis
442 959 542 986 dicitur
571 961 699 992 lii-quiem
729 960 857 984 internum
882 958 952 982 dona
977 958 1013 982 eis

207 1002 328 1027 immine.
343 998 449 1025 etiamsi
468 998 515 1024 fiat
533 998 661 1025 Officium
680 1004 730 1031 pro
748 1004 803 1023 uno
821 999 936 1023 tantum.

250 1039 274 1064 8.
294 1038 331 1066 Ut
349 1045 435 1064 sacra:
453 1037 577 1070 Vulgatae
596 1036 724 1063 editionis
743 1035 849 1070 puritas
868 1033 1013 1061 inconfusa

198 1080 224 1104 et
243 1077 348 1103 illibata
366 1080 503 1109 servetur,
525 1076 606 1103 etiam
624 1074 717 1109 quoad
735 1073 968 1108 interpunctiones
987 1075 1014 1098 et

199 1115 388 1142 distinctiones
405 1115 433 1142 in
452 1115 537 1142 sacris
554 1114 650 1142 Bibliis
669 1114 822 1149 appositas,
845 1113 955 1139 additus
972 1114 1014 1138 est

198 1155 363 1188 Asteriscus,
385 1158 400 1173 *-
415 1158 445 1181 ut
459 1154 494 1181 sit
508 1158 573 1181 nota
586 1153 698 1181 musicae
712 1152 867 1187 partitionis
880 1152 908 1178 in
922 1150 1013 1178 medio

199 1193 296 1221 Versu.

418 1233 547 1265 XXIII.
575 1236 619 1265 [ιε
645 1234 799 1264 manticis.

206 1287 328 1352 Cantica
351 1288 480 1315 dicuntur
504 1288 531 1314 in
551 1288 650 1314 Officio
673 1287 708 1314 de
727 1287 877 1321 Tempore,
901 1289 958 1312 tam
981 1285 1016 1312 de

256 1326 415 1360 Dominicis,
433 1334 517 1361 quam
531 1327 626 1360 Feriis,
645 1327 680 1353 ad
696 1326 815 1358 Laudes,
834 1326 970 1360 Vesperas
988 1329 1015 1351 et

200 1365 423 1400 completorium,
441 1370 471 1392 ut
489 1365 516 1392 in
534 1366 670 1393 Psalterio
688 1366 898 1392 distribuuntur.

250 1404 274 1431 2.
293 1405 325 1431 Iu
339 1404 435 1438 Festis,
452 1408 479 1431 et
494 1408 617 1439 tempore
631 1404 758 1432 Paschali
773 1404 809 1430 ad
822 1403 933 1430 Laudes
947 1411 1015 1429 sem-

201 1451 250 1478 per
267 1443 366 1470 dicitur
381 1444 523 1471 Canticum
541 1445 700 1471 ssent—dicite.
720 1447 752 1470 ut
769 1443 797 1470 in
811 1442 970 1477 Dominica;
989 1445 1016 1468 et

202 1482 229 1508 in
249 1482 301 1508 line
322 1482 380 1515 ejus
402 1490 456 1509 non
477 1482 576 1509 dicitur
597 1485 690 1509 Gloria
715 1483 799 1509 Pau-i.
817 1482 888 1509 sicut
907 1482 935 1508 in
954 1481 1016 1508 aliis

202 1521 321 1548 Canticis
339 1521 451 1554 dieitur,
468 1529 519 1548 nec
536 1521 720 1556 respondetur
741 1523 833 1547 Amen.
866 1521 929 1548 Alia
947 1521 1016 1548 Can-

203 1559 255 1586 tica
272 1560 376 1587 ferialia
389 1564 419 1586 ut
434 1560 461 1586 in
476 1560 617 1594 Psalterio,
635 1560 671 1586 ad
684 1560 795 1587 Laudes
811 1568 865 1586 non
879 1560 1017 1593 dicuntur,

203 1598 254 1625 nisi
280 1599 391 1633 quando
419 1599 449 1626 fit
475 1599 604 1626 Officium
631 1600 666 1626 de
691 1599 770 1626 Feria
799 1603 877 1626 extra
909 1603 1018 1634 tempus

204 1637 343 1664 Paschale.

255 1677 279 1703 3.
299 1676 443 1704 Canticum
467 1679 635 1709 Benedictus,
657 1678 817 1710 Magnificam
839 1680 866 1703 et
885 1679 962 1706 Nunc
981 1680 1018 1705 di-

207 1718 299 1744 mittis.
313 1723 422 1750 semper
439 1715 568 1743 dicuntur
585 1723 636 1742 suo
653 1715 723 1750 loco,
740 1719 771 1743 ut
790 1715 818 1743 in
834 1716 978 1743 Psalterio.

418 1778 543 1810 XXIV.
568 1780 615 1810 Dc
641 1779 808 1810 Versibus.

214 1833 333 1892 Versus
354 1836 463 1862 semper
484 1828 612 1855 dicuntur
633 1828 669 1855 ad
688 1829 854 1855 Matutinum
876 1832 940 1863 post
959 1829 1020 1855 ulti-

272 1874 347 1894 mum
370 1867 510 1894 Psalmum
535 1871 563 1894 et
588 1867 776 1902 Antiphonam
800 1868 1019 1895 Nocturnorum:

206 1905 265 1933 sive
289 1905 316 1932 in
339 1905 438 1932 Officio
459 1906 587 1933 dieantur
608 1910 664 1934 tres
686 1907 833 1941 Nocturni,
859 1907 918 1934 sive
939 1915 1019 1934 unus.

207 1944 252 1972 Ad
275 1944 385 1971 Laudes
410 1948 437 1971 et
462 1944 599 1979 Vesperas
623 1946 727 1973 Versus
752 1946 852 1973 dicitur
878 1950 941 1980 post
964 1946 1021 1980 Hy-

207 1991 313 2010 mnum:
331 1982 367 2009 ad
381 1983 473 2009 Horas
490 1983 590 2010 dieitur
606 1984 635 2011 in
649 1984 836 2019 Responsorio
853 1985 940 2019 brevi,
958 1988 1021 2020 post

209 2020 396 2056 repetitionem
414 2022 500 2056 partis
519 2022 708 2057 Responsoril,
731 2023 804 2050 dieto
823 2026 916 2050 «uaria
941 2026 1019 2050 l'utri.

258 2061 283 2088 2.
305 2060 338 2087 ln
356 2061 463 2087 Pascha
480 2061 701 2089 Resurrectionis
718 2066 744 2089 et
762 2070 812 2097 per
829 2063 960 2090 Octavam
979 2071 1022 2090 us-

208 2107 263 2134 que
279 2099 315 2126 ad
330 2099 466 2134 Vesperas
482 2099 595 2127 Sabbati
613 2101 641 2127 in
658 2101 738 2128 Albis
757 2102 904 2135 exclusive,
922 2102 949 2129 in
969 2103 1021 2129 No-

209 2142 306 2169 cturno
329 2142 435 2166 tantum
460 2139 559 2166 dicitur
582 2140 699 2173 Versus,
725 2140 752 2167 in
776 2141 836 2167 aliis
859 2141 943 2167 Horis
967 2150 1022 2168 non

210 2178 318 2211 dicitur,
334 2181 365 2204 ut
383 2177 492 2205 ibidem.

261 2218 285 2243 3.
303 2216 421 2250 Quando
435 2216 465 2243 fit
480 2217 572 2251 aliqua
589 2218 822 2251 commemoratio,
840 2226 948 2253 semper
961 2223 1023 2254 post

211 2254 397 2289 Antiphonam
416 2256 482 2289 ejus,
500 2256 535 2282 de
551 2263 607 2289 quo
627 2257 656 2283 fit
674 2258 906 2291 commemoratio,
925 2258 1024 2285 dicitur

212 2293 331 2326 Versus,
353 2294 400 2328 qui
421 2294 450 2321 in
471 2295 529 2328 ejus
548 2295 647 2322 Officio
668 2296 780 2330 ponitur
802 2300 864 2330 post
882 2297 1024 2331 Hymnum

212 2333 396 2366 Vesperarum
414 2337 442 2360 et
460 2333 596 2366 Laudum,
613 2334 665 2361 nisi
683 2335 764 2362 aliter
780 2339 898 2362 notetur.

263 2371 288 2398 4.
312 2371 444 2398 Versibus
467 2372 604 2406 praedictis
626 2377 750 2407 tempore
771 2374 896 2401 Paschali
918 2383 1026 2409 semper

213 2410 325 2437 additur
345 2411 472 2441 Alleluia:
494 2418 549 2438 non
567 2415 658 2439 autem
675 2413 808 2439 Versibus
827 2414 956 2447 precum,
976 2422 1026 2441 nec

214 2449 243 2475 in
267 2451 386 2476 Pretiosa
403 2450 439 2476 ad
457 2449 586 2483 Primam,
603 2458 693 2485 neque
710 2451 738 2478 in
752 2452 885 2479 Versibus
903 2453 1026 2487 Respon-

214 2487 351 2515 soriorum
370 2488 503 2515 Matutini.

266 2527 290 2553 5.
313 2527 345 2553 In
363 2526 462 2554 Officio
480 2528 553 2555 Festi
572 2528 654 2555 trium
672 2528 834 2556 Lectionum
853 2533 915 2564 post
932 2538 1027 2557 omnes

216 2565 343 2592 Psalmos
363 2565 472 2592 feriales
491 2574 554 2593 cum
572 2567 738 2602 Antiphonis
756 2568 855 2595 dicitur
874 2569 976 2596 Versus
994 2571 1028 2597 de

216 2604 362 2631 Communi
379 2603 554 2638 Sanctorum,
572 2606 624 2632 hoc
642 2606 750 2632 ordine:
770 2607 847 2633 Fet-ia
864 2609 984 2635 secunda
1002 2613 1028 2636 et

216 2643 321 2677 quinta,
339 2643 442 2670 Versus
459 2644 540 2678 primi
554 2645 698 2671 Nocturni:
718 2645 795 2672 Feria
811 2646 890 2673 tertia
904 2651 931 2673 et
943 2652 1028 2678 sexta.

217 2681 351 2747 {engen}
335 2682 448 2708 secundi
463 2682 607 2710 Nocturni:
627 2684 704 2710 Feria
718 2689 824 2718 quarta,
840 2685 943 2713 Versus
957 2687 1029 2714 tertii

244 2727 277 2747 oc
353 2739 359 2747 .

1110 291 1134 316 6.
1154 289 1258 316 Versus
1272 286 1354 321 positi
1370 286 1398 312 in
1412 284 1548 312 Psalterio
1562 283 1598 310 ad
1612 282 1724 310 Laudes
1738 285 1766 309 et
1778 282 1881 316 Vespe-

1059 337 1105 356 ras
1125 334 1234 361 semper
1252 325 1395 358 dicuntur,
1418 324 1530 358 quando
1549 322 1597 350 alii
1614 321 1722 357 proprii
1742 329 1799 348 non
1816 320 1882 348 assi-

1059 371 1177 402 gnantur
1195 366 1221 392 in
1241 364 1358 399 Proprio
1377 363 1412 391 de
1429 363 1576 397 Tempore.

1062 429 1168 462 XXV.
1196 434 1242 463 De
1260 430 1534 463 Absolutionibus
1551 435 1581 460 et
1598 429 1886 462 izenedietionibus

1335 485 1407 510 ante
1432 478 1616 509 Lectiones.

1082 548 1083 552 ,
1100 527 1270 555 bsolutiones
1285 529 1313 552 et
1326 523 1536 551 Benedictiones
1551 522 1681 549 dicuntur
1692 530 1744 557 per
1756 522 1882 550 ordinem

1068 533 1106 593 Α
1124 567 1152 593 in
1170 565 1270 593 Officio
1290 571 1390 591 novem
1408 562 1571 590 Lectionum
1591 565 1655 588 ante
1672 562 1832 595 Lectiones,
1851 564 1883 588 ut

1061 607 1088 634 in
1109 606 1198 641 prima
1218 603 1364 632 Dominica
1383 602 1418 629 de
1436 602 1570 628 Adventu
1593 604 1748 636 ponuntur,
1771 601 1883 634 seilicet,

1060 649 1124 681 post
1142 645 1269 677 Versum,
1287 642 1360 670 dicto
1387 646 1467 669 Pater
1486 647 1587 668 noster.
1608 643 1641 668 Et
1661 650 1693 667 ne
1711 648 1770 667 noS.
1783 639 1885 668 dicitur

1061 683 1222 718 Absolutio,
1240 686 1267 709 et
1286 680 1508 713 Benedictiones,
1527 682 1558 707 ut
1575 679 1626 707 ibi:
1649 682 1839 714 proeterquam
1855 679 1884 706 in

1062 723 1203 751 Matutinis
1226 722 1417 748 Tenebrarum
1440 719 1552 753 majoris
1575 718 1782 752 Hebdomades,
1805 721 1834 746 et
1854 718 1885 746 in

1062 762 1162 791 Officio
1182 761 1398 793 Defunctorum,
1420 759 1449 785 in
1466 758 1568 792 quibus
1587 758 1736 785 Absolutio
1753 761 1782 785 et
1798 758 1884 785 Bene-

1062 802 1195 829 dictiones
1214 808 1270 827 nou
1289 799 1425 826 dicuntur.

1112 841 1137 867 2.
1161 840 1191 868 Si
1213 840 1261 866 fiat
1283 839 1414 866 Officium
1435 837 1520 864 trium
1543 837 1722 871 Lectionum,
1743 839 1772 864 et
1792 836 1828 864 sit
1849 836 1885 863 de

1062 881 1155 914 Feria,
1176 880 1204 906 in
1223 887 1280 913 qua
1301 878 1417 912 singulte
1437 881 1495 904 tres
1512 876 1658 904 Lectiones
1677 879 1743 903 sunt
1762 875 1797 903 de
1814 875 1885 903 Scri-

1062 924 1152 955 ptura,
1166 918 1313 946 Absolutio
1327 921 1354 944 et
1365 916 1574 944 Benedictiones
1587 918 1736 942 sumuntur
1747 923 1783 942 ex
1795 914 1887 950 prima

1063 958 1208 986 Dominica
1222 958 1256 984 de
1270 957 1411 990 Adventu,
1429 956 1483 982 hoc
1499 955 1608 982 ordine:
1627 955 1709 982 Feria
1723 953 1846 982 secunda
1859 956 1887 980 et

1063 998 1158 1033 quinta
1185 997 1314 1023 dicuntur
1338 995 1488 1023 Absolutio
1515 998 1542 1022 et
1568 994 1780 1022 Benedictiones
1803 992 1887 1029 primi

1064 1037 1211 1064 Nocturni:
1237 1035 1316 1062 Feria
1338 1034 1419 1062 tertia
1441 1037 1468 1061 et
1491 1037 1582 1068 sexta,
1604 1033 1719 1061 secundi
1737 1032 1887 1062 Nocturni:

1064 1076 1143 1103 Feria
1162 1078 1261 1109 quarta
1279 1078 1306 1101 et
1324 1074 1455 1108 Sabbato,
1473 1073 1548 1100 tertii
1565 1072 1708 1101 Nocturni.

1115 1117 1139 1142 3.
1162 1114 1192 1142 Si
1211 1118 1303 1141 autem
1325 1113 1440 1147 singulae
1463 1116 1520 1140 tres
1538 1112 1684 1140 Lectiones
1703 1111 1760 1138 sint
1778 1111 1814 1138 de
1830 1110 1888 1138 Ho-

1064 1154 1139 1181 milia
1154 1161 1238 1188 super
1252 1152 1440 1187 Evangelium‚
1459 1151 1607 1179 Absolutio
1621 1148 1723 1178 dicitur
1735 1149 1888 1178 secundm

1065 1193 1168 1228 Festus,
1188 1197 1218 1220 ut
1236 1200 1333 1227 supra:
1353 1191 1564 1218 Benedictiones
1581 1198 1649 1218 vero
1667 1197 1778 1225 semper
1794 1189 1889 1216 dicun-

1065 1236 1111 1260 tur
1127 1236 1158 1259 ut
1175 1233 1203 1260 in
1221 1233 1303 1260 tertio
1319 1231 1470 1265 Nocturno,
1488 1230 1604 1258 seilicet:
1622 1229 1714 1265 prima
1727 1226 1890 1256 Benedictio

1065 1272 1118 1299 erit
1146 1272 1305 1302 Manet-lica
1329 1272 1421 1298 lectio:
1439 1270 1574 1303 secunda,
1598 1270 1729 1295 Divinum
1747 1269 1892 1295 auxilium:

1066 1312 1154 1346 tertia,
1181 1311 1224 1337 Ad
1241 1311 1407 1337 societatem.
1429 1309 1458 1336 Si
1473 1309 1504 1336 fit
1517 1309 1552 1336 de
1565 1309 1667 1336 Sancto
1682 1308 1767 1335 trium
1781 1306 1890 1334 Lectio-

1066 1359 1145 1385 num,
1163 1349 1311 1377 Absolutio
1330 1349 1431 1376 dicitur
1449 1349 1601 1375 secundum
1617 1347 1725 1382 Perias,
1743 1349 1775 1374 ut
1792 1353 1890 1381 supra:

1066 1389 1276 1417 Benedictiones
1294 1395 1361 1416 vero
1380 1395 1491 1422 semper
1503 1388 1634 1415 dicuntur
1648 1390 1679 1414 ιιι
1693 1387 1723 1414 in
1739 1385 1822 1413 tertio
1835 1385 1890 1412 No-

1066 1433 1172 1462 cturno,
1186 1429 1240 1455 hoc
1251 1428 1347 1455 modo:
1361 1428 1452 1462 prima
1470 1428 1518 1454 lile
1532 1435 1582 1453 nos
1596 1423 1892 1458 benedicatzsecunda,

1072 1470 1170 1498 Cuius,
1192 1467 1236 1494 vel
1262 1469 1384 1499 Quorum
1407 1466 1453 1494 vel
1479 1468 1601 1499 Quarum
1627 1466 1738 1492 Festum
1763 1465 1894 1492 colimus:

1067 1507 1156 1540 tertia,
1180 1507 1223 1532 Ad
1242 1507 1408 1532 societatem.
1660 1510 1662 1513 ’
1715 1515 1722 1522 κ

1118 1547 1142 1573 4.
1161 1546 1279 1580 Quando
1294 1546 1325 1572 fit
1339 1545 1470 1572 Officium
1489 1546 1592 1571 sanetae
1605 1543 1702 1570 Mariae
1717 1541 1747 1569 in
1759 1541 1892 1575 Sabbata,

1069 1585 1216 1612 Absolutio
1234 1588 1261 1611 et
1275 1584 1487 1612 Benedictiones
1505 1583 1644 1616 dicuntur,
1659 1585 1692 1609 ιιι
1708 1581 1847 1608 habentur
1863 1580 1892 1607 in

1068 1625 1127 1658 eius
1145 1624 1245 1652 Officio
1263 1631 1351 1659 parvo
1369 1623 1442 1651 circa
1459 1623 1543 1650 finem
1562 1621 1705 1650 Breviarii.

1258 1695 1385 1728 XXVI.
1416 1695 1464 1725 De
1488 1693 1709 1725 Lectionibus

1082 1751 1228 1812 lectiones
1249 1751 1379 1786 leguntur
1405 1751 1441 1778 ad
1463 1749 1645 1784 Matutinum‚
1672 1747 1754 1777 dictis
1775 1748 1894 1776 Psalm1s

1106 1799 1120 1812 A
1134 1791 1339 1818 Nocturnorum
1358 1798 1421 1818 cum
1439 1789 1621 1824 Antiphonis,
1638 1789 1787 1823 Versibus,
1803 1787 1895 1815 Abso-

1069 1830 1222 1858 lutionibus
1237 1837 1357 1864 quoque,
1376 1833 1403 1857 et
1417 1829 1671 1863 Benedictionibus,
1688 1831 1720 1856 ut
1736 1834 1830 1863 supra.
1861 1827 1896 1854 In

1071 1869 1234 1904 Duplicibus
1248 1873 1275 1896 et
1285 1869 1518 1904 Semiduplicibus
1531 1869 1662 1896 dicuntur
1674 1875 1777 1895 novem
1787 1866 1895 1894 Lectio-

1071 1917 1128 1943 nes,
1141 1909 1169 1935 id
1183 1912 1232 1942 est,
1246 1908 1274 1935 in
1288 1908 1414 1943 quolibet
1427 1908 1571 1936 Nocturno
1586 1911 1656 1934 tres:
1673 1907 1703 1934 in
1715 1906 1812 1941 Feriis,
1825 1909 1853 1934 et
1864 1905 1894 1932 in

1072 1948 1160 1975 Pestis
1178 1947 1354 1982 Simplieibus
1371 1947 1500 1982 leguntur
1517 1950 1625 1974 tantum
1642 1950 1701 1974 tres
1717 1945 1872 1974 Lectiones.

1124 1988 1148 2014 2.
1180 1987 1213 2014 In
1239 1986 1340 2014 Officio
1366 1994 1467 2014 novem
1494 1986 1658 2014 Lectionum
1685 1985 1818 2013 dicuntur
1840 1983 1895 2011 hoe

1072 2026 1162 2053 modo.
1195 2027 1227 2053 In
1242 2026 1332 2060 primo
1346 2026 1490 2054 Nocturno
1505 2033 1615 2060 semper
1628 2025 1759 2060 leguntur
1772 2027 1830 2051 tres
1842 2023 1895 2051 Le-

1071 2066 1176 2092 ctiones
1189 2065 1224 2092 de
1233 2065 1387 2099 Scriptura:
1401 2073 1472 2100 quae,
1486 2065 1599 2100 quando
1613 2065 1671 2092 suis
1683 2064 1752 2092 locis
1764 2062 1895 2098 propdoe,

1072 2108 1119 2132 aut
1134 2105 1169 2132 de
1181 2105 1327 2131 Communi
1340 2105 1507 2132 Sanctorum
1520 2112 1576 2132 non
1590 2104 1774 2138 assignantur,
1786 2108 1897 2136 semper

1071 2144 1199 2177 leguntur
1214 2147 1244 2170 ut
1262 2143 1290 2170 in
1305 2143 1405 2170 Officio
1420 2143 1456 2170 de
1469 2144 1621 2178 Tempore;
1639 2151 1704 2178 quae
1721 2149 1772 2170 sua
1784 2148 1896 2176 qusque

1073 2183 1118 2210 die
1135 2186 1283 2210 occurrunt
1301 2183 1432 2216 legendae.
1465 2183 1498 2210 In
1515 2183 1638 2210 secundo
1656 2183 1808 2215 Nocturno,
1824 2180 1848 2207 si
1865 2179 1897 2206 fit

1074 2222 1108 2249 de
1121 2221 1231 2255 Sancto,
1244 2225 1301 2248 tres
1315 2222 1461 2249 Lectiones
1474 2222 1603 2256 leguntur
1616 2222 1651 2248 de
1665 2221 1723 2248 vita
1736 2219 1838 2253 Sancti,
1852 2217 1897 2246 vel

1074 2261 1109 2288 de
1129 2261 1224 2295 aliquo
1241 2260 1386 2294 Sermone,
1409 2265 1456 2288 aut
1474 2261 1621 2295 Tractatu,
1643 2260 1692 2295 qui
1711 2260 1736 2287 ei
1754 2257 1896 2287 convenit:

1074 2308 1150 2334 quse,
1171 2300 1194 2326 si
1212 2307 1268 2330 non
1288 2300 1380 2327 adsint
1397 2301 1530 2335 propriae,
1552 2301 1681 2334 leguntur
1697 2308 1732 2327 ex
1750 2297 1897 2327 Communi

1074 2338 1247 2366 Sanctorum.
1279 2339 1321 2366 Ex
1340 2347 1396 2373 quo
1414 2340 1497 2366 etiam
1512 2339 1659 2367 Communi
1676 2338 1832 2374 completur
1848 2345 1897 2364 nu-

1075 2385 1168 2404 merus
1186 2378 1269 2404 trium
1284 2378 1455 2411 Lectionum,
1473 2379 1586 2413 quando
1601 2379 1732 2406 Officium
1747 2377 1779 2404 fit
1795 2383 1897 2404 novem

1077 2417 1239 2443 Lectionum
1254 2417 1288 2443 de
1302 2417 1395 2451 aliquo
1409 2417 1520 2451 Sancto,
1532 2418 1581 2452 qui
1594 2418 1678 2444 habet
1690 2420 1800 2444 tantum
1812 2423 1897 2443 unam

1077 2456 1120 2482 vel
1134 2456 1204 2482 duas
1218 2455 1364 2482 Lectiones
1376 2457 1512 2491 proprias.
1543 2457 1573 2484 Si
1586 2457 1617 2484 fit
1631 2457 1666 2484 de
1680 2455 1834 2488 Dominica,
1852 2454 1898 2481 vel

1077 2495 1112 2521 de
1129 2495 1302 2522 alio-Officio
1320 2502 1419 2522 novem
1438 2496 1600 2523 Lectionum
1617 2503 1668 2530 per
1686 2502 1798 2528 annum,
1814 2493 1898 2521 etiam

1078 2534 1112 2560 de
1128 2534 1241 2566 Octava,
1258 2534 1387 2567 leguntur
1403 2538 1460 2561 tres
1475 2535 1621 2562 Lectiones
1638 2535 1674 2562 de
1691 2534 1833 2567 Sermone,
1851 2535 1899 2560 aut

1078 2573 1225 2606 Tractatu,
1247 2573 1295 2606 qui
1318 2573 1345 2599 in
1368 2573 1423 2599 illis
1444 2574 1564 2608 ponitur.
1601 2574 1633 2600 In
1655 2574 1737 2601 tertio
1755 2573 1899 2600 Noctumo

1078 2619 1187 2645 semper
1202 2611 1331 2645 leguntur
1348 2615 1404 2638 tres
1418 2613 1563 2640 Lectiones
1579 2613 1613 2640 de
1626 2613 1750 2640 Homilia
1766 2613 1796 2639 in
1809 2612 1900 2639 Evan-

1078 2650 1186 2683 gelium,
1203 2650 1302 2684 positae
1315 2651 1343 2677 in
1358 2651 1484 2686 Proprio,
1499 2655 1547 2679 aut
1561 2661 1595 2679 ex
1609 2653 1727 2681 Coffiuni
1740 2653 1899 2687 assignatae:

1079 2692 1106 2715 et
1128 2689 1224 2723 primae
1247 2689 1371 2716 Lectioni
1396 2691 1431 2717 de
1453 2691 1575 2718 Homilia
1597 2699 1708 2727 semper
1727 2691 1901 2727 preponitur

1079 2728 1244 2762 principium
1268 2728 1423 2763 Evangelii,
1449 2730 1484 2757 de
1508 2738 1564 2764 quo
1589 2735 1632 2757 est
1653 2731 1790 2766 Humilia,
1817 2731 1900 2758 etiam
