2040 2990
595 203 798 238 Dominica
824 205 920 238 infra
947 203 1132 239 Octavam
1156 206 1391 241 Nativitatis.

139 296 382 349 corporalis
392 297 511 339 neeis
526 298 732 351 passione
743 298 966 350 migrasse.

137 352 239 394 Non
262 353 378 395 enim
403 354 562 404 anima,
590 354 670 396 sed
694 367 854 408 corpus
878 368 965 396 ma-

137 409 280 451 teriali
307 409 454 461 gladio
482 411 873 453 transverberatur.
910 412 967 453 Et

138 465 238 507 ideo
253 465 532 518 prudentiam
545 467 697 509 Mariae
714 467 832 509 haud
850 468 965 519 igna-

137 534 231 563 ram
249 524 446 575 mysterii
461 523 653 566 coelestis
669 524 873 566 ostendit.
892 525 964 566 Vi-

138 591 240 619 vum
260 580 375 620 enim
389 580 573 621 verbum
587 580 682 629 Dei,
704 585 747 622 et
760 580 965 631 validum,

138 639 182 676 et
204 636 374 677 acutius
395 637 513 677 omni
530 636 679 687 gladio
700 637 964 687 acutissimo,

136 693 370 744 penetrans
415 706 556 746 usque
601 692 659 735 ad
703 693 965 735 divisionem

137 748 292 790 animae
313 754 356 790 et
377 750 568 802 spiritus,
594 752 767 791 artuum
788 763 964 803 quoque

137 809 181 846 et
210 805 516 857 medullarum,
548 807 838 857 cogitationes
871 819 964 848 cor-

138 860 205 902 dis
225 866 269 903 et
284 864 454 904 secreta
469 865 689 905 scrutatur
709 864 963 914 animorum,

137 918 239 970 quia
266 918 385 960 nuda
416 924 459 961 et
491 922 644 972 aperta
681 925 781 961 sunt
819 920 965 961 omnia

134 974 218 1015 Dei
253 974 383 1026 Fssio,
421 988 552 1028 quem
584 977 865 1018 eonscientiae
899 989 962 1018 se-

136 1032 257 1072 creta
275 1044 363 1073 non
383 1032 549 1074 fallunt.

186 1094 238 1146 Ην.
269 1092 306 1134 Ο
330 1094 498 1144 Regem
527 1094 642 1144 coeli,
677 1094 747 1135 cui
773 1094 878 1136 talia
906 1095 963 1136 fa-

134 1148 354 1191 mulantur
380 1149 606 1202 obsequia:
642 1151 816 1193 stabulo
841 1151 963 1204 poni-

134 1209 220 1255 tur,
245 1206 319 1258 qui
338 1207 535 1249 continet
554 1207 779 1249 mundum:
796 1212 819 1235 *
839 1208 864 1248 J
866 1212 963 1249 acet

134 1260 178 1301 in
210 1264 449 1316 praesepio,
492 1269 535 1306 et
567 1265 611 1305 in
644 1264 769 1306 coelis
799 1269 962 1315 regnat.

134 1313 185 1365 V.
202 1318 345 1361 Natus
365 1325 433 1362 est
451 1321 581 1362 nobis
598 1321 731 1363 hodie
750 1321 961 1371 Salvator,

135 1375 210 1427 qui
229 1380 296 1417 est
314 1376 513 1419 Christus
532 1378 765 1427 Dominus,
792 1378 836 1418 in
862 1378 961 1419 civi-

133 1433 225 1474 tate
243 1433 399 1475 David.
426 1434 451 1475 J
453 1439 561 1476 acet.
588 1434 752 1476 Gloria.
783 1434 808 1475 J
811 1439 918 1476 acet.

434 1501 586 1543 Lectio
605 1501 659 1541 ix.

133 1553 468 1661 prophetavit
484 1562 634 1613 itaque
652 1560 842 1611 Simeon,
862 1574 961 1613 pro-

228 1615 488 1668 phetaverat
505 1618 645 1669 virgo,
669 1617 960 1670 prophetave-

133 1676 201 1713 rat
219 1673 426 1725 copulata
450 1674 667 1727 conjugio;
692 1673 962 1727 prophetare

133 1727 286 1771 debuit
301 1730 434 1771 etiam
446 1730 588 1781 vidua,
601 1744 656 1773 ne
674 1743 759 1783 qua
774 1735 849 1772 aut
862 1744 962 1784 pro-

133 1784 266 1827 fessio
287 1786 476 1837 deesset,
504 1792 580 1829 aut
605 1800 748 1829 sexus.
784 1788 840 1829 Et
859 1787 960 1829 ideo

133 1841 262 1883 Anna
294 1847 338 1884 et
375 1843 606 1896 stipendiis
636 1843 878 1894 viduitatis,
918 1849 962 1885 et

132 1898 328 1940 moribus
356 1899 456 1941 talis
482 1899 720 1949 inducitur,
754 1905 802 1941 ut
831 1899 962 1951 digna

131 1954 262 2007 plane
276 1955 411 1998 fuisse
427 1955 640 2006 credatur,
661 1969 759 2008 quae
775 1955 960 1998 Redem-

131 2013 306 2064 ptorem
327 2013 518 2054 omnium
530 2014 710 2054 ‘venisse
729 2012 961 2054 nuntiaret.

133 2067 263 2120 Cujus
288 2069 443 2111 merita
469 2082 569 2111 cum
592 2068 697 2110 alibi
720 2068 960 2121 descripse-

131 2124 277 2175 rimus,
293 2138 394 2167 cum
407 2125 562 2167 viduas
572 2125 860 2175 hortaremur,
874 2124 960 2166 hoc

132 2180 244 2231 loeo,
261 2182 468 2234 quoniam
485 2182 542 2224 ad
557 2182 643 2223 alia
657 2183 960 2235 properamus,

132 2250 220 2279 non
238 2240 443 2290 putamus
462 2238 670 2281 iteranda.

183 2301 251 2341 Te
269 2299 414 2341 Deum
433 2299 675 2341 laudamus.
693 2300 752 2340 14.

395 2380 474 2422 Ad
500 2380 696 2422 Laudes

335 2439 385 2469 et
422 2445 520 2478 per
555 2434 749 2468 Horas.

184 2493 284 2533 Ant.
310 2494 339 2534 1.
375 2496 516 2543 Quem
547 2493 737 2543 vidistis,
763 2494 785 2518 *
813 2493 958 2545 pasto-

134 2549 230 2590 res?
270 2549 418 2601 dicite,
450 2550 705 2592 annuntiate
739 2549 883 2597 nobis,
914 2547 959 2588 in

134 2605 262 2646 terris
288 2606 384 2658 quis
409 2606 638 2660 apparuit?
665 2606 828 2647 Natum
853 2603 959 2645 vidi-

134 2673 248 2710 mus,
268 2665 312 2702 et
330 2662 492 2704 choros
509 2662 781 2714 Angelorum
801 2660 959 2702 collau·
997 2708 999 2711 Ι

135 2716 291 2759 dantes
308 2717 557 2768 Dominum,
577 2718 757 2770 alleluja,
779 2715 959 2767 alleluja.

293 2859 356 2882 Pars
373 2858 506 2882 Hiemalis.

1072 299 1228 339 Psalm.
1257 301 1472 343 Dominus
1499 304 1707 354 regnavit.
1735 305 1794 345 15.

1072 365 1108 404 2.
1132 364 1289 405 Genuit
1307 367 1524 418 puerpera
1538 368 1561 392 *
1578 368 1755 418 Regem,
1776 370 1844 410 cui

1018 432 1179 461 nomen
1199 423 1426 471 aeternum,
1452 427 1495 464 et
1514 423 1673 474 gaudia
1691 426 1843 466 matris

1017 476 1184 518 habens
1226 490 1325 518 cum
1361 478 1621 529 virginitatis
1662 480 1843 522 honore:

1017 545 1098 574 nec
1123 534 1308 585 primam
1332 535 1515 576 similem
1539 537 1631 577 visa
1656 542 1735 586 est,
1763 550 1844 579 nee

1018 589 1180 631 habere
1199 592 1467 643 sequentem,
1488 592 1668 644 alleluJa.

1071 655 1107 694 3.
1149 656 1339 708 Angelus
1377 656 1433 698 ad
1468 660 1670 710 pastores
1708 660 1730 685 *
1767 660 1843 700 ait:

1017 712 1241 754 Annuntio
1261 713 1387 754 vobis
1402 714 1610 765 gaudium
1625 727 1843 765 magnum:

1019 768 1121 819 quia
1146 774 1274 810 natus
1299 774 1366 811 est
1391 770 1517 811 vobis
1542 770 1673 812 hodie
1697 772 1842 813 Salva-

1017 829 1089 865 tor
1107 825 1268 876 mundi,
1288 826 1470 878 alleluia.

1071 896 1109 934 4.
1138 892 1268 932 Facta
1293 896 1360 932 est
1385 903 1483 932 eum
1502 892 1674 943 Angelo
1694 893 1717 917 *
1737 894 1841 934 mul-

1016 946 1160 988 titudo
1193 947 1386 988 eoelestis
1418 948 1635 989 exereitus
1667 949 1842 990 laudan-

1016 1003 1126 1044 tium
1149 1004 1310 1054 Deum‚
1339 1009 1383 1045 et
1408 1003 1659 1046 dicentium:
1692 1005 1844 1046 Gloria

1016 1059 1060 1100 in
1075 1060 1259 1101 excelsis
1275 1060 1383 1110 Deo,
1403 1065 1447 1102 et
1465 1060 1509 1101 in
1528 1066 1648 1102 terra
1666 1075 1752 1114 pax
1768 1061 1842 1103 ho-

1015 1116 1205 1158 minibus
1229 1116 1358 1158 bonae
1381 1117 1636 1167 voluntatis,
1662 1118 1842 1169 alleluja.

1068 1183 1106 1222 5.
1135 1181 1347 1222 Parvulus
1371 1181 1486 1222 filius
1510 1182 1533 1207 *
1558 1182 1690 1224 hodie
1715 1187 1841 1223 natus

1017 1242 1084 1279 est
1108 1237 1251 1288 nobis,
1276 1242 1320 1279 et
1344 1237 1574 1279 vocabitur
1598 1239 1734 1289 Deus,
1758 1239 1840 1280 for-

1014 1294 1083 1344 tis,
1103 1294 1285 1346 alleluja,
1304 1294 1485 1346 alleluja.

1122 1360 1380 1412 Capitulum.
1543 1362 1684 1402 Galat.
1700 1364 1736 1401 4.

1014 1411 1246 1517 Fratres:
1275 1416 1449 1465 Quanto
1475 1417 1674 1468 tempore
1699 1415 1840 1457 haeres

1118 1472 1326 1523 parvulus
1361 1476 1443 1521 est,
1485 1472 1592 1512 nihil
1636 1471 1780 1513 differt
1817 1485 1842 1513 a

1014 1540 1158 1577 servo,
1191 1541 1291 1570 cum
1319 1528 1375 1569 sit
1404 1527 1606 1569 dominus
1635 1528 1841 1569 omnium:

1015 1585 1095 1627 sed
1118 1585 1199 1627 sub
1224 1584 1444 1627 tutoribus
1468 1590 1512 1626 et
1531 1584 1754 1626 actoribus
1775 1590 1842 1626 est

1015 1655 1154 1695 usque
1195 1641 1252 1683 ad
1289 1641 1555 1694 praefinitum
1595 1646 1769 1693 tempus
1816 1654 1842 1682 a

1014 1704 1150 1752 patre.

1066 1766 1224 1817 Hymn.
1252 1767 1293 1806 A
1312 1763 1417 1804 solis
1437 1766 1570 1804 ortus.
1598 1763 1685 1802 189.

1065 1818 1116 1869 V.
1144 1820 1341 1862 Verbum
1366 1831 1469 1860 caro
1494 1818 1656 1859 factum
1676 1823 1757 1867 est,
1783 1818 1839 1858 al-

1014 1877 1153 1929 leluja.
1202 1879 1253 1930 R.
1293 1877 1350 1917 Et
1381 1874 1594 1916 habitavit
1626 1874 1669 1915 in
1701 1874 1839 1925 nobiS‚

1016 1933 1198 1985 alleluja.

1063 1990 1136 2031 Ad
1164 1990 1325 2032 Bened.
1363 1991 1462 2033 Ant.
1500 1991 1619 2031 Dum
1646 1986 1839 2029 medium

1015 2046 1235 2088 silentium
1253 2046 1276 2071 *
1296 2046 1496 2086 tenerent
1515 2044 1670 2093 omnia,
1690 2048 1734 2085 et
1751 2056 1839 2084 nox

1012 2103 1056 2143 in
1081 2115 1161 2143 suo
1188 2115 1318 2143 eursu
1339 2101 1532 2143 medium
1554 2100 1637 2142 iter
1660 2102 1838 2152 perage-

1012 2163 1096 2208 ret,
1132 2160 1408 2211 omnipotens
1443 2169 1586 2198 sermo
1619 2160 1719 2197 tuus
1750 2156 1837 2196 Do-

1013 2216 1145 2265 mine,
1182 2228 1208 2256 a
1244 2213 1463 2266 regalibus
1501 2212 1679 2254 sedibus
1709 2211 1837 2261 venit,

1014 2271 1196 2323 alleluja.

1346 2320 1508 2361 Oratio.

1013 2375 1349 2484 Omnipotens
1395 2381 1660 2434 sempiterne
1705 2381 1835 2429 Deus,

1112 2439 1250 2490 dirige
1279 2443 1403 2480 aetus
1430 2442 1605 2478 nostros
1637 2437 1681 2477 in
1709 2436 1835 2478 bene-

1011 2496 1177 2549 placito
1205 2501 1296 2537 tuo:
1329 2499 1377 2536 ut
1409 2494 1453 2534 in
1486 2493 1659 2534 nomine
1688 2492 1835 2534 dilecti

1011 2552 1110 2593 Filii
1136 2553 1200 2594 tui
1221 2553 1464 2593 mereamur
1483 2549 1609 2591 bonis
1629 2548 1833 2601 operibus

1012 2608 1249 2650 abundare:
1279 2607 1362 2658 Qui
1381 2611 1525 2647 tecum
1546 2605 1659 2646 vivit.

1060 2675 1108 2709 Et
1135 2675 1176 2709 fit
1205 2685 1399 2709 commem.
1430 2675 1476 2708 de
1504 2674 1646 2708 Octava
1672 2671 1827 2706 Nativit.

1010 2726 1046 2756 et
1071 2722 1157 2756 aliis
1183 2722 1272 2759 Oet..
1296 2727 1337 2757 ut
1359 2732 1486 2765 supra.
1514 2722 1589 2756 212.

1588 2840 1626 2871 15
