2080 2990
529 247 707 281 Officium
731 248 905 282 votivum
930 247 976 281 de
1001 247 1189 281 Passione
1216 248 1257 281 l).
1281 248 1322 280 N.
1345 248 1375 281 J.
1399 248 1437 281 (ἶ.

129 342 308 382 suerunt
343 340 488 381 Deum
525 343 626 381 ante
673 340 959 391 conspectum

129 409 265 437 suum.

179 453 296 493 Ecce
325 451 440 493 enim
468 451 590 492 Deus
618 450 795 502 adJuvat
822 463 908 492 me:
935 451 959 476 *

130 512 174 550 et
191 508 286 549 Dfis
310 508 542 559 susceptor
567 510 635 548 est
655 506 812 547 animae
836 519 959 548 meae.

180 565 348 605 Averte
371 562 488 603 mala
511 562 699 603 inimicis
724 562 848 603 meis:
867 562 891 588 *
915 567 960 604 et

128 620 174 661 in
190 620 377 662 veritate
395 623 472 660 tua
491 617 699 670 disperde
719 617 829 659 illos.

182 674 443 718 Voluntarie
467 673 728 715 sacrificabo
752 673 849 724 tibi,
868 675 892 700 *
917 679 960 716 et

130 731 376 774 confitebor
425 730 592 771 nomini
635 734 713 771 tuo
754 730 959 772 Domine:

131 788 339 840 quoniam
356 786 521 828 bonum
541 790 623 828 est:

182 843 400 895 Queniam
437 855 492 883 ex
524 841 644 883 omni
675 840 960 882 tribulatione

130 899 330 952 eripuisti
360 911 447 940 me:
471 899 495 925 *
520 902 564 939 et
595 909 728 949 super
759 896 959 938 inimicos

129 968 253 998 meos
273 954 476 1007 despexit
495 953 650 995 oculus
668 965 804 994 meus.

182 1008 282 1050 Ant.
307 1010 452 1051 Alieni
470 1010 800 1050 insurrexerunt
816 1008 861 1048 in
879 1020 960 1057 me,

130 1071 174 1110 et
183 1067 320 1109 fortes
332 1065 600 1118 quaesierunt
611 1064 799 1105 animam
806 1076 960 1104 meam.

180 1123 280 1164 Ant.
310 1121 690 1163 Conculcaverunt
707 1132 788 1161 me.

402 1180 601 1220 Psalmus
620 1181 687 1219 55.

129 1227 398 1334 Miserere
408 1234 495 1276 mei
504 1233 638 1282 Deus,
650 1232 856 1284 quoniam
869 1243 962 1272 con-

260 1289 449 1331 culcavit
467 1302 538 1331 me
557 1288 707 1330 homo:
730 1289 754 1315 *
776 1292 871 1329 tota
891 1286 962 1328 die

128 1345 390 1398 impugnans
418 1344 645 1388 tribulavit
672 1356 754 1385 me.

181 1402 561 1444 Conculcaverunt
590 1413 660 1442 me
688 1400 851 1440 inimici
875 1399 962 1441 mei

130 1462 225 1500 tota
248 1458 336 1500 die:
363 1459 387 1486 *
415 1457 623 1510 quoniam
648 1455 774 1496 multi
798 1455 961 1496 bellan-

129 1518 197 1556 tes
225 1514 461 1556 adversum
486 1526 567 1555 me.

181 1569 253 1612 Ab
272 1569 502 1611 altitudine
522 1569 609 1610 diei
627 1568 808 1611 timebo:
831 1568 855 1593 *
879 1579 961 1618 ego
1019 1557 1073 1591 ²¹²4
1087 1563 1129 1583 ’Ὅ

129 1637 236 1667 vero
262 1626 308 1667 in
333 1630 379 1667 te
406 1625 609 1678 sperabo.

180 1682 233 1722 In
248 1681 347 1723 Deo
366 1681 560 1723 laudabo
582 1682 808 1722 sermones
826 1691 962 1727 meos,

129 1737 174 1778 in
189 1737 289 1779 Deo
309 1737 499 1790 speravi:
519 1738 544 1764 *
563 1749 651 1778 non
671 1735 836 1778 timebo
857 1734 963 1787 quid

129 1792 261 1834 faciat
286 1793 394 1834 mihi
421 1805 536 1835 caro.

181 1848 298 1890 Tota
315 1847 386 1890 die
404 1848 542 1890 verba
558 1861 658 1890 mea
675 1846 961 1889 exsecraban-

129 1908 220 1946 tur:
250 1905 275 1931 *
306 1903 541 1946 adversum
567 1917 638 1946 me
666 1915 819 1945 omnes
847 1902 961 1985 cogi-

129 1961 320 2008 tationes
348 1962 503 2002 eorum
529 1960 573 2001 in
599 1959 773 2000 malum.

181 2015 496 2058 Inhabitabunt
530 2020 574 2057 et
609 2013 903 2057 abscondent:
938 2013 962 2038 *

130 2073 215 2125 ipsi
229 2072 484 2114 calcaneum
493 2084 640 2114 meum
652 2068 962 2112 observabunt.

181 2128 302 2170 Sicut
329 2128 630 2169 sustinuerunt
657 2126 846 2168 animam
873 2137 960 2166 me-

131 2197 212 2234 am,
230 2197 312 2236 pro
330 2183 467 2225 nihilo
486 2183 633 2225 salvos
653 2182 786 2223 facies
805 2181 919 2222 illos:
938 2181 962 2207 *

130 2239 175 2280 in
202 2240 268 2280 ira
294 2238 486 2292 populos
515 2238 775 2288 confringes.

182 2295 323 2346 Deus,
359 2295 496 2337 vitam
530 2307 674 2336 meam
710 2291 962 2334 annuntiavi

130 2350 228 2392 tibi:
260 2352 285 2378 *
317 2350 508 2403 posuisti
539 2350 742 2392 lacrimas
769 2360 890 2389 meas
918 2347 962 2387 in

131 2408 373 2459 conspectu
400 2411 489 2457 tuo,

182 2462 304 2504 Sicut
334 2466 378 2504 et
410 2462 455 2503 in
486 2461 782 2528 promissione
813 2463 906 2500 tua:
937 2459 962 2485 *

130 2522 236 2559 tunc
263 2519 576 2560 convertentur
603 2515 764 2558 inimici
788 2514 875 2556 mei
897 2526 961 2555 re-

130 2575 337 2615 trorsum·

182 2629 234 2669 In
271 2631 549 2681 quacumque
587 2628 657 2670 die
695 2628 961 2668 invocavero

130 2688 190 2725 te:
216 2684 240 2710 *
269 2696 372 2726 ecce
398 2684 587 2736 cognovi
615 2683 823 2736 quoniam
840 2682 962 2723 Deus

130 2752 255 2781 meus
283 2752 342 2781 es.

286 2879 350 2904 Pars
365 2879 499 2904 Hiemalis.

1062 339 1113 379 In
1134 339 1232 380 Deo
1256 338 1448 380 laudabo
1473 338 1666 387 verbum,
1691 338 1735 378 in
1753 338 1840 378 Do·
1891 343 1894 347 ²

1010 394 1128 435 mino
1148 393 1338 436 laudabo
1358 396 1618 436 sermonem:
1637 394 1660 419 ²⁰¹
1679 394 1724 434 in
1743 393 1841 434 Deo
1890 431 1892 436 ,

1012 450 1206 503 speravi,
1243 463 1331 491 non
1367 450 1532 492 timebo
1571 449 1677 501 quid
1711 449 1842 490 faciat

1011 506 1116 546 mihi
1143 505 1287 547 homo.

1062 562 1112 602 In
1148 574 1218 603 me
1256 566 1357 603 sunt
1389 562 1510 603 Deus
1546 567 1651 603 vota
1687 567 1781 611 tua,
1818 562 1842 588 *
1891 594 1894 598 ,

1013 629 1112 669 quae
1141 616 1334 667 reddam,
1362 617 1637 659 laudationes
1665 617 1754 659 tibi.

1064 673 1281 723 Quoniam
1310 673 1509 725 eripuisti
1541 674 1729 714 animam
1756 685 1842 714 me-

1012 741 1083 769 am
1112 729 1167 770 de
1194 734 1355 778 morte,
1393 734 1438 770 et
1470 727 1608 780 pedes
1635 741 1758 769 meos
1787 728 1842 770 de

1012 785 1154 837 lapsu:
1178 786 1202 811 *
1226 789 1273 826 ut
1294 785 1494 837 placeam
1516 797 1664 826 coram
1683 785 1780 826 Deo
1800 785 1843 824 in

1012 840 1174 882 lumine
1201 841 1450 882 viventium.

1070 898 1169 937 Ant.
1196 896 1576 938 Coneulcaverunt
1594 908 1664 937 me
1684 896 1844 936 inimici

1012 953 1097 994 mei
1120 958 1215 995 tota
1234 953 1319 1002 die3
1346 952 1580 994 adversum
1599 964 1669 992 me
1693 964 1843 993 omnes

1014 1009 1304 1059 cogitationes
1324 1011 1476 1049 eorum
1495 1008 1538 1048 in
1557 1007 1730 1048 malum.

1067 1059 1117 1109 V.
1142 1065 1329 1117 Proprio
1350 1064 1461 1105 Filio
1482 1076 1562 1105 suo
1582 1076 1669 1104 non
1688 1065 1844 1115 peper-
1894 1084 1895 1088 =

1014 1120 1073 1161 cit
1091 1121 1223 1162 Deus.
1262 1120 1310 1170 R„
1337 1120 1424 1162 Sed
1450 1132 1532 1172 pro
1559 1119 1686 1161 nobis
1711 1119 1843 1161 omni·
1894 1137 1896 1139 >

1014 1175 1096 1217 bus
1115 1176 1296 1218 tradidit
1316 1176 1447 1217 illum.

1040 1243 1194 1286 Sermo
1218 1244 1358 1286 sancti
1377 1243 1594 1286 Bernardi
1612 1243 1812 1284 Abbatis.

1015 1298 1126 1332 Feria
1146 1300 1175 1333 4.
1194 1300 1383 1334 Hebdom.
1402 1299 1436 1334 S.
1455 1299 1571 1333 Sei-m.
1590 1298 1636 1332 de
1655 1298 1843 1331 Passionc
1893 1317 1894 1321 =

1344 1347 1511 1381 Domini.

1308 1400 1459 1441 Lectio
1490 1399 1541 1438 iv.

1019 1468 1163 1517 1¹¹
1188 1455 1393 1507 passione
1418 1454 1651 1503 dominica,
1677 1453 1844 1502 fratres,

1086 1510 1124 1565 μὲ,
1152 1511 1236 1552 tria
1270 1511 1518 1563 specialiter
1552 1510 1757 1551 convenit
1785 1510 1845 1550 in-

1152 1567 1279 1608 tueri:
1304 1579 1427 1619 opus,
1446 1565 1637 1615 modum,
1657 1577 1845 1606 eausam.

1014 1623 1130 1664 Nam
1148 1623 1192 1663 in
1212 1625 1347 1675 opere
1365 1622 1542 1674 quidem
1561 1621 1783 1674 patientia,
1802 1620 1845 1660 in

1014 1678 1150 1720 modo
1178 1678 1418 1728 humilitas,
1454 1678 1497 1718 in
1525 1689 1658 1718 eausa
1687 1676 1846 1718 caritas

1015 1733 1313 1776 comendatur.
1352 1733 1569 1775 Patientia
1593 1738 1740 1773 autem
1764 1733 1845 1772 sin-

1015 1791 1190 1841 gularis,
1210 1790 1330 1842 quod
1348 1790 1568 1831 videlieet:
1593 1801 1692 1830 eum
1713 1800 1846 1839 supra

1016 1846 1197 1888 dorsum
1229 1847 1320 1898 ejus
1352 1845 1615 1887 fabricarent
1642 1845 1845 1896 peceato-

1014 1915 1100 1952 res3
1122 1915 1222 1943 cum
1241 1902 1304 1943 sic
1325 1899 1634 1943 extenderetur
1652 1900 1696 1939 in
1715 1899 1845 1949 ligno,

1014 1963 1064 1999 ut
1076 1957 1456 1999 dinumerarentur
1469 1956 1615 1997 omnia
1628 1967 1730 1996 ossa
1741 1955 1845 2006 ejus3

1015 2026 1114 2054 cum
1141 2013 1428 2055 fortissimum
1459 2011 1569 2053 illud
1596 2012 1844 2063 propugna-

1016 2069 1170 2118 culum,
1196 2068 1317 2120 quod
1340 2066 1534 2109 custodit
1552 2066 1699 2116 Israel,
1723 2065 1845 2107 undi-

1016 2137 1102 2176 que
1121 2125 1352 2174 foraretur3
1373 2136 1472 2165 eum
1488 2122 1744 2164 foderentur
1757 2134 1844 2162 ma-

1014 2193 1096 2221 nus
1122 2181 1214 2231 ejus
1240 2184 1284 2221 et
1308 2179 1462 2232 pedes,
1491 2178 1604 2220 sicut
1627 2190 1764 2229 agnus
1789 2177 1846 2218 ad

1016 2236 1283 2277 occisionem
1302 2235 1460 2277 ductus
1481 2235 1539 2276 sit
1557 2239 1600 2276 et
1619 2238 1845 2285 tamquam

1016 2291 1111 2332 ovis
1139 2303 1288 2332 coram
1319 2290 1530 2332 tondente
1561 2302 1647 2331 non
1676 2288 1845 2341 aperuit

1016 2359 1067 2388 os
1101 2359 1238 2388 suum.
1291 2346 1394 2388 Non
1426 2346 1636 2388 adversus
1668 2345 1845 2385 Patrem

1014 2405 1308 2452 murmurans,
1337 2415 1363 2443 a
1389 2414 1477 2453 quo
1502 2402 1660 2442 missus
1687 2399 1844 2449 fuerat3

1014 2471 1103 2500 non
1119 2458 1331 2500 adversus
1344 2458 1582 2499 humanum
1595 2467 1743 2506 genus,
1761 2467 1844 2506 pro

1016 2526 1120 2565 quo,
1143 2526 1245 2565 quae
1268 2527 1358 2555 non
1382 2512 1542 2565 rapuit,
1570 2510 1843 2559 exsolvebam

1014 2582 1103 2610 non
1130 2568 1319 2622 denique
1350 2568 1422 2610 vel
1453 2572 1606 2609 contra
1631 2565 1844 2618 populum

1014 2625 1159 2677 ipsum
1180 2626 1446 2677 peculiarem
1472 2622 1569 2672 sibi,
1598 2635 1624 2663 a
1649 2633 1737 2673 quo
1760 2632 1842 2672 pro

1014 2681 1148 2722 tantis
1182 2680 1406 2723 beneficiis
1440 2682 1562 2720 tanta
1594 2677 1708 2718 mala
1737 2675 1843 2717 reci-

1014 2736 1175 2788 piebat.

1582 2861 1612 2902 Q

1749 242 1840 286 [241]
1890 261 1891 265 ¹
