2040 2990
247 245 463 280 EIUSDEM
491 245 583 278 PRO
607 245 818 279 SANCTIS
842 244 892 277 IN
921 244 1318 278 MARTYROLOGIO
1343 243 1447 277 NON
1473 242 1774 277 DESCRIPTIS.

185 336 347 389 (X‘ffim
366 335 527 362 Sanctorum
550 336 655 363 ratione
675 337 820 371 Corporis,
843 345 890 364 seu
915 337 977 363 insi-

205 376 240 412 ,ζμ
291 374 349 408 gnis
363 374 509 408 Reliquiae,
531 374 683 409 recitanda,
705 384 739 402 ex
759 377 876 403 Decreto
894 375 920 402 S.
943 376 975 402 R.

187 392 211 431 X
229 392 258 431 Ι·
292 413 514 447 Congregationis
548 415 587 440 11.
618 413 735 448 Augusti
767 416 830 442 1691
864 414 975 448 intelligi

169 453 267 478 debere
281 452 314 478 de
323 451 429 478 Sanctis
442 452 586 479 dumtaxat
599 453 627 479 in
641 454 835 487 Martyrologio
851 454 976 480 Romano

169 491 324 525 descriptis,
346 494 374 518 et
397 491 547 518 dummodo
570 496 676 518 constet
699 492 734 518 de
751 493 894 519 identitate
910 492 975 518 Cor-

168 529 256 564 poris,
279 537 328 556 seu
353 530 487 564 Reliquiae
511 530 623 564 insignis
647 530 776 557 illiusmet
799 530 905 563 Sancti,
928 530 975 564 qui

167 568 303 602 reperitur
328 568 356 595 in
380 569 575 603 Martyrologio
598 570 723 596 Romano
750 570 915 604 descriptus:
942 569 976 595 de

167 606 264 633 ceteris
281 611 371 634 autem
389 607 496 634 Sanctis
514 607 540 633 in
559 608 691 641 praedicto
709 608 903 642 Martyrologio
922 615 976 634 non

167 645 318 679 descriptis,
336 649 383 672 aut
400 646 500 679 quibus
518 654 534 672 a
547 645 646 673 Sancta
660 646 730 673 Sede
743 654 798 673 non
817 646 900 673 fuerit
918 654 976 680 spe-

167 683 271 710 cialiter
293 691 464 718 concessum,
491 684 588 712 Officia
612 685 719 712 recitari
743 689 769 712 et
792 685 889 711 Missas
912 686 977 712 cele-

168 722 241 748 brari
264 727 423 756 vetuerunt,
447 731 502 750 non
525 724 650 751 obstante
675 724 749 758 quod
772 725 894 758 ipsorum
913 724 976 751 Cor-

1027 345 1104 371 pora,
1123 337 1164 363 vel
1184 336 1303 371 insignes
1316 337 1453 370 Reliquiae
1470 337 1499 363 in
1514 337 1642 364 Ecclesiis
1656 342 1846 367 asserventur:

1028 377 1129 410 quibus
1142 379 1233 402 tamen
1248 376 1283 402 ab
1293 375 1448 402 Ordinariis
1459 375 1582 403 locorum
1596 376 1758 410 approbatis
1771 377 1846 404 debi-

1029 418 1083 441 tam
1108 414 1227 441 fidelium
1254 415 1457 441 venerationem
1483 417 1577 449 (prout
1599 415 1732 442 hactenus
1754 423 1846 443 serva-

1027 458 1084 480 tum
1104 458 1156 485 est)
1181 453 1363 480 exhibendam
1386 461 1445 480 esse
1463 457 1643 487 censuerunt,
1667 455 1717 481 sed
1740 455 1846 490 absque

1028 493 1127 520 Officio
1151 496 1177 518 et
1202 493 1298 523 Missa,
1323 493 1375 519 sub
1399 493 1488 526 poenis
1512 493 1547 519 de
1570 501 1626 520 non
1650 493 1846 522 satisfaciendo

1029 536 1166 566 praecepto
1191 531 1323 558 recitandi
1348 531 1492 564 Officium,
1516 531 1632 566 aliisque
1655 532 1684 558 in
1708 532 1847 561 Constitu-

1029 570 1101 597 tione
1119 570 1145 597 S.
1165 570 1207 597 Pii
1222 570 1254 597 V.
1274 570 1417 597 contentis.
1453 571 1506 597 Die
1525 571 1565 597 11.
1583 571 1703 605 Augusti
1722 573 1802 607 1691,
1819 576 1847 600 et

1028 608 1223 636 Sanctissimus
1245 609 1411 643 approbavit
1434 609 1479 636 die
1504 610 1543 637 19.
1569 609 1698 637 Octobris
1724 611 1846 646 ejusdem

1028 648 1092 674 anni
1112 649 1186 674 1691.

1131 687 1206 714 Loco
1219 695 1234 723 †
1251 686 1344 721 Sigilli.

1303 725 1331 755 J.
1345 726 1563 760 Vallemanus,
1576 730 1602 757 S.
1619 731 1651 757 R.
1666 731 1695 757 (ζ,
1711 730 1811 756 Secret.

422 892 691 932 DECRETA
723 893 1061 933 GENERALIA
1093 894 1264 934 (JIRCA
1299 895 1600 935 RUBRICAS.

173 968 344 1018 §Cossum
371 985 515 1013 Sacrorum
547 986 661 1013 Rituum
693 987 900 1020 Congregationi
932 989 975 1014 de-

173 979 284 1081 ’,ὦ
314 1025 396 1051 misse
419 1025 599 1059 supplicatum
624 1026 705 1052 fuerit
727 1027 869 1060 sequentia
891 1027 974 1054 dubia

172 1071 173 1074 ¹
187 1070 206 1082 Α
315 1063 465 1090 declarare:

218 1103 348 1129 Primum.
371 1102 424 1135 An,
438 1110 499 1129 cum
513 1102 605 1129 multis
619 1102 889 1138 Congregationibus,
903 1104 974 1131 Reli·
995 1110 998 1113 ·

166 1141 304 1174 gionibus,
328 1141 385 1167 sive
404 1141 542 1174 Ecclesiis,
565 1141 607 1167 vel
629 1141 793 1169 Nationibus
815 1150 973 1170 concessum

166 1181 200 1206 sit
219 1189 234 1207 a
252 1180 350 1207 Sancta
368 1179 438 1206 Sede
456 1180 628 1214 Apostolica,
651 1184 680 1207 ut
698 1181 792 1215 semel,
812 1182 853 1208 vel
872 1182 974 1216 pluries

166 1219 192 1245 in
217 1219 329 1253 singulis
352 1219 544 1252 hebdomadis,
571 1219 613 1245 vel
640 1220 780 1246 mensibus
803 1221 975 1247 celebrentur

166 1257 240 1284 varia
256 1258 352 1284 Officia
366 1266 416 1292 per
428 1265 538 1291 annum,
552 1266 578 1284 v.
591 1266 624 1292 g.,
642 1258 676 1284 de
689 1257 866 1286 sanctissimo
880 1258 974 1287 Sacra-

166 1300 264 1328 mento,
281 1297 322 1322 vel
337 1297 370 1323 de
383 1296 497 1329 Sanctis,
511 1297 539 1323 in
553 1297 649 1323 diebus
663 1305 717 1323 non
731 1297 868 1331 impeditis
882 1299 974 1333 aliquo

166 1334 246 1361 Festo
265 1335 364 1369 duplici
380 1335 422 1361 vel
440 1335 618 1369 semiduplici,
637 1336 715 1362 liceat
728 1336 861 1370 ejusmodi
876 1337 974 1364 Officia

166 1373 254 1400 facere
272 1374 353 1400 etiam
376 1374 403 1400 in
425 1374 523 1400 diebus
540 1378 642 1401 sanctae
660 1375 895 1409 Quadragesimae,
917 1376 973 1403 Ad-

165 1416 270 1445 ventus,
288 1412 460 1446 Vigiliarum,
477 1417 505 1439 et
523 1413 647 1446 Quamor
665 1414 847 1448 Temporum,
867 1415 973 1441 etiamsi

165 1450 198 1476 de
217 1451 258 1476 his
276 1451 372 1478 diebus
390 1451 463 1478 nulla
482 1452 517 1479 sit
536 1452 607 1478 facta
625 1452 748 1486 specialis
763 1453 864 1479 mentio
882 1454 910 1480 in
928 1453 974 1481 ali-

166 1489 266 1522 quibus
284 1490 443 1517 Officiorum
462 1491 703 1517 concessionibus?

215 1527 378 1555 Secundum.
413 1529 458 1555 An
478 1529 536 1556 dies
554 1530 701 1563 impeditus
716 1530 796 1556 Festo
815 1531 915 1565 duplici
930 1532 972 1559 vel

165 1566 331 1600 semiduplici
348 1574 398 1601 pro
412 1567 491 1594 dictis
504 1568 603 1594 officiis
617 1568 771 1601 recitandis,
789 1570 974 1603 intelligantur

164 1605 245 1631 etiam
259 1605 317 1632 dies
330 1606 357 1632 in
372 1606 472 1640 quibus
485 1607 641 1641 ponendum
655 1611 697 1633 est
707 1607 835 1635 Officium
849 1609 882 1635 de
893 1610 974 1636 Festo

165 1644 265 1677 duplici
276 1644 317 1671 vel
327 1645 495 1679 semiduplici
509 1646 649 1677 translato,
663 1647 894 1680 quemadmodum
909 1648 974 1674 dici-

165 1686 210 1708 tur
232 1690 391 1717 responsum
415 1684 500 1711 fuisse
521 1685 584 1711 olim
608 1693 623 1711 a
645 1684 728 1712 Sacra
746 1686 973 1720 Congregatione:

165 1720 244 1753 Quod
267 1721 367 1748 scilicet
386 1722 494 1749 Festum
518 1724 619 1757 duplex
637 1724 679 1750 vel
703 1724 873 1759 semiduplex
891 1725 972 1752 etiam

165 1760 339 1793 translatum,
362 1768 466 1788 necnon
489 1762 547 1788 dies
565 1762 677 1789 Octavae
694 1763 729 1790 sit
747 1764 807 1791 dies
825 1764 972 1799 impeditus

166 1803 290 1832 respectu
309 1799 402 1826 talium
423 1800 603 1827 Officiorum?

216 1837 348 1864 Tertium.
388 1838 433 1866 An
457 1840 605 1874 Regulares
628 1841 732 1875 absque
756 1842 866 1876 speciali
892 1843 974 1876 privi-

168 1875 249 1909 legio,
272 1877 320 1903 sed
343 1877 402 1904 sola
423 1878 667 1907 communicatione
684 1880 887 1915 privilegiorum
910 1882 973 1908 alia-

1027 996 1087 1015 rum
1108 989 1289 1024 Religionum,
1307 991 1414 1025 possint
1433 991 1535 1018 addere
1553 999 1654 1019 nomen
1667 991 1760 1020 Sancti
1774 993 1845 1020 Fun-

1027 1028 1132 1054 datoris
1155 1029 1181 1055 in
1205 1029 1335 1063 Litaniis,
1357 1033 1384 1056 et
1403 1030 1564 1058 Confiteor?
1586 1031 1708 1066 itemque
1730 1032 1846 1059 recitare

1027 1067 1125 1094 Officia
1144 1071 1170 1094 et
1189 1068 1286 1095 Missas
1305 1076 1450 1096 concessas
1466 1069 1527 1096 aliis
1546 1071 1756 1105 Religionibus?

1076 1114 1223 1142 Sacrorum
1239 1116 1353 1143 Rituum
1368 1117 1464 1143 eadem
1479 1117 1670 1152 Congregatio,
1688 1118 1724 1145 ad
1737 1118 1845 1146 relatio-

1026 1161 1088 1180 nem
1108 1154 1323 1181 Eminentissimi
1342 1159 1368 1182 et
1387 1155 1621 1183 Reverendissimi
1635 1157 1748 1184 Domini
1763 1157 1845 1185 Card.

1026 1192 1180 1226 collored0‚
1199 1194 1354 1228 respondit:

1076 1240 1121 1267 Ad
1140 1241 1267 1275 primum,
1286 1242 1426 1276 Negative‚
1445 1246 1472 1269 et
1489 1243 1646 1276 hujusmodi
1665 1243 1771 1271 indulta
1788 1252 1845 1271 non

1026 1279 1128 1306 habere
1150 1280 1240 1307 locum
1265 1281 1293 1307 in
1317 1281 1405 1308 Feriis
1428 1281 1589 1316 Adventus,
1612 1283 1846 1318 Quadragesimae,

1026 1318 1152 1352 Quatuor
1171 1320 1354 1354 Temporum,
1376 1321 1551 1355 Vigiliarum,
1574 1322 1634 1348 sive
1655 1329 1718 1349 cum
1737 1322 1846 1357 jejunio,

1025 1358 1084 1384 sive
1102 1359 1208 1392 absque
1226 1359 1337 1393 jejunio,
1362 1368 1411 1386 nec
1430 1357 1459 1386 in
1478 1360 1559 1388 Feria
1577 1361 1698 1388 secunda
1715 1361 1845 1396 Rogatio-

1026 1405 1105 1430 num,
1127 1405 1177 1424 nec
1199 1398 1227 1424 in
1250 1398 1295 1425 illa
1313 1399 1392 1425 Feria
1416 1399 1445 1426 in
1463 1407 1518 1434 qua
1536 1401 1688 1428 secundum
1707 1400 1846 1429 Rubi-im

1025 1436 1061 1462 sit
1079 1437 1268 1470 reponendum
1287 1437 1417 1464 Officium
1436 1438 1599 1466 Dominicae.

1076 1484 1121 1510 Ad
1140 1485 1300 1518 secundum,
1318 1485 1504 1512 Affirmative.

1076 1531 1121 1558 Ad
1140 1532 1260 1565 tertium,
1278 1533 1412 1566 Negative
1429 1533 1458 1560 in
1475 1533 1613 1560 omnibus.

1077 1579 1111 1605 Et
1129 1579 1166 1606 ita
1186 1580 1344 1613 declaravit,
1362 1588 1394 1607 ac
1411 1581 1518 1608 servari
1537 1581 1633 1608 voluit.
1668 1579 1712 1608 Ac
1729 1580 1849 1619 insuper·

1025 1622 1055 1644 ut
1082 1618 1303 1652 Declarationcs,
1331 1627 1380 1646 seu
1407 1620 1526 1646 Decreta
1552 1619 1686 1654 praedicta
1713 1619 1844 1647 omnibus

1025 1656 1204 1690 innotescant,
1224 1658 1297 1692 typis
1315 1666 1347 1685 ea
1365 1658 1486 1692 imprimi
1505 1658 1655 1686 mandavit.

1076 1712 1128 1739 Die
1146 1712 1186 1739 20.
1205 1713 1297 1740 Martii
1317 1714 1391 1741 1706.

1207 1778 1255 1814 G.
1281 1778 1403 1815 Card.
1428 1779 1672 1826 Carpineus.

1126 1834 1203 1862 Loco
1216 1836 1233 1865 †
1249 1834 1343 1869 Sigilli.

1198 1881 1233 1911 B.
1246 1882 1434 1920 Inghirami,
1452 1882 1511 1909 Sac.
1530 1884 1582 1910 Rit.
1597 1884 1696 1918 Congr.
1710 1883 1812 1910 Secret.
