2040 2990
763 191 965 225 Dominica
991 191 1017 225 Ι,
1042 191 1257 226 Adventus.

184 289 340 340 Virtus,
359 289 512 340 honor,
531 289 637 339 laus,
655 289 797 340 gloria

228 346 327 387 Deo
345 346 467 387 Patri
486 358 586 387 cum
603 345 726 394 Filio,

228 402 390 443 Sancto
411 401 540 443 simul
557 401 788 451 Paraclito,

228 457 280 498 In
298 457 563 499 saeculorum
582 456 754 498 saecula.
781 456 935 498 Amen.

208 531 258 582 V.
271 531 376 573 Vox
395 530 623 572 clamantis
637 530 681 571 in
697 529 886 579 deserto,
904 529 983 570 Pa-

151 589 247 629 rete
260 588 377 628 viam
390 587 580 628 Domini.
610 590 659 639 K».
674 587 838 628 Reetas
853 585 983 626 facite

153 644 328 685 semitas
349 644 450 695 ejus.

208 719 280 760 Ad
298 718 459 760 Bened.
479 698 579 759 Ant.
599 715 785 767 Spiritus
806 719 983 756 sanetus

151 771 175 797 *
188 771 233 812 in
246 775 290 813 te
306 770 557 820 descendet,
574 771 727 812 Maria:
746 784 801 812 ne
816 773 982 818 timeas,

150 826 335 870 habebis
358 828 403 868 in
426 830 553 868 utero
572 826 731 868 Fffium
748 827 849 877 Dei,
872 825 983 868 allel.

490 895 652 935 Oratio.

232 959 365 1008 xcita,
396 959 647 1010 quaesumus
674 957 879 1005 Domine,
907 968 983 1008 po·

246 1015 428 1056 tentiam
459 1018 596 1063 tuam,
630 1018 674 1055 et
700 1013 815 1054 veni:
845 1016 895 1053 ut
927 1011 982 1053 ab

150 1069 476 1113 imminentibus
501 1070 786 1122 peccatorum
812 1069 983 1109 nostro-

151 1140 249 1169 rum
266 1126 489 1180 perieulis,
508 1130 553 1167 te
571 1127 818 1167 mereamur
837 1128 982 1177 prote-

151 1185 280 1235 gente
316 1183 440 1236 eripi,
476 1186 520 1223 te
556 1181 771 1223 liberante
809 1180 983 1222 salvari:

153 1240 239 1290 Qui
256 1239 366 1281 vivis
387 1243 431 1280 et
451 1250 619 1290 regnas.

206 1311 269 1345 Ad
286 1310 465 1352 Primam,
481 1310 662 1352 Tertiam,
680 1310 836 1343 Sextum
855 1313 892 1343 et
908 1309 985 1343 No-

155 1370 254 1403 nam,
264 1358 510 1402 Antiphonae
528 1358 574 1391 dc
591 1358 789 1391 Laudibus
808 1358 987 1391 dicuntur

155 1418 226 1451 per
240 1407 425 1449 ordinem,
439 1410 575 1449 quarta
587 1406 860 1449 praetermissa.
875 1405 988 1445 Quod

157 1456 273 1490 etiam
289 1455 474 1489 'servatur
498 1454 537 1488 in
559 1454 647 1487 aliis
671 1453 887 1488 Dominicis
910 1453 988 1487 Ad-

154 1509 304 1538 VentUS.

207 1560 251 1595 In
268 1560 312 1605 R.
328 1561 384 1595 br.
405 1560 456 1595 ad
471 1560 640 1595 Primam
661 1560 748 1595 loco
767 1555 841 1597 Qui
858 1555 982 1598 sedes,

157 1609 298 1643 dieitur
314 1605 387 1649 Qui
402 1606 587 1641 venturus
604 1615 645 1639 es
662 1604 703 1639 in
718 1604 913 1639 mundum.

207 1664 272 1699 Sic
293 1665 435 1699 dicitur
459 1665 633 1708 quotidie
659 1675 783 1708 usque
809 1664 859 1698 ad
880 1664 986 1698 Nati-

154 1713 314 1747 vitatem
343 1712 518 1755 Domini,
556 1713 672 1746 etiam
706 1713 743 1746 in
772 1712 910 1746 Officio
940 1712 986 1745 de

156 1761 319 1803 Sanctis,
334 1765 594 1804 praeterquam
611 1761 651 1794 in
666 1760 728 1794 die
743 1764 779 1794 et
795 1760 893 1793 infra
906 1759 986 1793 Oct.

155 1807 418 1843 Immaculatae
435 1808 619 1852 Concept.
635 1808 678 1842 B.
694 1807 838 1842 Mariae.

207 1865 357 1899 Deinde
373 1861 496 1907 Kyrie
513 1861 670 1896 eleison.
689 1874 775 1899 cum
791 1864 926 1907 reliqu.
946 1867 987 1897 ut

156 1912 196 1947 in
217 1912 334 1947 Psalt.
354 1909 408 1945 23.

207 1968 271 2002 Ad
298 1967 597 2003 Absolutionem
626 1966 814 2011 Capituli,
851 1967 985 2000 Lectio

155 2016 287 2050 brevis
311 2013 474 2050 Domine
497 2013 690 2048 miserere.
712 2011 765 2046 25.
812 2014 906 2054 Quae
932 2014 987 2047 di-

157 2063 255 2098 citur
278 2063 317 2097 in
338 2063 554 2098 Dominicis
580 2066 617 2097 et
639 2062 763 2096 Feriis
788 2072 911 2105 usque
937 2061 991 2102 ad

156 2110 341 2154 Vigiliam
356 2111 584 2161 Nativitatis
601 2110 758 2144 Domini
777 2110 985 2143 exclusive.

423 2180 491 2217 Ad
515 2179 716 2216 Tertiam.

212 2244 313 2286 Ant.
339 2241 596 2286 Jucundare.

210 2303 468 2356 Capitulum.
490 2305 679 2344 Fratres:
698 2301 822 2342 Hora
840 2305 917 2343 est.
940 2307 986 2343 ut

157 2372 290 2411 supra
309 2360 365 2401 ad
384 2359 569 2400 Laudes.
590 2357 676 2398 136.

208 2420 259 2470 R.
284 2419 346 2460 br.
374 2417 489 2459 Veni
517 2417 574 2458 ad
601 2416 877 2458 liberandum
904 2428 986 2456 nos

156 2475 180 2500 *
198 2473 387 2515 Domine
406 2473 527 2514 Deus
546 2473 767 2515 virtutum.
789 2475 845 2515 Et
864 2486 984 2525 repe-

158 2531 276 2571 titur:
295 2529 411 2570 Veni
429 2529 486 2571 ad
504 2528 779 2571 liberandum
797 2540 878 2569 nos
898 2528 985 2568 Do-

157 2583 272 2624 mine
299 2584 420 2626 Deus
447 2585 668 2626 virtutum.
711 2581 761 2633 V.
791 2582 987 2625 Ostende

158 2639 314 2681 faciem
332 2644 468 2691 tuam,
494 2645 538 2682 et
563 2640 673 2682 salvi
696 2640 867 2681 erimus.
899 2639 987 2680 Do-

157 2695 273 2736 mine
291 2696 413 2737 Deus
432 2697 654 2738 virtutum.
688 2695 840 2737 Gloria
858 2694 1004 2735 Patris

314 2833 377 2858 Pars
394 2833 528 2858 Hiemalis.

1034 289 1150 330 Veni
1177 289 1234 330 ad
1260 289 1535 331 liberandum
1567 303 1648 332 nos
1676 291 1865 332 Domine

1034 345 1156 386 Deus
1178 345 1399 387 virtutum.

1094 402 1144 454 V.
1165 405 1403 447 Timebunt
1423 407 1588 448 Gentes
1616 420 1776 449 nomen
1800 413 1863 449 tu-

1035 474 1110 502 um
1141 462 1341 504 Domine.
1388 466 1438 516 R'·
1464 463 1521 504 Et
1554 475 1706 505 omnes
1738 477 1864 515 reges

1035 522 1166 559 terrae
1185 517 1370 568 gloriam
1389 523 1520 560 tuam.

1093 584 1155 617 Sic
1175 590 1399 627 repetuntur
1420 580 1502 626 W.
1528 586 1563 618 in
1588 586 1764 619 omnibus
1790 586 1867 629 HR.

1042 631 1230 668 brcvibus.
1243 633 1445 667 Horarum.

1313 707 1381 744 Ad
1404 709 1590 745 Sextam.

1093 765 1192 805 Ant.
1221 767 1335 806 Ecce
1351 765 1568 806 Dominus
1588 765 1743 807 veniet.

1147 826 1407 877 Capitulum.
1516 829 1638 869 Rom.
1657 831 1711 869 13.
1728 828 1766 868 d.

1035 878 1190 985 Nox
1215 885 1460 937 praecessit,
1497 885 1590 927 dies
1617 891 1764 927 autem
1787 899 1859 939 ap-

1034 954 1041 962 ·”
1146 941 1475 993 propinquavit:
1490 941 1741 993 abjiciamus
1759 955 1862 993 ergo

1038 998 1175 1048 opera
1210 996 1509 1048 tenebrarum,
1555 1002 1598 1039 et
1634 998 1865 1040 induamur

1036 1065 1157 1093 arma
1176 1052 1295 1094 lucis.

1094 1119 1144 1157 I·.
1177 1118 1238 1158 br.
1282 1113 1477 1156 Ostende
1516 1114 1643 1156 nobis
1677 1115 1863 1156 Domine

1043 1174 1065 1199 *
1140 1169 1444 1211 isericordiam
1475 1175 1605 1212 tuam.
1661 1171 1866 1213 Ostende.

1045 1226 1095 1277 V.
1110 1226 1166 1267 Et
1188 1225 1380 1267 salutare
1398 1231 1522 1268 tuum
1542 1227 1598 1268 da
1616 1227 1755 1268 nobis.
1788 1227 1864 1267 Mi-

1036 1281 1333 1323 sericordiam.
1356 1283 1505 1326 Gloria
1515 1283 1644 1324 Patri.
1659 1283 1864 1324 Ostende.

1096 1341 1145 1393 V.
1173 1341 1395 1384 Memento
1429 1343 1570 1385 nostri
1601 1343 1788 1384 Domine
1821 1343 1864 1383 in

1034 1397 1315 1450 beneplacito
1344 1399 1498 1451 populi
1530 1399 1603 1440 tui.
1654 1403 1703 1454 Κ.
1723 1399 1865 1440 Visita

1035 1466 1117 1495 nos
1137 1454 1181 1494 in
1202 1454 1382 1496 salutari
1401 1460 1489 1497 tuo.

1316 1532 1384 1568 Ad
1407 1533 1590 1568 Nonam.

1097 1590 1196 1630 Ant.
1220 1591 1336 1630 Ecce
1355 1589 1511 1630 veniet.

1123 1650 1382 1702 Capitulum.
1541 1650 1665 1689 Rom.
1684 1650 1738 1688 13.
1755 1647 1792 1688 d.

1044 1707 1202 1814 Sicut
1219 1707 1262 1748 in
1288 1707 1358 1749 die
1379 1708 1563 1750 honeste
1583 1708 1864 1758 ambulemus,

1113 1776 1201 1804 non
1222 1763 1266 1804 in
1286 1764 1680 1806 comessationibus
1696 1769 1739 1805 et
1754 1764 1863 1805 ebri-

1037 1818 1237 1869 etatibus,
1257 1832 1345 1860 non
1365 1819 1409 1860 in
1429 1819 1645 1861 cubilibus
1665 1824 1709 1861 et
1726 1820 1862 1872 impu-

1037 1874 1212 1924 dicitiis,
1241 1887 1329 1916 non
1356 1875 1401 1915 in
1431 1876 1709 1917 contentione
1738 1880 1781 1917 et
1809 1888 1863 1916 ae-

1035 1930 1286 1971 mulatione:
1302 1930 1381 1971 sed
1391 1930 1619 1972 induimini
1628 1931 1865 1972 Dominum

1036 1987 1061 2027 J
1064 1999 1186 2027 esum
1205 1985 1436 2028 Christum.

1137 2083 1144 2091 .
1159 2051 1223 2093 br.
1237 2047 1377 2099 Super
1391 2052 1434 2089 te
1448 2047 1702 2098 Jerusalem,
1717 2047 1864 2088 *Orie-

1036 2107 1108 2144 tur
1170 2103 1351 2144 ominus.
1379 2103 1519 2156 Super
1538 2109 1592 2146 te.
1630 2102 1680 2155 V.
1695 2104 1753 2145 Et
1775 2103 1865 2153 glo-

1036 2158 1102 2199 ria
1134 2159 1224 2210 ejus
1257 2159 1301 2199 in
1333 2163 1377 2200 te
1410 2159 1639 2201 videbitur.
1679 2159 1864 2200 Orietur.

1043 2213 1193 2256 Gloria
1210 2214 1341 2256 Patri.
1368 2215 1509 2267 Super
1527 2220 1582 2257 te.

1093 2271 1144 2322 V.
1166 2274 1355 2317 Domine
1379 2275 1502 2317 Deus
1529 2275 1737 2317 virtutum
1766 2287 1864 2315 con-

1038 2331 1160 2371 verte
1188 2343 1280 2371 nos.
1325 2333 1375 2384 Rg.
1410 2331 1466 2373 Et
1500 2330 1683 2373 ostende
1710 2330 1866 2371 faeiem

1037 2390 1169 2436 tuam,
1191 2390 1235 2427 et
1254 2386 1365 2427 salvi
1385 2387 1555 2428 erimus.

1269 2466 1348 2507 Ad.
1366 2467 1631 2517 Vesperas.

1092 2536 1180 2570 Ant.
1208 2535 1254 2569 de
1278 2535 1414 2577 Laud.,
1445 2534 1507 2568 Ps.
1536 2534 1582 2567 de
1608 2532 1757 2566 Domin.
1781 2528 1863 2564 108.

1041 2583 1176 2627 Capit,
1201 2583 1340 2627 Hymn.
1366 2587 1402 2616 ct
1424 2577 1469 2622 Y.
1496 2586 1536 2615 ut
1561 2591 1687 2623 supra.
1707 2577 1778 2611 132.

1092 2642 1164 2682 Ad
1182 2642 1354 2691 Magnis.
1382 2641 1482 2680 Ant.
1518 2639 1582 2680 Ne
1602 2639 1756 2678 timeas
1775 2634 1864 2675 Ma-

1038 2697 1114 2744 ria,
1137 2695 1162 2720 *
1184 2694 1388 2736 invenisti
1411 2694 1526 2735 enim
1541 2692 1726 2743 gratiam
1746 2689 1867 2742 apud

1621 2820 1661 2850 10
