2040 2990
638 203 693 236 28.
719 202 951 236 Decembris.
998 201 1054 235 Ss.
1080 201 1352 234 Innocentium.

456 299 606 340 Lectio
627 298 667 337 ii.

150 351 383 458 Audiens
420 354 567 396 audivi
598 353 807 406 Ephraim
839 357 976 393 trans-

261 413 536 464 migrantem:
565 410 798 462 Castigasti
820 422 906 460 me,
933 413 978 451 et

152 468 347 511 eruditus
367 482 477 518 sum,
504 467 629 520 quasi
646 466 898 520 juvenculus
916 466 976 506 in-

153 525 360 567 domitus:
389 526 595 567 converte
618 535 704 574 me,
733 527 776 564 et
800 524 976 564 conver-

151 586 235 623 tar:
264 582 366 634 quia
389 586 438 622 tu
460 580 675 621 Dominus
698 579 819 620 Deus
843 591 978 619 meus.

151 638 393 690 Postquam
410 637 524 679 enim
542 635 797 678 convertisti
810 648 891 686 me,
910 635 978 686 egi

152 694 471 747 poenitentiam:
502 697 546 735 et
571 697 808 746 postquam
836 695 978 732 osten-

153 749 257 791 disti
283 749 405 800 mihi,
435 749 634 803 percussi
660 749 799 790 femur
815 761 978 789 meum.

153 807 370 848 Confusus
391 819 498 856 sum,
518 810 561 847 et
581 804 749 847 erubui:
775 804 980 856 quoniam

154 863 338 904 sustinui
361 862 647 916 opprobrium
670 861 978 903 adolescentiae

152 932 274 960 meae.
334 919 379 961 Si
413 919 530 960 filius
568 917 839 960 honorabilis
875 917 980 958 mihi

152 975 381 1028 Ephraim,
414 975 452 1017 si
478 988 587 1028 puer
617 975 846 1016 delicatus:
879 974 980 1025 quia

154 1044 209 1072 ex
233 1045 319 1084 quo
343 1032 517 1074 locutus
541 1045 638 1073 sum
658 1030 713 1072 de
738 1044 807 1080 eo,
836 1030 979 1072 adhuc

139 1087 420 1130 ,recordabor
441 1088 542 1140 ejus,

203 1147 254 1198 R.
282 1144 371 1186 Sub
401 1144 537 1186 altare
562 1144 646 1185 Dei
673 1143 820 1185 audivi
847 1155 980 1184 voces

154 1201 402 1242 occisorum
419 1200 670 1243 dicentium:
688 1200 711 1225 *
732 1200 877 1250 Quare
891 1211 980 1240 non

154 1257 352 1299 defendis
381 1257 635 1309 sanguinem
661 1254 883 1298 nostrum?
923 1255 980 1297 Et

154 1315 417 1367 acceperunt
463 1313 657 1355 divinum
703 1314 979 1365 responsum:

153 1370 312 1412 Adhuc
332 1370 544 1412 sustinete
560 1369 783 1411 modicum
795 1373 980 1421 tempus,

154 1426 295 1468 donec
317 1426 550 1479 impleatur
574 1429 781 1467 numerus
800 1425 981 1467 fratrum

154 1484 412 1525 vestrorum.
443 1477 494 1530 V.
512 1481 619 1524 Vidi
639 1481 720 1523 sub
740 1481 877 1523 altare
896 1482 981 1523 Dei

154 1539 320 1580 animas
338 1539 670 1581 interfectorum
687 1542 871 1591 propter
888 1551 981 1579 ver-

153 1595 259 1638 bum
280 1596 381 1646 Dei,
410 1600 454 1637 et
476 1599 660 1648 propter
682 1595 982 1636 testimonium

156 1651 275 1704 quod
293 1651 523 1703 habebant,
543 1657 587 1693 et
607 1650 855 1692 clamabant
872 1663 981 1692 voce

153 1721 321 1759 magna,
341 1708 547 1750 dicentes.
575 1709 731 1759 Quare.

451 1767 602 1808 Lectio
627 1766 682 1806 iii.

224 1823 346 1863 tatue
371 1821 452 1863 tibi
484 1820 724 1874 speculam,
757 1832 874 1873 pone
901 1818 983 1860 tibi

245 1877 571 1919 amaritudines:
600 1876 739 1927 dirige
763 1888 839 1917 cor
859 1880 983 1917 tuum

154 1934 200 1975 in
218 1934 334 1975 viam
357 1938 538 1983 rectam,
565 1933 609 1974 in
630 1945 715 1986 qua
735 1931 983 1973 ambulasti:

155 1992 375 2033 revertere
411 1990 535 2042 virgo
571 1988 725 2039 Israel,
762 1989 983 2029 revertere

157 2047 214 2089 ad
237 2047 435 2089 civitates
459 2051 557 2089 tuas
581 2045 699 2087 istas.
741 2045 982 2096 Usquequo

158 2103 324 2146 deliciis
344 2102 599 2146 dissolveris
618 2102 709 2143 filia
727 2100 859 2152 vaga?
884 2100 984 2153 quia

157 2160 322 2202 creavit
336 2160 551 2201 Dominus
571 2171 734 2200 novum
754 2170 885 2210 super
900 2161 983 2198 ter-

158 2229 267 2258 ram:
301 2217 481 2258 Femina
514 2214 801 2257 circumdabit
832 2213 984 2254 virum.

158 2273 268 2314 Haec
313 2272 419 2314 dicit
456 2272 672 2313 Dominus
717 2272 984 2312 exercituum

158 2328 279 2370 Deus
294 2329 445 2370 Israel:
464 2327 623 2370 Adhuc
641 2327 788 2368 dicent
802 2325 984 2367 verbum

158 2384 276 2427 istud
298 2385 343 2426 in
368 2390 486 2426 terra
509 2383 639 2433 Juda,
668 2388 712 2425 et
734 2383 779 2423 in
802 2381 984 2423 urbibus

160 2441 262 2491 01115,
284 2454 384 2482 011111
404 2442 664 2482 convertero
684 2438 984 2492 captivitatem

161 2498 331 2538 eorum:
370 2496 610 2539 Benedicat
644 2495 724 2538 tibi
760 2494 984 2542 Dominus,

159 2552 440 2604 pulchritudo
455 2553 640 2604 justitiae,
654 2564 782 2593 mons
797 2553 985 2592 sanctus.

218 2608 268 2660 R.
282 2608 591 2650 Adoraverunt
610 2608 828 2650 viventem
846 2606 891 2646 in
907 2607 984 2645 sae-

163 2663 259 2705 cula
281 2664 554 2715 saeculorum,
578 2663 600 2688 *
619 2664 844 2705 Mittentes
863 2662 1003 2711 coroy

161 2733 240 2761 nas
260 2732 360 2761 suas
380 2720 480 2762 ante
500 2720 705 2762 thronum
717 2717 892 2760 Domini
902 2715 987 2757 Dei

316 2862 380 2886 Pars
396 2861 529 2886 Hiemalis.

1780 198 1854 234 205

1029 294 1107 336 5111.
1140 291 1188 342 V.
1208 295 1265 336 Et
1283 294 1533 336 ceciderunt
1550 295 1594 335 in
1612 295 1852 346 conspectu

1028 351 1176 393 throni
1198 351 1243 392 in
1263 351 1396 392 facies
1416 363 1532 392 suas:
1561 355 1604 392 et
1621 349 1851 392 benedixe-

1029 412 1130 449 runt
1162 407 1381 450 viventem
1412 407 1456 448 in
1486 407 1647 448 saecula
1674 406 1853 447 saeculo-

1030 477 1138 505 rum.
1164 464 1399 506 Mittentes.
1430 463 1580 505 Gloria
1601 463 1730 504 Patri.
1757 462 1852 503 Mit-

1029 522 1182 562 tentes.

1260 586 1308 623 In
1327 585 1377 623 II.
1397 584 1618 623 Nocturno.

1028 644 1182 684 Sermo
1211 642 1350 683 sancti
1377 641 1609 692 Augustini
1636 640 1854 693 Episcopi.

1204 700 1335 733 Sermo
1363 699 1418 733 10.
1444 698 1490 731 dc
1516 697 1675 731 Sanctis.

1330 750 1480 790 Lectio
1502 749 1553 788 iv.

1038 811 1121 862 *fg-5
1131 812 1137 813 ’
1159 807 1282 857 odie,
1308 806 1464 847 fratres
1489 805 1713 855 carissimi,
1738 807 1854 846 nata-

1159 881 1160 884 *
1182 863 1269 904 lem
1296 863 1470 903 illorum
1498 862 1728 902 infantium
1756 861 1855 902 coli-

1182 933 1290 970 111115,
1310 932 1420 971 quos
1438 918 1492 960 ab
1508 917 1687 960 Herode
1707 917 1856 959 crude-

1031 978 1198 1019 lissimo
1225 989 1328 1027 rege
1357 975 1609 1017 interfectos
1635 987 1748 1023 esse,
1775 974 1856 1014 Ev-

1035 1033 1193 1085 angelii
1216 1038 1363 1075 textus
1391 1031 1622 1083 eloquitur.
1673 1031 1729 1071 Et
1756 1030 1857 1072 ideo

1034 1103 1132 1132 cum
1160 1102 1328 1131 summa
1356 1087 1647 1130 exsultatione
1670 1087 1858 1137 gaudeat

1032 1151 1159 1196 terra,
1180 1146 1423 1187 coelestium
1442 1144 1637 1192 militum,
1660 1148 1703 1185 et
1721 1145 1857 1185 tanta-

1032 1217 1129 1245 rum
1142 1215 1301 1255 parens
1316 1200 1521 1243 foecunda
1538 1201 1755 1241 virtutum.
1779 1201 1857 1240 Ec-

1034 1273 1083 1302 ce
1098 1259 1306 1312 profanus
1317 1258 1455 1299 hostis
1470 1269 1707 1308 numquam
1716 1256 1857 1298 beatis

1033 1316 1229 1369 parvulis
1257 1320 1427 1357 tantum
1454 1313 1665 1366 prodesse
1693 1314 1856 1364 potuis-

1033 1378 1101 1414 set
1113 1372 1336 1424 obsequio,
1349 1375 1558 1423 quantum
1568 1369 1731 1422 profuit
1744 1368 1857 1410 odio.

1032 1429 1158 1479 Nam,
1181 1429 1293 1470 sicut
1312 1426 1651 1468 sacratissimum
1669 1426 1858 1478 praesen-

1034 1485 1089 1526 tis
1104 1485 1191 1526 diei
1204 1485 1362 1526 festum
1376 1482 1634 1531 manifestat,
1651 1486 1859 1534 quantum

1033 1541 1077 1581 in
1096 1541 1251 1582 beatos
1270 1539 1478 1593 parvulos
1503 1538 1707 1590 iniquitas
1727 1537 1858 1579 abun-

1035 1597 1171 1648 davit,
1193 1601 1365 1638 tantum
1383 1596 1426 1636 in
1446 1596 1509 1637 eis
1528 1594 1668 1645 gratia
1685 1593 1859 1636 benedi·

1034 1654 1191 1695 ctionis
1212 1653 1384 1695 refudit.

1087 1713 1138 1764 Rl.
1149 1709 1410 1751 Effuderunt
1425 1707 1678 1758 sanguinem
1691 1707 1859 1747 sancto-

1035 1780 1131 1808 rum
1149 1766 1270 1808 velut
1290 1777 1449 1817 aquam
1471 1764 1515 1804 in
1540 1762 1721 1804 circuitu
1739 1761 1763 1802 J
1765 1764 1858 1802 eru-

1035 1823 1185 1864 salem:
1209 1825 1231 1848 *
1250 1822 1308 1863 Et
1326 1833 1415 1862 11011
1434 1823 1527 1861 0131
1548 1819 1622 1871 qui
1643 1817 1859 1870 sepeliret.

1036 1876 1087 1927 V.
1113 1879 1360 1919 Posuerunt
1394 1874 1597 1916 mortalia
1633 1875 1861 1916 servorum

1034 1936 1211 1976 tuorum
1230 1946 1353 1975 escas
1370 1930 1620 1974 volatilibus
1640 1929 1750 1979 coeli,
1770 1942 1859 1970 car-

1034 2003 1112 2032 nes
1135 1991 1388 2031 sanctorum
1410 1989 1587 2029 tuorum
1607 1986 1758 2028 bestiis
1777 1990 1860 2027 ter-

1035 2060 1108 2088 rae.
1135 2047 1202 2088 Et.

1346 2096 1497 2138 Lectio
1517 2110 1553 2135 v.

1119 2156 1217 2197 eata
1237 2167 1298 2204 es,
1326 2166 1352 2194 0
1374 2151 1630 2194 Bethlehem
1652 2155 1769 2192 terra
1789 2149 1858 2190 Ju-

1136 2210 1208 2260 da,
1233 2222 1332 2262 quae
1355 2207 1548 2251 Herodis
1573 2206 1688 2257 regis
1713 2206 1859 2247 imma-

1035 2268 1218 2309 nitatem
1242 2267 1287 2307 in
1309 2267 1548 2319 puerorum
1572 2262 1860 2304 exstinctione

1036 2325 1247 2376 perpessa
1264 2335 1324 2364 es:
1345 2334 1443 2374 quae
1463 2320 1544 2361 sub
1560 2331 1647 2360 uno
1662 2320 1860 2370 tempore

1037 2379 1317 2421 candidatam
1331 2377 1507 2431 plebem
1526 2374 1710 2417 imbellis
1726 2373 1859 2415 infan-

1036 2436 1110 2477 tiae
1138 2436 1236 2477 Deo
1270 2434 1427 2476 offerre
1460 2430 1666 2473 meruisti.
1718 2429 1859 2480 Digne

1036 2497 1182 2534 tamen
1226 2490 1416 2532 natalem
1456 2488 1629 2530 illorum
1667 2486 1859 2533 colimus,

1039 2561 1150 2600 quos
1168 2547 1340 2589 beatius
1359 2547 1534 2587 aeternae
1553 2543 1655 2584 vitae
1672 2540 1858 2583 mundus

1038 2604 1186 2653 edidit,
1207 2615 1337 2655 quam
1357 2614 1467 2654 quos
1486 2600 1781 2640 maternorum
1799 2598 1858 2637 vi-

1038 2672 1211 2701 scerum
1238 2663 1390 2711 partus
1419 2655 1582 2698 effudit.
1635 2651 1858 2705 Siquidem

1038 2720 1140 2757 ante
1178 2715 1280 2756 vitae
1316 2714 1541 2766 perpetuae
1578 2708 1727 2760 adepti
1758 2710 1858 2747 sunt

1590 2838 1654 2871 14*
