2080 2990
447 239 518 273 Dic
545 239 592 273 11.
617 239 725 272 Febr.
771 238 839 272 Bb.
862 237 934 271 VII
957 237 1076 271 Fund.
1102 236 1189 271 Ord.
1214 236 1316 270 Serv.
1342 236 1381 269 B.
1408 236 1451 269 M.
1478 236 1519 269 Y.

195 336 329 379 Filios
349 337 521 376 vestros
539 330 718 384 paribus
736 328 876 371 beatis

345 389 525 442 Ignibus
543 387 621 429 uri.

143 462 208 501 Tu
232 458 364 502 Pater
389 457 569 508 praesta,
600 451 742 494 tribue
776 455 819 492 et
846 449 959 491 Red-

449 511 630 562 emptor,

193 571 350 622 Tuque
374 566 431 609 da
448 565 592 615 nobis,
616 563 831 606 Paraclite
851 575 961 603 sum-

448 635 530 672 me,

194 682 417 734 Virginem
466 679 649 720 Matrem
698 676 860 725 colere,
911 687 963 715 ac

451 737 607 783 amare,

348 793 474 835 Flere
494 796 537 834 et
555 791 599 831 in
618 802 771 831 aevum.
800 788 951 828 Amen.

197 852 247 903 V.
267 856 400 897 Orate
418 866 500 906 pro
519 851 646 893 nobis
661 855 830 902 septem
846 848 964 889 beati

144 914 306 955 Patres.
331 912 380 963 R.
399 911 458 952 Ut
473 908 590 959 digni
610 907 847 949 efficiamur
865 917 964 957 pro-

144 967 423 1011 missienibus
443 964 614 1008 Christi.

202 1030 271 1072 Ad
298 1028 468 1079 Magnis.
511 1028 608 1066 Ant.
651 1024 730 1065 Isti
756 1027 856 1064 sunt
883 1022 966 1063 viri

146 1083 467 1133 misericerdiae,
483 1094 668 1134 quorum
680 1081 869 1132 pietates
879 1091 966 1120 non

146 1142 386 1185 defuerunt.
419 1140 574 1181 Semen
598 1139 750 1178 eorum
769 1140 812 1177 et
832 1135 968 1186 gloria

148 1201 298 1241 eorum
315 1210 403 1239 non
422 1194 755 1246 derelinquetur.

479 1258 642 1300 Oratio.

149 1313 324 1419 Deus,
346 1313 420 1366 qui
439 1311 496 1354 ad
513 1309 792 1353 recolendam
809 1310 968 1350 memo—

242 1371 352 1412 riam
368 1368 570 1411 dolerum
584 1366 868 1409 sanctissimae
882 1369 970 1406 tuae

150 1427 400 1476 Genitricis,
424 1437 504 1478 per
528 1428 697 1476 septem
718 1422 874 1464 beatos
891 1422 969 1462 Pa-

148 1491 239 1528 tres
269 1496 383 1525 nova
415 1482 648 1524 Servorum
684 1481 774 1532 ejus
811 1478 971 1520 familia

149 1540 393 1583 Ecclesiam
418 1543 539 1580 tuam
566 1535 844 1579 foecundasti:
872 1548 970 1576 con-

151 1597 259 1640 cede
276 1595 505 1650 propitius3
523 1594 585 1636 ita
602 1606 684 1635 nos
703 1594 855 1634 eerum
872 1604 970 1633 con-

151 1654 309 1697 sociari
335 1651 525 1702 fletibus,
553 1654 601 1692 ut
627 1649 901 1703 perfruamur
929 1653 972 1690 et

151 1709 336 1762 gaudiis:
362 1708 446 1759 Qui
462 1707 572 1749 vivis
591 1710 635 1748 et
652 1717 818 1756 regnas.

311 1774 395 1816 Vel
422 1773 516 1815 haec
544 1772 626 1813 alia
655 1771 817 1812 Oratio.

241 1831 384 1873 omine
406 1829 431 1870 J
433 1841 511 1870 esu
535 1827 721 1877 Christe,
749 1827 823 1879 qui
846 1826 890 1867 in
915 1827 972 1877 ju-

257 1900 356 1940 gem
377 1885 633 1927 memeriam
656 1883 860 1925 dolorum
879 1895 971 1923 san-

154 1944 359 1986 ctissimae
389 1947 478 1985 tuae
509 1940 758 1989 GenitriciS,
795 1951 875 1992 per
909 1951 972 1980 se-

153 2005 274 2053 ptem
306 1999 462 2041 beatos
493 1997 646 2039 Patres
682 2008 797 2037 nova
829 1997 972 2037 servo-

154 2070 251 2098 rum
278 2056 368 2108 ejus
395 2053 557 2096 familia
582 2052 823 2094 Ecclesiam
854 2056 974 2093 tuam

155 2111 429 2155 foecundasti:
449 2107 641 2152 concede
659 2108 785 2150 nobis
803 2107 975 2148 famulis

154 2170 258 2220 tuis,
285 2169 329 2210 in
356 2167 438 2208 hac
463 2166 739 2208 lacrimarum
764 2163 877 2206 valle
903 2163 973 2205 de-

155 2224 372 2278 gentibus3
389 2223 451 2265 ita
469 2222 664 2274 ejusdem
682 2220 975 2262 moestissimae

155 2281 307 2324 Matris
331 2280 475 2322 secios
502 2292 600 2321 cum
624 2278 731 2330 ipsis
758 2290 854 2318 esse
878 2289 975 2329 pas-

157 2339 328 2380 sienum
344 2337 389 2378 in
406 2335 545 2387 terris,
566 2339 614 2377 ut
632 2336 857 2388 perpetuae
877 2345 975 2374 con-

157 2393 383 2436 solatienis
423 2394 649 2434 consortes
684 2391 779 2432 fieri
813 2391 975 2431 merea-

158 2463 253 2492 mur
270 2451 314 2491 in
333 2449 469 2492 coelis:
488 2449 572 2499 Qui
590 2447 699 2490 vivis
719 2451 762 2489 et
780 2459 944 2498 regnas.

210 2510 253 2544 In
278 2508 466 2553 Quadrug.
492 2518 684 2544 commem.
710 2508 739 2541 F
742 2507 840 2542 crize.

312 2582 398 2624 Ad
429 2580 814 2623 matutinum.

210 2642 332 2684 Invit.
367 2642 610 2684 Mirabilem
632 2642 748 2683 Dfim
772 2641 815 2681 in
841 2639 978 2681 servis

159 2700 379 2753 Deiparae,
405 2700 428 2725 *
456 2699 615 2741 Venite
642 2697 883 2739 adoremus.

214 2754 282 2795 Ps.
301 2754 464 2806 Venite,
484 2755 758 2798 exsultemus.
777 2754 813 2794 2.

1315 331 1522 383 Hymnus.

1123 386 1306 428 raeclara
1324 390 1491 439 septem
1509 385 1669 427 lumina

1146 442 1280 484 Tusci
1298 442 1499 484 micantis
1519 441 1703 490 aetheris,

1093 499 1188 541 Vos
1206 499 1344 550 Virgo
1363 499 1503 540 Mater
1523 498 1692 547 excitat,

1093 556 1152 597 Ut
1170 555 1266 597 luce
1284 554 1470 596 mundus
1490 553 1724 607 splendeat.

1048 624 1135 662 Vos
1153 620 1276 662 labra
1293 620 1407 662 lacte
1425 619 1580 672 perlita

1092 678 1251 719 Servos
1270 677 1418 718 Mariae
1436 676 1673 725 nominant3

1092 735 1206 775 Tum
1224 733 1362 785 Virgo
1380 746 1460 774 vos
1479 732 1680 773 Senarios

1094 791 1228 833 Adire
1247 790 1382 832 colles
1406 792 1602 842 imperat.

1053 859 1141 898 Vos
1159 856 1255 908 ipsa
1272 855 1411 897 Mater
1430 854 1589 905 inclyta

1095 911 1284 954 Funebri
1302 911 1435 964 pallio
1454 910 1604 959 induit,

1093 970 1153 1011 Ut
1172 968 1370 1010 defleatis
1389 967 1569 1008 vulnera

1097 1027 1204 1076 Quae
1223 1024 1403 1078 pertulit
1423 1022 1671 1064 saevissima.

1046 1093 1143 1131 Hoc
1162 1090 1256 1142 ipsa
1276 1088 1374 1130 coeli
1394 1101 1417 1129 e
1438 1087 1623 1128 culmine

1100 1148 1232 1188 Petro
1251 1145 1415 1187 revelat
1433 1143 1622 1195 martyri,

1098 1204 1121 1244 J
1124 1203 1315 1255 ubetque
1334 1206 1497 1242 coetum
1515 1201 1740 1252 perpetem

1098 1260 1211 1300 Hinc
1228 1258 1417 1311 posteris
1437 1255 1655 1305 constitui,

1048 1325 1134 1377 Qui
1151 1323 1411 1365 famulentur
1429 1321 1592 1373 jugiter,

1098 1383 1333 1434 Ipsamque
1353 1390 1524 1430 semper
1546 1376 1736 1427 diligant,

1101 1437 1266 1485 Colant‚
1285 1437 1541 1488 propagent,
1559 1431 1797 1486 praedicent

1099 1494 1202 1546 Ejus
1222 1492 1396 1534 dolores
1415 1489 1593 1531 flebiles.

1051 1563 1221 1611 Quaeso,
1241 1557 1374 1606 duces
1393 1554 1625 1603 fortissimi,

1101 1614 1187 1656 Ah!
1206 1626 1286 1655 vos
1305 1614 1537 1663 sequamur
1556 1609 1744 1651 strenue!

1101 1671 1249 1713 Ardor
1269 1669 1482 1720 dolorque
1501 1665 1693 1708 fervidus

1102 1729 1153 1770 In
1170 1726 1395 1778 Virginem
1414 1737 1494 1765 nos
1515 1725 1739 1774 occupent.

1051 1795 1109 1835 Et
1126 1798 1184 1842 tu,
1204 1793 1392 1843 superna
1410 1788 1609 1836 Trinitas,

1101 1847 1318 1890 Perfunde
1338 1849 1487 1887 sancto
1507 1843 1676 1891 rebore‚

1104 1906 1339 1955 Vitamque
1358 1902 1424 1942 fac
1443 1913 1530 1941 non
1547 1901 1757 1951 imparem

1102 1961 1276 2003 Nostris
1295 1958 1442 2000 Beatis
1462 1956 1631 1998 ducere.
1660 1955 1810 1995 Amen.

1260 2048 1307 2087 In
1335 2048 1363 2086 I.
1391 2047 1610 2086 Nocturno.

1079 2121 1175 2159 Ant.
1199 2118 1251 2157 ln
1268 2114 1429 2156 vertice
1447 2110 1660 2153 mentium
1677 2109 1842 2162 planta-

1027 2175 1090 2216 vit
1114 2173 1282 2223 Regina
1306 2170 1547 2221 Martyrum
1576 2169 1747 2207 vineam
1774 2165 1843 2205 Ju-

1027 2232 1209 2278 storum,
1245 2227 1318 2280 qui
1345 2225 1521 2267 dolores
1549 2223 1637 2275 ejus
1667 2221 1843 2263 medita-

1026 2287 1184 2330 bantur
1204 2284 1274 2326 die
1293 2295 1343 2325 ac
1361 2285 1500 2323 nocte.

1078 2351 1138 2385 Ps.
1177 2350 1291 2384 trium
1328 2347 1609 2381 Nocturnorum
1648 2343 1694 2376 dc
1733 2342 1841 2376 Com·
1888 2373 1890 2376 ,

1027 2399 1131 2434 muni
1156 2397 1263 2433 Conf.
1288 2406 1364 2431 non
1386 2395 1493 2429 Pont.
1523 2391 1593 2436 [68]

1078 2459 1177 2499 Ant.
1204 2455 1391 2498 Domina
1416 2453 1523 2498 dixit
1548 2451 1604 2492 ad
1627 2462 1719 2491 eos:
1746 2448 1842 2490 Filii

1027 2516 1113 2557 mei
1138 2514 1242 2556 estis
1266 2525 1362 2554 vos:
1395 2508 1608 2553 exsultate
1637 2506 1737 2559 quia
1764 2518 1844 2556 ego
1889 2535 1891 2539 Α

1028 2585 1108 2615 vos
1126 2571 1264 2623 genui.

1083 2636 1181 2676 Ant.
1206 2635 1322 2676 Voce
1342 2644 1419 2674 sua
1438 2630 1494 2672 ad
1511 2628 1744 2671 Dominam
1763 2625 1845 2667 cla-

1028 2694 1266 2741 maverunt,
1282 2694 1324 2731 et
1340 2686 1560 2730 exaudivit
1574 2697 1650 2726 eos
1663 2683 1717 2725 de
1727 2694 1844 2723 mon-

1030 2755 1074 2792 te
1093 2753 1244 2790 sancto
1263 2758 1354 2788 suo.
