2080 2990
543 193 609 227 Im·
635 195 663 226 Ξ.
694 193 899 226 loc-lunarii.
947 192 986 224 In
1016 191 1283 224 l’uriticntimw:
1314 192 1349 223 13.
1376 190 1420 222 31⁴
1449 191 1487 222 Y.

160 287 504 336 eventorumque
538 283 747 325 miracula
778 283 913 325 fidem
945 286 986 324 a·

160 344 340 381 struunt.
398 341 536 390 Virgo
582 342 782 391 generat,
828 340 987 380 sterilis

158 395 292 447 parit,
329 400 476 436 mutus
511 395 725 446 loquitur,
762 394 988 436 Elisabeth

157 450 415 502 prophetat,
454 451 608 501 Magus
645 450 819 499 adorat,
860 453 987 492 utero

159 505 333 546 clausus
359 506 563 554 exsultat,
589 505 721 547 vidua
744 505 987 555 confitetur,

158 562 296 612 justus
316 564 554 614 exspectat.

213 617 554 671 R.Suse1‘piens
590 618 615 658 J
618 630 740 658 esum
780 617 824 656 in
863 616 987 657 ulnas

159 685 259 712 suas
281 673 471 722 Simeon,
496 672 770 721 exclamavit,
796 676 839 713 et
864 671 987 712 dixit:

160 733 182 756 *
198 727 267 767 Tu
286 740 333 768 es
351 740 454 768 vere
474 728 619 768 lumen
639 727 695 768 ad
713 727 987 768 illuminatio-

158 795 258 823 nem
289 783 513 832 Gentium,
552 787 595 824 et
630 782 814 833 gloriam
845 782 987 834 plebis

157 842 246 879 tuae
260 838 407 879 Isra'el.
437 836 485 887 Y.
514 838 622 879 Cum
636 837 892 879 inducerent
908 841 985 890 pu-

159 906 281 934 erum
299 894 324 934 J
327 907 449 935 esum
470 892 675 946 parentes
697 894 801 944 ejus,
826 899 869 934 et
889 894 985 945 ipse

159 950 330 1002 accepit
349 962 448 990 eum
465 950 509 989 in
523 949 647 990 ulnas
664 962 777 998 suaS,
798 954 841 989 et
857 949 986 990 bene-

160 1003 270 1045 dixit
287 1005 441 1054 Deum,
462 1009 506 1045 et
524 1004 644 1045 dixit.
673 1005 742 1044 Tu
761 1017 819 1044 es.

216 1062 373 1102 Bencd.
416 1060 548 1111 (lujus
589 1060 749 1101 festum
793 1060 986 1109 colimus,

156 1114 254 1166 ipsa
270 1115 409 1166 Virgo
429 1115 656 1165 virginum.
852 1116 854 1118 ’

445 1174 596 1212 Lectio
623 1174 701 1211 viii.

165 1254 167 1257 -
286 1225 399 1267 bene
430 1227 588 1278 justus,
626 1226 700 1277 qui
732 1238 821 1266 non
853 1238 985 1274 suam,

248 1281 327 1322 sed
346 1282 502 1334 populi
521 1282 706 1332 gratiam
725 1280 986 1332 requirebat,

159 1337 339 1388 capiens
353 1338 448 1389 ipse
464 1339 691 1389 corporeae
706 1336 890 1377 vinculis
905 1336 986 1377 fra-

158 1392 336 1442 gilitatis
356 1392 534 1441 exsolvi,
555 1392 634 1433 sed
650 1394 911 1443 exspectans
927 1392 986 1432 vi-

160 1446 264 1488 dere
278 1449 558 1499 promissum:
575 1447 741 1488 sciebat
756 1447 870 1487 enim
886 1448 988 1498 quia

158 1502 277 1544 beati
306 1503 421 1543 oculi
450 1503 525 1554 qui
552 1515 651 1543 eum
678 1501 889 1543 viderent.
929 1502 986 1543 Et

157 1558 253 1609 ipse
276 1558 448 1610 accepit
472 1571 571 1599 eum
593 1558 637 1598 in
660 1557 784 1598 ulnas
808 1570 919 1607 suas,
944 1562 988 1598 et

158 1612 383 1655 benedixit
401 1614 554 1663 Deum,
574 1618 618 1654 et
636 1612 760 1654 dixit:
778 1613 906 1653 Nunc
926 1612 986 1654 di-

157 1670 282 1718 mitte
301 1681 477 1710 servum
491 1674 614 1709 tuum
628 1668 815 1709 Domine
835 1671 986 1709 secun-

159 1722 263 1764 dum
287 1723 471 1765 verbum
495 1728 619 1765 tuum
645 1724 688 1764 in
715 1735 835 1775 pace.
871 1723 987 1764 Vide

157 1779 336 1830 justum,
381 1778 502 1825 velut
542 1781 770 1831 corporeae
809 1781 987 1819 carcere

156 1833 287 1875 molis
311 1834 545 1884 inclusum,
573 1834 685 1874 velle
712 1833 911 1882 dissolvi,
940 1839 988 1874 ut

155 1888 336 1941 incipiat
351 1902 446 1930 esse
464 1902 563 1930 cum
579 1888 764 1929 Christo.
791 1888 987 1928 Dissolvi

158 1944 288 1994 enim,
315 1949 359 1986 et
385 1957 483 1986 cum
507 1944 681 1985 Christo
709 1956 823 1993 esse,
848 1944 986 1985 multo

156 1999 311 2040 melius
332 2004 409 2041 est.

211 2057 261 2108 R.
277 2054 420 2095 Senex
438 2057 624 2107 puerum
638 2053 858 2105 portabat,
877 2067 987 2105 puer

158 2114 303 2151 autem
323 2123 472 2151 senem
490 2109 685 2160 regebat:
706 2116 726 2136 *
747 2109 887 2158 Quem
903 2109 985 2148 vir-

156 2177 213 2215 go
242 2166 461 2217 concepit,
491 2165 616 2214 virgo
645 2164 834 2216 peperit,
861 2164 985 2214 virgo

156 2225 260 2272 post
279 2226 470 2283 partum,
496 2232 626 2271 quem
645 2219 807 2269 genuit,
831 2218 985 2260 adora-

157 2276 231 2317 vit.
264 2276 313 2321 V.
341 2276 577 2328 Accipiens
601 2275 778 2315 Simeon
800 2278 987 2326 puerum

156 2331 201 2370 in
213 2330 424 2380 manibus,
439 2331 602 2382 gretias
616 2343 748 2380 agens
762 2329 986 2371 benedixit

157 2385 404 2426 Dominum.
462 2387 602 2436 Quem
647 2385 782 2435 virgo.
838 2385 986 2425 Gloria

157 2440 287 2481 Patri.
315 2441 455 2491 Quem
473 2442 609 2491 virgo.

463 2500 612 2539 Lectio
632 2500 685 2539 ix.

230 2550 286 2592 ed
318 2551 392 2602 qui
426 2550 518 2592 vult
551 2550 730 2599 dimitti,
765 2550 909 2590 veniat
941 2549 985 2589 in

246 2605 470 2657 templum,
496 2606 642 2647 veniat
665 2606 709 2645 in
732 2604 984 2653 Jerusalem,

158 2663 384 2712 exspectet
409 2660 628 2702 Christum
653 2661 846 2710 Domini,
875 2662 983 2700 acci÷
1004 2703 1007 2705 ,

1799 189 1866 223 469

1038 284 1131 336 piat
1148 283 1193 324 in
1209 284 1410 325 manibus
1425 284 1623 325 Verbum
1636 284 1730 334 Dei,
1751 297 1865 325 com-

1038 339 1257 391 plectatur
1294 339 1502 391 operibus
1538 340 1657 381 velut
1689 340 1865 391 quibus-

1040 394 1142 435 dam
1161 407 1252 435 suae
1267 394 1373 435 fidei
1386 394 1589 435 brachiis:
1607 401 1710 436 tunc
1726 394 1865 436 dimit-

1038 451 1170 499 tetur,
1198 455 1246 491 ut
1271 463 1361 490 non
1387 449 1535 491 videat
1560 456 1764 499 mortem,
1794 450 1868 501 qui

1040 505 1198 546 viderit
1234 506 1377 546 vitam.
1430 505 1568 546 Vides
1608 505 1789 547 uberem
1824 507 1867 546 in

1040 573 1192 601 omnes
1211 561 1409 610 gratiam,
1433 561 1609 601 Domini
1628 562 1866 611 generatio-

1039 629 1093 657 ne
1117 615 1334 665 diffusam‚
1364 621 1406 656 et
1431 616 1710 668 prophetiam
1732 617 1866 657 incre-

1042 671 1154 712 dulis
1173 673 1375 721 negatam
1397 684 1505 719 esse,
1524 684 1612 712 non
1628 672 1761 723 justis.
1789 673 1867 712 Ec-

1042 740 1091 768 ce
1109 732 1153 767 et
1171 727 1347 768 Simeon
1365 727 1617 779 prophetat,
1641 727 1684 766 in
1703 729 1869 768 ruinam

1042 787 1084 823 et
1108 782 1473 823 resurrectionem
1493 782 1780 834 plurimorum
1799 795 1868 823 ve-

1040 840 1156 878 nisse
1188 838 1424 878 Dominum
1455 838 1605 878 Jesum
1634 837 1870 878 Christum:

1040 898 1088 933 ut
1114 894 1325 944 justorum
1352 893 1691 943 iniquorumque
1717 893 1870 934 merita

1041 948 1276 997 discernat,
1298 953 1342 989 et
1361 961 1444 1000 pro
1464 950 1715 989 nostrorum
1737 948 1869 999 quali-

1040 1006 1132 1044 tate
1159 1004 1392 1052 factorum,
1426 1002 1555 1053 iudex
1583 1016 1712 1044 verus
1742 1009 1785 1044 et
1812 1005 1869 1055 ju-

1041 1064 1134 1100 stus
1172 1063 1246 1099 aut
1281 1058 1497 1111 supplicia
1532 1058 1759 1108 decernat,
1797 1063 1871 1099 aut

1040 1115 1232 1166 praemia.

1096 1183 1160 1219 'Fe
1178 1179 1322 1219 Deum
1339 1177 1579 1218 laudemus.
1598 1178 1657 1217 14.

1311 1263 1389 1304 Ad
1409 1262 1604 1303 Laudes

1263 1327 1307 1352 ct
1343 1330 1433 1361 per
1472 1320 1646 1353 Hortis,

1095 1379 1191 1418 Ant.
1221 1380 1245 1416 1.
1271 1380 1446 1418 Simeon
1469 1379 1605 1429 justus
1630 1379 1653 1404 *
1679 1382 1721 1418 et
1744 1377 1867 1418 timo-

1040 1438 1161 1476 ratus
1200 1433 1486 1486 exspectabat
1522 1432 1870 1484 redemptionem

1039 1491 1186 1541 Israel,
1198 1495 1241 1531 et
1253 1489 1439 1541 Spiritus
1453 1493 1628 1529 sanctus
1642 1493 1736 1530 erat
1748 1488 1792 1528 in
1805 1500 1869 1529 eo.

1096 1556 1247 1595 psalm.
1285 1554 1495 1594 Dominus
1528 1553 1737 1603 regnavit.
1771 1570 1866 1595 curn

1043 1612 1191 1660 reliqu.
1216 1611 1276 1650 15.

1094 1676 1128 1713 2.
1161 1675 1435 1725 Responsum
1458 1672 1628 1724 accepit
1647 1673 1823 1713 Simeon
1846 1674 1869 1698 *

1041 1743 1066 1771 a
1094 1729 1259 1781 Spiritu
1287 1733 1457 1776 sancto,
1485 1740 1572 1767 non
1600 1727 1794 1767 visurum
1822 1740 1869 1768 se

1039 1790 1237 1833 mortem,
1258 1783 1341 1823 nisi
1358 1782 1528 1823 videret
1546 1783 1791 1822 Dominum.

1094 1851 1128 1886 23.
1153 1847 1382 1898 Accipiens
1396 1846 1572 1886 Simeon
1587 1847 1610 1871 *
1627 1848 1812 1896 puerum
1826 1846 1869 1885 in

1040 1904 1260 1951 manibus,
1293 1902 1455 1952 gratias
1484 1913 1617 1951 agens
1646 1901 1870 1942 benedixit

1040 1959 1288 2000 Dominum.

1095 2027 1130 2063 4.
1156 2025 1320 2063 Lumen
1343 2019 1399 2061 ad
1423 2019 1735 2060 revelationem
1755 2020 1867 2060 Gen-

1039 2077 1158 2127 tium,
1171 2078 1195 2103 *
1211 2082 1254 2117 et
1268 2076 1452 2126 gloriam
1465 2074 1606 2126 plebis
1621 2079 1709 2115 tuae
1720 2075 1868 2115 Israel.

1093 2143 1129 2178 5.
1162 2139 1422 2181 Obtulerunt
1445 2141 1468 2165 *
1492 2150 1574 2190 pro
1600 2150 1652 2179 eo
1677 2138 1867 2179 Domino

1039 2208 1119 2247 par
1144 2199 1363 2236 turturum
1389 2199 1463 2235 aut
1489 2193 1601 2234 duos
1627 2193 1772 2245 pullos
1797 2206 1867 2234 co-

1039 2250 1295 2291 lumbarum.

1556 2324 1733 2363 Muluch.
1753 2326 1788 2362 53.

1122 2325 1377 2376 Capitulum.

1038 2381 1195 2485 Ecce
1221 2397 1303 2435 ego
1326 2385 1453 2426 mitto
1473 2384 1691 2433 Angelum
1710 2396 1866 2433 meum,

1133 2445 1176 2480 et
1189 2439 1457 2492 praeparabit
1470 2439 1586 2480 viam
1599 2444 1699 2479 ante
1712 2439 1867 2479 faciem

1038 2508 1191 2536 meam.
1244 2496 1302 2536 Et
1333 2495 1480 2535 statim
1506 2494 1650 2535 veniet
1678 2493 1734 2534 ad
1761 2498 1865 2534 tem-

1038 2550 1160 2601 plum
1200 2555 1398 2590 sanctum
1435 2562 1560 2589 suum
1596 2548 1865 2596 Dominetor,

1039 2617 1170 2656 quem
1188 2618 1268 2646 vos
1289 2604 1500 2655 quaeritis,
1523 2608 1567 2644 et
1585 2603 1780 2653 Angelus
1803 2607 1863 2643 te-

1038 2660 1250 2709 stamenti,
1271 2672 1401 2711 quem
1419 2671 1499 2700 vos
1519 2658 1660 2699 vultis.
