2080 2990
234 253 332 297 [240]

636 248 810 282 Officium
838 247 943 280 votix
950 256 1010 279 um
1037 245 1082 278 de
1107 243 1136 277 P
1141 254 1182 277 151
1187 243 1295 276 sione
1321 242 1363 275 Ι).
1386 239 1484 275 Ns&
1506 240 1545 274 C.

237 349 455 395 aeternam,
474 357 553 397 per
571 345 595 384 J
599 357 721 385 esum
741 343 962 385 Christum
976 343 1064 383 Do-

235 403 401 444 minum
420 405 629 442 nostrum.

290 461 339 509 Rg.
363 458 458 508 Ego
479 456 621 498 eduxi.
649 455 760 507 [239]

342 522 492 562 Lectio
519 523 570 560 iii.
801 520 959 569 (1:11³.st

318 581 394 623 uid
420 593 525 632 ergo
552 579 768 622 dicemus?
794 577 1064 632 permanebi-

345 651 442 678 mus
469 638 513 677 in
538 638 724 689 peccam
751 640 799 677 ut
825 635 967 685 gratia
992 633 1064 674 ab·

237 693 399 735 undet?
453 693 594 734 Absit.
649 692 732 742 Qui
763 691 877 732 enim
903 689 1065 730 mortui

237 763 386 791 sumus
419 751 625 813 peccato,
663 746 889 799 quomodo
921 745 1064 787 adhuc

237 806 308 847 viv
311 805 461 846 emus
451 818 494 845 m
513 803 611 845 illo?
644 803 713 843 An
731 802 943 853 ignoratis
963 801 1064 853 quia

238 861 501 913 quicumque
512 859 723 912 baptizdti
736 871 885 899 sumus
898 858 941 898 in
952 857 1065 898 Chri-

239 922 308 959 sto
327 917 352 957 J
354 929 441 966 esu
463 916 507 956 in
530 920 670 957 morte
693 914 830 967 ipsius
853 912 1065 966 baptizati

240 972 415 1014 sumus?
470 970 726 1023 Consepulti
764 970 878 1011 enim
915 981 1065 1010 sumus

239 1042 337 1070 cum
369 1028 445 1069 illo
474 1040 553 1079 per
585 1026 852 1078 baptismum
883 1025 927 1065 in
954 1037 1065 1066 mor-

237 1090 342 1126 tem:
371 1088 418 1124 ut
447 1082 670 1134 quomodo
698 1081 898 1122 Christus
927 1082 1065 1122 surre-

237 1141 300 1181 xit
327 1153 353 1181 a
379 1139 564 1181 mortuis
590 1151 669 1191 per
699 1138 885 1188 gloriam
911 1136 1065 1186 Patris,

237 1197 299 1237 ita
324 1201 368 1237 et
392 1209 474 1238 nos
500 1195 542 1235 in
570 1195 765 1236 novitate
791 1194 893 1235 vitae
918 1193 1065 1234 ambu-

236 1252 386 1293 lemus.
432 1251 477 1292 Si
505 1251 619 1292 enim
648 1249 935 1302 complantati
962 1249 1066 1290 facti

237 1321 387 1348 sumus
411 1306 682 1348 similitudini
703 1306 857 1347 mortis
882 1305 987 1356 ejus:
1014 1305 1066 1346 si-

236 1363 326 1404 mul
345 1368 389 1404 et
408 1362 741 1404 resurrectionis
761 1362 933 1403 erimus.
966 1361 1066 1402 Hoc

237 1419 444 1469 scientes,
473 1419 574 1471 quia
603 1423 729 1459 vetus
754 1418 887 1459 homo
916 1422 1067 1458 noster

238 1475 365 1516 simul
389 1475 622 1516 crucifixus
644 1478 722 1523 est,
746 1479 795 1514 ut
816 1473 1067 1515 destruatur

238 1544 399 1583 corpus
427 1531 616 1583 peccati,
652 1535 695 1572 et
722 1530 836 1571 ultra
863 1542 952 1570 non
980 1542 1067 1570 ser-

238 1587 406 1627 viamus
420 1588 619 1639 peccato.
639 1586 722 1636 Qui
739 1586 854 1626 enim
869 1587 1067 1626 mortuus

240 1647 321 1691 est,
350 1641 607 1693 justificatus
635 1646 701 1682 est
728 1654 754 1681 a
780 1643 978 1693 peccato.
1022 1641 1067 1682 Si

239 1703 385 1739 autem
404 1697 564 1738 mortui
586 1710 734 1738 sumus
759 1710 857 1738 cum
879 1696 1067 1737 Christo:

240 1752 456 1794 credimus
491 1753 591 1805 quia
625 1752 753 1794 simul
789 1753 922 1793 etiam
953 1753 1067 1794 vive-

239 1822 335 1849 mus
356 1821 455 1849 cum
474 1809 660 1850 Christo.

294 1864 341 1914 R.
367 1864 462 1915 Ego
481 1870 674 1917 propter.
701 1864 812 1916 [239]

471 1943 519 1982 In
539 1942 590 1981 ΙΙ.
609 1942 831 1981 Nocturno.

295 2007 392 2046 Ant.
422 2006 589 2048 Inimici
605 2007 703 2048 mei.

509 2070 709 2111 Psalmus
727 2071 798 2109 40.

254 2133 476 2179 ,
495 2131 569 2182 qui
590 2130 791 2181 intelligit
815 2144 948 2184 super
971 2133 1067 2181 ege-

257 2196 261 2241 1
337 2189 347 2212 ῑ’
370 2199 489 2235 num,
520 2192 564 2228 et
590 2190 846 2239 pauperem:
874 2189 898 2213 *
924 2187 969 2227 in
997 2187 1067 2228 die

256 2241 261 2253 ¹
290 2243 315 2264 4
345 2235 347 2263 1
369 2242 483 2282 111313
501 2241 704 2284 liberabit
723 2255 822 2284 eum
841 2243 1067 2284 Dominus.

222 2300 225 2301 ⁷
291 2297 507 2338 Dominus
535 2300 765 2339 conservet
793 2311 908 2347 eum,
937 2304 981 2340 et
1007 2299 1066 2339 vi-

241 2352 388 2394 vificet
413 2365 523 2402 eum,
547 2358 592 2394 et
614 2353 792 2394 beatum
815 2354 947 2395 faciat
968 2367 1067 2395 eum

241 2408 284 2448 in
310 2413 445 2449 terra:
478 2409 501 2434 *
535 2413 579 2450 et
605 2421 694 2450 non
723 2409 870 2451 tradat
897 2422 997 2451 eum
1023 2410 1067 2450 in

242 2463 430 2504 animam
458 2464 732 2506 inimicorum
760 2466 861 2515 ejus.

292 2518 506 2560 Dominus
539 2532 670 2572 opem
701 2520 812 2561 ferat
843 2521 903 2561 illi
936 2534 1069 2573 super

241 2573 402 2615 lectum
431 2573 596 2615 doloris
625 2576 735 2626 ejus:
767 2578 790 2602 *
818 2576 1067 2618 universum

242 2634 427 2693 stratum
443 2630 532 2680 ejus
550 2631 736 2672 versasti
753 2632 796 2672 in
815 2632 1068 2673 infirmitate

243 2697 344 2735 ejus.

292 2740 388 2791 Ego
408 2739 512 2782 dixi:
536 2741 723 2783 Domine
742 2741 950 2783 miserere
969 2743 1068 2784 mei:

1117 342 1140 366 *
1169 351 1275 380 sana
1308 339 1498 379 animam
1523 349 1688 389 meam,
1719 337 1821 389 quia
1847 349 1948 389 pec-

1117 395 1212 437 cavi
1239 394 1331 436 tibi.

1169 451 1341 492 Inimici
1361 450 1448 491 mei
1471 449 1675 491 dixerunt
1697 448 1813 490 mala
1829 447 1950 489 mihi:

1117 509 1140 534 *
1165 507 1352 557 Quando
1375 506 1599 554 morietur,
1623 509 1669 546 et
1690 504 1852 558 peribit
1874 516 1949 546 no·

1116 577 1217 605 men
1245 562 1359 616 ejus?

1169 620 1226 661 Et
1257 620 1294 661 si
1327 617 1655 670 ingrediebatur
1687 620 1737 658 ut
1768 615 1950 666 videret,

1117 689 1230 717 vana
1257 675 1539 727 loquebatur,
1572 674 1595 699 *
1625 686 1703 715 cor
1730 672 1821 723 eius
1849 684 1950 714 con·

1116 732 1316 783 gregavit
1343 731 1620 783 iniquitatem
1647 728 1741 771 sibi.

1169 787 1489 852 Egrediebatur
1516 786 1652 835 foraS,
1679 787 1703 811 *
1732 789 1777 851 et
1800 784 1950 838 loque-

1118 843 1278 885 batur
1267 857 1311 884 111
1330 843 1533 896 idipsum.

1172 896 1952 942 Adversummesusurreibantomnes

1119 956 1282 997 inimici
1306 955 1407 996 mei:
1432 956 1455 980 *
1481 953 1717 995 adversum
1741 965 1812 994 me
1837 952 1951 1003 cogi-

1118 1012 1272 1054 tabant
1298 1011 1414 1052 mala
1441 1010 1556 1051 mihi.

1171 1067 1371 1110 Verbum
1402 1067 1599 1118 iniquum
1634 1064 1953 1107 constituerunt

1120 1124 1355 1166 adversum
1372 1135 1457 1164 me:
1475 1123 1499 1148 *
1518 1119 1747 1174 Numquid
1763 1120 1838 1173 qui
1851 1119 1951 1162 dor-

1120 1181 1199 1221 mit
1216 1192 1305 1220 non
1325 1178 1499 1230 adjiciet
1517 1183 1566 1219 ut
1584 1175 1808 1228 resurgat?

1172 1236 1346 1277 Etenim
1364 1234 1497 1276 homo
1515 1234 1638 1287 pacis
1657 1245 1779 1282 meae,
1800 1232 1844 1273 in
1865 1244 1952 1285 quo

1121 1291 1310 1344 speravi:
1333 1291 1356 1316 *
1380 1290 1454 1343 qui
1477 1289 1638 1331 edebat
1660 1301 1798 1342 panes
1817 1300 1953 1338 meos,

1118 1347 1416 1398 magnificavit
1445 1358 1578 1399 super
1602 1358 1673 1387 me
1701 1344 1951 1415 supplanta-

1119 1404 1295 1445 tionem.

1176 1459 1247 1500 Tu
1264 1463 1410 1501 autem
1423 1458 1614 1500 Domine
1631 1457 1839 1499 miserere
1854 1456 1952 1506 mei,

1121 1521 1164 1556 et
1182 1515 1398 1556 resuscita
1410 1528 1496 1556 me:
1514 1516 1538 1542 *
1559 1519 1603 1556 01
1621 1512 1862 1555 retribuam
1879 1513 1953 1554 015.

1171 1572 1223 1611 In
1237 1571 1323 1612 hoc
1343 1570 1531 1622 cogn6vi
1551 1570 1759 1628 quonjam
1774 1568 1955 1610 voluisti

1119 1639 1209 1669 1110·
1236 1628 1259 1652 *
1289 1627 1497 1678 qu6niam
1525 1638 1614 1667 non
1640 1623 1851 1676 gaudebit
1876 1625 1953 1666 ini-

1119 1686 1258 1724 micus
1286 1695 1410 1725 meus
1439 1695 1572 1736 super
1598 1687 1680 1723 1110.
1798 1708 1807 1713 --

1172 1739 1245 1780 Μο
1273 1743 1421 1780 31110111
1447 1742 1632 1791 propter
1658 1736 1954 1779 innocentiam

1121 1795 1370 1847 suscepisti:
1397 1796 1422 1821 *
1450 1799 1494 1835 et
1518 1792 1788 1835 confirmasti
1811 1805 1883 1834 me
1907 1792 1954 1832 in

1121 1852 1363 1903 conspectu
1390 1855 1467 1892 tuo
1495 1850 1540 1890 in
1564 1851 1792 1894 veternum.

1173 1906 1440 1948 Benedictus
1454 1906 1670 1949 Dominus
1682 1905 1804 1946 Deus
1815 1903 1954 1946 Israel

1120 1975 1151 2059 Ξ
1174 1962 1339 2007 saeculo
1369 1967 1413 2004 et
1436 1974 1577 2014 usque
1603 1957 1902 2003 in‘tse'eculum:
1925 1959 1954 1987 ¹*

1154 2019 1208 2068 at,
1235 2019 1323 2060 fiat.

1175 2074 1274 2115 Ant.
1304 2074 1471 2115 Inimici
1496 2074 1584 2116 mei
1612 2073 1815 2115 dixerunt
1837 2071 1954 2113 mala

1120 2129 1239 2170 mihi:
1268 2129 1455 2180 Quando
1477 2130 1700 2179 morietur,
1724 2133 1770 2170 01
1791 2127 1954 2181 peribit

1119 2198 1281 2227 nomen
1301 2184 1416 2238 ejus?

1175 2243 1274 2283 Ant.
1303 2241 1446 2287 Alieni
1464 2241 1803 2282 insurrexerunt.

1395 2294 1595 2335 Psalmus
1614 2294 1679 2333 53.

1210 2367 1287 2395 eus
1311 2354 1361 2394 111·
1381 2353 1557 2394 1101111110
1582 2357 1659 2394 130
1687 2352 1857 2394 salvum
1879 2363 1951 2393 me

1224 2410 1309 2451 fac:
1329 2412 1353 2437 ²⁸¹
1372 2414 1416 2451 et
1443 2409 1488 2449 in
1515 2409 1677 2450 virtute
1704 2413 1782 2449 tua
1809 2407 1953 2460 judica

1120 2479 1202 2507 me.

1172 2522 1294 2563 Deus
1313 2519 1474 2562 exaudi
1493 2520 1737 2561 oraticnem
1755 2533 1913 2562 meam:
1928 2519 1952 2545 *

1121 2577 1300 2618 auribus
1318 2577 1498 2629 percipe
1517 2575 1652 2617 verba
1671 2576 1760 2617 oris
1779 2576 1877 2617 mei.

1174 2633 1391 2682 Quoniam
1442 2631 1571 2672 alieni
1622 2632 1952 2672 insurrexerunt

1122 2688 1356 2729 adversum
1369 2700 1450 2735 me,
1471 2691 1514 2727 et
1530 2686 1668 2728 fortes
1686 2687 1952 2739 quaesierunt

1121 2744 1311 2784 animam
1346 2755 1504 2784 meam:
1532 2742 1556 2768 ¹⁸¹
1585 2747 1629 2783 et
1663 2755 1752 2784 non
1788 2754 1951 2794 propo-
