2080 2990
567 240 633 272 llic
664 240 708 272 ls‘.
740 240 843 271 lffiffl‘.

895 240 1009 280 Fuga·
1040 241 1077 273 l).
1108 241 1147 273 N.
1175 241 1206 272 .1.
1234 242 1271 272 (Ι.
1301 241 1334 272 in
1365 241 1583 283 Aegyptum.

217 335 388 376 Baalim
405 335 707 385 immolabant,
734 340 779 377 et
802 335 1046 377 simulacris

217 390 533 432 sacrificabant.
569 391 626 432 Et
652 404 734 441 ego
763 392 888 444 quasi
913 394 1046 433 nutri-

216 447 308 488 cius
345 447 575 499 Ephraim,
616 447 851 499 portabam
887 460 965 488 eos
1001 447 1046 488 in

215 502 408 543 brachiis
427 503 550 543 meis:
574 508 618 544 et
635 503 895 552 nescierunt,
924 502 1046 554 quod

215 561 411 600 curarem
447 571 535 599 eos.
589 559 639 598 In
672 559 873 600 funiculis
901 558 1046 599 Adam

214 614 385 655 traham
417 627 510 663 eos,
542 614 586 655 in
618 615 803 656 vinculis
835 614 1045 656 caritatis:

215 676 259 712 et
279 683 355 711 ero
376 670 439 711 eis
460 671 585 722 quasi
602 671 799 712 exaltans
814 671 961 722 jugum
977 683 1045 711 su-

213 739 293 779 per
321 726 521 767 maxillas
550 728 717 767 eorum:
750 731 794 767 et
827 725 1045 767 declinavi

213 782 271 823 ad
290 795 405 831 eum,
424 786 473 823 ut
491 784 752 823 vesceretur.
779 781 881 823 Non
901 795 1044 823 rever-

212 840 330 879 tetur
354 838 398 878 in
422 843 584 879 terram
607 838 806 890 AEgypti‚
835 843 879 879 et
903 838 1045 879 Assur

211 894 308 947 ipse
334 907 413 935 rex
441 894 545 945 ejus:
580 894 787 946 quoniam
811 893 1045 936 noluerunt

213 950 421 992 converti.
459 950 605 1002 Coepit
630 949 803 999 gladius
827 949 871 989 in
896 950 1043 991 civita-

210 1006 330 1047 tibus
372 1007 479 1057 ejus,
525 1010 569 1046 et
610 1008 840 1046 consumet
877 1005 1043 1047 electos

212 1062 317 1113 ejus,
338 1067 381 1102 et
401 1059 604 1102 comedet
623 1061 769 1113 capita
789 1063 952 1102 eorum.
986 1063 1044 1104 Et

210 1117 402 1170 populus
417 1129 541 1158 meus
555 1116 766 1168 pendebit
781 1117 838 1158 ad
853 1116 1043 1159 reditum

209 1186 369 1214 meum:
414 1174 561 1224 jugum
601 1178 749 1214 autem
789 1173 1043 1226 imponetur

210 1229 272 1270 eis
294 1228 432 1277 simul,
453 1227 574 1280 quod
592 1241 680 1269 non
700 1229 931 1270 auferetur.

263 1286 310 1335 Ra
346 1285 466 1326 Dicit
490 1285 724 1335 Dominus‚
752 1285 973 1327 descende
998 1286 1041 1327 in

209 1342 466 1394 AEgthum:
495 1353 577 1391 ego
604 1340 870 1382 descendam
894 1347 1042 1383 tecum

207 1396 323 1438 illuc:
353 1395 372 1415 *
399 1397 457 1437 Et
492 1408 583 1454 ego*
609 1396 711 1438 inde
745 1395 964 1439 adducam
996 1404 1041 1440 te

209 1454 514 1494 revertentem.
563 1452 607 1496 δ’.
645 1453 836 1504 Surgens
873 1454 1041 1507 Joseph

209 1509 380 1561 accepit
415 1509 606 1550 Puerum
643 1514 687 1550 et
722 1510 910 1551 Matrem
948 1512 1040 1563 ejus

207 1570 349 1607 nocte.
380 1565 437 1606 Et
457 1578 551 1616 ego.

396 1624 456 1662 De
482 1621 598 1662 Isaia
621 1621 856 1674 Propheta.

312 1678 461 1717 Lectio
484 1679 522 1717 ii.
751 1682 853 1732 (lap.
879 1683 933 1721 1⁴2³.

206 1727 371 1831 Ecce
409 1733 626 1774 Dominus
663 1733 871 1775 ascendet
907 1748 1039 1788 super

314 1788 477 1829 nubem
507 1789 666 1838 levem,
699 1794 743 1831 et
768 1790 1039 1840 ingredietur

206 1844 465 1896 AEgyptum‚
494 1850 537 1886 et
563 1846 960 1887 commovebantur
985 1848 1038 1888 si-

205 1900 400 1941 mulacra
434 1901 619 1954 AEgypti
652 1915 677 1942 a
710 1902 820 1943 facie
849 1904 961 1954 eius,
994 1909 1039 1945 et

207 1967 283 1997 cor
299 1957 483 2008 AEgypti
501 1957 699 1999 tabescet
714 1959 756 1998 in
772 1959 919 1999 medio
936 1960 1038 2011 ejus.

206 2012 263 2052 Et
304 2016 566 2054 concurrere
606 2014 765 2055 faciam
801 2015 1038 2067 AEgyptios

207 2067 416 2109 adversus
452 2069 704 2122 AEgyptios:
743 2075 787 2111 et
823 2071 1039 2122 pugnabit

206 2123 271 2163 vir
307 2128 459 2165 contra
496 2124 675 2167 fratrem
710 2139 854 2175 suum,
892 2131 936 2168 et
971 2128 1039 2168 vir

207 2184 361 2220 contra
389 2182 575 2221 amicum
604 2195 745 2231 suum,
781 2183 935 2224 civitas
964 2184 1036 2225 ad-

206 2236 360 2276 versus
375 2235 608 2286 civitatem,
627 2251 809 2288 regnum
824 2238 1037 2281 adversus

207 2302 400 2341 regnum.
453 2291 511 2332 Et
548 2292 822 2345 dirumpetur
858 2296 1037 2347 spiritus

206 2346 389 2399 AEgypti
408 2346 451 2387 in
470 2347 710 2390 visceribus
735 2350 842 2401 ejus,
869 2356 912 2392 et
936 2364 1035 2393 con-

207 2402 349 2443 silium
378 2403 469 2454 ejus
498 2404 804 2456 praecipitabo:
837 2411 880 2447 et
907 2407 1036 2449 inter-

206 2457 426 2508 rogabunt
441 2459 676 2500 simulacra
696 2474 785 2509 sua,
805 2467 848 2502 et
864 2462 1036 2505 divinos

206 2526 310 2555 suos
329 2518 374 2554 et
392 2514 612 2566 pythones
629 2521 672 2557 et
687 2517 860 2558 ariolos.
881 2518 939 2559 Et
952 2524 1036 2560 tra-

207 2569 308 2610 dam
336 2570 578 2622 AEgy'ptum
609 2572 652 2612 in
679 2585 811 2614 manu
840 2573 1035 2616 domino-

207 2638 303 2666 rum
322 2625 574 2676 crudelium,
594 2633 638 2669 et
656 2641 734 2669 rex
755 2629 879 2670 fortis
900 2630 1035 2671 domi-

206 2681 380 2723 nabitur
406 2684 575 2732 eorum,
602 2684 662 2725 ait
681 2684 896 2726 Dominus
916 2686 1036 2727 Deus

207 2740 486 2779 exercituum.

1157 339 1202 388 ¹¹?-
1222 335 1319 376 Rex
1339 340 1490 377 noster
1509 335 1713 378 adveniet
1732 337 1931 379 Christus

1101 398 1121 418 *
1134 391 1274 441 Quem
1283 391 1308 431 J
1311 393 1476 433 oannes
1486 391 1747 445 praedicavit
1755 394 1932 446 Agnum

1099 459 1197 488 esse
1229 450 1472 489 venturum.
1528 445 1575 495 δ”.
1612 448 1754 501 Super
1786 449 1931 503 ipsum

1099 502 1385 544 continebunt
1403 516 1529 555 reges
1548 516 1599 545 os
1618 517 1760 554 suum,
1787 505 1932 557 ipsum

1098 563 1251 607 gentes
1272 558 1639 612 deprecabuntur.
1668 560 1819 610 Quem.

1202 637 1354 677 Lectio
1376 637 1429 675 iii.
1596 636 1698 688 Cap.
1715 638 1773 676 19.
1790 650 1823 677 c.

1147 715 1174 742 n
1203 701 1274 743 die
1301 701 1376 742 illa
1403 702 1486 742 erit
1513 702 1650 743 altare
1678 703 1856 745 Domini
1886 705 1930 745 in

1164 757 1311 799 medio
1337 762 1468 799 terrae
1487 758 1683 812 AEgYpfi,
1713 764 1757 801 et
1778 760 1931 802 titulus

1097 812 1275 854 Domini
1307 814 1426 865 juxta
1459 814 1694 855 te'rminum
1726 816 1817 867 ejus
1849 816 1932 858 erit

1096 868 1139 908 in
1164 869 1354 919 signum,
1382 874 1427 910 et
1450 869 1493 909 in
1517 870 1818 912 testimonium
1841 872 1929 914 Do-

1096 925 1215 966 mino
1241 927 1514 967 exercituum
1536 925 1581 966 in
1600 931 1718 968 terra
1736 928 1931 980 AEgypti.

1098 980 1359 1023 Clamabunt
1395 982 1510 1023 enim
1547 981 1603 1023 ad
1635 982 1873 1025 Dominum
1905 997 1931 1025 a

1096 1037 1208 1078 facie
1227 1037 1495 1087 tribulantis,
1524 1043 1568 1079 et
1590 1039 1737 1080 mittet
1760 1039 1823 1081 eis
1848 1040 1929 1081 sal-

1096 1095 1296 1134 vatorem
1333 1098 1377 1135 et
1413 1097 1809 1146 propugnatorem,
1854 1096 1930 1148 qui

1095 1148 1254 1190 liberet
1271 1162 1360 1191 eos.
1389 1150 1447 1191 Et
1467 1152 1760 1201 cognoscetur
1778 1152 1928 1193 Domi-

1095 1218 1176 1245 nus
1218 1205 1273 1247 ab
1310 1206 1523 1259 AEgypto,
1569 1211 1614 1248 et
1659 1210 1930 1259 cognoscent

1094 1261 1295 1314 AEgyptii
1322 1262 1562 1303 Dominum
1588 1262 1632 1303 in
1660 1262 1731 1305 die
1758 1263 1851 1315 illa,
1885 1269 1930 1306 et

1095 1317 1243 1359 colent
1262 1331 1362 1360 eum
1381 1319 1425 1359 in
1443 1318 1598 1360 hostiis
1618 1323 1662 1360 et
1682 1319 1726 1360 in
1743 1321 1928 1362 muneri-

1094 1372 1191 1414 bus:
1220 1379 1265 1416 et
1290 1380 1395 1417 vota
1422 1375 1648 1417 vovebunt
1666 1376 1858 1418 Domino
1885 1382 1930 1419 et

1095 1429 1280 1472 solvent.
1342 1431 1400 1472 Et
1445 1432 1666 1484 percutiet
1710 1432 1928 1475 Dominus

1093 1486 1340 1539 AEgyptum
1364 1487 1512 1540 plaga,
1543 1493 1588 1530 et
1621 1488 1796 1530 sanabit
1820 1501 1928 1541 eam,

1095 1547 1138 1583 et
1174 1545 1450 1585 revertentur
1487 1542 1545 1585 ad
1580 1544 1838 1595 Dominum,
1884 1551 1929 1588 et

1093 1597 1342 1650 placabitur
1371 1600 1452 1649 eis,
1480 1604 1524 1641 et
1551 1599 1724 1642 sanabit
1751 1613 1840 1642 eos.
1876 1601 1928 1642 In

1094 1652 1165 1695 die
1188 1654 1263 1695 illa
1289 1655 1371 1697 erit
1388 1655 1460 1697 via
1484 1654 1540 1697 de
1558 1656 1756 1709 AEgypto
1781 1657 1826 1697 in
1845 1657 1926 1698 As-

1093 1710 1251 1761 syrios,
1283 1715 1327 1752 et
1350 1711 1533 1752 intrabit
1556 1711 1769 1764 Assyrius
1793 1713 1926 1765 AEgy-

1091 1770 1232 1816 ptum,
1253 1772 1296 1808 et
1315 1767 1552 1819 AEgyptius
1570 1767 1615 1808 in
1634 1767 1859 1820 Assyrios,
1883 1773 1928 1810 et

1092 1822 1283 1863 servient
1301 1823 1502 1876 AEgyptii
1516 1823 1669 1864 Assur.
1692 1823 1744 1864 In
1763 1823 1835 1866 die
1852 1824 1927 1866 illa

1093 1877 1175 1918 erit
1198 1877 1335 1919 Israel
1358 1878 1514 1920 tertius
1532 1879 1748 1932 AEgyptio
1774 1884 1821 1921 et
1843 1881 1924 1922 As-

1092 1933 1227 1985 syrio:
1255 1933 1507 1976 benedictio
1534 1935 1579 1975 in
1605 1934 1753 1976 medio
1781 1940 1924 1986 terrae,

1091 1990 1161 2030 cui
1175 1989 1400 2032 benedixit
1410 1991 1628 2032 Dominus
1643 1993 1924 2043 exercituum,

1091 2044 1260 2087 dicens:
1287 2045 1557 2088 Benedictus
1582 2047 1775 2100 populus
1799 2061 1924 2090 meus

1090 2102 1287 2154 AEgj'thi.

1142 2164 1191 2214 Rg.
1233 2163 1350 2204 Ecce
1387 2162 1443 2205 ab
1474 2163 1640 2205 Austro
1677 2164 1807 2206 venio
1839 2177 1922 2216 ego

1090 2217 1306 2259 Dominus
1334 2219 1456 2260 Deus
1483 2223 1648 2269 vester,
1676 2220 1699 2243 *
1728 2220 1922 2263 VisitAre

1090 2286 1171 2315 vos
1199 2274 1243 2314 in
1270 2287 1392 2326 pace.
1436 2270 1485 2321 V.
1517 2274 1742 2327 Aspiciam
1770 2289 1851 2318 vos
1879 2281 1923 2318 et

1090 2331 1288 2371 crescere
1316 2329 1490 2379 faciam3
1526 2330 1922 2384 multiplicabimini

1090 2390 1134 2426 et
1167 2385 1355 2427 firmabo
1387 2390 1567 2438 pactum
1598 2400 1747 2430 meum
1779 2388 1922 2430 vobis-

1090 2454 1200 2483 cum.
1245 2442 1439 2484 Visitare
1471 2455 1562 2483 vos.
1606 2443 1760 2486 Gloria
1790 2444 1921 2486 Patri.

1089 2498 1282 2540 Visitare
1309 2512 1400 2540 vos.

1313 2574 1361 2611 In
1389 2574 1438 2611 ΙΙ.
1468 2575 1691 2614 Nocturno.

1143 2634 1239 2672 Ant.
1280 2632 1498 2683 Herodes,
1530 2634 1684 2676 videns
1713 2635 1920 2687 quoniam

1088 2688 1242 2786 ἱΙΙιῗὲιιε
1275 2694 1392 2730 esset
1424 2702 1449 2730 a
1480 2690 1639 2740 Magis,
1679 2691 1819 2733 iratus
1852 2697 1920 2734 est

1088 2757 1142 2785 va
1193 2757 1228 2786 e.
