2080 2990
406 248 477 282 Die
499 249 553 282 10.
572 249 660 282 Dec.
687 249 727 282 111
748 249 1018 283 Translatione
1037 250 1161 283 Almze
1179 251 1324 284 Domus
1346 252 1580 285 Lauretum:

1758 245 1849 291 [253]

137 347 234 385 orat
251 342 296 383 in
316 342 417 384 loco
437 343 523 384 isto
543 342 600 384 ad
617 347 662 384 te
682 356 835 385 servus
853 349 966 385 tuus.
1018 356 1077 393 65,
1102 343 1287 396 pulchra
1314 350 1362 386 ut
1388 345 1501 395 luna,
1528 345 1668 387 electa
1694 349 1743 386 ut
1771 343 1848 385 sol.

135 399 195 441 Ut
226 397 437 440 exaudias
465 398 824 451 deprecatienem
852 400 967 441 servi

133 455 214 505 tui,
236 460 280 496 et
296 454 452 507 pepuli
467 455 532 496 tui
550 455 702 504 Israel,
726 455 965 507 quodcum-

137 523 222 563 que
248 511 470 552 oraverint
493 511 537 551 in
560 510 662 552 loco
689 511 790 561 ist0;
823 516 867 553 et
894 524 964 553 ex-

136 567 289 608 3311165
326 567 370 607 111
407 567 508 608 1060
547 565 787 608 habitaculi
823 568 888 608 tui
922 568 965 608 in

136 623 268 672 coelo,
305 628 350 664 et
385 635 484 665 cum
518 622 784 673 exaudieris,
818 626 965 676 propi-

134 678 222 720 tius
241 678 338 720 eris.

188 740 237 790 R.
264 734 370 776 Vidi
394 734 641 786 speciosam
665 733 778 775 sicut
802 734 964 776 colum-

133 789 236 831 bam
273 789 583 831 ascendentem
619 789 811 842 desuper
846 791 965 831 rivos

135 848 361 897 aquarum:
381 847 502 898 cujus
520 845 838 887 inaestimabilis
854 845 966 888 odor

135 906 229 943 erat
247 902 374 943 nimis
391 902 436 942 in
454 901 726 943 vestimentis
746 903 852 954 ejus:
867 907 887 929 *
910 903 966 943 Et

134 957 247 999 sicut
265 956 360 999 dies
379 957 502 999 verni
521 956 850 999 circumdabant
870 970 966 998 eam

134 1013 268 1055 flores
290 1015 491 1055 rosarum
516 1018 559 1054 et
582 1013 671 1054 lilia
692 1013 965 1054 convallium.

135 1064 184 1115 V.
211 1070 320 1120 Quae
344 1075 411 1111 est
435 1069 518 1111 ista
545 1082 644 1121 quae
665 1069 861 1111 ascendit
885 1082 965 1122 per

135 1124 357 1167 desertum
402 1125 514 1167 sicut
550 1125 719 1175 virgula
760 1125 866 1166 fumi
911 1138 966 1166 ex

135 1181 404 1223 aromatibus
423 1181 613 1233 myrrhae
638 1185 682 1222 et
703 1180 865 1222 thuris?
899 1182 965 1222 Et.

444 1239 595 1280 Lectio
615 1241 652 1279 ii.

134 1288 217 1396 Si
263 1293 423 1344 fagerit
466 1293 657 1346 pepulus
693 1298 794 1334 tuus
828 1293 966 1333 Israel

224 1349 424 1390 inimicos
460 1362 581 1399 suos,
617 1349 734 1401 (quia
761 1352 964 1401 peccata-

134 1417 208 1446 rus
236 1410 304 1446 est
330 1404 440 1456 tibi),
473 1411 517 1447 et
545 1407 724 1456 agentes
752 1404 964 1456 poeniten-

133 1461 255 1511 tiam,
301 1466 346 1503 et
383 1461 642 1507 confitentes
676 1460 841 1501 nemini
876 1466 965 1510 tuo,

133 1517 347 1568 venerint,
384 1522 429 1559 et
457 1517 696 1566 oraverint,
734 1522 778 1557 et
811 1516 964 1569 depre-

134 1573 221 1615 cati
248 1578 293 1615 te
326 1573 487 1615 ffierint
519 1574 563 1613 in
597 1573 731 1614 domo
759 1572 856 1613 hac:
894 1585 964 1613 ex-

134 1628 237 1671 aadi
256 1629 301 1670 in
320 1629 452 1679 coelo,
481 1634 526 1670 et
545 1628 714 1670 dimitte
732 1630 966 1681 peccatum

132 1685 289 1738 populi
313 1686 378 1727 tui
403 1685 558 1735 Israel,
591 1690 635 1726 et
667 1684 854 1726 reduces
887 1697 965 1725 eos

133 1741 176 1781 in
203 1746 381 1791 terram,
415 1754 547 1794 quam
574 1740 735 1783 dedisti
763 1739 965 1793 patribus

133 1798 297 1838 earum.
337 1797 382 1839 Si
411 1797 607 1838 clausum
634 1796 765 1837 fuerit
793 1795 964 1845 coelum,

133 1857 178 1894 et
223 1865 312 1894 non
356 1853 518 1906 pluerit
556 1858 740 1905 propter
780 1854 965 1904 peccata

133 1910 306 1958 60111111,
348 1915 392 1952 61
432 1911 609 1957 01311165
645 1908 689 1948 111
724 1908 825 1949 1060
866 1907 965 1957 1510,

132 1964 436 2017 poenitentiam
473 1965 638 2015 egerint
674 1963 839 2005 nemini
875 1969 965 2013 tuo,

133 2026 177 2062 et
205 2034 230 2062 a
257 2021 452 2074 peccatis
474 2021 565 2062 suis
585 2020 787 2062 conversi
805 2019 965 2061 fuerint

132 2082 317 2130 propter
335 2077 618 2119 afflictienem
639 2088 777 2117 suam:
805 2075 966 2117 exaudi

133 2145 211 2174 eos
245 2133 290 2173 in
324 2133 456 2183 coelo,
494 2138 538 2174 et
575 2132 745 2174 dimitte
778 2133 964 2184 peccata

132 2191 360 2230 servorum
396 2191 590 2238 tuorum,
631 2193 675 2230 et
710 2187 866 2240 populi
899 2188 964 2229 tui

131 2245 284 2286 Israel:
327 2250 371 2287 et
413 2243 597 2286 ostende
635 2244 698 2285 eis
734 2244 850 2284 viam
886 2242 962 2284 bo-

131 2313 246 2350 nam,
283 2313 364 2353 per
396 2313 527 2353 quam
560 2299 797 2349 ambulent,
836 2304 878 2340 et
907 2298 964 2340 da

130 2355 325 2408 pluviam
344 2369 478 2409 super
495 2361 658 2398 terram
676 2360 812 2405 tuam,
833 2367 963 2406 quam

132 2411 293 2453 dedisti
326 2412 496 2465 populo
530 2417 608 2453 tuo
643 2411 686 2451 in
720 2411 962 2463 possessio-

131 2479 240 2509 nem.

187 2530 238 2579 R.
267 2523 377 2573 Quae
412 2527 479 2565 est
512 2523 597 2565 ista
633 2536 731 2575 quae
766 2520 963 2563 ascendit

131 2579 243 2621 sicut
269 2581 428 2620 aurora
455 2582 740 2630 consurgens,
779 2578 963 2630 pulchra

131 2640 179 2676 ut
203 2635 321 2684 luna,
349 2635 490 2677 electa
516 2640 564 2676 ut
591 2635 673 2685 sol,
697 2637 718 2659 *
736 2633 962 2675 Terribilis

131 2695 179 2731 ut
199 2693 444 2732 castrorum
461 2691 579 2732 acies
598 2690 820 2732 ordinata?
838 2685 888 2736 V.
903 2690 964 2730 Fi-

130 2746 188 2789 lia
218 2746 338 2797 Sion,
374 2752 469 2789 tota
505 2747 699 2789 formasa
735 2752 778 2788 et
814 2745 962 2802 suavis

1018 399 1259 441 Terribilis.

1322 446 1472 487 Lectio
1493 448 1547 487 iii.

1021 496 1103 603 Si
1123 498 1220 550 quis
1239 499 1494 549 cogneverit
1512 499 1687 551 plagam
1703 498 1849 540 cordis

1109 554 1191 604 sui,
1218 559 1262 596 et
1287 554 1546 606 expanderit
1570 568 1723 596 manus
1746 567 1848 596 suas

1018 609 1063 649 in
1083 609 1215 651 domo
1235 610 1334 660 hac,
1362 615 1411 651 tu
1437 610 1645 652 exaudies
1667 611 1710 651 in
1734 610 1848 652 coelo

1017 665 1061 705 in
1080 665 1181 707 loco
1202 665 1484 707 habitationis
1503 671 1606 715 tuae,
1633 672 1676 707 et
1699 679 1847 718 repro-

1017 721 1262 774 pitiaberis,
1291 726 1335 763 et
1359 722 1493 763 facies
1516 726 1564 763 ut
1586 721 1664 763 des
1687 722 1848 763 unicui-

1020 790 1105 829 que
1143 777 1386 819 secundum
1423 790 1574 819 omnes
1607 778 1702 820 vias
1737 790 1849 827 51135,

1019 833 1130 874 516111
1150 832 1313 875 videris
1333 846 1410 875 cor
1430 834 1536 885 ejus,
1564 834 1681 884 (quia
1704 839 1751 875 tu
1774 846 1847 874 no-

1018 889 1074 930 sti
1093 888 1214 930 solus
1239 902 1316 930 cor
1340 889 1534 930 omnium
1559 889 1749 930 filierum
1773 888 1847 930 11ό-
1895 928 1896 931 ,

1017 945 1212 995 11111111111),
1237 949 1287 986 111
1307 947 1489 986 timeant
1507 950 1551 986 te
1572 945 1740 986 cunctis
1761 944 1847 986 die-

1017 999 1100 1042 bus
1144 1000 1302 1052 quibus
1338 1001 1490 1042 vivunt
1527 1013 1659 1053 super
1694 1000 1849 1042 faciem

1017 1061 1162 1105 terrae,
1197 1069 1327 1108 quam
1355 1055 1517 1098 dedisti
1543 1056 1745 1109 patribus
1773 1069 1846 1097 no-

1018 1112 1130 1153 stris.
1183 1113 1370 1165 Insuper
1404 1117 1448 1154 et
1481 1112 1739 1163 alienigena,
1776 1113 1849 1164 qui

1017 1180 1105 1209 non
1152 1172 1219 1209 est
1266 1167 1322 1209 de
1367 1168 1536 1221 pepulo
1577 1174 1655 1209 tuo
1696 1168 1849 1218 Israel,

1019 1236 1118 1264 cum
1158 1224 1326 1265 venerit
1366 1223 1421 1265 de
1457 1229 1576 1265 terra
1611 1224 1849 1275 longinqua

1018 1284 1203 1331 propter
1253 1292 1411 1321 nomen
1461 1285 1586 1321 tuum
1633 1279 1849 1329 (audietur

1019 1335 1133 1376 enim
1174 1347 1332 1376 nomen
1372 1340 1496 1377 tuum
1537 1348 1758 1385 magnum,
1805 1339 1849 1376 et

1017 1404 1171 1432 manus
1199 1396 1275 1432 tua
1301 1391 1443 1441 fortis,
1472 1396 1516 1433 et
1538 1390 1766 1432 brachium
1784 1396 1848 1432 111-

1018 1460 1091 1487 11111
1119 1449 1345 1488 extentum
1371 1447 1567 1499 ubique),
1596 1460 1695 1488 cum
1722 1448 1848 1487 vene-

1017 1503 1073 1544 rit
1100 1515 1221 1553 6180,
1259 1508 1302 1544 61
1335 1503 1527 1544 oraverit
1553 1503 1597 1543 in
1624 1502 1710 1543 hoc
1738 1502 1849 1551 1060,

1016 1564 1065 1600 111
1106 1558 1315 1600 exaudies
1356 1559 1399 1599 in
1441 1559 1572 1608 coelo,
1622 1558 1665 1598 in
1706 1558 1847 1599 firma-

1018 1616 1167 1656 mento
1212 1614 1450 1656 habitaculi
1494 1614 1575 1665 tui,
1627 1619 1671 1655 et
1715 1614 1849 1655 facies

1019 1671 1178 1720 omnia,
1209 1683 1292 1723 pro
1322 1670 1480 1722 quibus
1507 1670 1778 1711 invocaverit
1805 1674 1849 1711 16

1018 1726 1274 1777 alienigena:
1301 1732 1349 1768 ut
1373 1725 1544 1768 discant
1563 1726 1754 1766 universi
1773 1727 1848 1776 pe-

1017 1782 1109 1835 puli
1127 1784 1345 1824 terrarum
1362 1794 1523 1823 nomen
1543 1787 1667 1823 tuum
1685 1781 1849 1829 timere,

1019 1839 1132 1880 sicut
1158 1838 1352 1890 populus
1379 1843 1480 1879 tuus
1500 1837 1652 1886 Israel,
1682 1841 1726 1878 et
1749 1849 1848 1888 pro-

1018 1894 1124 1935 bent
1153 1894 1254 1945 quia
1278 1905 1437 1934 nomen
1457 1898 1580 1934 tuum
1598 1892 1849 1933 invocatum

1018 1955 1086 1991 est
1104 1961 1237 2002 super
1257 1948 1438 1990 domum
1456 1948 1579 1989 hanc.

1070 2011 1121 2060 Ru
1157 2006 1267 2055 Quae
1296 2008 1363 2045 est
1389 2004 1475 2045 ista
1503 2016 1602 2055 quae
1630 2004 1849 2056 processit
1895 2027 1897 2030 <

1018 2061 1130 2103 sicut
1150 2060 1232 2110 sol,
1261 2065 1305 2102 et
1324 2060 1519 2101 formosa
1536 2064 1762 2111 tamquam
1781 2060 1805 2100 J
1808 2072 1848 2101 e·
1894 2088 1897 2090 -

1018 2115 1231 2158 rusalem?
1244 2123 1265 2144 *
1276 2115 1494 2157 Viderunt
1509 2128 1606 2157 eam
1621 2116 1724 2156 filiae
1735 2115 1850 2164 Sion,

1018 2178 1062 2214 et
1079 2173 1256 2214 beatam
1276 2171 1492 2222 dixerunt,
1517 2177 1561 2213 et
1578 2174 1742 2222 reginae
1760 2171 1848 2212 1311-

1018 2227 1231 2270 daverunt
1265 2241 1373 2269 eam.
1435 2226 1482 2276 V.
1519 2228 1578 2269 Et
1611 2228 1723 2269 sicut
1755 2226 1849 2268 dies

1017 2285 1139 2326 verni
1164 2282 1494 2326 circumdabant
1514 2297 1611 2325 eam
1630 2284 1762 2324 flores
1781 2295 1847 2323 ro-

1018 2342 1165 2381 sarum
1197 2345 1241 2381 et
1272 2339 1363 2380 lilia
1395 2339 1669 2381 convallium.
1716 2337 1846 2379 Vide-

1017 2401 1127 2437 runt.
1157 2395 1310 2437 Gloria
1328 2395 1458 2436 Patri.
1485 2393 1713 2436 Viderunt.

1251 2466 1300 2504 In
1320 2466 1370 2504 II.
1390 2465 1611 2504 Nocturno.

1071 2525 1170 2565 Ant.
1206 2520 1375 2564 Diffusa
1399 2524 1466 2560 est
1490 2518 1630 2569 gratia
1654 2519 1697 2558 in
1721 2518 1849 2559 labiis

1016 2577 1118 2626 tuis;
1145 2578 1383 2629 propterea
1407 2573 1632 2616 benedixit
1657 2578 1701 2614 te
1727 2574 1846 2614 Deus

1017 2634 1060 2673 in
1080 2634 1306 2682 aeternum,
1333 2636 1377 2672 et
1397 2631 1441 2670 in
1461 2629 1669 2670 saeculum
1689 2628 1847 2669 saeculi.

1071 2691 1170 2730 Ant.
1197 2686 1495 2730 sanctificavit
1520 2684 1848 2727 tabernaculum

1016 2758 1143 2786 suum
1162 2743 1424 2785 Altissimus.
