2040 2990
692 187 869 221 Rubricae
893 189 1090 230 generales
1116 189 1313 224 Breviurii.

1724 195 1850 229 xxxiii

205 283 229 309 5.
248 283 281 309 In
297 283 452 317 Epiphania
467 284 587 317 Domini,
606 289 634 312 et
650 293 700 319 per
716 285 857 318 Octavam,
875 285 904 312 in
922 286 977 312 fine

156 321 279 348 omnium
291 322 468 356 Hymnorum
482 323 674 358 dicimndcsu.
695 329 742 354 tibi
759 329 792 354 sit
807 329 901 361 gloria.
918 330 969 361 Qui

151 364 301 397 apparuisti
321 363 464 390 Gentibus.

205 405 228 430 6.
251 403 278 430 Α
296 405 442 432 Dominica
460 406 489 432 in
506 406 588 433 Albis
607 415 696 441 usque
715 407 751 433 ad
769 406 976 441 Ascensionem,

153 442 182 470 in
200 443 372 478 Pentecoste,
390 447 417 471 et
434 452 485 478 per
500 445 642 479 Octavam,
660 446 689 472 in
707 446 762 473 fine
780 447 904 474 omnium
919 447 976 481 Hy-

154 489 283 509 mnorum
302 482 470 512 diciturDcn
494 488 565 513 Patri
586 488 619 512 sit
639 488 731 518 ghssria.
755 490 786 514 lit
804 489 871 514 Filio
891 490 936 522 qui
956 498 970 514 a

150 525 277 557 mortuis3
302 522 386 548 etiam
402 522 430 548 in
447 523 536 550 Festis
554 523 716 550 Sanctorum
737 524 834 550 eodem
852 527 976 559 tempore

154 560 283 587 Paschali
305 562 520 596 occurrentium;
543 562 694 589 dummodo
713 563 817 596 Hymni
836 563 891 590 sint
909 564 977 597 ejus-

153 599 216 626 dem
234 599 322 634 metri,
341 608 392 627 nec
410 600 530 628 habeant
548 601 675 628 ultimum
693 609 806 628 versum
823 603 976 636 proprium,

153 638 201 672 qui
218 646 275 665 non
292 642 424 673 mutatur,
442 643 474 666 ut
492 648 585 674 supra.

204 682 227 709 7.
255 682 287 709 In
306 682 476 710 Ascensione
492 687 595 710 >autem
621 692 711 718 usque
737 685 773 711 ad
792 685 975 712 Pentecosten

153 723 351 756 (praeterquam
367 722 397 748 in
410 722 523 756 Hymno
532 727 634 752 Salutis
654 728 781 753 huminae
798 730 851 753 &m
858 725 894 756 r)
911 724 975 750 diel-

152 763 199 787 tur
211 764 286 793 Jesu
306 765 354 790 tibi
373 766 434 790 sit
426 766 469 797 0151
465 767 519 793 ›ria
539 767 590 798 Oui
612 775 634 790 xi
632 772 698 791 ntor
718 767 742 791 iu
763 776 784 792 c
780 769 864 793 ulum
884 768 968 794 redis:

151 799 277 826 similiter
294 799 377 826 etiam
394 801 423 826 in
441 800 530 827 Festis
547 804 615 828 tunc
632 802 847 829 occurrentibus.

202 843 226 869 8.
246 843 279 869 In
299 843 555 878 Transfiguratione
574 845 686 871 Domini
706 845 807 872 dicitur
819 852 898 880 dcsu
919 852 967 876 tibi

147 887 180 911 sit
199 885 293 918 υΙότῐ..ι
314 888 365 918 Qu]
382 892 408 913 te
425 888 531 914 rexela
549 889 679 928 nfirxulis
715 884 787 910 Aliis
803 884 974 918 temporibus

150 905 333 948 terminantur
351 921 464 955 Hymni,
482 925 512 948 ut
531 922 588 949 suis
606 922 674 950 locis
691 923 811 958 ponitur.

362 1002 455 1034 ΧΧῙ-
473 1008 522 1038 Dc
548 1008 755 1047 Antiphonis.

190 1061 208 1087 d
222 1069 317 1088 omnes
332 1061 424 1088 Horas
439 1065 597 1095 nocturnas,
616 1065 643 1089 et
657 1062 771 1089 diurnas
786 1070 896 1097 semper
910 1071 973 1090 cum

148 1069 189 1128 Χ
215 1100 333 1127 Psalmis
347 1100 477 1127 dicuntur
486 1101 664 1135 Antiphonae,
677 1101 722 1128 vel
736 1109 799 1135 una,
814 1102 858 1129 vel
871 1102 973 1136 plures,

150 1147 201 1174 pro
220 1139 380 1166 diversitate
399 1140 499 1174 Officii,
517 1143 544 1167 et
562 1141 711 1168 Horarum.

202 1184 225 1210 2.
243 1183 273 1211 Si
291 1183 326 1210 de
343 1187 468 1218 tempore
487 1184 536 1211 fiat
555 1184 694 1219 Officium,
712 1185 741 1211 id
759 1188 809 1219 est,
828 1186 863 1212 de
878 1186 973 1212 Domi-

149 1223 219 1256 nica,
237 1226 286 1250 aut
300 1223 388 1256 Feria,
407 1223 537 1250 dicuntur
550 1223 719 1258 Antiphonae
738 1227 769 1251 ut
786 1225 814 1251 ιιι
828 1225 973 1258 Psalterio,

149 1270 213 1296 quae
231 1269 295 1289 cum
314 1262 433 1288 Psalmis
455 1262 554 1297 positae
576 1262 604 1289 in
622 1263 754 1297 Vesperis
773 1264 927 1291 Dominicae
946 1267 973 1291 et

150 1301 306 1335 Feriarum,
332 1301 360 1327 in
383 1301 583 1336 Completorio,
610 1305 637 1328 et
658 1302 686 1328 in
706 1303 856 1330 Nocturnis
879 1303 973 1336 (etiam

149 1339 262 1374 quando
283 1340 313 1367 fit
333 1340 463 1368 Officium
483 1341 519 1368 de
537 1341 619 1368 Festo
642 1341 726 1368 trium
744 1342 921 1375 Lectionum,
944 1342 973 1368 id

149 1382 205 1412 est,
231 1379 380 1414 Simplici),
405 1387 559 1414 numquam
583 1384 740 1414 mutantur,
768 1381 820 1407 nisi
848 1384 973 1415 tempore

148 1418 285 1452 Paschali,
304 1418 334 1444 in
347 1426 403 1452 quo
418 1418 519 1445 dicitur
531 1427 587 1446 una
602 1422 711 1446 tantum
724 1419 886 1454 Antiphona
894 1424 964 1449 Ajle-

144 1461 213 1494 lfija3
240 1460 355 1491 excepto
378 1457 460 1484 etiam
482 1461 607 1492 tempore
626 1458 789 1491 Adventus,
812 1459 840 1485 in
860 1467 915 1493 quo
935 1458 971 1485 ad

148 1495 301 1530 Vesperas,
327 1499 355 1523 et
376 1497 534 1524 Nocturnos
556 1497 711 1524 Dominicae
733 1502 876 1532 ponuntur
892 1498 971 1524 Anti-

147 1534 248 1568 phonae
265 1535 459 1569 propriae.1n
472 1535 625 1569 Laudibus,
645 1539 671 1563 et
689 1537 749 1564 aliis
762 1537 848 1564 Horis
864 1540 971 1564 mutan-

147 1576 194 1600 tur
205 1581 257 1608 pro
271 1573 432 1602 diversitate
445 1578 611 1609 temporum,
623 1579 655 1602 ut
668 1576 697 1602 ιιι
710 1577 828 1610 Proprio
843 1576 878 1603 de
891 1577 971 1603 Tem-

146 1620 214 1647 pore
232 1603 382 1640 habentur:
404 1621 468 1640 cum
486 1622 553 1641 vero
572 1623 629 1642 non
647 1616 824 1649 assignantur
840 1615 970 1650 propriae,

146 1659 255 1686 semper
273 1652 403 1679 dicuntur
421 1661 485 1687 quae
502 1653 602 1687 positae
621 1658 686 1681 sunt
703 1654 731 1680 in
750 1655 895 1682 Psalterio.

197 1695 221 1722 3.
241 1695 423 1730 Antiphonae,
444 1705 508 1730 quae
525 1697 555 1724 in
571 1697 690 1732 Proprio
709 1698 743 1725 de
763 1698 901 1732 Tempore
918 1706 970 1733 pro

146 1733 276 1762 Sabbatis
298 1738 441 1769 ponuntur
458 1736 496 1763 ad
511 1739 667 1772 Magnifieut
693 1745 744 1772 pro
766 1737 856 1772 prima
875 1738 969 1765 Domi-

145 1773 208 1800 nica
225 1773 340 1808 alicujus
353 1774 463 1808 mensis,
482 1775 624 1802 sumendae
640 1779 705 1803 sunt
718 1784 753 1803 ex
768 1784 801 1803 ea
815 1777 969 1810 Dominica‚

145 1820 209 1846 quae
221 1816 264 1840 est
276 1813 431 1848 proximior
439 1814 582 1848 Kalendis,
596 1815 641 1841 vel
654 1819 696 1842 est
709 1815 739 1842 ιιι
748 1816 882 1843 Kalendis
896 1816 969 1843 illius

144 1852 260 1886 mensis3
278 1855 309 1878 ut
327 1852 431 1879 dictum
449 1857 491 1880 est
509 1861 595 1888 supra
612 1854 641 1880 in
654 1854 778 1882 Rubrica
795 1855 830 1882 de
845 1855 969 1882 Domini-

144 1890 192 1924 cis,
210 1898 243 1918 ac
260 1891 343 1918 etiam
361 1891 389 1918 ιιι
404 1892 528 1919 Rubrica
545 1893 648 1920 mensis
662 1893 796 1928 Augusti,
815 1897 842 1921 et
860 1902 970 1928 semper

144 1929 174 1956 in
195 1929 318 1958 Sabbato
340 1930 454 1964 ponitur
473 1931 635 1967 Antiphona
657 1933 693 1960 ad
708 1935 878 1967 Magnitieat,
905 1941 969 1968 quae

143 1969 273 2003 contigua
292 1973 334 1996 cst
356 1969 428 1996 libro
446 1970 598 2005 Scripturae
619 1971 649 1998 in
666 1972 813 1999 Dominica
830 1973 967 2007 ponendo.

193 2013 218 2039 4.
232 2013 265 2039 In
278 2013 367 2040 Festis
380 2021 481 2040 novem
494 2014 659 2042 Lectionum
673 2015 710 2042 ad
722 2016 859 2050 Vesperas
875 2017 967 2044 dicun-

143 2054 190 2078 tur
198 2051 368 2086 Antiphonae
382 2052 417 2079 de
430 2053 582 2088 Laudibus,
596 2054 650 2080 nisi
663 2055 784 2089 propriae
799 2055 828 2082 in
838 2056 968 2090 Vesperis

143 2090 325 2125 assignentur.
361 2091 408 2118 Ad
426 2092 519 2118 Horas
537 2092 674 2127 similiter,
692 2097 749 2120 tam
767 2094 795 2120 in
814 2094 914 2121 Officio
933 2094 968 2121 de

145 2130 295 2164 Tempore,
318 2138 402 2164 quam
422 2131 458 2157 de
475 2131 595 2163 Sanctis,
617 2133 729 2166 quando
749 2133 887 2160 habentur
905 2141 968 2168 pro—

142 2169 211 2202 priae
231 2169 260 2196 in
278 2169 435 2204 Laudibus,
457 2174 485 2196 et
506 2171 568 2197 aliae
590 2171 711 2205 propriae
733 2180 789 2198 non
810 2172 912 2199 fuerint
931 2172 968 2199 ad

142 2207 244 2242 Horas,
263 2212 412 2235 sumuntur
429 2217 464 2236 ex
482 2209 635 2243 Laudibus,
655 2214 756 2244 quarta
771 2212 966 2245 praetermissa,

141 2246 195 2272 hoc
207 2247 316 2274 ordine:
326 2247 373 2274 Ad
383 2248 514 2282 Primam,
526 2249 629 2283 prima,
643 2249 679 2275 ad
690 2250 821 2284 Tertiam,
833 2251 966 2284 secunda;

144 2285 181 2311 ad
198 2285 318 2319 Sextum,
337 2287 431 2322 tertia3
450 2287 484 2313 ad
504 2288 622 2321 Nonam,
641 2288 745 2322 quinta.

177 2329 201 2355 5.
216 2329 249 2355 In
258 2329 345 2356 Feriis
354 2330 509 2364 Adventus,
524 2339 587 2365 quae
600 2339 657 2358 non
666 2332 769 2358 habent
783 2332 812 2358 ιιι
821 2332 966 2358 Laudibus

142 2366 317 2401 Antiphonas
332 2369 474 2403 proprias,
493 2374 641 2397 sumuntur
658 2371 694 2397 ad
708 2371 800 2397 Horas
814 2379 849 2397 ex
864 2371 965 2397 Laudi-

141 2406 194 2433 bus
204 2407 358 2434 Dominicae
367 2408 557 2441 praecedentis.
577 2409 633 2436 Ubi
642 2417 710 2436 vero
723 2410 753 2436 in
763 2410 907 2436 Laudibus
917 2410 965 2436 Fe—

141 2445 245 2472 riarum
260 2446 363 2473 fuerint
377 2447 505 2481 propriae,
522 2452 670 2475 sumuntur
683 2457 717 2475 ex
731 2449 798 2482 ipsis
811 2449 963 2475 Laudibus.

175 2485 198 2511 6.
219 2485 357 2519 Tempore
370 2486 505 2519 Paschali‚
523 2487 551 2513 ιιι
567 2487 667 2514 Officio
682 2490 738 2514 tam
752 2495 861 2520 novem,
879 2495 963 2521 quam

141 2523 224 2550 trium
243 2524 414 2558 Lectionum,
433 2525 538 2552 Psalmi
555 2526 701 2559 cujuslibet
718 2527 853 2553 Nocturni
871 2527 963 2553 dicun-

141 2565 187 2588 tur
204 2563 256 2589 sub
274 2563 356 2590 unica
373 2563 547 2598 Antiphona,
571 2573 634 2598 quae
652 2565 752 2592 Officio
770 2566 911 2599 convenit,
934 2570 964 2592 ut

141 2600 199 2627 suis
215 2601 283 2628 locis
300 2603 425 2636 ponitur:
444 2606 471 2629 et
487 2603 516 2629 in
530 2603 585 2630 fine
602 2604 725 2631 omnium
738 2604 962 2638 Antiphonarum

141 2639 258 2666 additur.
273 2643 404 2675 Alleluia,
434 2642 546 2675 quando
569 2643 597 2669 in
620 2643 674 2669 illis
697 2651 752 2669 non
775 2644 899 2670 habetur.
937 2643 962 2669 A

141 2677 349 2712 Septuagesima
370 2688 460 2714 usque
484 2681 520 2707 ad
540 2682 659 2715 Pascha,
685 2683 732 2708 ubi
753 2683 871 2709 habetur
887 2682 955 2708 Allcr
973 2707 977 2711 ,

138 2719 203 2751 luja,
222 2721 341 2752 tacetur,
359 2727 450 2754 neque
468 2720 543 2747 aliud
562 2721 620 2754 ejus
638 2721 699 2748 loeo
718 2721 827 2748 dicitur.

294 2844 357 2868 Pars
373 2843 505 2869 Eiemalis.

1080 287 1102 313 7.
1122 287 1155 312 In
1168 287 1333 320 Duplicibus
1347 288 1383 314 ad
1396 288 1541 322 Vesperas,
1557 289 1723 315 Matutinum
1737 292 1765 316 et
1778 290 1850 316 Lau-

1028 325 1077 352 des
1096 328 1215 359 tantum,
1237 326 1407 360 Antiphonae
1426 327 1554 354 dicuntur
1577 331 1640 354 ante
1657 328 1786 355 Psalmos
1806 328 1851 354 vel

1028 364 1143 391 Cantica
1157 365 1278 398 integrae,
1295 369 1322 391 et
1335 369 1399 400 post
1413 366 1539 393 Psalmos
1553 367 1597 393 vel
1610 367 1723 394 Cantica
1736 367 1850 401 integrae

1027 407 1202 437 repetuntur:
1221 404 1249 430 in
1267 404 1328 430 aliis
1342 405 1436 439 Horis,
1455 409 1482 431 et
1499 405 1528 431 in
1543 405 1643 432 Officio
1661 414 1718 432 ιιοιι
1730 406 1849 440 Duplici,

1027 442 1056 468 in
1077 442 1213 476 principio
1230 443 1348 477 Psalmi,
1371 445 1414 470 vel
1433 445 1550 478 Cantici,
1574 445 1720 471 inchoatur
1741 448 1849 472 tantum

1027 481 1196 515 Antiphona,
1211 482 1311 508 deinde
1323 483 1351 509 in
1366 483 1420 510 fine
1433 483 1539 517 integra
1553 484 1660 510 dicitur.
1686 484 1721 510 Et
1736 484 1849 517 quando

1027 520 1188 554 Antiphona
1206 522 1325 548 sumitur
1342 531 1376 549 ex
1394 523 1529 557 principio
1545 523 1657 556 Psalmi,
1675 523 1718 549 vel
1734 523 1849 556 Cantici,

1027 562 1054 586 et
1067 559 1162 593 incipit
1176 560 1247 586 sicut
1259 560 1396 595 Psalmus,
1413 562 1456 588 vel
1470 561 1623 595 Canticum,
1638 565 1701 596 post
1715 561 1849 595 Antipho-

1027 605 1091 624 nam
1110 607 1167 625 non
1190 599 1324 633 repetitur
1345 600 1511 634 principium
1529 601 1645 634 Psalmi,
1667 601 1711 627 vel
1729 601 1848 633 Cantici;

1027 637 1076 663 sed
1094 638 1271 664 continuatur
1288 639 1364 672 quod
1382 639 1507 673 sequitur
1524 640 1552 666 in
1570 640 1695 673 Psalmo,
1718 640 1762 666 vel
1780 640 1848 666 Can-

1026 676 1089 710 tico,
1105 678 1141 703 ab
1155 685 1188 703 eo
1202 677 1270 722 loco,
1286 678 1334 704 ubi
1347 679 1499 705 secundum
1514 680 1598 706 ritum
1612 679 1665 705 diei
1680 679 1779 706 desinit
1792 679 1848 705 An

1026 716 1148 750 tiphona,
1167 717 1218 743 nisi
1238 717 1458 744 discontinuetur
1476 726 1526 752 per
1543 723 1666 751 Alleluii

1077 761 1101 787 8.
1123 760 1291 794 Antiphonis
1314 761 1447 795 propriis,
1470 765 1526 788 tam
1549 762 1577 788 ιιι
1596 762 1696 789 Officio
1716 761 1751 788 de
1769 761 1848 787 Tem-

1025 806 1105 833 pore,
1125 807 1209 833 quam
1227 801 1262 827 de
1280 800 1400 834 Sanctis,
1419 809 1528 835 semper
1545 801 1647 827 cedunt
1665 809 1728 834 quae
1746 801 1847 826 haben-

1025 842 1072 864 tur
1089 839 1117 865 ιιι
1135 839 1279 873 Psalterio,
1298 843 1325 866 et
1343 840 1372 866 ιιι
1390 840 1537 867 Communi
1555 840 1728 867 Sanctorum.

1077 883 1100 908 9.
1120 883 1238 915 Quando
1257 883 1288 909 fit
1306 883 1398 917 aliqua
1416 883 1642 910 commemoratio
1660 891 1769 917 semper
1782 882 1847 909 dici-

1025 923 1071 947 tur
1088 921 1249 955 Antiphona
1267 926 1330 948 ante
1349 923 1507 949 Orationem
1526 931 1588 949 cum
1607 923 1705 955 Versu,
1724 930 1786 955 quae
1804 930 1847 948 su-

1025 960 1110 986 mitur
1128 968 1161 986 ex
1180 961 1288 994 Officio,
1308 962 1384 995 quod
1402 962 1531 988 convenit
1549 962 1582 995 ei,
1601 962 1636 988 de
1654 968 1709 995 quo
1729 962 1759 987 fit
1777 968 1847 987 com-

1025 1000 1201 1034 memoratio;
1224 1000 1262 1026 ita
1282 1004 1312 1027 ut
1334 1000 1362 1027 in
1381 1000 1511 1034 Vesperis
1534 1003 1661 1027 sumatur
1678 1000 1847 1034 Antiphona,

1025 1046 1088 1072 quae
1107 1039 1262 1072 assignatur
1279 1040 1315 1066 ad
1331 1043 1497 1075 Magnificat;
1518 1040 1546 1066 in
1560 1039 1712 1072 Laudibus,
1730 1047 1793 1073 quae
1812 1039 1847 1065 ad

1025 1080 1195 1106 Benedictus.
1206 1086 1270 1105 cum
1277 1079 1411 1106 Versibus
1420 1079 1468 1113 qui
1478 1079 1616 1105 habentur
1625 1082 1688 1112 post
1695 1078 1845 1111 Hymnum.

1077 1121 1116 1147 10.
1135 1121 1305 1156 Antiphonae
1319 1126 1421 1149 sanctae
1435 1123 1531 1149 Mariae
1545 1122 1643 1156 positae
1657 1122 1685 1148 in
1699 1122 1753 1148 fine
1768 1121 1847 1148 Com-

1024 1159 1141 1193 pletorii,
1160 1161 1290 1188 dicuntur
1305 1165 1335 1188 ut
1350 1162 1466 1188 inferius
1486 1162 1514 1188 in
1531 1161 1643 1196 propria
1658 1161 1781 1187 Rubrica
1795 1160 1847 1186 dis-

1023 1199 1143 1232 ponitur.

1252 1259 1364 1291 XXII.
1388 1263 1436 1293 Dc
1461 1263 1610 1294 Psalmis.

1028 1319 1148 1384 psalmi
1170 1319 1198 1345 ιιι
1221 1319 1321 1346 Officio
1345 1319 1379 1345 de
1402 1319 1540 1353 Tempore
1561 1328 1612 1354 per
1634 1328 1730 1347 omnes
1753 1321 1845 1347 Horas

1083 1358 1111 1384 in
1129 1358 1295 1391 Dominicis,
1318 1361 1345 1384 et
1363 1358 1450 1385 Feriis
1470 1358 1599 1385 dicuntur
1618 1368 1650 1386 eo
1670 1360 1766 1393 modo,
1789 1367 1844 1393 quo

1023 1396 1162 1423 distn'buti
1181 1400 1245 1423 sunt
1263 1397 1291 1423 in
1309 1397 1458 1423 Psalterio:
1481 1397 1532 1423 nisi
1552 1398 1700 1431 aliquando
1720 1399 1800 1425 aliter
1817 1399 1844 1424 in

1022 1435 1140 1469 Proprio
1158 1436 1192 1462 de
1211 1436 1350 1470 Tempore
1372 1436 1500 1469 signetur.
1538 1437 1571 1463 In
1588 1437 1677 1464 Festis
1695 1441 1787 1464 autem
1807 1438 1845 1464 di-

1022 1478 1134 1508 cuntur,
1157 1478 1188 1501 ut
1205 1475 1233 1501 in
1252 1475 1372 1508 propriis
1390 1475 1458 1501 locis
1478 1475 1632 1509 signantur:
1657 1476 1792 1510 alioquin,
1814 1480 1845 1503 ut

1022 1513 1050 1539 in
1069 1513 1216 1539 Communi
1235 1513 1408 1541 Sanctorum.

1073 1552 1096 1578 2.
1116 1552 1220 1579 Psalmi
1239 1552 1275 1578 ad
1293 1553 1405 1579 Laudes
1424 1553 1458 1579 de
1475 1554 1629 1587 Dominica,
1648 1562 1711 1581 cum
1729 1555 1843 1582 Cantico

1021 1594 1177 1619 Benedicite
1201 1591 1331 1618 dicuntur
1353 1593 1381 1618 in
1404 1593 1531 1619 omnibus
1550 1593 1638 1620 Festis
1659 1602 1710 1627 per
1731 1602 1843 1627 annum,

1021 1634 1048 1657 et
1066 1630 1093 1656 in
1113 1631 1200 1657 Feriis
1218 1631 1350 1664 temporis
1369 1631 1518 1658 Paschalis.

1073 1671 1096 1696 3.
1120 1670 1249 1697 Psalmus
1267 1673 1440 1699 Cuntitcmini
1465 1671 1564 1697 dicitur
1583 1671 1619 1698 ad
1637 1671 1760 1698 Primam
1780 1679 1842 1698 cum

1020 1709 1081 1735 aliis
1094 1709 1213 1736 Psalmis
1231 1709 1259 1736 in
1272 1709 1409 1736 Psalterio
1427 1710 1580 1744 assignatis,
1598 1710 1625 1736 in
1643 1711 1771 1737 omnibus
1786 1712 1841 1737 Do-

1019 1748 1126 1774 minicis
1142 1749 1266 1782 (quando
1278 1749 1408 1776 Officium
1423 1749 1453 1775 fit
1468 1749 1502 1775 de
1514 1750 1667 1783 Dominica,
1682 1753 1712 1776 ut
1724 1750 1753 1776 in
1765 1751 1841 1776 Psal-

1020 1787 1098 1820 terio,
1115 1787 1198 1814 etiam
1214 1787 1243 1814 in
1257 1787 1418 1821 Dominicis,
1436 1796 1499 1822 quae
1515 1792 1663 1815 occurrunt
1676 1789 1749 1815 infra
1764 1789 1841 1815 Octa-

1020 1834 1070 1853 vas
1088 1826 1264 1859 Sanctorum)
1282 1834 1299 1853 a
1316 1826 1398 1853 tertia
1415 1827 1560 1853 Dominica
1578 1831 1641 1861 post
1659 1827 1841 1854 Pentecosten

1020 1865 1162 1899 inclusive,
1176 1873 1265 1899 usque
1278 1866 1315 1892 ad
1327 1865 1506 1892 Nativitatem
1519 1866 1632 1892 Domini
1645 1866 1796 1892 exclusive:
1814 1870 1841 1892 et

1021 1911 1037 1930 a
1054 1905 1176 1931 secunda
1193 1904 1339 1931 Dominica
1355 1908 1419 1938 post
1437 1904 1620 1938 Epiphaniam
1638 1905 1780 1938 inclusive,
1799 1913 1842 1932 us-

1020 1951 1074 1977 que
1087 1943 1124 1969 ad
1136 1943 1264 1977 Septuag.
1278 1943 1428 1970 exclusive:
1444 1951 1460 1970 a
1473 1943 1631 1978 Septuages.
1646 1947 1738 1971 autem
1753 1952 1841 1978 usque

1019 1982 1056 2008 ad
1068 1982 1184 2015 Pascha,
1197 1982 1255 2016 ejus
1270 1982 1331 2009 loco
1345 1982 1445 2009 dicitur
1456 1982 1729 2010 Psalmus1)‹3minus
1744 1985 1835 2017 regna-

1019 2024 1063 2048 vit
1078 2021 1143 2054 quia
1154 2021 1283 2048 Psalmus
1297 2024 1471 2050 Confitemini
1488 2025 1554 2048 tunc
1567 2021 1668 2048 dicitur
1681 2021 1717 2048 ad
1728 2021 1840 2048 Laudes

1018 2063 1082 2094 post
1094 2060 1239 2086 Psalmum
1250 2064 1387 2093 Miserere,
1404 2063 1434 2086 ut
1448 2068 1499 2086 suo
1515 2061 1575 2087 loco
1589 2061 1708 2095 ponitur.
1736 2061 1768 2087 In
1784 2061 1839 2087 Do-

1018 2099 1124 2125 minicis
1137 2106 1204 2125 vero
1218 2099 1351 2133 temporis
1364 2099 1513 2132 Paschalis,
1529 2107 1546 2125 a
1559 2099 1705 2127 Dominica
1718 2099 1746 2126 in
1759 2099 1839 2126 Albis

1018 2138 1159 2172 inclusive,
1176 2147 1265 2172 usque
1280 2139 1316 2165 ad
1330 2139 1528 2165 Ascensionem
1546 2139 1693 2172 exclusive,
1711 2139 1840 2165 dicuntur

1017 2181 1126 2204 tantum
1142 2181 1199 2204 tres
1217 2178 1323 2204 Psalmi
1340 2178 1410 2204 sicut
1427 2178 1456 2204 in
1474 2178 1574 2211 Festis,
1593 2178 1688 2204 addito
1706 2177 1838 2211 Symbolo

1017 2217 1105 2243 sancti
1116 2216 1270 2243 Athanasii.
1295 2217 1352 2243 Alii
1364 2216 1468 2243 Psalmi
1480 2225 1531 2250 per
1544 2217 1665 2250 singulas
1677 2216 1771 2243 Ferias
1785 2216 1838 2242 dis-

1017 2255 1113 2282 tributi
1126 2256 1163 2282 ad
1175 2255 1307 2289 Primam,
1321 2256 1451 2283 dicuntur
1464 2257 1563 2290 singuli
1577 2257 1638 2284 loco
1653 2256 1756 2283 Psalmi
1765 2259 1833 2283 Con*

1016 2298 1141 2325 fitemini,
1162 2294 1190 2320 in
1208 2295 1297 2321 feriali
1315 2297 1423 2322 tantum
1443 2296 1554 2329 Officio,
1574 2295 1686 2329 quando
1705 2295 1740 2322 de
1758 2294 1838 2322 Feria

1017 2333 1107 2367 agitur
1125 2337 1204 2360 extra
1222 2337 1331 2367 tempus
1348 2334 1491 2361 Paschale.
1527 2335 1560 2361 111
1578 2334 1665 2361 Feriis
1684 2342 1751 2360 vero
1770 2337 1836 2360 tem—

1015 2372 1093 2406 poris
1106 2372 1256 2405 Paschalis,
1274 2373 1303 2398 in
1316 2373 1404 2399 Festis
1422 2381 1472 2406 per
1489 2381 1600 2406 annum,
1619 2376 1646 2399 et
1664 2373 1692 2399 in
1706 2373 1836 2405 Sabbato,

1016 2410 1075 2437 sive
1087 2411 1123 2438 de
1140 2414 1236 2437 sancta
1249 2411 1344 2445 Maria,
1364 2411 1422 2438 sive
1437 2412 1471 2438 de
1486 2413 1565 2438 Feria
1579 2412 1627 2438 fiat
1642 2411 1780 2445 Officium,
1798 2411 1836 2437 di-

1016 2453 1116 2476 cuntur
1133 2453 1241 2476 tantum
1259 2453 1316 2476 tres
1330 2450 1442 2483 Psalmi,
1460 2450 1574 2477 scilicet:
1592 2453 1664 2477 Deus
1681 2453 1706 2476 in
1723 2452 1831 2477 nomine

1013 2495 1068 2516 tuo.
1090 2492 1166 2517 Beati
1185 2492 1359 2519 immaculati,
1378 2493 1406 2515 et
1420 2492 1563 2521 Retribue,
1585 2489 1669 2516 etiam
1687 2489 1709 2515 si
1723 2489 1835 2515 Festum

1014 2527 1127 2560 Duplex
1144 2527 1298 2554 celebretur
1315 2528 1344 2554 in
1363 2528 1518 2555 Dominica.

1064 2566 1089 2592 4.
1113 2567 1145 2592 In
1166 2566 1318 2593 Dominicis
1340 2570 1444 2600 autem,
1467 2567 1579 2601 quando
1600 2567 1729 2594 Officium
1751 2566 1781 2592 fit
1800 2565 1834 2592 de

1014 2605 1160 2631 Dominica
1174 2609 1204 2632 ut
1218 2605 1247 2631 in
1260 2605 1404 2639 Psalterio,
1422 2609 1485 2639 post
1499 2606 1626 2632 Psalmos
1642 2605 1754 2632 additur
1766 2611 1832 2631 sem-

1012 2651 1063 2677 per
1077 2643 1241 2677 Symbolum
1259 2645 1346 2671 sancti
1360 2644 1508 2671 Athanasii
1524 2646 1693 2677 Quicumque
1713 2646 1743 2670 ut
1760 2643 1833 2669 iufra

1012 2682 1041 2709 in
1058 2683 1172 2717 propria
1190 2683 1312 2710 Rubrica
1331 2683 1436 2710 dicitur.

1064 2723 1088 2747 5.
1107 2722 1212 2748 Psalmi
1226 2722 1375 2755 Horarum,
1393 2722 1495 2748 scilicet
1512 2721 1548 2747 ad
1563 2721 1693 2753 Tertiam,
1711 2719 1832 2752 Sextum,
