2080 2990
793 211 934 245 Psalmi
960 210 1184 245 Graduales

198 307 291 341 Post
306 306 527 341 Orationem
549 307 676 341 statim
700 309 877 344 dicuntur
898 309 964 343 alii

146 354 290 390 Psalmi
308 355 523 390 Graduales
541 356 605 399 qui
624 363 851 400 sequuntur:
875 363 911 392 et
928 358 964 391 in

146 404 219 439 fine
252 404 455 445 cujuslibet
484 403 626 438 Psalmi
661 405 799 439 dicitur
830 406 961 441 Gloria

140 455 255 491 Patri.

406 495 709 536 Psalmus129.
752 531 763 538 :

175 573 293 603 1
333 558 560 613 profundis
602 558 786 600 clamavi
825 558 881 600 ad
916 563 960 600 te

294 616 497 658 Domine:
528 618 552 642 *
584 615 771 656 Domine
804 614 960 657 exaudi

183 683 185 685 ’
295 686 450 716 vocem
467 685 623 714 meam:

193 731 319 773 Fiant
350 742 475 771 aures
504 734 592 770 tuae
619 728 910 778 intendentes,
938 729 961 755 *

140 788 184 828 in
202 799 355 829 vocem
375 785 697 838 deprecationis
714 797 836 826 meae.

192 843 238 884 Si
265 843 514 895 iniquitates
547 841 847 884 observaveris
874 841 960 881 Do-

140 900 308 942 111111οε*
327 900 515 941 Domine
535 898 630 951 quis
651 896 902 939 sustinebit?

193 957 304 1007 Quia
331 955 448 1009 apud
474 960 518 997 te
545 955 800 1008 propitiatio
830 959 911 995 est:
939 955 962 982 *

142 1018 186 1054 et
208 1018 391 1066 propter
413 1012 555 1064 legem
577 1016 696 1053 tuam
714 1010 897 1052 sustinui
918 1016 962 1052 te

141 1069 338 1111 Domine.

192 1126 404 1168 Sustinuit
441 1125 584 1166 anima
618 1137 716 1165 mea
748 1124 792 1164 in
825 1124 961 1165 verbo

143 1183 245 1234 ejus:
263 1184 288 1210 *
306 1182 499 1236 speravit
523 1181 666 1222 anima
690 1193 788 1222 mea
810 1181 852 1221 in
875 1181 962 1222 Do-

141 1239 271 1281 mino.
551 1257 557 1265 ·

193 1295 235 1337 A
267 1294 468 1337 custodia
498 1297 709 1337 matutina
740 1308 878 1347 usque
907 1294 963 1336 ad

141 1357 329 1394 noctem:
344 1353 368 1379 *
383 1357 530 1405 speret
548 1352 686 1393 Israel
705 1352 748 1393 in
762 1352 962 1393 Domino.

194 1409 304 1459 Quia
329 1408 446 1461 apud
464 1408 699 1450 Dominum
721 1408 962 1449 misericor-

143 1463 228 1507 dia:
255 1466 280 1492 *
307 1469 350 1507 et
382 1465 562 1518 copiosa
594 1464 712 1518 apud
742 1477 841 1506 eum
867 1463 961 1505 red-

82 1537 86 1541 ·
142 1522 317 1575 emptio.

192 1579 250 1621 Et
262 1579 356 1632 ipse
372 1579 557 1621 redimet
569 1578 716 1628 Israel,
730 1578 753 1603 *
770 1591 823 1619 ex
838 1578 964 1619 omni-

141 1634 224 1677 bus
242 1636 543 1688 iniquitatibus
564 1636 664 1687 ejus.

196 1691 347 1734 Gloria
363 1693 495 1734 Patri.

407 1755 604 1796 Psalmus
623 1756 715 1795 130.

241 1822 385 1864 omine
411 1835 499 1864 non
527 1826 594 1864 est
625 1821 862 1863 exaltatum
889 1833 965 1863 cor

214 1935 225 1944 ⁰
245 1892 404 1920 meum:
418 1880 443 1906 *
456 1891 598 1931 neque
618 1879 720 1920 elati
735 1883 835 1920 sunt
850 1877 964 1919 oculi

141 1947 237 1977 me1.
344 1976 350 1981 ,

193 1992 348 2044 Neque
367 1991 586 2033 ambulavi
603 1991 647 2032 in
660 1991 840 2042 magnis:
855 1992 878 2018 *
893 2003 962 2032 ne-

144 2060 228 2100 que
247 2049 291 2089 in
309 2048 579 2091 mirabilibus
598 2061 729 2101 super
747 2061 828 2090 me.

194 2105 241 2147 Si
275 2118 364 2147 non
398 2105 616 2147 humiliter
652 2104 908 2146 sentiebam:
941 2105 963 2130 *

144 2161 223 2203 sed
243 2161 430 2204 exaltavi
449 2162 636 2203 animam
654 2174 810 2203 meam:

194 2218 313 2260 Sicut
331 2218 573 2261 ablactatus
593 2224 659 2260 est
678 2231 809 2271 super
825 2222 963 2258 matre

144 2287 237 2324 sua,
255 2275 358 2317 *ita
381 2275 609 2318 retributio
629 2275 671 2316 in
696 2275 838 2316 anima
856 2286 963 2314 mea.

194 2334 350 2387 Speret
382 2333 519 2374 Israel
551 2333 594 2373 in
626 2331 831 2380 Domino,
859 2332 882 2358 *
910 2345 964 2373 ex

144 2388 228 2431 1100
245 2403 360 2431 1111110
377 2394 421 2431 01
439 2402 577 2442 usque
595 2390 639 2430 in
657 2389 874 2431 saeculum.

196 2446 347 2488 Gloria
365 2446 494 2488 Patri.

414 2509 610 2549 Psalmus
630 2508 706 2547 131.

150 2563 424 2668 Memento
455 2568 643 2610 Domine
675 2567 834 2617 David,
865 2568 889 2593 *
921 2571 965 2608 et

273 2625 412 2666 omnis
439 2624 781 2666 mansuetudinis
810 2625 913 2675 ejus:

196 2681 315 2722 Sicut
349 2682 505 2733 juravit
531 2682 738 2731 Domino,
766 2683 789 2708 *
816 2685 965 2722 votum

144 2737 265 2779 vovit
285 2738 382 2779 Deo
401 2738 555 2780 Jacob:

295 2877 358 2902 Pars
374 2877 506 2902 Hiemalis.

1064 309 1110 351 Si
1128 309 1336 351 introiero
1354 310 1398 350 in
1416 310 1743 352 tabernaculum
1758 311 1833 353 do-

1012 379 1108 407 mus
1128 379 1250 415 meae,
1265 367 1288 391 *
1304 367 1339 407 si
1359 366 1597 408 ascendero
1612 367 1656 407 in
1672 367 1833 410 lectum

1013 422 1137 464 strati
1155 423 1254 464 mei:

1063 484 1107 525 Si
1137 483 1300 525 dedero
1329 496 1527 525 somnum
1556 484 1692 526 oculis
1714 485 1833 534 meis,

1012 541 1035 566 *
1069 546 1112 581 et
1152 540 1377 593 palpebris
1418 541 1526 581 meis
1567 541 1833 583 dormitatio-

1011 609 1125 637 nem:

1064 657 1120 698 Et
1160 658 1356 709 requiem
1397 657 1668 710 temporibus
1709 658 1835 700 meis:

1014 712 1154 755 donec
1178 714 1394 755 inveniam
1417 713 1562 755 locum
1586 714 1792 764 Domino,
1810 716 1834 742 *

1013 769 1342 812 tabernaculum
1364 770 1461 811 Deo
1481 770 1630 812 Jacob.

1065 831 1180 872 Ecce
1196 830 1439 873 audivimus
1457 844 1552 872 eam
1569 832 1613 872 in
1627 831 1834 884 Ephrata:

1013 888 1036 912 *
1056 887 1297 929 invenimus
1322 901 1417 930 eam
1440 887 1484 927 in
1509 888 1674 940 campis
1701 888 1834 929 silvae.

1065 949 1347 991 Introsbimus
1406 949 1449 989 in
1506 948 1834 990 tabernaculum

1015 1006 1118 1057 ejus:
1152 1006 1176 1032 *
1210 1004 1503 1047 adorabimus
1527 1005 1571 1046 in
1606 1005 1722 1056 loco,
1760 1005 1834 1046 ubi

1014 1063 1229 1103 steterunt
1246 1061 1382 1114 pedes
1401 1062 1502 1114 ejus.

1067 1123 1204 1174 Surge
1222 1123 1409 1164 Domine
1427 1123 1470 1163 in
1492 1121 1686 1174 requiem
1705 1126 1834 1172 tuam,

1014 1179 1037 1205 *
1055 1184 1102 1220 tu
1123 1184 1165 1220 et
1185 1192 1284 1221 arca
1304 1178 1659 1220 sanctificationis
1678 1183 1775 1219 tuae.

1065 1239 1325 1281 Sacerdotes
1360 1240 1423 1281 tui
1454 1237 1687 1280 induantur
1718 1239 1833 1291 justi-

1013 1296 1132 1338 tiam:
1151 1297 1174 1321 *
1195 1302 1237 1338 et
1256 1296 1393 1337 sancti
1411 1295 1475 1337 tui
1495 1294 1723 1336 exsultent.

1065 1357 1252 1409 Propter
1274 1356 1418 1398 David
1446 1368 1618 1397 servum
1644 1360 1782 1406 tuum,
1810 1355 1834 1382 *

1014 1426 1100 1454 non
1119 1415 1290 1455 avertas
1308 1413 1463 1454 faciem
1482 1412 1641 1453 Christi
1659 1411 1732 1453 tui.

1065 1474 1233 1515 Juravit
1260 1474 1471 1515 Dominus
1503 1472 1648 1514 David
1680 1472 1832 1514 verita-

1013 1536 1116 1580 tem,
1141 1536 1184 1572 et
1207 1543 1294 1572 non
1312 1529 1589 1571 frustrabitur
1607 1542 1716 1570 eam:
1736 1530 1760 1556 *
1779 1528 1833 1570 de

1014 1587 1156 1628 fructu
1175 1587 1337 1628 ventris
1357 1587 1420 1628 tui
1442 1599 1602 1639 ponam
1622 1597 1752 1638 super
1771 1583 1834 1626 se-

1016 1643 1115 1685 dem
1133 1648 1263 1684 tuam.
1766 1639 1769 1642 ’

1067 1704 1111 1746 Si
1132 1703 1416 1745 custodierint
1435 1703 1511 1744 filii
1529 1702 1593 1744 tui
1607 1703 1835 1744 testamen-

1014 1766 1106 1802 tum
1139 1773 1300 1809 meum,
1327 1760 1351 1785 *
1379 1765 1423 1801 01
1459 1759 1707 1800 testimonia
1739 1770 1835 1799 mea

1014 1817 1120 1866 haec,
1141 1830 1239 1869 quae
1259 1816 1428 1858 docebo
1449 1828 1539 1857 eos:

1067 1877 1123 1918 Et
1141 1877 1217 1917 filii
1237 1879 1388 1918 eorum
1407 1889 1546 1928 usque
1560 1875 1603 1916 in
1618 1874 1835 1924 saeculum,

1015 1933 1039 1959 *
1058 1931 1272 1974 sedebunt
1290 1945 1422 1985 super
1441 1931 1590 1973 sedem
1608 1936 1738 1973 tuam.

1067 1993 1282 2044 Quoniam
1300 1993 1429 2044 elegit
1446 1992 1658 2034 Dominus
1679 1991 1797 2033 Sion:
1811 1991 1835 2016 *

1016 2050 1145 2101 elegit
1164 2062 1259 2091 eam
1277 2049 1320 2089 in
1339 2048 1650 2090 habitationem
1669 2047 1761 2088 sibi.

1065 2112 1175 2152 Haec
1210 2111 1382 2162 requies
1417 2123 1515 2152 mea
1549 2109 1592 2150 in
1629 2108 1836 2150 saeculum

1015 2168 1178 2209 saeculi:
1214 2168 1236 2193 *
1274 2166 1345 2208 hic
1384 2166 1592 2208 habitabo
1633 2165 1836 2217 quoniam

1016 2224 1127 2275 elegi
1147 2236 1253 2265 eam.

1065 2284 1256 2326 Viduam
1291 2284 1380 2336 ejus
1414 2282 1675 2325 benedicens
1708 2282 1834 2323 bene-

1015 2340 1172 2382 dicam:
1198 2342 1222 2367 *
1253 2343 1471 2393 pauperes
1505 2339 1595 2391 ejus
1629 2337 1834 2380 saturabo

1014 2397 1211 2450 panibus.

1067 2452 1327 2495 Sacerdotes
1347 2452 1436 2503 ejus
1453 2450 1629 2493 induam
1644 2449 1836 2492 salutari:

1014 2511 1039 2537 *
1058 2514 1101 2552 et
1121 2509 1260 2551 sancti
1282 2509 1371 2561 eius
1391 2506 1678 2550 exsultatione
1697 2505 1835 2548 exsul·

1015 2566 1180 2608 tabunt.

1067 2622 1176 2663 Illuc
1203 2620 1445 2674 producam
1473 2631 1608 2660 comu
1635 2616 1794 2667 David,
1812 2617 1836 2645 *

1015 2679 1170 2732 paravi
1187 2678 1408 2719 lucernam
1428 2675 1602 2717 Christo
1619 2687 1729 2716 meo.

1067 2736 1272 2776 Inimicos
1283 2734 1373 2785 ejus
1383 2731 1560 2774 induam
1571 2730 1836 2772 confusione:
