2080 2990
575 240 751 275 Officium
775 241 950 275 votivum
974 239 1021 273 de
1046 239 1196 273 Sanctis
1219 239 1389 281 Angelis.

186 338 269 390 Qui
283 336 459 388 diligitis
472 334 718 383 D6minum‚
734 332 853 375 odite
868 345 955 373 ma-

133 396 238 438 lum:
265 395 289 421 *
323 391 514 436 custodit
544 390 758 432 Dominus
793 389 956 430 animas

135 453 384 495 sanct6rum
408 451 594 498 suorum,
621 445 675 488 de
703 459 834 487 manu
857 458 956 498 pee-

136 508 294 551 catoris
312 505 514 549 liberAbit
533 516 621 546 eos.

185 565 283 606 Lux
311 567 407 605 orta
438 566 505 603 est
537 561 670 614 justo,
701 560 725 586 *
754 562 797 600 et
829 557 959 599 rectis

138 620 271 663 corde
297 618 459 661 laetitia.

188 674 416 718 Laetamini
442 673 542 726 justi
567 672 612 712 in
635 670 843 712 Domino:
868 670 891 695 *
918 674 961 710 et

138 731 404 776 confitemini
429 727 652 771 memoriae
688 725 960 768 sanctificati-

141 789 236 832 onis
263 789 364 840 ejus.

192 845 291 886 Ant.
306 841 502 885 Adorate
516 842 632 882 Dfxm
646 851 798 881 omnes
806 837 962 888 Angeli

139 901 244 953 ejus:
263 898 445 949 audivit,
471 904 514 940 et
531 898 680 939 laetata
699 901 766 937 est
784 895 898 936 Sion.

193 959 290 999 Ant.
320 954 572 998 Benedicite
590 952 792 994 Domino.

402 1013 595 1054 Psalmus
624 1014 713 1053 102.

142 1067 376 1173 Benedic
410 1066 552 1108 anima
583 1078 682 1106 mea
707 1064 914 1105 Domino:
941 1066 964 1090 *

245 1129 289 1166 et
314 1123 473 1173 omnia,
500 1135 598 1174 quae
623 1122 736 1163 intra
760 1133 829 1162 me
856 1125 965 1169 sunt,

142 1181 306 1224 nomini
326 1185 476 1222 saneto
497 1180 598 1231 ejus.

194 1236 387 1279 Benedic
415 1235 557 1277 anima
582 1247 680 1276 mea
705 1233 911 1275 Domino:
942 1234 966 1260 *

145 1300 188 1336 θῖ
212 1293 303 1335 noli
326 1292 524 1335 oblivisci
548 1304 698 1334 omnes
722 1290 966 1332 retributio-

144 1363 222 1392 nes
248 1351 350 1402 ejus.

198 1406 281 1457 Qui
303 1404 566 1459 propitiatur
593 1402 792 1445 Omnibus
818 1402 968 1454 iniqui-

145 1462 309 1506 tatibus
327 1461 430 1504 tuis:
449 1462 472 1487 *
494 1460 568 1512 qui
592 1464 715 1501 sanat
740 1472 891 1500 omnes
910 1458 969 1499 in-

147 1519 374 1561 firmitates
393 1523 502 1560 tuas.

197 1575 282 1627 Qui
315 1573 489 1616 redimit
531 1572 586 1615 de
628 1572 803 1614 interitu
837 1572 971 1613 vitam

146 1638 280 1675 tuam:
307 1633 331 1658 *
361 1630 435 1683 qui
462 1631 643 1672 cor6nat
669 1634 713 1671 te
740 1629 785 1669 in
809 1628 972 1670 miseri-

148 1688 299 1731 cordia
317 1693 360 1730 et
378 1685 738 1729 miserationibus.

200 1745 285 1796 Qui
312 1743 452 1797 replet
482 1743 526 1784 in
553 1742 680 1785 bonis
708 1741 972 1784 desiderium

147 1801 285 1844 tuum:
308 1803 332 1829 *
356 1799 637 1847 renovabitur
660 1804 708 1841 ut
732 1798 890 1850 aquilae
915 1799 972 1850 ju-

148 1860 303 1900 ventus
321 1862 415 1899 tua:

199 1914 384 1956 Faciens
406 1910 726 1954 misericordias
745 1911 974 1952 Dominus:

149 1972 174 1999 *
210 1975 254 2012 et
291 1968 496 2021 judicium
537 1967 737 2010 omnibus
777 1967 974 2020 injuriam

150 2025 427 2081 patientibus.

200 2083 342 2125 Notas
361 2082 464 2124 feeit
481 2081 575 2123 vias
595 2093 696 2122 suas
710 2080 864 2133 Moysi,
883 2082 907 2107 *
927 2079 974 2120 fi-

150 2140 219 2181 liis
237 2138 375 2180 Israel
393 2138 641 2180 voluntates
662 2149 773 2178 suas.

203 2196 452 2245 Miserator‚
485 2199 528 2236 et
554 2193 800 2234 misericors
827 2192 974 2234 Domi-

150 2266 247 2294 nus:
275 2253 300 2279 *
326 2250 596 2302 longanimis,
625 2254 668 2291 et
691 2249 876 2291 multum
901 2248 976 2289 mi-

153 2309 351 2350 sericors.

204 2365 307 2406 Non
339 2364 382 2404 in
409 2364 670 2415 perpetuum
700 2362 926 2404 irascetur:
953 2362 976 2388 *

153 2433 295 2473 neque
325 2421 369 2461 in
397 2420 606 2461 aeternum
634 2417 978 2460 comminabitur.

205 2477 307 2519 Non
341 2474 580 2518 seeundum
611 2477 796 2528 peccata
827 2478 978 2515 nostra

155 2534 256 2576 fecit
274 2533 416 2575 nobis:
441 2534 465 2559 *
483 2544 625 2584 neque
645 2530 886 2573 secundum
902 2529 978 2570 ini-

158 2590 347 2642 quitates
366 2594 538 2630 nostras
558 2588 757 2630 retribuit
775 2586 914 2629 nobis.

207 2645 422 2695 Quoniam
444 2643 683 2686 secundum
706 2641 978 2685 altitudinem

156 2702 256 2744 coeli
280 2715 306 2743 a
329 2706 458 2743 terra:
481 2703 505 2729 *
529 2699 832 2743 corroboravit
855 2698 979 2738 mise-

154 2756 388 2800 ricordiam
410 2770 532 2799 suam
550 2769 682 2809 super
700 2756 901 2798 timentes
920 2766 980 2794 se.

1735 230 1832 274 [205]

1061 331 1279 381 Quantum
1313 329 1445 372 distat
1480 335 1601 371 ortus
1635 329 1689 371 ab
1724 328 1834 370 ocei-

1010 386 1156 429 dente:
1182 388 1205 413 *
1224 386 1353 437 longe
1374 386 1475 428 feeit
1494 399 1519 427 a
1538 385 1665 428 nobis
1684 385 1834 437 iniqui-

1007 445 1122 485 tates
1140 447 1324 484 nostras.

1063 498 1297 550 Quomodo
1325 498 1553 540 miseretur
1576 502 1702 551 pater
1728 497 1834 539 filio-

1010 569 1121 605 rum,
1140 555 1343 597 misertus
1370 560 1436 596 est
1453 554 1666 595 D6minus
1685 554 1835 595 timen-

1011 611 1128 654 tibus
1149 624 1211 652 se:
1234 612 1258 638 *
1283 610 1487 662 quoniam
1512 610 1607 663 ipse
1632 610 1837 661 cognovit

1012 668 1266 719 figmentum
1284 672 1492 708 nostrum.

1064 727 1342 770 Recordatus
1371 733 1437 769 est
1466 726 1670 779 quoniam
1693 727 1835 779 pulvis

1015 798 1178 826 sumus:
1196 787 1220 811 *
1239 785 1384 834 homo,
1413 783 1524 824 sicut
1551 783 1715 824 foenum
1743 782 1836 824 dies
1886 827 1888 830 y

1015 843 1124 893 ejus,
1151 847 1374 893 tamquam
1402 840 1484 881 flos
1512 839 1604 890 agri
1632 839 1694 880 sie
1721 839 1839 880 efflo-

1014 897 1138 939 rebit.

1068 954 1283 1004 Quoniam
1303 953 1480 1005 spiritus
1499 950 1780 1005 pertransibit
1797 950 1840 998 in

1015 1011 1102 1061 illo,
1122 1016 1165 1052 et
1183 1023 1271 1051 non
1291 1008 1513 1050 subsistet:
1532 1011 1555 1035 *
1573 1014 1616 1049 et
1635 1020 1722 1049 non
1742 1020 1840 1058 cog-

1016 1069 1169 1109 noscet
1190 1066 1375 1118 amplius
1393 1065 1539 1106 locum
1559 1078 1695 1105 suum.

1071 1125 1371 1169 MiseriCOrdia
1405 1131 1550 1167 autem
1576 1124 1752 1166 D6mini
1786 1124 1841 1166 ab

1020 1186 1200 1233 aeterno,
1219 1185 1242 1209 *
1263 1187 1306 1224 et
1325 1194 1464 1233 usque
1483 1182 1526 1222 in
1546 1183 1757 1223 aeternum
1776 1194 1842 1221 su-

1019 1253 1098 1294 per
1116 1241 1318 1282 timentes
1337 1252 1447 1280 eum.

1071 1303 1128 1344 Et
1163 1300 1324 1353 justitia
1358 1299 1473 1340 illius
1508 1299 1551 1339 in
1587 1298 1701 1339 fssios
1737 1297 1844 1338 filio-

1020 1373 1131 1409 rum,
1158 1360 1181 1384 *
1214 1357 1280 1398 his
1314 1356 1387 1408 qui
1415 1361 1589 1397 servant
1614 1355 1844 1397 testamen-

1020 1421 1113 1457 tum
1140 1415 1246 1466 ejus:

1073 1472 1130 1513 Et
1160 1472 1376 1511 memores
1410 1473 1509 1509 sunt
1542 1466 1846 1509 mandaterum
1891 1465 1894 1468 ”

1022 1528 1171 1582 ipsius,
1189 1529 1213 1554 *
1233 1525 1290 1567 ad
1309 1523 1553 1567 faciendum
1573 1537 1634 1565 ea.

1073 1588 1288 1630 D6minus
1311 1586 1354 1626 in
1374 1585 1487 1627 coelo
1507 1584 1678 1638 paravit
1697 1582 1847 1625 sedem

1024 1659 1163 1687 suam:
1182 1646 1205 1671 *
1227 1649 1270 1685 et
1288 1655 1469 1693 regnum
1487 1641 1625 1693 ipsius
1646 1639 1845 1682 omnibus

1025 1699 1328 1743 dominabitur.

1076 1759 1330 1802 Benedicite
1358 1758 1548 1800 Domino
1584 1769 1734 1799 omnes
1762 1757 1847 1797 An-

1025 1818 1110 1870 geli
1126 1819 1230 1867 eius:
1251 1818 1274 1843 *
1289 1817 1493 1868 potentes
1509 1814 1678 1862 virtute,
1694 1812 1847 1854 facien-

1024 1881 1092 1916 tes
1120 1872 1302 1915 verbum
1333 1871 1463 1920 illius,
1498 1869 1555 1911 ad
1589 1867 1848 1910 audiendam

1026 1943 1181 1973 vocem
1200 1930 1448 1969 sermonum
1468 1927 1569 1978 ejus.

1077 1988 1330 2031 Benedicite
1344 1986 1533 2028 Domino
1555 1998 1705 2027 omnes
1719 1985 1850 2027 virtu-

1026 2054 1094 2090 tes
1113 2047 1219 2099 ejus:
1238 2047 1261 2072 *
1280 2043 1464 2085 ministri
1483 2043 1584 2095 ejus,
1611 2041 1686 2093 qui
1710 2041 1850 2083 facitis

1027 2103 1297 2145 voluntatem
1315 2101 1417 2152 ejus.
1895 2096 1897 2098 '

1079 2161 1332 2204 Benedicite
1347 2159 1536 2202 Domino
1553 2159 1697 2201 omnia
1716 2160 1851 2211 Opera

1029 2222 1135 2273 ejus:
1154 2220 1177 2245 *
1200 2218 1245 2258 in
1272 2216 1389 2258 omni
1415 2215 1515 2257 loco
1545 2214 1850 2257 dominationis

1029 2277 1131 2329 ejus,
1155 2271 1341 2317 benedic
1367 2272 1510 2313 anima
1533 2284 1631 2313 mea
1649 2270 1849 2312 Domino.

1080 2345 1179 2384 Ant.
1208 2340 1462 2384 Benedicite
1485 2341 1674 2382 Domino
1701 2351 1852 2380 omnes

1029 2399 1187 2452 Angeli
1217 2399 1323 2451 ejus,
1354 2399 1558 2450 potentes
1584 2396 1759 2444 virtute,
1794 2394 1851 2435 fa-

1031 2459 1195 2499 cientes
1222 2454 1404 2497 verbum
1431 2453 1563 2502 illius,
1597 2451 1653 2493 ad
1680 2450 1852 2493 audien-

1031 2513 1132 2556 dam
1149 2525 1305 2555 vocem
1323 2512 1574 2552 sermonum
1593 2509 1695 2560 ejus.

1084 2576 1130 2627 *5⁷-
1144 2582 1196 2623 In
1210 2582 1450 2633 conspeetu
1460 2577 1730 2629 Angelorum
1739 2576 1853 2630 psal-

1030 2640 1118 2680 lam
1141 2638 1221 2680 tibi
1246 2638 1367 2679 Deus
1392 2648 1526 2677 meus.
1570 2635 1614 2684 Ιςκ
1643 2632 1854 2675 Adorabo

1031 2696 1087 2737 ad
1106 2694 1319 2748 templum
1335 2697 1531 2734 sanctum
1545 2696 1677 2740 tuum,
1698 2695 1742 2731 et
1755 2701 1854 2730 con—

1031 2752 1189 2794 fitebor
1206 2749 1368 2792 nomini
1387 2754 1476 2790 tuo.
