2040 2990
546 192 598 227 26.
619 192 856 227 Decembris.
903 193 938 228 S.
963 193 1151 236 Stephani
1176 194 1486 238 Protomartyris.

222 290 300 332 'lui
316 293 526 343 precatus
544 295 726 333 munere

268 346 483 388 Nostrum
501 349 674 389 reatum
693 347 820 397 dilue,

266 404 437 444 Arcens
456 403 561 444 mali
582 404 845 455 contagium,

267 459 385 500 Vitae
405 459 624 512 repellens
642 459 836 502 taedium.

216 526 371 568 Soluta
389 533 491 569 sunt
509 529 594 579 jam
612 529 786 570 vincula

267 583 352 624 Tui
371 584 533 625 sacrati
551 584 769 637 corporis:

265 639 362 680 Nos
381 639 505 682 solve
522 640 677 682 vinclis
698 641 849 682 saeculi

265 696 396 737 Dono
415 697 594 748 superni
611 696 826 738 Numinis.

220 768 331 816 Jesu,
349 766 430 809 tibi
448 766 504 807 sit
521 765 671 816 gloria,

268 822 352 871 Qui
370 827 499 864 natus
519 834 566 863 es
586 821 642 863 de
660 822 854 872 Virgine,

269 877 379 919 Cum
396 879 539 927 Patre,
560 882 604 919 et
623 878 738 919 almo
758 878 933 930 Spiritu,

264 935 316 975 111
335 935 601 987 sempiterna
619 933 792 975 saecula.

475 991 629 1031 Amen.

213 1053 264 1103 V.
303 1055 580 1107 Sepelierunt
611 1054 881 1106 Stephanum
912 1053 994 1094 viri

161 1111 365 1152 timorati.
399 1114 450 1166 R.
478 1112 535 1152 Et
553 1111 751 1152 fecerunt
769 1110 993 1162 planctum

161 1179 368 1218 magnum
388 1180 521 1220 super
541 1180 651 1209 eum.
741 1187 747 1194 ·

214 1233 285 1274 Ad
313 1233 476 1274 Bened.
504 1235 604 1275 Ant.
649 1231 895 1283 Stephanus
922 1243 992 1271 au-

161 1292 251 1329 tem
281 1287 437 1340 plenus
467 1288 607 1338 gratia
642 1292 686 1329 et
726 1286 992 1336 fortitudine,

161 1343 350 1386 faciebat
369 1343 493 1394 signa
510 1357 669 1395 magna
686 1344 731 1384 in
748 1343 927 1396 populo.

495 1410 658 1450 Oratio.

248 1481 275 1509 a
313 1467 460 1518 nobis,
503 1469 753 1520 quaesumus
793 1468 992 1519 Domine,

274 1524 436 1565 imitari
470 1524 590 1575 quod
622 1523 821 1574 colimuS,
852 1528 901 1565 ut
932 1523 992 1565 di-

161 1582 335 1622 scamus
364 1585 409 1622 et
435 1580 634 1621 inimicos
664 1579 863 1631 diligere:
893 1581 993 1631 quia

162 1637 253 1688 ejus
268 1637 466 1679 natalitia
481 1636 765 1686 celebramus,
784 1636 858 1688 qui
870 1637 993 1678 novit

163 1693 293 1735 etiam
314 1705 398 1745 pro
423 1692 782 1745 persecutoribus
809 1695 992 1735 exorare

161 1749 400 1790 Dominum
443 1753 645 1791 nostrum
687 1749 711 1788 J
713 1761 837 1790 esum
873 1749 992 1790 Chri—

163 1809 279 1846 stum
292 1805 450 1846 Filium
463 1809 603 1846 tuum:
622 1805 707 1855 Qui
719 1810 866 1847 tecum
875 1805 992 1847 vivit.

214 1866 363 1901 Deinde
387 1866 429 1900 fit
453 1875 649 1899 commem.
675 1865 722 1898 de
746 1865 874 1899 Nativ.

214 1918 314 1959 Ant.
350 1917 504 1958 Gloria
531 1917 575 1957 in
603 1916 788 1958 excelsis
813 1916 922 1967 Deo,
949 1922 993 1959 et

162 1975 206 2015 in
232 1978 351 2016 terra
374 1986 463 2026 pax
488 1972 738 2014 hominibus
761 1972 892 2014 bonae
918 1985 991 2014 vo-

161 2030 352 2081 luntatis,
372 2029 554 2081 alleluia,
574 2029 756 2081 alleluja.

214 2078 265 2130 Ys-
296 2086 462 2127 Notum
494 2085 599 2126 fecit
624 2085 859 2134 Dominus,
891 2084 990 2125 alle-

162 2142 259 2193 luja.
303 2139 354 2190 Rz·
379 2141 578 2183 Salutare
601 2154 738 2191 suum,
758 2141 939 2192 alleluja.

497 2202 663 2243 Oratio.

237 2261 415 2311 cncede,
438 2263 688 2314 quaesumus
713 2263 991 2313 omnipotens

252 2318 389 2359 Deus:
403 2322 451 2359 ut
465 2330 547 2359 nos
562 2317 785 2368 Unigeniti
800 2317 863 2358 tui
877 2328 992 2358 nova

161 2385 241 2425 per
261 2386 438 2415 carnem
456 2373 674 2416 Nativitas
692 2373 859 2422 liberet,
880 2385 991 2424 quos

162 2428 243 2470 sub
270 2429 443 2481 peccati
470 2430 571 2481 jugo
599 2433 774 2471 vetusta
805 2428 991 2469 servitus

162 2489 292 2527 tenet.
318 2486 404 2527 Per
425 2485 628 2527 eumdem
646 2485 894 2526 Dominum.

428 2563 496 2599 Ad
519 2563 719 2599 Tertiam.

217 2621 319 2661 Ant.
346 2621 538 2675 Lapides
556 2623 775 2665 torrentis.

219 2684 357 2736 Capit.
384 2685 630 2739 Stephanus
650 2691 806 2729 autem.
829 2689 916 2728 196.

1100 288 1150 340 Rz.
1172 288 1234 329 br.
1263 288 1416 329 Gloria
1441 293 1484 329 et
1507 289 1676 330 honore
1698 290 1721 315 *
1744 289 1875 330 Coro-

1045 343 1161 385 nasti
1186 356 1285 386 eum
1308 344 1510 386 Domine.
1551 345 1705 386 Gloria
1732 350 1776 386 et
1800 345 1876 387 ho-

1047 402 1165 441 nore.
1194 397 1245 448 V.
1262 401 1320 442 Et
1340 401 1603 442 constituisti
1625 413 1723 442 eum
1743 414 1875 453 super

1047 459 1184 509 opera
1197 459 1405 498 manuum
1419 459 1604 498 tuarum.
1633 458 1875 499 Coronasti.

1048 512 1200 555 Gloria
1218 513 1350 554 Patri.
1379 513 1531 555 Gloria
1549 518 1592 555 et
1610 513 1790 555 honore.

1099 577 1150 627 V.
1171 577 1365 619 Posuisti
1383 578 1572 619 Domine
1591 591 1723 630 super
1743 583 1876 630 caput

1047 634 1150 685 ejus.
1191 637 1241 687 Rg.
1272 634 1492 676 Coronam
1520 634 1575 675 de
1604 633 1752 686 lapide
1779 646 1875 686 pre-

1045 690 1172 731 tioso.

1325 757 1392 793 Ad
1417 757 1604 794 Sextam.

1101 827 1201 866 Ant.
1231 822 1428 866 Adhaesit
1448 824 1591 864 anima
1612 836 1719 864 mea.

1154 895 1413 946 Capitulum.
1575 896 1671 934 Act.
1688 896 1724 933 6.
1740 908 1773 934 c.

1046 951 1376 1059 Surrexerunt
1417 962 1563 999 autem
1606 957 1786 1009 quidam
1822 958 1876 998 de

1134 1015 1377 1064 synagoga,
1406 1026 1506 1065 quae
1534 1013 1782 1066 appellatur
1810 1013 1876 1053 Li-

1045 1068 1339 1119 bertinorum,
1378 1075 1422 1111 et
1461 1069 1794 1122 Cyrenensium,
1833 1074 1876 1110 et

1046 1125 1465 1175 Alexandrinorum,
1517 1130 1560 1167 et
1605 1127 1758 1166 eorum
1804 1125 1876 1176 qui

1047 1185 1171 1222 erant
1193 1193 1219 1221 a
1240 1181 1405 1231 Cilicia,
1436 1186 1479 1223 et
1502 1181 1625 1231 Asia,
1654 1180 1875 1233 disputan-

1046 1242 1114 1278 tes
1129 1250 1229 1278 cum
1243 1237 1482 1290 Stephano:
1503 1242 1546 1279 et
1564 1249 1652 1278 non
1668 1238 1875 1288 poterant

1046 1295 1252 1335 resistere
1270 1294 1513 1346 sapientiae,
1538 1297 1581 1334 et
1600 1292 1782 1344 Spiritui
1801 1292 1875 1343 qui

1045 1348 1320 1400 loquebatur.

1101 1420 1152 1470 R.
1172 1419 1234 1459 br.
1260 1419 1456 1460 Posuisti
1478 1417 1667 1459 Domine
1692 1418 1714 1442 *
1735 1416 1875 1468 Super

1047 1479 1181 1527 caput
1206 1475 1308 1526 ejus.
1340 1474 1544 1516 Posuisti.
1579 1469 1628 1520 V.
1656 1473 1875 1513 Coronam

1046 1530 1102 1572 de
1120 1530 1267 1583 lapide
1290 1531 1500 1583 pretioso.
1535 1530 1687 1581 Super.
1725 1527 1874 1569 Gloria

1045 1587 1176 1628 Patri.
1203 1587 1407 1628 Posuisti.

1099 1647 1150 1698 V.
1175 1652 1335 1702 Magna
1363 1656 1431 1693 est
1458 1651 1597 1702 gloria
1627 1651 1717 1700 ejus
1742 1648 1786 1688 in
1811 1660 1874 1688 sa-

1045 1707 1175 1749 lutari
1194 1714 1283 1750 tuo.
1317 1709 1367 1760 Rg.
1391 1707 1588 1749 Gloriam
1608 1711 1651 1747 et
1668 1717 1874 1755 magnum

1046 1764 1253 1806 decorem
1271 1765 1473 1817 impones
1493 1775 1624 1814 super
1642 1773 1751 1802 eum.

1326 1850 1394 1886 Ad
1417 1850 1600 1885 Nonam.

1099 1919 1199 1958 Ant.
1228 1918 1343 1957 Ecce
1362 1914 1504 1957 video.

1153 1980 1412 2031 Capitulum.
1571 1980 1667 2020 Act.
1682 1980 1717 2019 7.
1733 1992 1770 2028 g.

1048 2039 1253 2144 positis
1281 2054 1428 2090 autem
1455 2047 1639 2100 genibus
1669 2047 1874 2088 clamavit

1139 2118 1250 2147 voce
1276 2117 1450 2157 magna,
1483 2104 1653 2146 dicens:
1683 2103 1872 2144 Domine

1043 2175 1099 2203 ne
1125 2165 1295 2203 statuas
1318 2161 1404 2202 illis
1427 2160 1514 2202 hoc
1537 2162 1780 2212 peccatum.
1816 2159 1872 2199 Et

1045 2230 1145 2259 cum
1171 2218 1258 2259 hoc
1292 2217 1492 2266 dixisset,
1529 2214 1796 2258 obdormivit
1828 2215 1871 2254 in

1043 2275 1247 2316 Domino.

1099 2343 1150 2393 R.
1166 2340 1228 2381 br.
1247 2343 1407 2394 Magna
1427 2346 1495 2383 est
1509 2340 1650 2391 gloria
1669 2341 1759 2391 ejus
1780 2340 1801 2363 *
1820 2340 1871 2379 In

1045 2399 1226 2440 salutari
1257 2403 1346 2440 tuo.
1387 2397 1556 2448 Magna.
1600 2391 1648 2442 V.
1676 2394 1871 2436 Gloriam

1045 2460 1090 2497 et
1112 2468 1318 2507 magnum
1346 2453 1553 2495 decorem
1577 2452 1777 2503 impones
1804 2463 1870 2491 su-

1044 2524 1125 2563 per
1144 2524 1253 2552 eum.
1285 2511 1347 2550 In.
1377 2508 1528 2550 Gloria
1545 2507 1677 2548 Patri.
1703 2506 1870 2556 Magna.

1100 2567 1150 2619 Ys-
1196 2575 1349 2615 Justus
1398 2577 1447 2614 ut
1495 2571 1641 2624 palma
1686 2569 1869 2610 florebit.

1046 2630 1099 2681 Rz.
1132 2630 1254 2671 Sicut
1287 2629 1445 2671 cedrus
1479 2627 1634 2669 Libani
1667 2623 1867 2676 multipli-

999 2707 1001 2711 ·
1044 2686 1226 2728 cabitur.
