2080 2990
633 222 734 255 Sacr.
760 222 915 264 Spineae
940 222 1104 255 Coronas
1132 223 1172 255 Ι).
1200 224 1241 256 N.
1267 224 1298 256 ,1.
1325 224 1364 256 (1.

196 322 247 373 R».
262 318 449 370 Accepit
466 330 648 367 regnum
671 317 856 367 deceris,
874 322 895 343 *
917 317 975 358 Et

145 374 348 416 diadema
375 373 548 426 speciei.
586 369 634 420 Y.
662 374 784 414 Deus
812 373 973 414 exalta-

143 430 207 472 vit
225 431 357 480 illum,
377 435 420 471 et
439 429 562 471 dedit
580 430 642 470 illi
660 442 828 479 nomen,
853 428 974 481 quod

145 491 213 528 est
232 499 364 539 super
384 498 514 527 omne
532 498 703 527 nomen.
731 485 799 526 Et.

447 554 598 594 Lectio
620 554 672 593 vi.

240 628 305 656 aec
329 616 568 667 propterea
594 613 699 655 mihi
722 614 766 654 in
791 626 867 655 ore
893 614 972 655 fre-

267 673 466 723 quenter,
494 671 607 712 sicut
625 683 706 711 vos
725 670 859 711 scitis:
877 669 974 710 haec

144 727 189 768 in
215 726 349 768 corde
375 739 566 779 semper,
595 726 708 767 sicut
732 726 853 767 Deus
877 726 973 766 scit:

145 782 241 823 haec
270 782 384 834 stylo
411 794 510 824 meo
536 781 776 823 admodum
794 781 973 822 familia-

144 839 223 888 ria,
252 838 364 879 sicut
389 840 588 890 appa-ret:
615 837 712 878 haec
730 850 827 878 mea
845 837 973 878 subli-

144 894 257 935 mior
274 895 447 935 interim
466 893 757 946 philosophia,
776 893 888 934 scire
906 893 931 932 J
934 905 973 933 e-

146 963 259 999 sum,
286 955 330 991 et
353 950 467 991 hunc
487 950 754 990 crucifixum.
790 949 892 990 Non
911 961 974 989 re-

148 1008 291 1058 quim,
323 1006 436 1047 sicut
461 1018 639 1058 sponsa,
671 1005 746 1046 ubi
775 1004 906 1045 cubet
932 1004 975 1044 in

146 1062 345 1111 meridie,
392 1074 522 1114 quem
567 1061 696 1103 laetus
733 1060 976 1112 amplector

145 1131 244 1159 mea
289 1118 402 1159 inter
446 1118 583 1159 ubera
619 1119 975 1158 commorantem.

146 1173 248 1216 Non
282 1176 459 1226 requiro
493 1173 568 1214 ubi
594 1178 749 1226 pascat
781 1173 825 1212 in
851 1174 974 1213 meri-

149 1230 236 1280 die,
271 1243 401 1283 quem
428 1230 603 1271 intueor
630 1229 905 1270 Salvatorem
932 1228 976 1268 in

148 1298 287 1328 cruce.
323 1285 439 1327 Illud
466 1285 713 1334 sublimius,
736 1285 854 1326 istud
881 1286 975 1325 sua-

147 1342 258 1383 vius:
283 1342 410 1394 panis
435 1341 561 1390 illud,
587 1341 673 1382 hoc
696 1341 779 1382 lac:
806 1340 892 1381 hoc
916 1341 975 1381 vi-

148 1410 273 1439 scera
299 1398 439 1439 reficit
465 1397 764 1451 parvulorum:
794 1396 881 1438 hoc
912 1409 975 1437 re-

148 1453 241 1506 plet
264 1453 403 1495 ubera
426 1459 629 1503 matrum;
664 1458 707 1494 et
737 1453 837 1494 ideo
864 1453 977 1493 inter

147 1509 286 1551 ubera
315 1523 414 1551 mea
445 1508 802 1551 commorabitur.
846 1508 978 1548 Hunc

149 1570 193 1607 et
217 1578 314 1615 VOS,
340 1564 626 1615 dilectissimi,
653 1570 744 1606 tam
770 1563 977 1605 dilectum

148 1621 404 1662 fasciculum
445 1620 638 1671 colligite
675 1620 817 1661 vobis:
862 1619 977 1660 hunc

147 1675 351 1719 medullis
377 1677 555 1718 inserite
581 1676 747 1726 cordis,
775 1676 862 1716 hoc
886 1689 976 1715 mu-

147 1735 237 1775 nite
265 1733 434 1775 aditum
459 1733 671 1786 pectoris,
702 1737 751 1773 ut
779 1737 823 1772 et
851 1731 977 1772 vobis

149 1789 262 1831 inter
286 1789 423 1831 ubera
448 1790 756 1830 commoretur.
792 1788 838 1829 Si
863 1787 978 1828 enim

150 1850 250 1887 ante
277 1845 430 1887 oculos
455 1844 696 1886 habueritis
722 1856 852 1895 quem
878 1855 977 1894 por-

149 1901 270 1951 tatis,
288 1913 371 1954 pro
391 1906 514 1942 certo
534 1900 734 1942 videntes
754 1898 977 1949 angustias

150 1956 344 2006 Domini,
370 1956 509 1998 levius
536 1960 706 1998 vestras
731 1953 977 2006 portabitis,

150 2013 249 2065 ipso
285 2012 519 2054 auxiliante
551 2011 763 2053 Ecclesiae
800 2021 977 2062 sponso,

152 2069 228 2120 qui
251 2073 319 2110 est
346 2081 478 2121 super
498 2069 643 2110 omnia
661 2068 783 2108 Deus
801 2064 976 2107 benedi-

151 2130 248 2166 ctus
266 2124 311 2165 in
330 2124 501 2166 saecula.
529 2125 681 2166 Amen.

200 2183 251 2235 Re-
279 2186 442 2227 Arcam
465 2185 520 2227 de
542 2185 669 2236 lignis
688 2183 823 2225 Setim
847 2181 976 2222 deau-

151 2242 268 2284 rabis
287 2254 393 2284 auro
411 2241 699 2283 mundissimo
718 2240 834 2279 intus
854 2242 897 2278 et
914 2237 976 2277 fo-

152 2299 227 2339 ris:
259 2295 283 2320 *
321 2298 563 2349 Faciesque
601 2308 735 2348 supra
770 2295 978 2335 corenam

153 2357 330 2396 auream
343 2366 423 2406 per
438 2353 678 2395 circuitum.
704 2344 754 2395 W.
778 2350 921 2390 Pones
935 2347 979 2387 in

153 2423 255 2452 arca
291 2409 665 2456 testificationem,
700 2418 830 2458 quam
863 2403 979 2445 dabo

153 2466 243 2508 tibi.
261 2466 515 2517 Faciesque.
545 2463 707 2506 Gloria.
726 2460 979 2510 Faciesque.

366 2547 415 2585 In
441 2546 512 2585 III.
541 2546 764 2585 Nocturno.

204 2611 304 2651 Ant.
341 2612 571 2663 Ingressus
600 2611 692 2651 sine
719 2606 908 2654 macula,
936 2609 980 2645 et

156 2671 364 2721 operatus
392 2667 616 2719 justitiam,
649 2664 884 2706 coronatus
913 2663 980 2700 est

153 2724 199 2764 in
215 2729 364 2766 monte
383 2727 536 2764 sancto
555 2726 643 2762 tuo.

1760 225 1853 268 [319]

1081 318 1146 357 Ps.
1166 319 1223 356 14.
1255 319 1439 360 Domine
1461 319 1567 371 quis.
1588 319 1668 371 [27]

1080 379 1179 419 Ant.
1207 378 1346 430 Super
1373 383 1504 431 caput
1530 380 1619 429 ejus
1645 381 1853 420 coro'nam

1028 432 1083 474 de
1102 432 1250 484 lapide
1269 434 1464 486 pretioso
1484 435 1670 486 posuisti
1688 435 1796 475 Dfie.

1079 496 1146 534 Ps.
1166 496 1236 534 20.
1268 494 1453 534 Demine
1473 495 1517 534 in
1535 494 1706 535 virtute.
1725 494 1805 546 [27]

1082 555 1178 594 Ant.
1200 553 1422 594 Adversus
1444 567 1531 603 eos,
1552 555 1625 606 qui
1643 554 1853 595 tribulant

1026 620 1113 657 me,
1163 609 1444 661 impinguasti
1487 610 1531 650 in
1577 610 1674 651 oleo
1721 614 1853 662 caput

1026 676 1182 704 meum.

1304 716 1499 754 psalmus
1519 718 1581 754 22.

1114 780 1285 821 eminus
1309 780 1420 830 regit
1442 793 1529 829 me,
1558 785 1601 821 et
1623 780 1728 820 nihil
1748 780 1853 820 mihi

1147 835 1302 877 deerit:
1331 837 1354 861 *
1382 836 1426 875 in
1456 836 1556 877 loco
1586 838 1762 887 pascuae
1792 836 1852 877 ibi

1027 903 1097 931 me
1116 891 1360 932 collocavit.
1848 897 1850 899 ’

1081 948 1221 999 Super
1246 960 1405 999 aquam
1427 947 1679 988 refecti6nis
1699 947 1853 988 educa-

1029 1003 1091 1044 vit
1109 1015 1193 1043 me:
1211 1003 1234 1028 *
1254 1003 1440 1043 animam
1463 1016 1606 1043 meam
1629 1004 1854 1043 convertit.

1080 1059 1275 1100 Deduxit
1298 1071 1368 1100 me
1393 1056 1525 1111 super
1545 1060 1722 1100 semitas
1739 1059 1854 1109 justi-

1027 1115 1113 1163 tiae,
1132 1116 1156 1140 *
1174 1119 1358 1166 propter
1376 1127 1535 1155 nomen
1555 1127 1690 1155 suum.

1079 1171 1204 1219 Nam,
1227 1176 1270 1211 et
1290 1171 1326 1211 si
1344 1170 1626 1211 ambulavero
1646 1171 1689 1210 in
1707 1170 1852 1211 medio

1029 1226 1198 1267 umbrae
1217 1226 1382 1275 mortis,
1401 1239 1488 1267 non
1506 1226 1670 1267 timebo
1690 1226 1818 1266 mala:
1830 1228 1853 1251 *

1031 1283 1237 1334 quoniam
1255 1287 1303 1323 tu
1320 1295 1493 1323 mecum
1512 1295 1569 1323 es.
1876 1280 1880 1282 ”

1081 1339 1218 1389 Virga
1232 1342 1317 1386 tua,
1337 1343 1380 1379 et
1394 1337 1578 1378 baculus
1592 1343 1707 1379 tuus:
1721 1338 1743 1362 *
1758 1337 1855 1388 ipsa

1029 1406 1099 1434 me
1120 1393 1345 1435 consolata
1365 1398 1474 1434 sunt.

1082 1450 1252 1490 Parasti
1277 1450 1321 1489 in
1348 1450 1588 1500 conspectu
1610 1461 1710 1489 meo
1737 1460 1854 1488 men-

1031 1518 1139 1555 sam,
1158 1506 1181 1530 *
1201 1504 1410 1546 adversus
1431 1517 1523 1553 eOS,
1550 1505 1623 1556 qui
1645 1503 1855 1544 tribulant

1029 1574 1110 1602 me.

1081 1616 1371 1669 Impinguasti
1385 1616 1429 1656 in
1444 1615 1542 1656 eleo
1554 1620 1686 1667 caput
1696 1627 1855 1655 meum:

1029 1673 1053 1698 *
1086 1677 1129 1713 et
1163 1673 1276 1713 calix
1311 1684 1434 1712 meus
1469 1671 1688 1712 inebrians
1726 1683 1855 1722 quam

1030 1728 1271 1780 praeclarus
1291 1727 1371 1769 est!

1082 1785 1139 1824 Et
1156 1781 1457 1824 misericerdia
1475 1786 1550 1822 tua
1565 1780 1854 1831 subsequetur

1029 1852 1100 1880 me
1119 1841 1143 1866 *
1162 1838 1363 1879 omnibus
1383 1836 1537 1878 diebus
1557 1836 1658 1876 vitae
1677 1840 1802 1876 meae:

1081 1895 1138 1935 Et
1152 1899 1200 1935 ut
1213 1893 1451 1935 inhabitem
1466 1892 1508 1932 in
1523 1891 1655 1932 domo
1667 1890 1853 1939 Demini,

1030 1951 1054 1975 *
1072 1950 1117 1990 in
1134 1948 1450 2001 longitudinem
1469 1947 1647 1988 dierum.

1083 2010 1180 2049 Ant.
1202 2009 1425 2050 Adversus
1445 2019 1532 2055 008,
1553 2006 1626 2058 qui
1645 2004 1853 2046 tribulant

1030 2078 1120 2114 me,
1164 2063 1446 2117 impinguasti
1490 2063 1533 2103 in
1579 2062 1677 2103 oleo
1724 2065 1855 2112 caput

1031 2134 1189 2163 meum.

1083 2176 1133 2227 V.
1178 2181 1352 2222 Cor6na
1389 2181 1520 2220 aurea
1557 2190 1689 2230 super
1722 2180 1854 2228 caput

1032 2238 1133 2289 ejus.
1156 2235 1206 2286 Κ.
1224 2237 1446 2287 Expressa
1462 2235 1586 2286 signo
1601 2232 1853 2274 sanctitatis.

1032 2314 1185 2356 Lectio
1207 2313 1348 2354 sancti
1366 2310 1591 2361 Evangelii
1615 2308 1853 2350 secundum

1330 2368 1355 2408 J
1359 2369 1554 2409 oannem.

1135 2428 1287 2469 Lectio
1307 2427 1375 2466 vii.
1572 2424 1674 2474 Cap.
1694 2424 1750 2462 19.

1029 2486 1106 2591 In
1127 2489 1203 2530 illo
1225 2490 1439 2540 tempore:
1465 2481 1769 2536 Apprehendit
1786 2481 1853 2522 Pi-

1094 2545 1208 2586 latus
1239 2545 1401 2591 Jesum,
1433 2546 1476 2582 et
1508 2539 1753 2591 flagellavit.
1797 2537 1854 2577 Et

1029 2601 1190 2642 milites
1209 2599 1449 2652 plectentes
1468 2598 1676 2637 coronam
1696 2593 1750 2634 de
1769 2593 1853 2643 spi-

1030 2657 1114 2705 nis,
1146 2655 1449 2707 imposuerunt
1481 2651 1615 2703 capiti
1647 2650 1748 2700 ejus.
1797 2648 1854 2688 Et

1030 2713 1208 2764 reliqua.
