2040 2990
758 200 868 234 Feria
894 200 1005 234 tertia
1031 200 1079 234 ad
1104 201 1266 235 Laudes.

211 293 415 335 Dilexisti
448 293 593 334 emnia
623 292 759 334 verba
790 293 987 346 praecipi-

159 349 347 399 tationis,
366 351 390 376 *
408 349 555 400 lingua
573 349 740 391 dolosa.

210 406 452 458 Propterea
481 407 603 447 Deus
638 406 835 448 destruet
866 411 910 447 te
944 406 987 446 in

158 462 301 512 finem,
321 463 345 489 *
365 462 523 504 evellet
546 468 601 512 te,
630 468 673 504 et
693 461 923 513 emigrabit
943 467 987 504 te

160 517 215 560 de
255 518 540 560 tabernaculo
578 524 674 561 tuo:
714 524 758 560 et
794 518 987 560 radicem

159 579 280 616 tuam
300 574 355 616 de
377 580 495 617 terra
514 575 761 617 viventium.

212 631 437 674 Videbunt
463 632 583 684 justi,
612 637 655 673 et
682 632 914 682 timebunt,
943 636 987 673 et
1044 641 1129 689 ς

160 701 292 741 super
322 701 420 730 eum
448 687 670 739 ridebunt,
699 694 743 730 et
770 688 934 730 dicent:
963 691 986 715 *

160 745 275 786 Ecce
297 744 450 794 homo,
471 745 545 797 qm·
569 758 657 786 non
674 745 823 797 posuit
843 746 986 786 Deum

160 800 402 853 adjutorem
422 814 565 842 suum:

211 857 299 899 Sed
327 858 522 910 speravit
549 858 592 898 in
619 857 895 900 multitudine
926 858 984 898 di-

159 914 363 955 vitiarum
382 917 575 956 suarum:
590 917 613 942 *
631 920 674 956 et
693 915 924 968 praevaluit
943 915 985 955 in

159 971 351 1012 vanitate
371 984 460 1012 sua.

210 1027 306 1078 Ego
325 1032 482 1078 autem,
500 1028 611 1069 sicut
631 1028 747 1069 oliva
765 1028 986 1069 fructifera

159 1083 204 1124 in
230 1083 362 1126 domo
381 1084 481 1135 Dei,
500 1086 524 1111 *
552 1085 726 1138 speravi
755 1085 799 1125 in
822 1085 984 1125 miseri-

160 1140 311 1182 cerdia
327 1141 412 1182 Dei
439 1141 483 1182 in
511 1143 739 1182 aeternum:
768 1146 811 1183 et
838 1142 882 1182 in
908 1143 984 1182 sae-

160 1196 306 1238 culum
325 1197 485 1239 saeculi.

212 1253 467 1296 Confitebor
486 1253 566 1296 tibi
586 1255 629 1295 in
648 1254 867 1304 saeculum,
885 1254 986 1306 quia

158 1309 318 1351 fecisti:
353 1312 377 1338 *
420 1316 464 1352 et
510 1310 780 1363 exspectabo
825 1323 985 1352 nomen

157 1370 290 1416 tuum,
316 1368 522 1419 quoniam
541 1367 707 1409 bonum
733 1371 800 1409 est
821 1367 865 1408 in
885 1380 984 1408 con-

158 1424 313 1475 spectu
331 1425 583 1465 sancterum
599 1426 786 1465 tuerum.

212 1482 310 1521 Ant.
338 1481 458 1521 Deus
483 1479 666 1522 deerum
684 1480 899 1521 Dominus
923 1479 983 1521 lo-

158 1537 286 1576 c1'1tus
307 1541 383 1578 est.

210 1594 294 1635 Per
314 1595 499 1634 Annum.
527 1588 576 1639 Ψ.
598 1592 782 1634 Immola
801 1593 899 1635 Deo
920 1607 983 1634 sa-

158 1648 369 1689 crificium
378 1648 531 1690 laudis.
548 1651 596 1690 R.
608 1649 665 1691 Et
678 1649 815 1691 redde
823 1649 985 1691 Altissi-

158 1717 231 1746 mo
250 1709 355 1747 vota
372 1710 458 1747 tua.

210 1764 259 1804 In
289 1763 505 1804 Adventu.
541 1758 590 1810 Ψ.
619 1763 781 1804 Emitte
809 1763 985 1813 Agnum

156 1818 345 1860 Demine
355 1819 687 1861 Dominaterem
696 1824 837 1860 terrae.
857 1820 907 1871 R.
915 1820 984 1861 De

157 1875 288 1917 Petra
302 1875 465 1917 deserti
479 1875 535 1917 ad
550 1881 745 1917 montem
758 1875 860 1916 filiae
870 1876 984 1917 Sion.

211 1933 296 1973 Pro
336 1945 422 1973 uno
460 1933 661 1984 Martyre.
708 1927 757 1978 V
794 1932 985 1974 Posuisti

156 1987 344 2030 Domine
372 2001 504 2041 super
532 1993 663 2041 caput
692 1989 793 2040 ejus.
823 1989 872 2039 R».
904 1989 982 2030 Co-

157 2046 310 2086 ronam
329 2044 384 2087 de
405 2044 552 2098 lapide
571 2045 778 2098 pretieso.

210 2103 295 2142 Pro
316 2102 524 2166 pluribus.
532 2102 674 2153 Mart)
677 2102 806 2142 ribus.
831 2096 880 2147 X.
900 2101 982 2142 Ex-

157 2157 321 2199 sultent
369 2158 469 2210 justi
513 2158 557 2198 in
605 2159 844 2210 conspectu
888 2157 983 2199 Dei.

160 2214 209 2266 Ιζι.
226 2215 282 2256 Et
300 2213 603 2256 delectentur'
592 2228 635 2255 m
654 2214 816 2255 laetitia.

212 2271 295 2311 Pro
327 2272 446 2311 Conf.
473 2272 596 2311 Pont.
636 2266 684 2317 Ψ
713 2270 856 2320 Elegit
884 2282 983 2311 eum

156 2325 371 2368 Dominus
399 2326 675 2368 sacerdetem
702 2326 794 2368 sibi.
836 2328 883 2377 lx'g.
911 2325 983 2366 Ad

158 2383 492 2425 sacrificandum
512 2383 552 2425 ei
571 2382 760 2425 hostiam
779 2381 931 2424 laudis.

212 2440 295 2479 Pro
318 2439 436 2479 Conf.
459 2452 542 2479 non
568 2440 688 2479 Pont.
719 2434 767 2485 Ψ.
798 2439 859 2480 Os
884 2438 984 2490 justi

158 2494 439 2537 meditabitur
456 2496 723 2549 sapientiam.
753 2497 802 2546 Κ.
830 2495 885 2535 Et
907 2494 983 2534 lin-

158 2563 244 2600 gua
262 2553 352 2604 ejus
371 2552 576 2605 loquetur
596 2551 811 2616 judicium.

212 2609 296 2649 Pro
334 2622 417 2649 una
455 2609 622 2649 Sancta.
662 2603 710 2654 ὶῦ
746 2605 983 2660 Adiuvabit

161 2675 257 2704 eam
282 2664 404 2705 Deus
432 2665 555 2706 vultu
582 2678 673 2706 suo.
716 2665 765 2715 R.
791 2665 911 2705 Deus
939 2663 979 2702 in

158 2718 303 2761 medio
321 2721 422 2772 ejus,
442 2734 530 2762 non
549 2720 905 2763 commovebitur.

313 2863 377 2887 Pars
392 2862 524 2887 Hiemalis.

1298 296 1376 337 Ad
1400 297 1608 338 Laudes.

1096 354 1191 391 ΑΜ
1214 349 1323 390 Dele
1342 349 1530 391 Domine
1549 352 1572 378 *
1591 351 1864 403 iniquitatem

1040 418 1193 446 meam.

1093 465 1158 503 l's
1188 463 1393 504 Miserere
1413 463 1499 504 mei
1517 463 1648 504 Deus.
1676 464 1748 504 50.

1093 522 1189 560 Am
1218 519 1429 560 Salutare.

1307 577 1504 617 Psalmus
1534 580 1596 617 4¹².

1065 631 1281 673 Wdica
1312 645 1382 673 me
1414 632 1555 681 Deus,
1590 636 1633 673 et
1666 632 1862 674 discerne

1138 700 1139 707 ¹
1171 701 1347 730 causam
1375 701 1517 730 meam
1544 688 1598 730 de
1623 693 1752 756 gente
1775 702 1862 730 non

1321 747 1362 795 ‚*
1377 745 1431 786 ab
1451 744 1654 786 hemine
1643 747 1803 797 miquo,
1819 750 1862 786 et

1039 801 1196 843 doloso
1216 803 1318 843 erue
1337 815 1418 843 me.

1091 859 1201 908 Quia
1218 862 1267 899 tu
1286 871 1333 899 es
1347 858 1468 899 Deus
1487 858 1698 900 fortitudo
1717 860 1863 899 mea:*

1039 915 1183 964 Quare
1198 927 1268 956 me
1283 914 1505 967 repulisti?
1521 920 1564 956 et
1579 928 1712 967 quare
1726 915 1862 956 tristis

1039 971 1205 1020 incedo,
1226 970 1331 1012 dum
1349 971 1503 1022 affligit
1519 984 1589 1013 me
1607 969 1831 1012 inimicus?

1090 1027 1253 1069 Emitte
1272 1027 1416 1068 lucem
1432 1032 1553 1069 tuam
1573 1032 1616 1069 et
1632 1028 1863 1069 veritatem

1037 1088 1173 1125 tuam:
1200 1086 1223 1110 *
1257 1084 1352 1136 ipsa
1384 1097 1454 1125 me
1490 1084 1785 1134 deduxerunt,
1820 1089 1862 1125 et

1038 1140 1313 1182 adduxerunt
1346 1141 1390 1181 in
1435 1146 1629 1182 montem
1666 1146 1862 1182 sanetum

1037 1202 1170 1247 tuum,
1196 1202 1240 1238 et
1263 1197 1307 1238 in
1324 1197 1608 1239 tabernacula
1628 1202 1713 1238 tua.

1090 1255 1145 1295 Et
1171 1253 1362 1295 introibo
1391 1253 1447 1294 ad
1475 1254 1611 1295 altare
1633 1254 1735 1295 Dei:
1754 1256 1777 1280 *
1805 1253 1861 1294 ad

1038 1311 1199 1359 Deum,
1238 1310 1310 1362 qui
1355 1309 1548 1351 laetificat
1594 1310 1861 1362 juventiitem

1037 1379 1190 1408 meam.

1091 1422 1344 1464 Confitebor
1370 1422 1450 1464 tibi
1476 1423 1520 1463 in
1548 1422 1712 1463 cithara
1739 1423 1860 1463 Deus

1036 1480 1157 1520 Deus
1182 1492 1322 1520 meus:
1342 1480 1365 1506 *
1392 1491 1526 1531 quare
1545 1479 1681 1520 tristis
1708 1491 1755 1520 es
1775 1479 1860 1519 ani-

1036 1549 1108 1577 ma
1124 1535 1245 1577 mea?
1265 1540 1308 1576 et
1329 1548 1461 1587 quare
1482 1535 1717 1577 conturbas
1736 1534 1829 1576 me?

1088 1592 1226 1644 Spera
1255 1592 1300 1632 in
1331 1593 1447 1642 Deo,
1484 1592 1689 1644 quoniam
1718 1591 1860 1632 adhuc

1038 1648 1282 1690 confitebor
1315 1648 1390 1689 illi:
1429 1650 1453 1675 *
1489 1648 1678 1689 salutare
1715 1647 1859 1688 vultus

1036 1705 1132 1755 mei,
1153 1710 1196 1746 et
1215 1705 1337 1746 Deus
1360 1717 1494 1746 meus.

1093 1762 1190 1802 Ant.
1229 1761 1427 1802 Salutare
1473 1760 1616 1801 vultus

1036 1819 1157 1860 Deus
1176 1831 1310 1859 meus.

1091 1876 1189 1915 Ant.
1212 1874 1280 1915 Ad
1295 1878 1340 1915 te
1357 1873 1412 1927 de
1431 1873 1528 1914 luce
1544 1874 1568 1900 *
1581 1872 1712 1924 vigilo
1726 1872 1857 1913 Deus.

1092 1932 1158 1971 Ps.
1178 1931 1297 1971 Deus
1315 1929 1436 1971 Deus
1459 1942 1593 1971 meus.
1619 1930 1679 1970 16.

1091 1988 1189 2027 Ant.
1219 1987 1395 2028 Cunctis
1424 1985 1588 2028 diebus.

1094 2044 1318 2084 Canticum
1341 2043 1551 2083 Ezechiae.
1575 2051 1688 2084 Isaiae
1704 2051 1758 2083 38.
1776 2050 1809 2082 b.

1114 2112 1171 2150 go
1191 2099 1299 2141 dixi:
1318 2099 1369 2139 In
1389 2097 1568 2140 dimidio
1584 2097 1751 2139 dierum
1770 2110 1856 2138 me-

1129 2158 1253 2197 erum
1266 2158 1290 2183 *
1306 2155 1464 2197 vadam
1482 2154 1539 2196 ad
1554 2158 1706 2207 portas
1719 2153 1854 2194 inferi.

1087 2213 1279 2263 Quaesivi
1301 2211 1524 2254 residuum
1542 2211 1753 2252 annerum
1770 2223 1855 2250 me-

1036 2270 1169 2310 orum.
1194 2271 1217 2296 *
1243 2269 1367 2309 Dixi:
1394 2267 1495 2309 Non
1523 2265 1682 2308 videbo
1709 2265 1856 2306 Demi-

1034 2338 1138 2366 num
1155 2325 1300 2367 Deum
1320 2325 1362 2365 in
1382 2329 1499 2366 terra
1517 2322 1762 2364 viventium.

1085 2381 1187 2423 Non
1215 2381 1423 2434 aspiciam
1449 2380 1670 2420 heminem
1696 2377 1856 2428 ultra,*

1035 2442 1079 2479 et
1097 2437 1387 2479 habitaterem
1409 2436 1576 2489 quietis.

1088 2494 1325 2535 Generatio
1360 2506 1459 2534 mea
1504 2491 1650 2533 ablata
1687 2494 1775 2538 est,
1814 2493 1856 2530 et

1661 1760 1768 1809 mei,
1816 1764 1859 1800 et

1036 2550 1271 2592 convoluta
1292 2554 1359 2591 est
1378 2562 1403 2590 a
1420 2561 1506 2598 me,
1526 2549 1549 2575 *
1570 2546 1693 2599 quasi
1715 2544 1854 2587 taber-

1034 2606 1238 2648 naculum
1259 2608 1497 2659 pasterum.

1085 2663 1275 2704 Praecisa
1296 2666 1362 2703 est
1382 2661 1502 2703 velut
1522 2673 1548 2701 a
1568 2661 1752 2707 texente,
1767 2657 1855 2698 vita

1033 2731 1150 2760 mea:
1178 2718 1281 2760 dum
1305 2717 1447 2759 adhuc
1473 2715 1654 2764 ordirer,
1674 2689 1856 2755 succidit

1606 2845 1650 2878 5*
