2080 2990
855 198 1062 232 Commune
1091 197 1299 238 Virgilium.

274 289 555 332 Conturbatae
583 294 684 331 sunt
704 291 886 340 Gentes,
916 295 959 331 et
986 290 1045 330 in-

222 347 379 389 clinata
407 351 506 388 sunt
534 359 682 397 regna:
700 348 723 373 *
743 346 864 388 dedit
891 359 1045 387 vocem

222 416 355 451 suam,
373 408 493 444 mota
513 407 579 444 est
598 408 723 444 terra.

272 459 487 501 Dominus
515 459 722 500 virtutum
749 458 995 501 nobiseum:
1022 459 1045 483 *

223 518 452 568 susceptor
470 520 621 557 noster
638 516 759 557 Deus
778 514 926 556 Jacob.

274 573 447 622 Venite,
472 577 515 613 et
537 571 681 613 videte
706 574 840 624 Opera
858 571 1046 619 Domini,

223 642 321 681 quae
339 629 488 681 posuit
507 628 707 681 prodigia
723 640 854 680 super
867 632 1046 668 terram:

222 686 245 711 *
278 685 478 727 auferens
509 684 625 726 bella
656 697 796 736 usque
827 683 883 725 ad
915 682 1046 724 finem

222 747 363 784 terrae.

275 799 440 839 Arcum
471 800 684 846 centeret,
725 800 769 838 et
805 796 1047 847 confringet

223 868 359 896 arma:
378 855 401 880 *
421 859 464 895 et
483 859 606 895 scuta
628 852 857 894 comburet
875 853 973 903 igni.

183 915 186 917 ’
274 912 457 959 Vacate,
486 915 529 951 et
556 909 701 951 videte
731 909 934 961 quoniam
964 922 1046 960 ego

223 981 319 1009 sum
334 968 469 1008 Deus:
484 967 507 992 *
520 965 746 1007 exaltabor
762 966 804 1006 in
822 965 1047 1015 Gentibus,

224 1029 267 1066 et
288 1023 515 1065 exaltabor
534 1023 575 1063 in
595 1027 722 1064 terra.

274 1081 488 1121 Deminus
516 1080 724 1120 virtutum
751 1078 996 1119 nobiscum:
1023 1079 1046 1104 *

222 1139 451 1189 susceptor
470 1140 620 1177 noster
638 1135 760 1176 Deus
779 1134 927 1176 Jacob.

283 1204 376 1243 Ant.
410 1200 639 1252 Adiuvabit
670 1212 766 1241 eam
784 1200 906 1241 Deus
926 1200 1047 1242 vultu

222 1271 317 1299 suo:
335 1258 456 1299 Deus
476 1258 519 1297 in
539 1256 683 1298 medio
705 1257 805 1308 ejus,
824 1269 911 1298 non
931 1269 1046 1298 com-

222 1314 480 1356 movebitur.

279 1387 375 1427 Ant.
408 1390 543 1436 Aquae
565 1381 716 1423 multae
738 1383 761 1408 *
784 1395 870 1423 non
894 1386 1045 1436 potue-

221 1447 321 1483 runt
340 1443 616 1492 exstinguere
637 1440 873 1481 caritatem.

491 1527 686 1568 psalmus
714 1527 777 1566 47.

224 1586 465 1693 Magnus
492 1588 716 1638 Dominus,
746 1594 789 1630 et
815 1588 1046 1631 laudabilis

342 1647 467 1687 nimis
487 1647 509 1671 *
530 1646 572 1686 in
600 1645 775 1687 civitate
795 1646 877 1687 Dei
898 1646 1045 1695 nostri,

222 1704 265 1744 in
292 1708 441 1744 monte
469 1706 620 1744 sancto
650 1702 750 1753 ejus.

273 1759 498 1801 Fundetur
520 1757 809 1800 exsultatione
834 1757 1046 1799 universae

222 1822 351 1859 terrae
385 1829 510 1857 mons
543 1815 662 1864 Sion,
690 1815 713 1839 *
748 1814 886 1856 latera
915 1814 1046 1866 Aqui-

221 1873 349 1923 loniS,
375 1873 527 1914 civitas
554 1871 669 1922 regis
696 1871 852 1921 magni.

274 1930 394 1970 Deus
418 1930 461 1970 in
481 1927 683 1970 domibus
704 1928 794 1979 ejus
814 1930 1046 1978 cognosce-

222 1992 302 2035 tur,
330 1988 353 2012 *
382 1999 480 2027 eum
509 1984 716 2037 suscipiet
744 1996 850 2025 eam.

275 2042 488 2092 Queniam
517 2054 619 2083 ecce
646 2053 772 2091 reges
794 2045 923 2082 terrae
948 2053 1046 2082 con·
1110 2085 1111 2088 ,
1133 2032 1144 2052 ⁴

224 2099 393 2149 gregati
438 2103 551 2139 sunt:
595 2098 618 2123 *
664 2098 960 2139 convenerunt
1004 2098 1047 2138 in

224 2169 366 2196 unum.

275 2211 367 2264 Ipsi
394 2210 591 2252 videntes
620 2209 682 2250 sic
710 2208 911 2251 admirati
938 2215 1048 2259 sunt,

225 2267 472 2310 conturbati
500 2271 614 2316 sunt,
647 2266 854 2307 commeti
882 2272 997 2308 sunt:
1025 2267 1048 2293 *

223 2330 388 2366 tremor
415 2321 703 2376 apprehendit
730 2334 818 2362 eos.

277 2381 344 2422 Ibi
371 2380 550 2422 doleres
577 2383 624 2419 ut
651 2378 944 2430 parturientis:
963 2379 985 2404 *
1006 2379 1048 2419 in

226 2437 381 2490 spiritu
407 2434 653 2478 vehementi
687 2436 886 2476 conteres
915 2448 1048 2477 naves

225 2493 416 2535 Tharsis.

276 2551 396 2592 Sicut
423 2549 676 2597 audivimus,
704 2546 766 2587 sic
794 2546 979 2589 vidimus
1006 2549 1049 2589 in

226 2608 402 2649 civitate
424 2605 599 2647 Domini
627 2604 851 2651 virtutum,
879 2604 921 2644 in
950 2605 1048 2646 civi-

224 2667 315 2707 tate
348 2664 432 2705 Dei
458 2662 609 2704 nostri:
643 2661 666 2686 *
698 2660 819 2701 Deus
854 2659 1050 2704 fundavit

227 2734 323 2764 eam
349 2721 392 2763 in
421 2721 641 2762 aeternum.

1147 288 1424 341 Suscepimus
1439 289 1559 331 Deus
1577 289 1920 332 misericordiam

1097 350 1226 394 tuam,
1254 346 1277 371 *
1304 345 1347 386 in
1372 344 1517 387 medio
1544 345 1696 399 templi
1722 346 1795 388 tui.

1148 400 1397 442 Secundum
1436 413 1595 443 nomen
1630 407 1753 443 tuum
1787 402 1919 451 DeuS,

1098 458 1160 498 sic
1197 463 1240 499 et
1273 457 1367 498 laus
1401 462 1476 499 tua
1509 458 1553 498 in
1584 458 1692 500 fines
1724 463 1869 501 terrae:
1896 460 1919 484 *

1097 514 1257 566 justitia
1284 514 1414 566 plena
1443 518 1509 555 est
1536 513 1716 556 dextera
1741 519 1826 557 tua.

1149 571 1342 612 Laetetur
1382 583 1508 612 mons
1544 570 1666 620 Sion,
1709 576 1753 613 et
1781 571 1920 614 exsul-

1097 631 1191 668 tent
1217 627 1319 668 filiae
1342 627 1367 668 J
1369 626 1479 677 udae,
1507 628 1531 655 *
1557 632 1740 680 propter
1765 627 1922 679 judicia

1098 689 1172 725 tua
1199 684 1396 725 Demine.

1151 740 1426 782 Circumdate
1453 740 1575 790 Sion,
1603 745 1647 782 et
1673 739 1922 793 complecti-

1098 797 1202 837 mini
1238 809 1347 838 eam:
1383 797 1406 823 *
1442 799 1614 839 narrate
1650 797 1693 838 in
1730 796 1922 839 turribus

1099 866 1199 905 ejus.

1150 910 1304 952 Ponite
1339 909 1473 951 corda
1506 914 1650 951 vestra
1686 910 1729 951 in
1761 910 1921 952 virtute

1100 969 1203 1019 ejus:
1230 967 1254 992 ¹⁸¹
1282 971 1325 1008 et
1360 966 1603 1007 distribuite
1638 965 1793 1008 domos
1821 967 1921 1018 ejus,

1099 1029 1146 1065 ut
1174 1023 1382 1065 enarretis
1407 1023 1451 1063 in
1479 1023 1686 1075 progenie
1715 1023 1861 1065 eltera.

1151 1080 1365 1130 Quoniam
1404 1079 1474 1121 hic
1516 1084 1582 1121 est
1617 1079 1757 1129 Deus,
1801 1079 1922 1121 Deus

1098 1142 1250 1178 noster
1275 1137 1318 1177 in
1338 1138 1563 1186 aeternum,
1591 1141 1634 1177 et
1652 1136 1695 1177 in
1715 1135 1923 1177 saeculum

1099 1193 1261 1234 saeculi:
1280 1195 1303 1220 *
1321 1193 1416 1246 ipse
1442 1198 1564 1243 reget
1590 1205 1671 1234 nos
1690 1192 1735 1233 in
1753 1192 1923 1234 saecula.

1156 1263 1253 1301 Ant.
1292 1262 1427 1311 Aquae
1463 1257 1612 1299 multae
1648 1269 1736 1298 non
1772 1259 1922 1310 potue-

1099 1320 1199 1357 runt
1219 1318 1494 1367 exstinguere
1514 1314 1748 1356 caritatem.

1155 1376 1204 1427 Y.
1246 1379 1483 1432 Adiuvabit
1519 1391 1614 1421 eam
1645 1378 1767 1420 Deus
1799 1378 1923 1421 vultu

1100 1451 1190 1479 suo.
1234 1439 1281 1490 R.
1307 1438 1428 1478 Deus
1456 1436 1499 1477 in
1527 1434 1672 1477 medio
1702 1435 1808 1487 ejus,
1834 1448 1923 1476 non

1099 1494 1456 1536 commovebitur.

1159 1558 1282 1598 Pater
1302 1560 1463 1596 noster.

1154 1619 1395 1660 Absolutio.
1425 1619 1566 1669 Ipsius
1585 1619 1737 1670 pietas.

1156 1672 1204 1722 Y.
1227 1673 1251 1712 J
1254 1671 1339 1714 ube
1364 1672 1534 1715 domne.

1154 1737 1312 1779 Bened.
1346 1738 1463 1778 Deus
1481 1735 1613 1776 Pater
1636 1735 1923 1786 omnipotens.

1119 1813 1268 1853 Sermo
1288 1811 1425 1852 sancti
1446 1809 1667 1851 Ambrosii
1685 1808 1906 1862 Episcopi.

1242 1873 1321 1907 Lib
1343 1873 1367 1906 1
1387 1872 1432 1906 de
1451 1872 1566 1915 Virg.
1585 1872 1685 1906 circa
1705 1871 1783 1906 init.

1404 1925 1586 1966 Lectio
1576 1939 1627 1965 ιν.

1167 1992 1221 2039 fjx
1227 1985 1401 2026 uoniam
1420 1983 1552 2025 hodie
1571 1982 1728 2024 natalis
1748 1986 1815 2024 est
1826 1982 1923 2023 Vir-

1211 2065 1221 2094 μ,
1241 2041 1368 2093 ginis,
1396 2041 1552 2081 invitat
1570 2051 1684 2080 nunc
1702 2038 1922 2088 integrita-

1201 2091 1221 2121 ]
1242 2098 1299 2139 tis
1319 2110 1453 2147 amor,
1472 2101 1520 2138 ut
1537 2094 1703 2147 aliquid
1722 2093 1777 2136 de
1796 2094 1923 2145 virgi-

1100 2155 1237 2196 nitate
1264 2154 1473 2196 dicamus:
1499 2165 1554 2194 ne
1578 2151 1712 2193 veluti
1736 2151 1924 2192 transitu

1102 2211 1295 2264 quodam
1311 2211 1561 2262 praestricta
1578 2207 1795 2257 videatur,
1825 2219 1923 2258 quae

1101 2266 1354 2321 principalis
1387 2270 1454 2307 est
1484 2265 1632 2306 virtus.
1676 2263 1778 2304 Non
1809 2263 1924 2304 enim

1102 2324 1201 2366 ideo
1229 2322 1461 2364 laudabilis
1486 2320 1727 2371 virginitas,
1757 2319 1858 2372 quia
1880 2319 1924 2360 in

1101 2379 1367 2446 Martyribus
1410 2379 1645 2430 reperitur·
1697 2375 1776 2418 sed
1822 2375 1924 2427 quia

1102 2438 1197 2490 ipsa
1220 2436 1437 2487 Martyres
1463 2434 1604 2475 faciat.
1647 2432 1754 2483 Quis
1778 2437 1924 2473 autem

1101 2494 1289 2535 humano
1318 2504 1414 2533 eam
1441 2490 1582 2543 possit
1611 2489 1783 2541 ingenio
1808 2501 1924 2530 com-

1102 2548 1390 2603 prehendere
1411 2560 1540 2599 quam
1560 2559 1640 2587 nec
1659 2548 1815 2587 natura
1834 2545 1923 2586 suis

1102 2606 1277 2648 inclusit
1294 2579 1487 2656 legibus?
1512 2603 1602 2644 Aut
1622 2603 1718 2654 quis
1737 2601 1924 2643 naturali

1102 2675 1211 2704 voce
1230 2661 1479 2714 complecti,
1508 2659 1628 2712 quod
1646 2671 1778 2712 supra
1798 2671 1924 2700 usum

1102 2722 1269 2762 naturae
1314 2716 1396 2760 sit?
1451 2717 1488 2758 E
1530 2715 1644 2758 coelo
1682 2713 1924 2764 accersivit,
