2040 2990
186 202 249 238 122

759 198 865 231 Furia
893 205 999 231 sexta
1025 197 1072 230 ad
1095 196 1298 238 vesperas.

235 299 354 339 Pone
365 295 552 337 Domine
563 295 808 337 custodiam
819 295 883 336 ori
893 307 1007 336 meo:

184 355 208 380 *
239 359 283 395 et
320 353 479 394 ostium
511 352 848 393 circumstantiae
881 350 1008 392 labiis

184 411 302 452 meis.

234 467 334 508 Non
354 466 546 509 declines
566 477 801 507 cormeum
816 465 858 504 in
874 463 1007 505 verba

182 523 375 573 malitiae,
399 523 423 549 *
445 522 502 564 ad
529 520 801 564 excusandas
831 533 1006 562 excusa-

182 580 324 621 tiones
345 580 388 620 in
405 578 610 632 peccatis·

235 637 344 678 Cum
362 635 610 677 hominibus
630 633 913 687 operantibus
931 633 1005 673 ini-

184 693 407 745 quitatem:
436 693 460 718 *
491 697 535 734 et
558 704 647 732 non
675 688 1006 732 communicabo

183 762 282 790 cum
301 749 450 791 electis
473 751 635 790 eorum.

236 806 452 858 Corripiet
489 818 558 846 me
595 805 731 855 justus
763 804 806 843 in
842 802 1005 844 miseri-

183 862 348 911 cordia,
375 867 417 903 et
440 860 682 913 increpabit
705 872 789 901 me:
814 860 837 885 *
862 859 1005 900 oleum

183 924 327 960 autem
363 918 608 971 peccatoris
640 929 727 957 non
765 916 1006 968 impinguet

184 981 315 1028 caput
342 988 497 1017 meum.

235 1033 450 1083 Quoniam
469 1031 612 1072 adhuc
632 1035 675 1071 et
696 1030 836 1071 oratio
850 1041 948 1071 mea
963 1029 1005 1069 in

182 1088 466 1141 beneplacitis
489 1090 653 1129 eorum:
663 1087 687 1112 *
698 1085 895 1138 absorpti
907 1090 1007 1127 sunt

114 1155 117 1157 ’
182 1145 314 1196 juncti
332 1150 469 1198 petrae
490 1143 656 1196 judices
675 1145 837 1185 eorum.

233 1202 426 1243 Audient
444 1200 578 1242 verba
594 1212 692 1241 mea
709 1199 914 1251 quoniam
930 1211 1005 1251 po-

181 1261 369 1300 tuerunt:
402 1259 425 1283 *
454 1258 566 1299 sicut
597 1255 844 1298 crassitudo
876 1261 1006 1297 terrae

182 1318 335 1368 erupta
356 1319 421 1356 est
440 1326 572 1367 super
589 1318 761 1354 terram.

232 1372 455 1424 Dissipata
475 1375 575 1412 sunt
594 1383 696 1411 ossa
716 1375 866 1411 nostra
881 1384 1006 1413 secus

105 1468 114 1475 ,
181 1428 410 1470 infernum:
438 1429 461 1453 *
494 1427 594 1480 quia
629 1426 686 1468 ad
722 1433 765 1468 te
802 1428 1006 1478 Domine,

182 1486 368 1527 Domine
402 1484 515 1526 oculi
543 1484 642 1525 mei:
674 1484 717 1524 in
746 1489 789 1525 te
822 1485 1006 1537 speravi,

183 1555 269 1583 non
290 1542 462 1583 auferas
487 1541 675 1581 animam
690 1553 843 1581 meam.

235 1597 417 1639 Custodi
435 1610 505 1638 me
530 1610 554 1637 a
572 1597 747 1649 laqueo,
773 1610 903 1649 quem
922 1602 1006 1640 sta·

182 1656 357 1696 tuerunt
375 1654 493 1695 mihi:
514 1654 538 1678 *
558 1658 601 1694 et
619 1666 645 1694 a
668 1653 886 1695 scandalis
904 1667 1006 1707 ope-

182 1711 371 1752 rantium
390 1710 673 1762 iniquitatem.

236 1767 403 1809 Cadent
431 1767 474 1807 in
505 1766 714 1808 retiaculo
739 1767 830 1818 ejus
853 1779 1006 1820 pecca-

183 1826 317 1866 tores:
341 1825 364 1849 *
395 1823 670 1874 singulariter
697 1836 793 1864 sum
820 1836 902 1875 ego
932 1824 1006 1866 do-

184 1893 265 1922 nec
280 1882 509 1922 transeam.

239 1936 334 1975 Ant.
368 1936 551 1977 Domine
570 1936 754 1977 clamavi
774 1936 829 1978 ad
852 1942 911 1988 te,
936 1951 1006 1980 ex-

185 1992 288 2034 andi
306 2005 387 2034 me.

236 2050 333 2087 Ant.
371 2048 514 2090 l’ortio
531 2062 639 2090 mea.

450 2104 643 2143 l’salmus
666 2106 741 2144 141.

184 2154 354 2261 Voce
373 2173 470 2202 mea
485 2160 541 2202 ad
555 2162 790 2202 Dominum
810 2162 1007 2204 clamavi:

287 2218 311 2242 *
335 2230 445 2258 voce
469 2230 566 2259 mea
596 2217 651 2258 ad
676 2218 911 2260 Dominum
935 2219 1006 2262 de-

184 2275 389 2326 precatus
410 2287 519 2315 sum:

238 2329 426 2371 Effi‘mdo
457 2331 499 2371 in
529 2332 767 2383 conspectu
796 2332 886 2383 ejus
915 2345 1006 2374 ora-

184 2386 348 2427 tionem
379 2399 536 2436 meam,
561 2387 584 2411 *
610 2392 653 2428 et
683 2387 1007 2430 tribulationem

184 2455 325 2484 meam
345 2448 444 2484 ante
464 2444 606 2495 ipsum
625 2445 871 2496 pronuntio.

236 2499 286 2539 In
326 2498 569 2541 deficiendo
614 2513 668 2541 ex
704 2513 774 2541 me
809 2501 1007 2553 spiritum

184 2568 345 2605 meum,
368 2556 391 2580 '⁰‘
416 2561 460 2597 et
485 2560 533 2597 tu
561 2557 803 2606 cognovisti
832 2558 1008 2599 semitas

184 2625 315 2654 meas.

237 2669 287 2708 In
319 2668 388 2709 via
419 2667 520 2717 hac,
550 2681 634 2720 qua
659 2668 954 2719 ambulabam,
984 2672 1007 2696 *

184 2724 507 2766 absconderunt
526 2725 729 2777 laqueum
748 2726 862 2767 mihi.

1114 291 1459 334 Considerabam
1490 291 1548 332 ad
1584 290 1810 333 dexteram
1845 295 1889 332 et

1060 348 1277 390 videbam:
1294 349 1319 374 *
1339 354 1382 390 et
1404 361 1493 390 non
1513 351 1608 389 erat
1630 347 1705 401 qui
1728 349 1887 399 cogno-

1060 409 1202 446 sceret
1219 417 1300 446 me.

1110 466 1245 507 Periit
1263 465 1366 517 fuga
1385 476 1410 506 a
1425 477 1507 515 me,
1521 465 1545 491 *
1561 470 1604 508 et
1622 477 1711 507 non
1730 470 1799 508 est
1814 465 1888 519 qui

1059 525 1253 575 requirat
1272 523 1461 563 animam
1479 534 1633 564 meam.

1112 583 1307 625 Clamavi
1335 583 1392 625 ad
1419 587 1465 624 te
1492 583 1702 634 Domine,
1729 583 1754 610 *
1779 582 1888 625 dixi:

1059 639 1127 681 Tu
1148 653 1195 682 es
1211 653 1312 693 spes
1323 653 1432 689 mea,
1451 640 1598 692 portio
1608 653 1707 683 mea
1716 640 1761 681 in
1770 644 1888 682 terra

1059 697 1308 738 viventium.

1109 757 1294 799 Intende
1305 757 1362 799 ad
1369 757 1888 812 deprecationemmeam:

1059 814 1082 839 *
1100 815 1202 866 quia
1220 814 1472 856 humiliatus
1494 828 1590 856 sum
1607 816 1745 857 nimis.

1109 875 1268 917 Libera
1287 889 1357 918 me
1377 888 1402 917 a
1421 875 1788 929 persequentibus
1803 889 1888 918 me:

1059 932 1081 956 *
1103 933 1204 984 quia
1223 933 1457 974 confortati
1478 939 1578 974 sunt
1597 945 1730 987 super
1747 945 1829 975 me.

1110 992 1235 1035 Educ
1254 993 1309 1035 de
1325 993 1525 1035 custodia
1540 994 1729 1036 animam
1744 1006 1889 1036 meam

1059 1049 1116 1091 ad
1145 1049 1441 1092 confitendum
1468 1051 1634 1092 nomini
1659 1055 1752 1093 tuo:
1770 1051 1794 1077 *
1816 1063 1887 1093 1110

1060 1109 1317 1160 exspectant
1343 1106 1462 1160 justi,
1499 1106 1641 1150 donec
1671 1107 1888 1150 retribuas

1058 1164 1175 1205 mihi.

1115 1228 1213 1267 Ant.
1249 1227 1396 1271 Portio
1425 1241 1523 1272 mea
1546 1229 1736 1272 Domine
1764 1229 1820 1272 sit
1845 1229 1889 1271 in

1060 1290 1177 1327 terra
1196 1286 1444 1328 viventium.

1565 1365 1618 1405 ΙΙ.
1640 1364 1735 1405 Cor.
1757 1365 1786 1404 1.

1148 1448 1375 1490 enedictus
1397 1449 1540 1499 Deus,
1574 1452 1618 1490 et
1642 1448 1775 1491 Pater
1801 1448 1890 1490 Do-

1158 1505 1264 1546 mini
1282 1505 1421 1547 nostri
1439 1505 1463 1546 J
1467 1518 1545 1547 esu
1565 1504 1741 1555 Christi,
1758 1504 1891 1547 Pater

1059 1561 1475 1611 misericordiarum,
1517 1567 1560 1603 et
1595 1561 1717 1604 Deus
1754 1563 1889 1603 totius

1061 1617 1389 1668 consolationis,
1426 1619 1500 1671 qui
1528 1618 1781 1660 consolatur
1807 1630 1890 1660 nos

1060 1673 1103 1714 in
1123 1675 1240 1715 omni
1258 1674 1538 1716 tribulatione
1557 1679 1719 1716 nostra.

1167 1366 1426 1418 Capitulum.

1371 1763 1581 1815 Hymnus.

1207 1843 1363 1884 ominis
1383 1835 1571 1896 superne
1592 1843 1815 1894 Conditor,

1215 1900 1301 1950 Qui
1319 1905 1475 1942 cuncta
1495 1900 1615 1942 solus
1636 1899 1855 1951 ordinans,

1164 1957 1358 1998 Humum
1376 1956 1499 2009 iubes
1519 1955 1767 2010 producere

1162 2013 1396 2066 Reptantis
1416 2018 1460 2055 et
1478 2013 1583 2056 ferae
1601 2027 1754 2066 genus:

1103 2083 1170 2123 Et
1186 2094 1345 2133 magna
1364 2095 1510 2124 rerum
1529 2084 1728 2137 corpora,

1163 2138 1296 2180 Dictu
1314 2139 1501 2190 jubentis
1521 2139 1677 2190 vivida,

1165 2194 1248 2236 Per
1265 2197 1513 2248 temporum
1532 2201 1674 2238 certas
1693 2196 1812 2238 vices

1164 2250 1484 2304 Obtemperare
1503 2252 1701 2295 servulis:

1115 2321 1305 2374 Repelle,
1326 2322 1446 2374 quod
1465 2322 1681 2376 cupidinis

1166 2377 1317 2419 Ciente
1336 2378 1379 2419 vi
1398 2391 1478 2420 nos
1498 2379 1681 2433 impetit,

1163 2433 1254 2475 Aut
1271 2434 1467 2477 moribus
1486 2449 1534 2478 se
1554 2436 1760 2488 suggerit,

1163 2489 1254 2532 Aut
1274 2490 1444 2533 actibus
1462 2505 1510 2534 se
1528 2492 1757 2535 interserit.

1117 2561 1180 2600 Da
1199 2559 1458 2610 gaudiorum
1477 2562 1668 2613 praemia,

1163 2616 1231 2657 Da
1250 2616 1487 2666 gratiarum
1506 2621 1702 2660 munera:

1167 2672 1372 2714 Dissolve
1391 2672 1478 2714 litis
1497 2674 1687 2716 vincula:

1164 2728 1369 2780 Astringe
1388 2729 1510 2782 pacis
1530 2729 1708 2773 foedera.
