2080 2990
795 212 910 247 Festa
936 213 1145 250 Februarii.
1170 218 1225 256 (5.)

217 313 261 348 In
283 313 348 347 ΠΙ.
369 313 567 347 Nocturno
593 313 762 348 Homilia
785 315 820 348 in
843 315 987 357 Evang.

166 359 396 403 Designavit
438 358 638 396 Dominus.
689 362 735 395 de
786 363 988 397 Communi

162 409 346 451 Evangel.
377 418 463 442 cum
486 406 566 451 RR-
592 408 638 442 de
662 408 864 444 Communi
890 411 987 446 Con-

163 456 325 491 fessoris
349 465 426 490 non
449 454 658 489 Pontificis.

379 533 463 575 Die
482 534 520 574 5.
538 533 776 575 Februarii.

270 597 313 638 S.
332 597 554 648 Philippi
573 608 605 639 a
622 598 653 639 J
655 608 744 639 esu
760 598 885 639 Mart.

490 655 653 698 Duplex.

214 707 372 742 Omnia'
394 708 441 742 de
482 707 685 742 Communi
728 708 840 742 unius
880 709 986 743 Mart.

160 761 302 800 praeter
323 756 534 799 sequentia.

498 807 661 849 Oratio.

251 876 345 912 eus,
374 863 449 914 qui
472 863 585 904 inter
607 863 773 916 primos
793 864 818 905 J
820 865 990 918 aponiae

261 919 481 972 Martyres
512 919 691 962 beatum
722 920 988 974 Philippum,

164 976 283 1018 cruci
302 975 542 1027 alligatum,
566 976 816 1030 triplicique
838 978 990 1021 lancea

164 1033 434 1082 confossum,
462 1032 651 1085 primum
670 1034 863 1075 omnium
879 1047 989 1076 mar—

163 1089 278 1142 tyrio
293 1089 530 1131 coronasti:
550 1090 743 1132 concede
757 1091 990 1144 propitius3

163 1151 212 1188 ut
235 1145 432 1198 ejusdem
455 1159 537 1187 nos
561 1146 726 1188 suffulti
744 1148 989 1200 patrocinio

163 1216 263 1245 cum
281 1202 356 1244 illo
376 1203 542 1256 pariter
563 1206 823 1246 coronemur
841 1205 884 1245 in
905 1218 988 1247 coe-

162 1259 228 1301 lis.
279 1260 364 1302 Per
382 1260 629 1302 Dominum.

213 1324 256 1358 In
285 1323 313 1358 I.
343 1323 544 1358 Nocturno
574 1325 777 1361 Lectiones
811 1329 857 1362 de
889 1327 986 1362 Scri—

160 1376 274 1416 ptura
298 1376 531 1407 occurrente.

391 1433 441 1473 In
461 1433 511 1472 II.
534 1433 756 1475 Noeturno.

462 1493 615 1536 Lectio
634 1495 688 1536 iv.

172 1580 177 1588 <
275 1558 470 1613 hilippus
495 1559 550 1602 de
574 1560 640 1602 las
665 1561 817 1611 Casas,
846 1562 938 1604 sive
964 1575 989 1603 a

254 1634 263 1649 »2
293 1616 318 1657 J
321 1629 409 1666 esu,
428 1616 588 1659 Mexici
605 1617 817 1671 Hispanis
837 1620 987 1670 paren-

292 1672 410 1714 tibus
451 1678 595 1724 natus,
641 1686 693 1716 ea
730 1673 988 1716 adolescens

162 1728 339 1771 vivebat
376 1728 580 1772 libertate
619 1743 671 1772 ac
709 1731 898 1781 licentia,
939 1736 987 1773 ut

159 1785 360 1838 ipsismet
402 1787 659 1839 parentibus
703 1786 803 1829 ideo
847 1800 988 1841 prope

161 1846 279 1884 esset
297 1844 472 1884 exosus:
498 1844 618 1896 quod
636 1844 697 1886 ita
715 1844 829 1885 illius
849 1848 987 1897 pupu-

160 1899 224 1949 git
256 1899 465 1950 animum,
503 1899 649 1942 divina
688 1901 816 1942 simul
847 1901 987 1952 gratia

159 1955 438 2007 illustratum,
474 1962 522 1998 ut
554 1957 894 1999 Franciscanum
925 1957 984 1998 in-

161 2012 362 2055 stitutum
389 2016 583 2067 arripere
612 2015 823 2056 statuerit.
865 2015 984 2056 Sum-

159 2074 239 2121 pto
258 2074 403 2111 tamen
421 2069 583 2120 habitu,
602 2083 683 2112 nec
702 2071 809 2112 satis
826 2083 986 2122 gnarus

160 2138 291 2178 quam
324 2126 510 2169 arduum
542 2140 642 2169 cum
670 2127 830 2169 callido
857 2127 984 2169 hoste

158 2181 327 2224 iniisset
346 2186 585 2234 certamen,
610 2184 743 2226 cessit
764 2183 878 2225 illius
897 2183 984 2224 ille-

160 2238 318 2289 cebris,
352 2240 547 2293 abiitque
576 2254 599 2282 e
626 2240 868 2291 Religione.
921 2241 985 2281 Ea

158 2295 454 2339 inconstantia
486 2302 656 2339 tantum
683 2296 882 2339 dolorem
910 2310 984 2350 pa-

158 2351 354 2394 rentibus
392 2353 552 2403 attulit,
588 2359 652 2403 ut,
697 2366 751 2395 ne
787 2354 983 2407 ipsorum

158 2410 375 2461 perpetuo
407 2410 657 2452 vulneraret
689 2410 908 2460 obtutum,
940 2410 982 2450 in

159 2464 343 2506 Chinam
384 2479 484 2508 eum
524 2467 834 2518 negotiationis
877 2479 982 2518 ergo

158 2520 411 2572 ablegarint.
465 2523 703 2575 Aliquanto
743 2528 846 2576 post
877 2525 982 2564 tem-

156 2590 283 2630 pore,
311 2580 580 2630 cogitantem
609 2592 740 2632 quam
769 2580 981 2632 periculo-

158 2647 251 2675 sam
271 2635 314 2676 in
333 2635 554 2686 libertate,
572 2637 716 2689 patria
736 2636 905 2688 procul,
923 2637 982 2678 vi-

156 2695 248 2732 tam
274 2693 443 2742 ageret,
472 2704 659 2745 quaeque
684 2692 728 2733 in
753 2692 982 2744 Religione

156 2747 269 2800 (Deo
290 2760 468 2800 quoque
487 2747 544 2790 ad
563 2761 614 2790 ea
634 2747 891 2791 ruminanda
906 2749 999 2790 ima
1013 2768 1032 2789 r

1042 317 1249 370 pellente)
1294 319 1478 362 vidisset
1521 334 1573 362 ac
1617 323 1866 375 reliquisset

1043 373 1169 423 bona,
1188 388 1328 417 novus
1346 376 1478 418 ardor
1497 377 1698 420 accendit
1713 385 1757 421 et
1771 379 1866 422 haec

1042 430 1311 483 postliminio
1331 433 1573 485 repetendi,
1598 440 1640 476 et
1660 440 1756 477 toto
1777 437 1864 477 ani-

1042 499 1115 528 mo
1136 486 1271 528 divini
1289 488 1474 541 Spiritus
1493 490 1769 533 instinctibus
1789 492 1864 534 ob-

1043 543 1268 595 sequendi.
1321 545 1526 586 Manilam
1562 559 1682 598 ergo,
1717 549 1864 590 nescio

1044 600 1164 650 cujus
1187 601 1350 651 negotii
1371 614 1516 652 causa,
1544 604 1783 655 profectus,
1812 618 1864 646 eo

1045 656 1263 707 absoluto,
1290 657 1425 699 ambit
1448 658 1591 700 denuo
1615 660 1865 711 religiosum

1044 712 1259 763 habitum,
1288 719 1332 755 et
1359 716 1564 767 impetrat
1591 716 1634 756 in
1662 716 1864 758 coenobio

1044 774 1207 811 sanctae
1231 770 1382 811 Mariae
1409 770 1463 812 de
1487 772 1666 822 Angelis
1690 778 1865 825 patrum

1043 825 1259 867 Minorum
1273 827 1649 870 Excalceatorum:
1666 829 1740 871 ubi
1755 831 1866 880 egre-

1042 882 1112 933 gia
1138 883 1474 935 approbatione,
1502 888 1683 937 peracto
1707 888 1864 938 tyroci-

1042 940 1132 989 nio,
1154 939 1364 981 solemnia
1383 941 1558 982 demum
1578 948 1680 983 vota
1700 942 1864 994 profes—

1044 1009 1117 1037 sus
1138 1001 1215 1037 est.

1093 1056 1143 1107 ΕΣ.
1171 1054 1416 1095 Honestum
1435 1055 1546 1096 fecit.

1347 1112 1498 1153 Lectio
1520 1128 1556 1153 v.

1043 1163 1233 1269 Hujus
1257 1167 1511 1209 mutationis
1535 1168 1707 1220 perlato
1731 1170 1863 1210 Mexi-

1148 1237 1246 1264 cum
1264 1225 1427 1274 nuntio,
1452 1224 1730 1267 vehementer
1749 1226 1864 1267 exhi-

1044 1281 1170 1322 larati
1188 1282 1408 1333 parentes,
1433 1283 1683 1334 supremum
1701 1282 1864 1323 ordinis

1042 1337 1084 1377 in
1104 1336 1228 1378 India
1246 1336 1496 1389 praesidem,
1517 1350 1646 1389 quem
1666 1339 1863 1380 commis-

1043 1394 1205 1434 sarium
1254 1393 1503 1444 generalem
1547 1394 1769 1446 appellant
1813 1396 1863 1446 (is

1041 1455 1145 1491 tunc
1164 1450 1321 1491 Mexici
1341 1452 1447 1501 erat)
1468 1450 1709 1501 obsecrant,
1728 1451 1864 1492 filium

1042 1507 1125 1548 sibi
1144 1507 1187 1547 in
1207 1507 1435 1560 seraphico
1455 1507 1530 1548 illo
1550 1506 1700 1549 habitu
1715 1507 1863 1549 videre

1041 1569 1090 1605 ut
1105 1576 1185 1616 per
1205 1576 1303 1605 eum
1322 1563 1460 1605 liceat.
1492 1563 1667 1605 Lubens
1686 1564 1770 1616 piis
1789 1577 1862 1616 pa-

1041 1620 1237 1662 rentibus
1258 1632 1309 1661 ea
1327 1621 1371 1660 in
1392 1633 1438 1661 re
1459 1620 1728 1670 gratificatus
1749 1633 1862 1661 com-

1040 1676 1280 1727 missarius,
1308 1677 1485 1729 scripsit
1512 1677 1555 1716 in
1583 1676 1863 1729 Philippinas,

1040 1738 1088 1775 ut
1125 1734 1354 1775 confestim
1386 1733 1604 1774 Mexicum
1635 1732 1863 1785 Philippus

1039 1790 1296 1831 mitteretur.
1321 1790 1386 1831 Ea
1406 1802 1536 1830 causa
1555 1801 1710 1830 navem
1725 1790 1862 1831 sancti

1039 1846 1230 1899 Philippi
1249 1846 1398 1888 tutelae
1418 1845 1628 1888 creditam
1652 1851 1783 1898 atque
1798 1846 1862 1886 'in-

1040 1904 1242 1954 signitam
1266 1903 1442 1944 nomine
1462 1902 1732 1944 conscendit:
1764 1914 1862 1953 quae

1039 1960 1083 2000 vi
1126 1960 1401 2012 tempestatis
1447 1958 1673 2007 convulsa,
1728 1963 1771 2000 et
1818 1958 1861 1998 in

1041 2015 1265 2058 Urandum
1297 2016 1490 2057 Tuzzani
1526 2015 1648 2066 regni
1684 2020 1861 2067 portum

1040 2074 1195 2125 ejecta,
1223 2073 1318 2125 ipse
1343 2072 1466 2114 brevi
1490 2076 1666 2124 portum
1686 2073 1860 2112 aeternae

1038 2128 1320 2171 beatitudinis
1355 2129 1504 2170 laurea
1540 2128 1733 2181 martyrii
1767 2127 1860 2168 red-

1038 2185 1185 2227 imitus
1203 2186 1352 2228 tenuit.
1381 2185 1522 2226 Omen
1536 2184 1739 2236 Philippo
1758 2195 1861 2224 mar-

1038 2243 1137 2294 ῒῩτίἰ
1153 2242 1243 2292 fuit,
1260 2241 1379 2294 quod
1394 2241 1497 2283 dum
1511 2237 1716 2294 procellis
1732 2240 1858 2290 jacta-

1037 2300 1157 2340 retur
1175 2299 1219 2340 in
1239 2311 1325 2351 qua
1343 2299 1380 2339 is
1399 2303 1492 2340 erat
1514 2297 1651 2338 sancti
1670 2295 1858 2348 Philippi

1037 2355 1170 2405 navis,
1192 2368 1243 2397 ea
1261 2359 1388 2408 parte
1407 2354 1508 2396 coeli
1527 2366 1626 2406 quae
1644 2352 1669 2393 J
1671 2354 1858 2404 aponem

1037 2411 1317 2464 respiciebat,
1359 2410 1469 2452 vidit
1504 2421 1677 2451 crucem
1712 2407 1855 2449 candi-

1037 2467 1155 2517 dam,
1188 2468 1328 2519 figura
1356 2468 1607 2520 expressam
1633 2464 1759 2506 simili
1788 2465 1855 2505 ea-

1036 2537 1132 2565 rum
1155 2524 1199 2565 in
1218 2537 1325 2576 quas
1346 2524 1445 2565 dein
1465 2522 1625 2564 sublati
1642 2524 1855 2572 martyres

1036 2581 1172 2630 fuere3
1190 2586 1295 2633 post
1309 2581 1353 2621 in
1367 2581 1649 2630 sanguineum
1664 2576 1855 2618 colorem

1035 2639 1227 2679 mutasse
1252 2636 1403 2678 itidem
1429 2635 1485 2676 ad
1501 2634 1622 2676 horae
1643 2632 1854 2686 quadran-

1035 2699 1138 2743 tem3
1171 2693 1346 2734 demum
1375 2693 1498 2744 nigra
1528 2690 1643 2732 nube
1676 2688 1854 2730 obvolu-

1035 2755 1136 2791 tam.
1198 2749 1342 2791 Omini
1390 2746 1616 2800 respondit
1664 2747 1854 2787 eventus.
