2040 2990
743 203 849 237 Fcriu
879 207 1012 245 quartu
1039 200 1085 234 ad
1114 199 1347 233 Matutinum.

189 305 357 347 virtutis
394 309 481 345 tuae
523 303 784 344 mentientur
822 301 899 343 tibi
936 300 1010 341 ini-

189 361 286 402 mici
305 361 377 402 tui.

241 417 391 458 Omnis
410 421 527 458 terra
546 415 699 457 aderet
718 421 772 464 te,
792 420 835 455 et
852 412 1011 466 psallat

188 473 280 515 tibi:
299 474 322 498 *
341 472 558 526 psahnum
577 471 693 513 dicat
713 471 873 512 nemini
893 475 980 511 tuo.

239 530 417 578 Venite,
455 534 498 570 et
525 528 669 570 videte
703 530 837 580 Opera
864 526 960 567 Dei:
988 526 1011 550 *

188 585 391 627 terribilis
427 586 469 626 in
507 584 698 626 consiliis
734 596 865 636 super
898 582 1011 623 filios

188 642 422 684 huminum.

241 699 323 749 Qui
343 698 557 739 convertit
575 709 694 738 mare
713 697 755 737 in
774 695 950 744 aridam,
969 695 1011 735 in

191 755 365 796 flumine
394 753 718 807 pertransibunt
746 752 874 805 pede:
903 753 926 777 *
953 751 1012 793 ibi

191 811 434 852 laetabimur
453 811 494 851 in
514 811 621 863 ipso.

243 868 326 918 Qui
351 867 598 908 dominatur
620 866 663 906 in
687 866 846 907 virtute
869 877 947 906 sua
970 865 1012 905 in

190 926 415 973 aeternum,
444 923 557 964 eculi
586 923 676 974 ejus
699 935 830 975 super
849 921 1013 962 Gentes

191 980 441 1033 respiciunt:
472 980 495 1004 *
529 979 602 1031 qui
634 981 896 1031 exasperant
926 990 1013 1018 non

191 1036 433 1078 exaltentur
451 1036 494 1076 in
514 1036 770 1088 semetipsis.

245 1091 496 1134 Benedicite
542 1091 707 1133 Gentes
752 1092 895 1133 Deum
940 1103 1013 1131 no-

191 1154 342 1190 strum:
366 1150 388 1174 *
414 1154 457 1190 et
484 1147 676 1189 auditam
704 1148 831 1190 facite
859 1160 1013 1189 vocem

191 1204 330 1246 laudis
351 1206 451 1256 ejus.

243 1262 325 1312 Qui
344 1261 491 1314 pesuit
509 1262 695 1303 animam
719 1273 861 1302 meam
881 1260 937 1302 ad
956 1260 1014 1301 vi-

190 1324 292 1360 tam:
316 1319 339 1343 *
367 1323 411 1359 et
437 1330 524 1359 non
551 1318 672 1359 dedit
694 1318 738 1358 in
762 1317 1014 1359 commotiu-

190 1388 288 1416 nem
307 1373 444 1427 pedes
466 1387 599 1416 meos.

243 1431 455 1481 Queniam
487 1431 686 1484 probasti
713 1443 794 1472 nos
826 1431 961 1472 Deus:
991 1431 1014 1456 *

188 1487 288 1538 igne
313 1500 392 1528 nos
417 1488 689 1536 examinasti,
718 1488 830 1528 sicut
857 1487 1014 1528 exami-

193 1546 319 1584 natur
337 1545 573 1594 argentum.

244 1599 457 1641 Induxisti
477 1613 557 1641 nos
576 1600 619 1640 in
643 1599 862 1652 laqueum,
887 1612 1014 1652 posu-

192 1656 262 1697 isti
282 1655 581 1697 tribulationes
600 1656 643 1696 in
663 1655 795 1697 dorso
815 1654 1014 1697 nostro:*

192 1712 437 1764 imposuisti
472 1712 670 1754 hemines
705 1725 838 1765 super
872 1713 1015 1765 capita

192 1774 351 1810 nostra.

240 1825 537 1866 Transivimus
547 1838 626 1878 per
635 1826 779 1877 ignem
790 1831 834 1868 et
844 1838 1016 1878 aquam:

193 1881 217 1905 *
237 1886 280 1922 et
300 1881 487 1923 eduxisti
506 1894 587 1923 nos
606 1882 648 1922 in
668 1882 947 1933 refrigerium.

246 1937 442 1979 Introibo
468 1938 510 1978 in
541 1938 717 1980 domum
741 1944 859 1980 tuam
879 1940 922 1980 in
942 1939 1016 1980 ho-

195 1992 417 2035 locaustis:
436 1995 459 2019 *
479 1993 659 2036 reddam
682 1995 759 2037 tibi
784 2001 887 2037 vota
909 2009 1016 2045 mea,

197 2062 294 2101 quae
314 2050 602 2092 distinxerunt
619 2051 734 2093 labia
755 2065 862 2094 mea.

248 2106 303 2147 Et
331 2105 525 2148 locutum
554 2112 620 2148 est
654 2120 703 2148 os
736 2121 896 2157 meum,
924 2110 947 2134 *
976 2109 1016 2149 in

196 2161 473 2204 tribulatione
493 2175 600 2204 mea.

249 2218 520 2260 Holocausta
564 2218 799 2261 medullata
839 2221 1018 2263 efferam

198 2273 284 2315 tib?
302 2286 400 2315 cum
431 2275 607 2316 incenso
641 2278 837 2317 arietum:
865 2278 887 2301 *
917 2277 1018 2319 effe·

199 2342 290 2370 ram
309 2330 387 2372 tibi
406 2330 543 2372 boves
562 2344 659 2373 cum
679 2331 820 2373 hircis.

251 2386 419 2436 Venite,
435 2387 591 2436 audite,
602 2393 646 2429 et
656 2389 853 2436 narrabo,
869 2402 1020 2431 omnes

200 2443 272 2507 qui
301 2443 461 2484 timetis
489 2444 647 2493 Deum⁷
674 2446 697 2469 ¹⁸¹
727 2451 887 2497 quanta
920 2447 1020 2488 fecit

199 2512 355 2540 ammae
373 2512 493 2540 meae.

252 2554 323 2596 Ad
343 2555 484 2608 ipsum
504 2569 579 2597 ore
598 2569 696 2598 meo
718 2557 916 2607 clamavi,
936 2559 958 2583 *
978 2565 1021 2600 et

201 2611 386 2653 exaltavi
407 2612 487 2653 sub
507 2612 651 2662 lingua
670 2626 777 2654 mea.

251 2668 528 2720 Iniquitatem
564 2669 599 2709 si
631 2670 780 2721 aspexi
812 2670 853 2710 in
890 2670 1020 2712 corde

199 2737 309 2775 meo,
328 2726 351 2749 *
371 2737 456 2765 non
477 2725 680 2767 exaudiet
699 2726 922 2767 Deminus.

1114 297 1354 349 Propterea
1382 292 1604 336 exaudivit
1630 292 1767 341 DeuS‚
1793 291 1818 316 *
1846 295 1891 332 et

1064 352 1249 395 attendit
1267 351 1366 394 voci
1386 348 1708 404 deprecatienis
1725 360 1847 389 meae.

1116 408 1381 451 Benedictus
1395 407 1528 455 Deus,
1543 406 1567 431 *
1583 405 1658 458 qui
1670 417 1759 446 non
1774 405 1890 445 ame-

1065 467 1125 508 vit
1145 467 1387 507 orationem
1406 475 1565 512 meam,
1586 467 1630 504 et
1647 461 1890 503 misericer-

1065 523 1181 565 diam
1200 535 1323 563 suam
1343 534 1369 562 a
1387 533 1468 562 me.

1340 575 1536 615 l'salmus
1556 574 1618 613 67.

1063 630 1328 735 Exsurgat
1363 635 1501 683 Deus,
1548 638 1592 674 et
1627 631 1893 684 dissipentur

1168 692 1328 734 inimici
1357 692 1464 743 ejus,
1492 691 1516 715 *
1544 694 1588 731 et
1620 689 1787 739 fugiant
1820 687 1894 740 qui

1066 750 1252 791 oderunt
1272 762 1382 798 eum,
1401 761 1426 789 a
1444 746 1556 788 facie
1575 746 1676 798 ejus.

1117 807 1236 849 Sicut
1265 805 1412 847 deficit
1438 804 1602 852 fumus,
1631 801 1850 844 deficiant:
1869 801 1893 825 *

1066 864 1178 905 sicut
1210 863 1304 903 fluit
1336 873 1436 903 cera
1468 873 1493 901 a
1524 859 1635 901 faeie
1666 858 1796 910 ignis,
1831 857 1894 898 sic

1067 922 1248 973 pereant
1267 919 1524 972 peccateres
1544 929 1569 957 a
1589 915 1699 957 facie
1717 915 1812 956 Dei.

1118 977 1175 1018 Et
1201 976 1300 1028 justi
1329 974 1574 1028 epulentur,
1603 977 1648 1014 et
1676 970 1895 1013 exsultent

1067 1034 1109 1074 in
1134 1034 1373 1085 conspectu
1396 1031 1494 1072 Dei:
1512 1030 1536 1055 *
1556 1035 1600 1071 et
1623 1028 1896 1071 delectentur

1067 1090 1109 1130 in
1130 1090 1290 1131 laetitia.

1121 1147 1304 1188 Cantate
1344 1145 1462 1194 Deo,
1506 1142 1723 1196 psalmum
1763 1141 1894 1184 dieite

1067 1203 1230 1243 numini
1264 1203 1372 1254 ejus:
1398 1202 1422 1227 *
1449 1201 1534 1242 iter
1564 1199 1694 1241 facite
1728 1198 1799 1248 ei‚-
1821 1197 1895 1250 qui

1067 1259 1263 1301 ascendit
1287 1271 1419 1311 super
1438 1259 1658 1299 occasum:
1680 1255 1895 1297 Deminus

1068 1329 1227 1357 nomen
1246 1315 1317 1356 illi.

1119 1372 1347 1414 Exsultate
1384 1372 1427 1412 in
1465 1371 1706 1424 conspectu
1737 1369 1844 1421 ejus:
1871 1367 1895 1393 *

1066 1429 1360 1471 turbabuntur
1395 1442 1421 1470 a
1457 1427 1568 1469 fecie
1609 1427 1718 1479 ejuS‚
1757 1424 1896 1478 patris

1068 1486 1375 1539 orphanorum,
1396 1489 1439 1526 et
1458 1483 1612 1536 judicis
1631 1482 1871 1524 viduarum.

1118 1543 1240 1584 Deus
1259 1543 1302 1583 in
1325 1542 1425 1583 loco
1445 1545 1598 1582 sancto
1618 1552 1713 1581 suo:
1731 1539 1756 1564 *
1773 1538 1896 1579 Deus

1069 1600 1142 1652 qui
1178 1598 1422 1641 inhabitare
1458 1597 1561 1638 facit
1597 1598 1723 1638 unius
1761 1594 1897 1636 moris

1067 1656 1109 1696 in
1130 1655 1278 1698 domo:

1120 1713 1203 1763 Qui
1224 1712 1371 1754 educit
1385 1711 1555 1753 vinctos
1569 1710 1613 1751 in
1628 1707 1898 1751 fortitudine:

1068 1770 1090 1794 *
1112 1769 1309 1811 similiter
1329 1781 1406 1810 eos
1427 1768 1501 1820 qui
1521 1769 1799 1820 exasperant,
1824 1763 1899 1817 qui

1068 1826 1267 1868 habitant
1286 1826 1330 1866 in
1349 1824 1604 1878 sepulchris.

1123 1883 1261 1932 Deus,
1294 1895 1393 1924 cum
1425 1880 1697 1933 egredereris
1725 1879 1769 1920 in
1798 1891 1897 1920 con-

1069 1941 1223 1991 spectu
1243 1938 1396 1992 pepuli
1421 1938 1499 1987 tui,
1518 1939 1542 1963 *
1562 1951 1661 1980 cum
1679 1941 1897 1990 pertrans-

1069 1998 1155 2037 ires
1183 1996 1226 2036 in
1254 1995 1449 2037 deserto:

1121 2052 1259 2093 Terra
1283 2057 1404 2093 mota
1429 2057 1511 2101 est,
1540 2050 1700 2092 etenim
1718 2048 1819 2091 coeli
1838 2047 1897 2090 di-

1070 2108 1342 2150 stillaverunt
1370 2121 1396 2149 a
1424 2108 1535 2150 facie
1563 2107 1647 2148 Dei
1674 2105 1806 2154 Sinai,
1826 2105 1849 2130 *
1873 2118 1899 2146 a

1070 2165 1181 2206 facie
1200 2165 1282 2206 Dei
1302 2165 1449 2205 Israel.

1122 2220 1319 2262 Pluviam
1339 2221 1628 2263 voluntariam
1646 2218 1898 2271 segregabis

1071 2278 1192 2319 Deus
1210 2277 1458 2319 haereditati
1476 2283 1578 2319 tuae:
1589 2278 1612 2303 *
1624 2282 1668 2319 et
1682 2276 1899 2318 infirmata

1072 2339 1148 2383 est,
1166 2339 1216 2375 tu
1234 2347 1340 2375 vero
1360 2334 1582 2387 perfecisti
1602 2347 1710 2376 eam.

1124 2390 1340 2434 Animalia
1358 2397 1432 2432 tua
1450 2390 1710 2433 habitabunt
1727 2390 1771 2431 in
1791 2401 1857 2430 ea:
1875 2388 1898 2414 *

1072 2447 1237 2544 ῧειῑὲεῒί
1269 2447 1311 2487 in
1346 2447 1575 2490 dulcedine
1608 2453 1684 2489 tua
1714 2445 1898 2499 pauperi

1117 2517 1204 2545 eus.

1125 2559 1338 2601 Dominus
1363 2559 1483 2602 dabit
1508 2560 1690 2602 verbum
1717 2571 1898 2609 evange-

1073 2615 1314 2665 lizantibus,
1333 2617 1356 2641 *
1376 2616 1536 2658 virtute
1555 2617 1702 2659 multa.

1124 2673 1222 2714 Rex
1241 2673 1449 2713 virtutum
1469 2673 1616 2715 dilecti
1635 2673 1796 2715 dilecti:
1813 2672 1836 2697 *
1857 2677 1901 2713 et

1073 2729 1235 2781 speciei
1256 2728 1411 2770 domus
1432 2728 1627 2770 dividere
1647 2729 1799 2782 spelia.
