2080 2990
220 302 270 353 V.
302 308 456 360 Specie
489 313 564 350 tua
597 313 640 350 et
666 309 989 361 pulchritudine

166 369 250 405 tua.
276 363 328 414 Ru
344 364 538 414 Intende,
557 367 770 417 prospere
786 365 988 418 procede,

166 424 210 462 et
227 431 371 470 regna.

500 470 662 512 Oratio.

165 526 278 633 Da
294 534 544 583 quaesumus
562 536 838 587 omnipotens
853 534 988 575 Deus:

269 593 317 630 ut
345 589 419 641 qui
441 589 584 631 beatae
607 591 770 632 Priscae
793 591 987 641 Virginis

165 648 209 686 et
231 644 435 697 Martyris
462 650 549 687 tuae
573 647 769 687 natalitia
794 646 987 696 colimus,

165 705 209 742 et
234 702 375 742 annua
400 701 677 744 solemnitate
700 702 915 752 laetemur,
945 708 988 744 et

164 762 297 798 tantae
329 757 432 799 fidei
463 758 742 810 proficiamus
774 759 987 812 exemplo.

164 813 248 854 Per
265 814 511 854 Dominum.

327 894 415 934 Ad
445 894 829 937 Matutinum.

216 959 340 999 Invit.
369 958 437 998 Tu
457 956 673 1008 es'pastor
693 957 853 1007 ovium,
872 958 986 1010 prin-

165 1015 269 1064 ceps
290 1011 620 1064 Apostolorum:
640 1015 661 1037 *
682 1013 783 1054 Tibi
805 1013 988 1055 tradidit

163 1068 283 1110 Deus
304 1068 447 1110 claves
467 1069 590 1120 regni
609 1069 829 1111 coelorum.

215 1126 282 1166 Ps.
303 1127 470 1175 Venite,
491 1125 768 1167 exsultemus.
786 1128 824 1167 2.

216 1183 423 1234 Hymnus.
461 1182 788 1234 Quodcumque.
816 1183 909 1223 426.

397 1262 445 1300 In
473 1262 502 1300 Ι.
531 1262 752 1301 Nocturno.

165 1325 321 1377 Incipit
343 1325 542 1378 Epistola
564 1326 706 1378 prima
727 1326 846 1368 beati
867 1326 987 1367 Petri

467 1382 685 1434 Apostoli.

264 1436 415 1477 Lectio
437 1437 459 1477 i.
730 1438 830 1489 Cap.
854 1440 880 1477 1.

172 1511 176 1545 3·
277 1498 395 1535 etrus
419 1494 662 1547 Apostolus
686 1496 711 1536 J
714 1509 790 1537 esu
815 1497 985 1546 Christi,

172 1547 272 1613 ³7:311?ss
294 1550 444 1591 electis
483 1551 663 1593 advenis
700 1552 985 1605 dispersionis

228 1607 272 1627 '²²'
293 1606 438 1656 Ponti,
457 1607 657 1658 Galatiae,
682 1609 985 1661 Cappadociae,

163 1660 298 1710 Asiae,
321 1666 364 1703 et
381 1662 598 1715 Bithyniae
618 1664 857 1706 secundum
875 1679 984 1718 prae-

162 1718 387 1759 scientiam
406 1719 490 1761 Dei
507 1720 666 1770 Patris,
684 1721 728 1761 in
747 1722 985 1763 sanctifica-

162 1774 329 1816 tionem
361 1775 566 1827 Spiritus,
604 1778 648 1818 in
682 1777 985 1827 obedientiam,

163 1834 206 1871 et
256 1832 556 1884 aspersionem
610 1834 830 1884 sanguinis
883 1834 906 1874 J
909 1847 985 1875 esu

163 1885 337 1928 Christi:
365 1887 518 1929 Gratia
537 1889 679 1938 vobis,
708 1895 751 1930 et
774 1903 862 1942 pax
880 1890 985 1931 mul-

161 1942 393 1995 tiplicetur.
420 1944 686 1986 Benedictus
706 1946 825 1987 Deus
845 1951 888 1987 et
907 1947 984 1987 Pa-

161 2003 229 2040 ter
247 2000 423 2041 Domini
442 2002 580 2042 nostri
598 2002 623 2042 J
626 2014 703 2042 esu
721 2001 891 2051 Christi,
912 2003 985 2054 qui

163 2055 402 2097 secundum
463 2058 808 2099 misericordiam
863 2071 985 2098 suam

161 2124 363 2162 magnam
388 2115 663 2164 regeneravit
689 2127 768 2155 nos
793 2114 836 2154 in
862 2127 984 2166 spem

162 2168 321 2217 vivam,
367 2183 446 2222 per
483 2170 847 2211 resurrectionem
882 2171 904 2210 J
908 2183 985 2211 esu

163 2223 324 2266 Christi
344 2238 398 2266 ex
411 2227 606 2276 mortuis,
625 2227 666 2267 in
683 2226 984 2268 haereditatem

161 2281 553 2334 incorruptibilem,
597 2288 640 2324 et
674 2283 982 2324 incontamina-

162 2340 267 2386 tam,
293 2342 337 2379 et
362 2338 783 2388 immarcescibilem,
811 2352 980 2381 conser-

162 2394 309 2434 vatam
327 2394 371 2434 in
390 2394 512 2436 coelis
532 2396 576 2436 in
590 2395 728 2445 vobis,
748 2396 821 2447 qui
840 2396 883 2436 in
902 2396 982 2437 vir-

161 2451 255 2490 tute
278 2449 361 2491 Dei
384 2451 663 2492 custodimini
685 2465 763 2504 per
787 2452 919 2493 fidem
940 2452 982 2492 in

163 2504 363 2555 salutem,
386 2509 584 2559 paratam
608 2508 794 2549 revelari
816 2509 860 2548 in
878 2510 981 2549 tem-

161 2573 270 2612 pore
290 2563 539 2604 novissimo.

215 2619 264 2670 Rg.
299 2617 447 2659 Simon
483 2620 613 2661 Petre
657 2622 892 2671 antequam
929 2618 983 2660 de

162 2673 262 2714 navi
280 2676 486 2716 vocarem
503 2679 560 2726 te,
585 2677 689 2717 novi
708 2681 765 2726 te,
793 2681 835 2717 et
853 2687 983 2727 super

161 2728 337 2781 plebem
367 2743 508 2772 meam
539 2732 782 2785 principem
813 2737 857 2773 te
885 2743 982 2773 con-

584 212 653 246 Die
683 213 732 245 18.
760 212 842 245 Jun.
891 212 1093 246 ‹lathem-:t-

1120 215 1152 245 Ξ.
1181 214 1276 246 l'ctri
1308 214 1444 247 imum.
1800 217 1866 253 427

1043 310 1180 359 stitui‚
1204 313 1223 333 *
1247 311 1304 352 Et
1332 312 1476 368 claves
1504 313 1625 363 regni
1653 314 1865 355 coelorum

1042 365 1204 407 tradidi
1222 366 1313 408 tibi.
1352 367 1397 411 λ’.
1421 368 1738 421 Quodcumque
1761 370 1864 421 liga-

1041 422 1156 463 veris
1177 435 1309 475 super
1327 428 1499 473 terram,
1521 426 1603 466 erit
1620 425 1801 476 ligatum
1822 432 1865 468 et

1041 478 1085 518 in
1112 479 1249 520 coelis:
1278 484 1321 521 et
1346 480 1655 533 quodcumque
1681 482 1864 525 solveris

1042 548 1173 587 super
1202 540 1381 586 terram,
1415 537 1496 578 erit
1528 537 1718 579 solutum
1750 545 1793 581 et
1819 540 1863 580 in

1042 591 1174 633 coelis.
1202 592 1259 633 Et
1278 592 1433 634 claves.

1351 648 1499 687 Lectio
1524 650 1560 687 ii.

1044 699 1122 803 In,
1168 718 1255 757 quo
1302 706 1593 756 exsultabitis,
1643 706 1863 748 modicum

1115 774 1228 802 nunc
1261 762 1298 802 si
1331 765 1509 814 oportet
1542 763 1790 804 contristari
1821 764 1864 804 in

1042 818 1173 858 variis
1209 818 1538 860 tentationibus:
1578 824 1626 861 ut
1661 819 1863 871 probatio

1043 878 1201 915 vestrae
1220 875 1323 916 fidei
1347 875 1483 916 multo
1504 876 1738 927 pretiosior
1758 888 1863 917 auro

1042 930 1175 981 (quod
1201 943 1280 983 per
1315 931 1458 982 ignem
1486 931 1712 984 probatur)
1749 932 1863 974 inve-

1040 986 1185 1027 niatur
1216 987 1259 1027 in
1291 987 1480 1037 laudem,
1516 993 1559 1029 et
1590 987 1787 1038 gloriam,
1821 994 1864 1030 et

1040 1041 1252 1084 honorem
1271 1044 1313 1083 in
1337 1043 1602 1085 revelatione
1621 1044 1645 1084 J
1648 1057 1724 1085 esu
1745 1044 1862 1085 Chri-

1041 1099 1110 1139 sti:
1138 1112 1266 1151 quem
1290 1112 1388 1140 cum
1407 1112 1494 1141 non
1512 1100 1707 1141 videritis
1727 1100 1862 1152 diligi-

1039 1155 1108 1195 tis:
1134 1155 1176 1195 in
1204 1169 1332 1208 quem
1357 1169 1471 1197 nunc
1497 1170 1672 1208 quoque
1696 1169 1783 1198 non
1803 1158 1862 1199 vi-

1041 1211 1193 1253 dentes
1226 1212 1415 1254 creditis:
1452 1213 1680 1254 credentes
1716 1219 1861 1255 autem

1040 1268 1313 1310 exsultabitis
1333 1269 1485 1310 laetitia
1503 1269 1798 1319 inenarrabili,
1819 1275 1861 1311 et

1038 1323 1293 1374 glorificata:
1314 1328 1588 1378 reportantes
1608 1326 1740 1367 finem
1758 1326 1861 1367 fidei

1038 1386 1197 1421 vestrae
1216 1381 1400 1423 saltitem
1420 1383 1671 1423 animarum.

1094 1440 1139 1490 lx'g.
1172 1438 1216 1479 Si
1250 1438 1392 1488 diligis
1425 1451 1511 1487 me,
1543 1439 1692 1480 Simon
1719 1440 1860 1489 Petre,

1038 1506 1171 1545 pasce
1190 1506 1294 1535 oves
1313 1507 1444 1535 meas.
1474 1495 1661 1536 Domine
1679 1500 1727 1537 tu
1745 1497 1861 1537 nosti

1040 1550 1141 1602 quia
1169 1562 1267 1591 amo
1295 1555 1354 1600 te,
1375 1557 1394 1577 *
1418 1551 1475 1592 Et
1503 1552 1691 1592 animam
1717 1565 1860 1593 meam

1039 1619 1157 1659 pono
1177 1619 1259 1658 pro
1283 1612 1337 1648 te.
1376 1604 1422 1653 X'.
1448 1608 1492 1649 Si
1518 1609 1767 1660 oportuerit
1790 1621 1860 1649 me

1038 1663 1149 1704 mori
1168 1668 1322 1713 tecum,
1341 1676 1429 1704 non
1448 1669 1492 1704 te
1511 1664 1692 1715 negabo.
1720 1665 1786 1705 Et.

1338 1725 1487 1764 Lectio
1509 1725 1559 1763 iii.

1041 1774 1149 1877 De
1178 1790 1262 1829 qua
1287 1777 1427 1818 salute
1452 1777 1764 1828 exquisierunt,
1799 1782 1858 1818 at-

1139 1846 1223 1884 que
1259 1833 1439 1874 scrutati
1476 1838 1577 1874 sunt
1612 1832 1859 1885 prophetae,

1040 1889 1114 1941 qui
1140 1888 1194 1929 de
1220 1889 1364 1930 futura
1389 1890 1431 1929 in
1451 1889 1576 1930 vobis
1599 1889 1737 1939 gratia
1760 1901 1859 1941 pro-

1037 1944 1342 1997 phetaverunt:
1375 1947 1617 1986 scrutantes
1648 1945 1691 1985 in
1725 1944 1858 1997 quod,

1037 2001 1107 2042 vel
1147 2001 1273 2053 quale
1309 2006 1483 2053 tempus
1520 2001 1785 2052 significaret
1815 2002 1859 2042 in

1038 2057 1100 2098 eis
1133 2058 1319 2109 Spiritus
1354 2057 1524 2099 Christi:
1560 2058 1857 2110 praenuntians

1038 2126 1110 2154 eas
1132 2126 1229 2165 quae
1250 2114 1291 2154 in
1309 2113 1483 2155 Christo
1503 2119 1602 2155 sunt
1622 2114 1857 2166 passiones,

1037 2175 1080 2213 et
1107 2170 1373 2221 posteriores
1400 2170 1575 2220 glorias:
1611 2169 1766 2222 quibus
1794 2183 1856 2211 re-

1036 2226 1227 2266 velatum
1252 2232 1318 2267 est
1341 2227 1440 2278 quia
1458 2239 1545 2268 non
1566 2225 1856 2278 sibimetipsis,

1036 2281 1161 2323 vobis
1181 2286 1325 2323 autem
1344 2282 1646 2323 ministrabant
1667 2295 1732 2331 ea,
1759 2295 1855 2334 quae

1035 2350 1148 2379 nunc
1171 2338 1369 2379 nuntiata
1394 2343 1493 2379 sunt
1518 2338 1643 2379 vobis
1667 2351 1745 2390 per
1770 2351 1855 2387 eos⁷

1036 2394 1110 2445 qui
1126 2394 1531 2444 evangelizaverunt
1546 2394 1680 2443 vobis,
1694 2394 1856 2446 Spiritu

1035 2455 1188 2491 sancto
1207 2451 1341 2492 misso
1361 2450 1416 2492 de
1436 2450 1560 2499 coelo,
1580 2450 1623 2490 in
1640 2463 1770 2501 quem
1784 2449 1854 2491 de-

1036 2506 1228 2548 siderant
1246 2506 1402 2558 Angeli
1420 2508 1685 2559 prospicere.

1092 2566 1139 2616 Rg.
1159 2563 1229 2604 Tu
1254 2576 1300 2604 es
1321 2564 1493 2612 Petrus,
1522 2567 1564 2603 et
1589 2575 1721 2614 super
1743 2561 1854 2603 hanc

1034 2623 1203 2671 petram
1236 2618 1466 2660 aedificabo
1497 2618 1737 2659 Ecclesiam
1768 2629 1852 2658 me-

1035 2687 1122 2724 am,
1151 2681 1194 2716 et
1219 2682 1361 2727 portae
1385 2675 1511 2716 inferi
1534 2687 1621 2716 non
1646 2673 1851 2726 praevale-

1034 2730 1143 2774 bunt
1166 2731 1375 2774 adversus
1395 2743 1504 2774 eam:
1527 2735 1547 2754 '⁸‘
1565 2731 1622 2772 Et
1639 2729 1718 2773 tibi
1737 2728 1851 2772 dabo
