2080 2990
612 199 681 232 Dic
706 203 737 232 S.
766 200 850 233 Dec.

264 292 325 329 l’s.
356 289 568 330 Dominus
592 291 802 342 regnavit.
824 292 882 332 15.

258 349 292 387 2.
332 345 644 387 vestimentum
676 353 798 388 tuum
831 349 855 375 *
885 348 1026 390 eandi-

208 400 312 442 dum
324 402 463 498 lquasi
492 402 585 453 nix,
617 407 660 445 et
685 403 819 445 facies
846 410 921 446 tua
947 404 1025 446 810-

207 461 253 498 111
272 468 322 498 80
341 489 349 498 .

257 519 292 556 3.
317 516 384 555 Tu
407 515 546 565 gloria
562 515 816 566 Jerusalem,
840 517 863 542 *
885 521 933 557 tu
954 516 1023 557 lae-

205 569 300 610 titia
327 570 481 620 Israel,
514 576 562 613 tu
591 571 921 614 honorificentia
947 574 1023 625 po-

205 625 296 678 puli
314 628 462 668 nostri.

256 689 292 726 4.
323 683 557 725 Benedicta
581 696 627 725 88
649 690 711 734 111,
736 684 759 710 *
780 684 918 735 Virgo
937 685 1023 726 Ma-

206 741 288 789 ria,
326 752 351 780 a
380 740 567 781 Domino
595 740 692 782 Deo
727 740 900 782 excelso
932 754 1025 795 prae

207 795 408 837 omnibus
428 796 681 838 mulieribus
704 809 836 849 super
853 802 1025 839 terram.

258 859 294 896 ἴ).
328 852 472 894 Trahe
498 865 578 894 nos
608 855 631 880 *
658 853 795 904 Virgo
822 854 1024 896 immacu-

205 907 308 958 lata,
334 914 437 962 post
462 915 505 951 te
532 911 752 951 curremus
778 910 820 951 in
844 910 1026 953 odorem

205 967 521 1016 unguentorum
539 968 723 1008 tuorum.

284 1035 539 1086 Capitulum.
768 1034 890 1071 l'rov.
911 1033 946 1070 8.

203 1083 462 1190 Dominus
495 1090 693 1144 possedit
723 1104 792 1133 me
827 1091 871 1132 in
902 1092 1025 1134 initio

316 1147 485 1188 viarum
538 1150 738 1197 suarum,
792 1150 1026 1200 antequam

205 1201 443 1254 quidquam
466 1203 629 1245 faceret
652 1217 677 1245 a
699 1204 926 1257 principio.
953 1204 1024 1246 Ab

203 1259 368 1300 aeterno
396 1259 595 1302 ordinata
623 1274 734 1310 sum,
768 1265 811 1302 et
838 1273 892 1302 ex
919 1263 1023 1302 anti-

204 1314 300 1365 quis
327 1317 561 1368 antequam
586 1321 703 1358 terra
730 1317 866 1358 fieret.
906 1317 1023 1358 Non-

204 1369 307 1411 dum
330 1377 453 1414 erant
477 1372 636 1425 abyssi,
661 1378 704 1415 81
723 1386 804 1424 ego
822 1374 906 1425 jam
925 1386 1024 1415 con-

203 1428 329 1479 cepta
350 1441 478 1470 eram.

513 1498 720 1548 Hymnus.

261 1552 337 1659 Ο
357 1553 547 1603 gloriosa
566 1555 789 1606 virginum,

374 1609 577 1651 Sublimis
596 1611 708 1652 inter
727 1611 880 1662 sidera,

306 1666 389 1716 Qui
408 1671 452 1707 18
472 1669 644 1716 creavit,
663 1668 893 1720 parvulum

305 1722 512 1764 Laetente
531 1724 669 1764 nutris
690 1724 834 1766 ubere.

260 1786 386 1838 Quod
405 1788 531 1828 Heva
549 1788 685 1829 tristis
705 1789 895 1839 abstulit,

305 1843 373 1884 Tu
392 1843 540 1885 reddis
561 1844 675 1886 almo
695 1846 900 1896 germine:

304 1900 471 1941 Intrent
490 1905 537 1942 ut
556 1906 673 1942 astra
694 1901 871 1952 flebiles,

307 1955 416 1997 Coeli
436 1957 625 1999 recludis
645 1958 856 2000 cardines.

258 2022 322 2061 Tu
340 2022 454 2072 regis
473 2022 548 2064 alti
566 2023 703 2074 janua,

304 2077 361 2118 Et
380 2078 477 2119 aula
495 2078 603 2119 lucis
622 2079 799 2130 fulgida:

304 2134 453 2175 Vitam
472 2134 618 2176 datam
636 2148 715 2188 per
734 2136 959 2188 Virginem

307 2189 470 2232 Gentes
488 2190 728 2243 redemptae
746 2192 953 2245 plaudite.

258 2255 368 2304 Jesu,
386 2254 466 2297 tibi
486 2255 542 2296 sit
560 2256 709 2306 gloria,

305 2311 390 2361 Qui
408 2315 535 2352 1131118
556 2324 602 2352 88
622 2312 676 2354 de
694 2313 886 2363 Virgine,

307 2367 416 2409 Cum
433 2367 575 2417 Patre,
595 2373 638 2409 81
657 2369 772 2410 311110
792 2370 954 2422 Spiritu

305 2424 354 2464 In
375 2424 639 2476 sempitorna
657 2426 827 2467 saecula.

510 2480 663 2522 Amen.

263 2534 309 2585 V.
330 2540 568 2582 Imaculata
590 2540 828 2593 Conceptio
857 2547 923 2583 est
948 2542 1022 2583 ho-

203 2596 274 2638 die
289 2601 452 2638 sanctae
467 2597 616 2638 Mariae
627 2597 830 2648 Virginis.
855 2598 903 2647 Rv.
915 2599 1022 2648 Quae

203 2653 418 2706 serpentis
439 2658 571 2705 caput
586 2654 780 2703 virgineo
795 2654 908 2706 pede
924 2667 1023 2695 eon-

202 2710 331 2751 trivit.

902 201 1088 233 Immacul.
1116 199 1295 241 Concept.
1322 198 1361 232 Β.
1384 198 1429 231 M.
1456 198 1494 231 V.

1132 294 1200 335 Ad
1237 295 1394 336 Bened.
1434 296 1529 334 Ant.
1576 293 1650 335 Ait
1681 294 1896 335 Dominus

1078 348 1198 388 Deus
1225 348 1249 375 *
1275 347 1332 390 ad
1359 349 1619 401 serpentem:
1645 349 1896 391 Inimicitias

1079 416 1241 456 ponam
1275 404 1387 446 inter
1418 409 1463 446 te
1499 409 1543 446 81
1574 405 1816 455 mulierem,
1853 411 1896 447 et

1079 472 1227 501 semen
1251 465 1374 501 tuum
1403 465 1446 502 et
1473 473 1621 503 semen
1645 461 1776 503 illius:
1802 462 1897 515 ipsa

1080 518 1277 559 conteret
1295 521 1427 570 caput
1443 522 1576 567 tuum,
1598 517 1778 570 alleluja.

1414 586 1574 627 Oratio.

1166 655 1253 693 8118,
1273 643 1347 695 qui
1364 655 1443 695 per
1459 642 1787 685 Immaculatam
1801 644 1896 686 Vir-

1185 699 1296 750 ginis
1337 699 1678 752 Conceptionem
1721 698 1898 751 dignum

1077 754 1189 797 Filio
1212 760 1288 797 tuo
1308 755 1602 797 habitaculum
1624 756 1898 808 praeparAsti:
1971 781 1974 783 -

1080 813 1345 863 quaesumus3
1373 816 1420 853 ut
1446 812 1519 864 qui
1545 825 1599 853 ex
1626 816 1766 853 morte
1791 813 1898 864 ejus-

1079 866 1179 909 dem
1193 868 1291 909 Filii
1305 868 1367 910 tui
1383 870 1581 921 praevisa,
1601 881 1697 910 eam
1712 868 1766 910 ab
1782 868 1899 910 omni

1078 923 1177 965 labe
1193 924 1483 977 praeservAsfi,
1502 937 1583 965 nos
1599 937 1773 977 quoque
1787 938 1899 966 mun-

1079 979 1160 1021 dos
1179 982 1269 1032 ejus
1286 981 1597 1023 intercessione
1614 980 1670 1022 ad
1686 985 1730 1023 te
1747 993 1898 1033 perve-

1078 1038 1169 1078 nire
1193 1036 1420 1079 concedas.
1446 1037 1530 1078 Per
1553 1036 1755 1079 eumdem
1771 1037 1898 1078 Dfim.

1131 1100 1277 1135 Deinde
1303 1101 1342 1134 fit
1368 1100 1679 1134 commemoratio
1703 1099 1834 1135 Feriae.

1346 1163 1413 1200 Ad
1435 1164 1634 1200 Primam.

1132 1223 1178 1262 In
1200 1222 1249 1274 R.
1270 1222 1331 1263 br.
1352 1221 1510 1263 dicitur
1529 1218 1578 1269 V.
1603 1219 1687 1269 Qui
1703 1223 1831 1261 natus
1851 1231 1898 1260 es

1078 1274 1133 1315 de
1152 1274 1290 1316 Maria
1303 1275 1494 1327 Virgine.
1515 1278 1646 1320 etiam
1666 1290 1743 1330 per
1762 1282 1899 1319 totam

1081 1336 1302 1376 Octavam.

1347 1400 1414 1436 Ad
1438 1400 1637 1437 Tertiam.

1132 1462 1228 1501 Ant.
1254 1457 1569 1501 vestimentum
1587 1462 1719 1499 tuum.

1132 1526 1267 1576 Capit.
1295 1526 1388 1565 Dfis
1406 1522 1615 1575 possedit.
1636 1530 1682 1566 ut
1701 1537 1841 1577 supra.

1132 1591 1181 1642 Rv.
1206 1590 1266 1631 br.
1290 1587 1411 1629 Deus
1435 1590 1712 1640 omnipotens
1739 1590 1763 1615 *
1783 1587 1897 1628 Prae-

1076 1644 1211 1685 cinxit
1248 1656 1318 1685 me
1359 1643 1530 1685 virtute.
1581 1644 1712 1685 Deus.
1764 1641 1814 1693 V.
1841 1643 1898 1685 Et

1075 1700 1223 1753 posuit
1253 1699 1576 1741 immaculatam
1603 1700 1718 1741 viam
1745 1712 1898 1742 meam.

1075 1756 1318 1798 Praecinxit.
1350 1756 1500 1798 Gloria
1517 1756 1649 1798 Patri.
1675 1756 1807 1798 Deus.

1132 1820 1181 1870 V.
1204 1823 1255 1863 In
1278 1821 1362 1863 hoc
1387 1821 1574 1872 cognovi
1597 1821 1801 1873 quoniam
1823 1834 1895 1862 vo-

1075 1879 1191 1921 luisti
1209 1892 1290 1920 me.
1329 1880 1377 1931 R.
1399 1878 1616 1930 Quoniam
1634 1890 1722 1919 non
1739 1877 1895 1929 gaude-

1075 1935 1139 1977 bit
1156 1936 1356 1977 inimicus
1373 1948 1497 1977 meus
1516 1946 1647 1987 super
1664 1947 1743 1976 me.

1351 2012 1418 2049 Ad
1441 2011 1627 2049 sextam.

1131 2074 1229 2113 Ant.
1258 2072 1325 2112 Tu
1345 2068 1483 2120 gloria
1500 2068 1751 2110 Jerusalem.

1157 2137 1413 2189 Capitulum.
1579 2135 1735 2177 Ezech.
1755 2137 1820 2176 44.

1075 2189 1254 2296 Porta
1275 2194 1371 2235 haec
1394 2194 1542 2235 clausa
1564 2193 1661 2243 erit,
1685 2206 1773 2234 non
1795 2206 1894 2247 ape-

1173 2251 1323 2300 rietur,
1350 2254 1393 2292 et
1415 2250 1482 2292 vir
1504 2262 1592 2291 non
1614 2249 1793 2291 intrabit
1816 2262 1896 2303 per

1075 2320 1188 2357 eam,
1221 2307 1427 2359 quoniam
1450 2306 1664 2347 Dominus
1689 2306 1810 2347 Deus
1835 2306 1894 2347 Is-

1074 2363 1165 2405 rael
1182 2364 1402 2414 ingressus
1420 2367 1487 2404 est
1502 2374 1580 2413 per
1599 2374 1708 2403 eam:
1727 2364 1896 2415 eritque

1075 2419 1223 2461 clausa
1244 2418 1444 2471 Principi.
1482 2418 1691 2471 Princeps
1715 2418 1809 2471 ipse
1832 2431 1894 2460 88-

1075 2475 1198 2518 debit
1215 2476 1258 2517 in
1278 2488 1340 2517 ea.

1130 2541 1179 2592 R.
1192 2540 1252 2580 br.
1268 2541 1319 2581 In
1332 2539 1416 2581 1100
1432 2540 1627 2591 cognovi,
1642 2540 1663 2563 *
1680 2538 1895 2589 Quoniam

1075 2597 1250 2639 voluisti
1274 2609 1354 2637 mc.
1391 2596 1442 2636 In
1465 2595 1560 2637 hoc.
1605 2592 1651 2643 Y.
1682 2595 1895 2646 Quoniam

1074 2666 1162 2695 non
1181 2652 1388 2704 gaudebit
1406 2652 1604 2693 inimicus
1623 2664 1744 2693 meus
1763 2663 1895 2704 super

1075 2723 1155 2752 me.
1182 2708 1408 2759 Quoniam.
1438 2708 1588 2750 Gloria
1605 2708 1736 2751 Patri.
1762 2708 1823 2749 In.
