2040 2990
157 299 262 340 mini
295 298 441 349 fidele,
475 299 735 353 sapientiam
767 305 984 353 praestans

156 355 362 407 parvulis.

206 411 396 453 Justitiae
432 413 611 454 Demini
647 418 799 463 rectae,
845 413 983 455 laetifi-

156 470 307 511 cantes
340 469 495 510 corda:
527 470 551 496 *
586 471 860 523 praeceptum
894 471 982 511 Do-

154 525 260 565 mini
277 524 482 575 lucidum,
500 525 749 567 illuminans
768 526 932 568 oculos.

206 581 360 622 Timor
387 582 565 623 Domini
593 587 787 633 sanctus,
814 585 982 636 perma-

154 650 263 679 nens
287 638 331 678 in
356 638 566 680 saeculum
593 639 756 681 saeculi:
776 640 799 665 *
824 639 982 691 judicia

153 694 332 735 Domini
358 707 478 746 vera,
501 695 735 747 justificata
759 696 802 737 in
827 702 981 738 semet—

154 764 261 803 lpsa.

204 807 527 850 Desiderabilia
567 821 701 860 super
741 821 896 850 aurum
939 814 982 851 et

152 863 345 916 lapidem
377 864 621 916 pretiesum
653 865 854 907 multum:
881 866 904 891 *
938 871 981 907 et

153 919 351 961 dulciora
370 933 504 973 super
522 921 608 962 mel
628 926 672 963 et
690 921 848 963 favum.

203 976 376 1018 Etenim
401 990 554 1019 servus
578 983 680 1019 tuus
704 978 899 1020 custodit
919 991 980 1029 ea,

152 1032 176 1058 *
208 1033 253 1073 in
288 1033 588 1075 custodiendis
627 1034 712 1076 illis
749 1034 979 1077 retributio

152 1089 299 1131 multa.

202 1145 377 1188 Delicta
414 1147 512 1198 quis
546 1146 769 1199 intelligit?
818 1148 872 1189 ab
910 1161 978 1190 oc-

152 1201 279 1243 cultis
315 1203 424 1244 meis
459 1203 622 1245 munda
658 1217 743 1245 me:
780 1206 803 1231 *
839 1210 883 1246 et
924 1206 978 1247 ab

151 1258 302 1300 alienis
321 1272 454 1312 parce
474 1273 603 1301 servo
624 1265 713 1302 tuo.

201 1315 247 1356 Si
290 1316 376 1357 mei
422 1329 510 1358 non
550 1317 710 1359 fuerint
751 1317 978 1369 dominati,

149 1376 255 1414 tunc
278 1373 582 1415 immaculatus
610 1387 701 1415 ero:
718 1376 742 1402 *
766 1379 809 1416 et
835 1388 978 1416 emun—

151 1427 291 1470 dabor
311 1441 336 1470 a
356 1429 517 1471 delicto
536 1430 740 1472 maximo.

200 1484 258 1526 Et
285 1490 412 1527 erunt
452 1490 501 1527 ut
547 1486 852 1538 complaceant
893 1488 978 1529 61ό-

151 1541 254 1592 quia
281 1542 371 1582 oris
398 1541 501 1584 mei:
519 1543 543 1570 *
563 1547 607 1584 et
633 1542 864 1586 meditatio
884 1557 977 1586 cor·
1000 1547 1005 1583 Ι

151 1596 218 1638 dis
241 1598 328 1639 mei
351 1598 395 1639 in
420 1600 662 1651 conspectu
691 1604 768 1640 tuo
793 1613 978 1653 semper.

200 1654 391 1696 Demine
418 1654 591 1706 adjutor
618 1668 753 1705 1116118,
772 1657 796 1682 *
816 1662 859 1699 et
882 1657 976 1699 red-

150 1710 324 1763 emptor
341 1724 477 1753 meus.

199 1782 296 1824 Ant.
347 1783 393 1821 ln
424 1781 518 1823 sole
545 1782 694 1835 posuit
721 1782 976 1825 tabernacu-
1000 1791 1004 1801 “

149 1834 235 1876 lum
258 1849 394 1887 suum,
415 1842 459 1879 et
483 1838 579 1891 ipse
602 1843 827 1890 tamquam
846 1852 975 1892 spon-

149 1904 223 1933 sus
243 1892 490 1945 procedens
511 1894 566 1936 de
585 1894 778 1936 thalamo
799 1907 893 1936 suo.

198 1964 296 2003 Ant.
349 1963 588 2005 lilevamini
620 1963 643 1989 *
675 1969 817 2016 portae
852 1969 975 2006 aeter-

149 2018 282 2069 umes,
312 2025 355 2061 et
381 2019 578 2062 introibit
605 2020 703 2061 Rex
729 2019 892 2071 gloriae.

417 2101 611 2140 l'sulmus
640 2102 701 2139 235.

238 2163 371 2205 emini
402 2168 470 2205 est
499 2169 634 2214 terra,
673 2169 717 2207 et
746 2164 974 2217 plenitudo

252 2220 356 2271 ejus:
377 2221 401 2247 *
420 2220 539 2262 orbis
560 2223 791 2271 terrarum,
821 2226 864 2262 et
884 2221 973 2262 uni-

150 2276 266 2316 versi
286 2276 360 2328 qui
378 2275 578 2318 habitant
594 2277 639 2317 in
659 2290 724 2318 eo.

199 2331 312 2382 Quia
335 2332 431 2384 ipse
456 2345 588 2385 super
613 2333 751 2374 maria
774 2333 974 2375 fundavit

148 2399 260 2428 eum:
292 2389 316 2415 *
348 2393 392 2430 et
426 2401 559 2441 super
596 2389 774 2430 flumina
806 2402 972 2442 praepa-

147 2443 260 2484 ravit
287 2456 397 2485 eum.

199 2499 306 2548 Quis
340 2499 548 2542 ascendet
583 2501 627 2541 in
660 2506 854 2543 montem
885 2501 972 2541 Do-

147 2552 274 2595 mini?
308 2556 332 2582 *
366 2561 441 2597 aut
482 2557 578 2609 quis
619 2557 751 2598 stabit
789 2557 833 2598 in
872 2557 971 2598 loco

148 2614 300 2652 sancto
329 2610 444 2663 ejus?

199 2666 384 2708 Ifiocens
407 2668 608 2710 manibus
628 2674 671 2710 et
690 2668 853 2710 mundo
880 2681 971 2710 cor-

147 2722 214 2773 de,
233 2724 257 2749 *
277 2722 351 2775 qui
376 2735 465 2764 non
491 2725 660 2777 accepit
683 2725 727 2766 in
746 2738 859 2767 vano
884 2724 970 2765 ani-
991 2704 1000 2775 [

728 201 763 233 111
792 202 1093 235 (ἴέῐ-611111618ἰυ116
1120 202 1283 237 Domini.

1799 207 1865 241 225

1035 314 1152 343 mam
1188 316 1331 354 suam,
1371 318 1452 347 1166
1490 307 1645 358 juravit
1680 308 1723 349 in
1759 308 1862 351 dolo

1034 359 1237 411 proximo
1265 373 1357 403 suo.

1087 416 1172 457 Hic
1217 418 1403 470 accipiet
1441 419 1792 463 benedictionem
1837 435 1862 463 a

1035 472 1240 515 Domino:
1256 475 1280 501 *
1299 479 1343 516 et
1363 476 1704 519 misericordiam
1723 491 1748 519 a
1764 479 1861 520 Deo

1035 529 1215 571 salutari
1242 543 1333 572 suo.

1086 586 1197 628 Haec
1229 592 1296 629 est
1322 590 1546 638 generatio
1576 592 1861 643 quaerentium

1036 654 1151 694 eum,
1192 644 1215 669 *
1258 646 1546 696 quaerentium
1587 648 1742 689 faciem
1777 648 1860 690 Dei

1033 699 1183 741 Jacob.

1085 757 1289 799 Attollite
1334 763 1486 810 portas
1529 760 1748 813 principes
1790 775 1859 803 ve-

1034 818 1161 863 stras,
1190 819 1233 855 et
1261 815 1491 856 elevamini
1518 821 1660 868 portae
1680 821 1858 859 aeterna-

1033 869 1115 910 les:
1143 872 1167 897 *
1195 875 1238 912 et
1265 871 1462 913 introibit
1490 873 1586 914 Rex
1613 874 1776 924 gloriae.

1086 926 1192 976 Quis
1221 932 1287 969 est
1313 928 1396 970 iste
1417 929 1514 970 Rex
1535 929 1709 980 gleriae?
1730 933 1753 958 *
1772 932 1858 972 Do-

1032 983 1174 1024 minus
1206 984 1331 1026 fortis
1368 990 1412 1026 et
1439 990 1611 1038 potens:
1646 987 1859 1029 Dominus

1032 1044 1191 1091 potens
1218 1040 1261 1081 in
1289 1041 1454 1093 praelio.

1083 1096 1286 1138 Attollite
1334 1104 1486 1150 portas
1529 1100 1747 1152 principes
1789 1113 1857 1142 ve-

1032 1157 1162 1202 stras,
1191 1158 1235 1195 et
1263 1153 1491 1196 elevamini
1515 1160 1655 1208 portae
1679 1159 1858 1198 aeterna—

1032 1208 1110 1250 les:
1138 1211 1162 1236 *
1191 1215 1235 1251 et
1262 1210 1458 1252 introibit
1485 1212 1582 1253 Rex
1609 1213 1772 1263 gloriae.

1084 1266 1190 1315 Quis
1219 1272 1285 1308 est
1312 1268 1394 1309 iste
1414 1268 1510 1309 Rex
1535 1268 1709 1319 gleriae?
1729 1271 1752 1296 *
1770 1270 1856 1310 Do-

1030 1322 1172 1363 minus
1198 1323 1408 1365 virtutum
1435 1325 1530 1377 ipse
1559 1330 1625 1367 est
1645 1326 1741 1367 Rex
1768 1326 1857 1376 glo-

1031 1391 1118 1419 r1ae.

1086 1443 1180 1481 Ant.
1233 1442 1471 1483 lilevamini
1501 1447 1642 1494 portae
1676 1448 1856 1486 aeterna-

1030 1497 1104 1546 les,
1130 1502 1174 1539 et
1197 1498 1394 1540 introibit
1418 1500 1514 1540 Rex
1539 1499 1703 1549 gloriae.

1086 1557 1130 1608 X.
1160 1564 1405 1616 Tamquam
1437 1578 1635 1617 sponsus.
1689 1569 1733 1617 hp.
1768 1567 1855 1607 Do-

1029 1620 1172 1661 minus
1195 1620 1440 1673 procedens
1467 1621 1522 1663 de
1547 1621 1739 1663 thalamo
1766 1636 1856 1664 suo.

1030 1705 1097 1743 De
1125 1703 1326 1755 Epistola
1349 1703 1468 1745 beati
1500 1703 1623 1744 Pauli
1651 1703 1855 1756 Apestoli

1281 1759 1338 1801 ad
1362 1761 1600 1801 Romanos.

1134 1821 1284 1861 Lectio
1306 1822 1329 1859 i.
1474 1823 1575 1871 Cap.
1596 1824 1631 1860 Β.
1654 1829 1693 1861 ct
1716 1824 1750 1861 4.

1033 1885 1118 1963 s
1155 1880 1566 1988 Ὲιῗῖἒῗὲἒὶἶὶξὲῖἶί
1585 1881 1853 1979 ἱῗέοῗὲιὲῑίξῗ

1030 1985 1111 2017 ἑὲ-
1129 1983 1150 2015 '²³‘
1171 1992 1290 2034 onis?
1343 1993 1528 2035 Multum
1563 2007 1643 2047 per
1680 2007 1852 2036 omnem

1027 2048 1217 2090 modum.
1267 2049 1460 2091 Primum
1507 2051 1704 2103 quidem,
1750 2051 1852 2102 quia

1028 2105 1196 2147 credita
1215 2110 1315 2147 sunt
1334 2106 1418 2147 illis
1435 2106 1609 2160 eloquia
1622 2108 1717 2149 Dei.
1739 2107 1853 2157 Quid

1028 2162 1142 2203 enim
1172 2162 1210 2202 si
1239 2162 1417 2214 quidam
1443 2163 1618 2205 illorum
1647 2177 1736 2205 non
1764 2176 1851 2205 cre-

1027 2217 1253 2260 diderunt?
1307 2219 1533 2272 Numquid
1569 2219 1850 2262 incredulitas

1025 2274 1197 2316 illorum
1211 2274 1344 2316 fidem
1353 2276 1437 2318 Dei
1449 2276 1698 2318 evacuabit?
1713 2276 1851 2318 Absit.

1026 2331 1106 2371 Est
1138 2335 1283 2372 autem
1306 2331 1427 2373 Deus
1452 2345 1601 2374 verax:
1622 2333 1760 2374 omnis
1781 2345 1850 2373 au-

1026 2391 1116 2427 tem
1133 2387 1272 2428 homo·
1289 2388 1489 2438 mendax,
1509 2389 1620 2430 sicut
1639 2389 1849 2441 scriptum

1026 2447 1112 2483 est:
1146 2443 1204 2485 Ut
1231 2444 1475 2495 justificeris
1499 2445 1548 2485 in
1576 2444 1847 2486 sermenibus

1024 2499 1125 2540 tuis:
1157 2505 1201 2542 et
1232 2501 1382 2542 vincas
1416 2514 1514 2542 cum
1546 2501 1759 2553 judicaris.
1804 2500 1848 2541 Si

1025 2559 1172 2597 autem
1207 2557 1413 2609 iniquitas
1453 2562 1603 2598 nostra
1643 2557 1847 2608 justitiam

1024 2612 1108 2652 Dei
1143 2613 1442 2663 commendat,
1484 2614 1590 2666 quid
1626 2611 1846 2655 dicemus?

1023 2669 1251 2721 Numquid
1290 2670 1463 2722 iniquus
1504 2675 1571 2711 est
1611 2670 1731 2710 Deus
1773 2667 1846 2719 qui

1023 2725 1152 2766 infert
1178 2724 1309 2766 iram?
1342 2725 1596 2777 (secundum
1626 2724 1844 2766 hominem
