2040 2990
726 215 926 249 Dominica
952 214 1261 257 septuagesimae.

199 306 396 349 Laudate
428 307 661 349 Dominum
693 306 748 348 de
780 311 912 355 terra,
944 306 966 331 *

150 361 371 413 dracones,
393 368 437 406 et
455 376 604 405 omnes
623 363 780 415 abvssi.

199 419 329 472 Ignis,
349 419 527 472 grando,
550 420 634 470 niX,
653 420 825 471 glacies,
845 419 967 471 spiri-

150 479 218 517 tus
258 477 566 530 procellarum:
602 477 625 502 *
669 489 766 529 quae
806 475 968 517 faciunt

148 532 329 575 verbum
352 534 456 586 ejus:

201 589 387 641 Montes,
407 596 450 632 et
470 603 619 632 omnes
642 588 790 631 colles:
808 588 831 615 *
851 588 967 639 ligna

148 645 378 697 fructifera,
400 652 444 689 et
463 659 613 688 omnes
632 645 762 688 cedri.

199 702 370 754 Bestiae,
391 708 434 745 et
447 702 648 745 universa
660 704 836 756 pecora:
846 701 870 727 *
881 713 966 742 ser-

148 760 312 811 pentes,
332 765 375 802 et
393 759 593 802 volucres
612 760 830 812 pennatae:

199 816 344 867 Reges
370 821 515 866 terrae,
552 821 595 858 et
622 828 772 858 omnes
799 814 966 868 populi:

147 872 170 898 *
180 873 410 925 principes,
426 878 469 915 et
484 885 633 914 omnes
648 871 811 925 judices
826 877 966 913 terrae.

197 929 400 979 Juvenes,
425 934 469 972 et
490 930 693 981 virgines:
719 941 845 970 senes
869 941 966 969 cum

145 985 382 1036 junioribus
401 985 579 1028 laudent
599 998 758 1027 nomen
777 984 966 1026 Domini:

145 1041 169 1067 *
197 1041 296 1139 ἓιιίει
328 1042 566 1084 exaltatum
597 1047 663 1084 est
690 1054 849 1084 nomen
877 1043 966 1094 ejus

147 1109 196 1139 so
219 1100 292 1139 'us.

199 1154 425 1198 Confessio
451 1156 540 1208 ejus
565 1167 697 1208 super
720 1154 896 1205 coelum,
924 1159 967 1197 et

146 1215 322 1253 terram:
350 1212 374 1239 *
407 1217 451 1254 et
481 1211 691 1254 exaltavit
722 1225 858 1254 cornu
890 1213 966 1264 po-

147 1267 239 1321 puli
258 1268 333 1310 sui.

198 1324 396 1376 Hymnus
417 1325 616 1367 omnibus
640 1325 800 1366 sanctis
820 1325 925 1377 ejus:
943 1324 966 1350 *

146 1380 246 1478 filliis
255 1381 402 1431 Israel,
419 1382 584 1435 populo
599 1381 967 1434 appropinquanti

147 1449 184 1478 s1
215 1451 240 1478 1.

199 1501 273 1535 Hic
296 1510 372 1534 non
397 1500 538 1535 dicitur
561 1498 694 1535 Gloria
717 1498 832 1534 Patri.

408 1553 605 1594 Psalmus
626 1554 711 1593 149.

222 1608 369 1648 antate
404 1607 594 1649 Domino
637 1607 853 1649 canticum
893 1619 967 1648 no-

241 1676 359 1704 vum:
390 1663 414 1689 *
445 1663 540 1705 laus
577 1663 666 1716 ejus
702 1663 746 1705 in
786 1663 968 1705 ecclesia

148 1721 407 1762 sanctorum.

199 1776 393 1819 Laetetur
423 1776 560 1818 Israel
591 1776 634 1818 in
666 1789 733 1827 eo,
767 1777 841 1829 qui
867 1776 969 1819 fecit

150 1845 263 1874 eum:
281 1834 305 1860 *
325 1838 368 1875 et
387 1833 464 1875 filii
481 1833 584 1875 Sion
603 1832 821 1875 exsultent
838 1833 882 1874 in
904 1846 967 1875 re-

148 1901 202 1940 ge
221 1902 313 1931 suo.

199 1945 400 1988 Laudent
423 1959 582 1988 nomen
606 1946 695 1998 ejus
714 1946 757 1986 in
776 1945 926 1987 choro:
944 1946 967 1972 *

149 2000 192 2042 in
202 2004 421 2056 tympano,
437 2008 480 2045 et
493 2002 700 2056 psalterio
714 2001 900 2055 psallant
915 2002 967 2043 ei:

201 2059 312 2109 Quia
338 2059 659 2112 beneplacitum
686 2063 752 2100 est
778 2058 967 2100 Domino

148 2114 192 2155 in
210 2115 376 2168 populo
396 2128 491 2157 suo:
511 2116 534 2142 *
554 2120 597 2157 et
621 2114 828 2157 exaltabit
851 2127 967 2156 man-

150 2173 298 2213 suetos
315 2172 360 2213 in
379 2172 572 2214 salutem.

200 2227 491 2270 Exsultabunt
524 2228 662 2270 sancti
695 2228 739 2268 in
765 2227 917 2279 gloria:
943 2227 967 2253 *

149 2282 410 2326 laetabuntur
429 2285 472 2325 in
491 2284 704 2326 cubilibus
723 2285 822 2326 suis.

201 2340 496 2383 Exaltationes
523 2341 641 2383 Dei
630 2354 674 2382 in
699 2344 872 2392 gutture
898 2342 967 2381 eo-

150 2409 259 2437 rum:
276 2398 300 2423 *
319 2402 363 2439 et
384 2397 517 2448 gladii
543 2397 752 2450 ancipites
776 2397 819 2437 in
837 2396 968 2437 mani-

150 2451 232 2493 bus
252 2454 416 2494 eorum:

202 2508 275 2550 Ad
302 2509 542 2551 faciendam
569 2509 804 2551 vindictam
831 2508 874 2548 in
898 2520 968 2548 na-

152 2563 358 2606 tionibus:
350 2565 389 2591 ·*
399 2565 719 2618 increpationes
732 2565 775 2605 in
785 2563 969 2617 populis.

203 2619 275 2661 Ad
307 2620 547 2672 alligandos
583 2634 708 2672 reges
745 2622 895 2661 eorum
926 2620 969 2659 in

154 2675 454 2744 compedibus.
467 2678 491 2704 *
510 2682 553 2718 et
570 2678 738 2719 nobiles
758 2678 908 2718 eorum
925 2675 968 2715 in
1016 2708 1018 2711 .

152 2731 331 2773 manicis
350 2732 510 2774 ferreis.

1071 305 1129 348 Ut
1155 306 1315 348 faciant
1341 307 1384 348 in
1419 308 1479 349 eis
1507 308 1708 359 judicium
1735 322 1834 350 con-

1019 364 1244 415 scriptum:
1271 363 1294 389 *
1321 363 1459 414 gloria
1485 363 1579 406 haec
1607 370 1673 406 est
1702 366 1833 406 omni-

1019 418 1100 460 bus
1118 419 1277 461 sanctis
1298 420 1398 472 ejus.

1074 485 1145 518 Hic
1171 494 1245 517 non
1270 484 1409 518 dieitur
1430 480 1562 516 Gloria
1585 480 1698 516 Patri.

1274 536 1470 576 Psalmus
1492 537 1581 575 150.

1021 587 1253 692 Laudate
1301 593 1537 635 Dominum
1585 595 1628 635 in
1676 595 1834 637 sanctis

1122 650 1224 701 ejus:
1248 650 1271 676 *
1295 649 1470 692 laudate
1498 663 1595 692 eum
1623 652 1666 692 in
1695 652 1834 692 firma-

1018 706 1164 747 mento
1184 706 1354 748 virtutis
1375 707 1474 758 ejus.

1068 762 1264 805 Laudate
1289 776 1388 805 eum
1411 763 1454 804 in
1477 763 1707 805 virtutibus
1732 765 1835 816 ejus:

1018 819 1042 845 *
1064 818 1238 861 laudate
1263 833 1361 861 eum
1386 819 1624 862 secundum
1648 821 1834 862 multitu—

1019 873 1163 917 dinem
1180 876 1488 927 magnitudinis
1508 877 1606 928 ejus.

1069 931 1265 974 Laudate
1298 946 1396 974 eum
1431 933 1474 974 in
1507 946 1615 975 sono
1649 933 1782 975 tubae:
1812 934 1835 959 *

1018 987 1192 1030 laudate
1204 1002 1301 1030 eum
1315 989 1358 1030 in
1368 989 1586 1042 psalterio,
1602 994 1646 1031 et
1661 989 1835 1031 cithara.

1070 1045 1266 1087 Laudate
1283 1059 1381 1088 eum
1395 1046 1439 1087 in
1453 1048 1672 1099 tympanO,
1688 1051 1731 1088 et
1745 1046 1838 1088 cho-

1018 1115 1082 1143 ro:
1096 1102 1119 1127 *
1134 1101 1308 1144 laudate
1328 1115 1426 1144 eum
1444 1103 1487 1143 in
1508 1102 1692 1152 chordis,
1712 1107 1755 1144 et
1771 1105 1836 1144 or-

1018 1171 1142 1209 gano.

1069 1214 1265 1257 Laudate
1291 1228 1389 1257 eum
1412 1216 1454 1256 in
1478 1215 1686 1268 cvmbalis
1710 1215 1836 1258 bene-

1020 1271 1288 1313 sonantibus:
1320 1271 1495 1314 laudate
1529 1285 1627 1313 eum
1653 1272 1696 1312 in
1724 1275 1836 1325 cym-

1018 1327 1128 1369 balis
1152 1327 1428 1380 jubilationis:
1449 1329 1473 1355 *
1498 1329 1636 1370 omnis
1660 1329 1836 1381 spiritus

1018 1383 1167 1426 laudet
1185 1385 1429 1426 Dominum.

1071 1441 1221 1483 Gloria
1239 1442 1367 1484 Patri.

1076 1502 1172 1541 Ant.
1200 1502 1236 1541 5.
1280 1497 1475 1540 Laudate
1513 1498 1748 1539 Dominum
1782 1497 1836 1540 de

1019 1553 1153 1596 coelis.

1071 1618 1212 1652 Psalmi
1228 1618 1437 1662 supradicti
1452 1627 1601 1660 semper
1613 1616 1789 1650 dicuntur
1804 1616 1841 1649 in

1024 1666 1219 1701 Laudibus
1236 1667 1448 1701 Dominicae
1474 1676 1594 1709 usquc
1619 1665 1666 1698 ad
1684 1664 1840 1698 Pascha.

1106 1729 1362 1780 Capitulum.
1518 1730 1545 1766 1.
1564 1728 1659 1766 Cor.
1675 1727 1710 1765 9.
1727 1726 1764 1766 d.

1018 1780 1250 1887 Fratres:
1276 1784 1464 1826 Nescitis
1493 1783 1611 1836 quod
1637 1782 1666 1822 ii
1694 1781 1767 1833 qui
1794 1780 1837 1820 in

1115 1840 1256 1882 stadio
1277 1845 1471 1889 currunt,
1491 1852 1640 1881 omnes
1662 1836 1836 1890 quidem

1020 1902 1207 1947 currunt,
1227 1896 1306 1938 sed
1320 1909 1429 1938 unus
1445 1896 1602 1948 accipit
1616 1890 1835 1937 bravium?

1018 1954 1089 1996 Sic
1108 1953 1267 1995 currite
1286 1957 1333 1994 ut
1352 1950 1739 2005 comprehendatis.

1332 2030 1540 2081 Hymnus.

1171 2095 1293 2135 terne
1312 2105 1456 2134 rerum
1476 2090 1696 2140 Conditor,

1187 2150 1373 2191 Noctem
1397 2148 1599 2199 diemque
1622 2146 1694 2199 qui
1712 2145 1836 2196 regis,

1096 2207 1152 2248 Et
1170 2208 1417 2258 temporum
1436 2204 1514 2246 das
1532 2205 1741 2255 tempora,

1095 2263 1154 2305 Ut
1173 2263 1334 2304 alleves
1352 2260 1584 2303 fastidium.

1049 2327 1270 2370 Nocturna
1287 2326 1361 2368 lux
1379 2324 1594 2367 viantibus

1095 2384 1136 2425 A
1154 2388 1283 2425 nocte
1301 2387 1475 2424 noctem
1495 2382 1736 2432 segregans,

1096 2441 1249 2482 Praeco
1270 2439 1355 2481 diei
1372 2440 1457 2491 iam
1476 2441 1613 2485 sonat,

1095 2497 1119 2537 J
1121 2496 1316 2549 ubarque
1335 2495 1440 2537 solis
1460 2495 1624 2535 evocat.

1049 2563 1146 2604 Hoc
1163 2562 1375 2603 excitatus
1393 2557 1565 2599 Lucifer

1095 2618 1234 2659 Solvit
1251 2616 1400 2669 polum
1420 2614 1614 2682 caligine:

1095 2674 1194 2715 Hoc
1213 2673 1351 2714 omnis
1372 2672 1574 2713 erronum
1592 2667 1749 2708 cohors

1095 2730 1225 2772 Viam
1242 2727 1427 2769 nocendi
1445 2724 1616 2767 deserit,
