<?xml version="1.0" encoding="UTF-8"?>
<!DOCTYPE html PUBLIC "-//W3C//DTD XHTML 1.0 Transitional//EN"
    "http://www.w3.org/TR/xhtml1/DTD/xhtml1-transitional.dtd">
<html xmlns="http://www.w3.org/1999/xhtml" xml:lang="en" lang="en">
 <head>
  <title>
</title>
<meta http-equiv="Content-Type" content="text/html;charset=utf-8" />
  <meta name='ocr-system' content='tesseract 3.04.00' />
  <meta name='ocr-capabilities' content='ocr_page ocr_carea ocr_par ocr_line ocrx_word'/>
</head>
<body>
  <div class='ocr_page' id='page_1' title='image "./p1breviariumroma00cathuoft_0768.png"; bbox 0 0 2080 2990; ppageno 0'>
   <div class='ocr_carea' id='block_1_1' title="bbox 234 221 331 265">
    <p class='ocr_par' dir='ltr' id='par_1_1' title="bbox 234 221 331 265">
     <span class='ocr_line' id='line_1_1' title="bbox 234 221 331 265; baseline 0 0"><span class='ocrx_word' id='word_1_1' title='bbox 234 221 331 265; x_wconf 85' lang='lat'>[206]</span> 
     </span>
    </p>
   </div>
   <div class='ocr_carea' id='block_1_2' title="bbox 233 317 1054 709">
    <p class='ocr_par' dir='ltr' id='par_1_2' title="bbox 233 317 1054 709">
     <span class='ocr_line' id='line_1_2' title="bbox 237 317 1053 370; baseline -0.001 -11"><span class='ocrx_word' id='word_1_2' title='bbox 237 317 383 359; x_wconf 75' lang='lat' dir='ltr'>Lectio</span> <span class='ocrx_word' id='word_1_3' title='bbox 407 317 545 358; x_wconf 88' lang='lat' dir='ltr'>sancti</span> <span class='ocrx_word' id='word_1_4' title='bbox 566 317 791 370; x_wconf 81' lang='lat' dir='ltr'>Evangelii</span> <span class='ocrx_word' id='word_1_5' title='bbox 814 317 1053 359; x_wconf 80' lang='lat' dir='ltr'>secundum</span> 
     </span>
     <span class='ocr_line' id='line_1_3' title="bbox 530 373 754 415; baseline 0.004 -2"><span class='ocrx_word' id='word_1_6' title='bbox 530 373 754 415; x_wconf 76' lang='lat' dir='ltr'>Joannem.</span> 
     </span>
     <span class='ocr_line' id='line_1_4' title="bbox 289 434 1001 484; baseline 0 -12"><span class='ocrx_word' id='word_1_7' title='bbox 289 434 433 473; x_wconf 76' lang='lat' dir='ltr'>Lectio</span> <span class='ocrx_word' id='word_1_8' title='bbox 457 434 520 473; x_wconf 72' lang='lat' dir='ltr'>vii.</span> <span class='ocrx_word' id='word_1_9' title='bbox 855 436 957 484; x_wconf 69' lang='lat' dir='ltr'>(lap.</span> <span class='ocrx_word' id='word_1_10' title='bbox 975 435 1001 472; x_wconf 89' lang='lat'>1.</span> 
     </span>
     <span class='ocr_line' id='line_1_5' title="bbox 278 485 1052 539; baseline 0.003 -13"><span class='ocrx_word' id='word_1_11' title='bbox 278 500 305 526; x_wconf 97' lang='lat' dir='ltr'>n</span> <span class='ocrx_word' id='word_1_12' title='bbox 329 485 404 527; x_wconf 90' lang='lat' dir='ltr'>illo</span> <span class='ocrx_word' id='word_1_13' title='bbox 430 488 644 539; x_wconf 81' lang='lat' dir='ltr'>tempore:</span> <span class='ocrx_word' id='word_1_14' title='bbox 672 486 795 528; x_wconf 86' lang='lat' dir='ltr'><strong>Vidit</strong></span> <span class='ocrx_word' id='word_1_15' title='bbox 818 488 842 527; x_wconf 89' lang='lat' dir='ltr'>J</span> <span class='ocrx_word' id='word_1_16' title='bbox 845 500 945 528; x_wconf 91' lang='lat' dir='ltr'>esus</span> <span class='ocrx_word' id='word_1_17' title='bbox 967 487 1052 528; x_wconf 89' lang='lat' dir='ltr'>Na-</span> 
     </span>
     <span class='ocr_line' id='line_1_6' title="bbox 295 542 1052 593; baseline 0.001 -10"><span class='ocrx_word' id='word_1_18' title='bbox 295 542 471 584; x_wconf 71' lang='lat' dir='ltr'>thanael</span> <span class='ocrx_word' id='word_1_19' title='bbox 495 543 742 585; x_wconf 81' lang='lat' dir='ltr'>venientem</span> <span class='ocrx_word' id='word_1_20' title='bbox 760 543 816 585; x_wconf 89' lang='lat' dir='ltr'>ad</span> <span class='ocrx_word' id='word_1_21' title='bbox 836 557 899 593; x_wconf 88' lang='lat' dir='ltr'>se,</span> <span class='ocrx_word' id='word_1_22' title='bbox 925 548 969 585; x_wconf 92' lang='lat' dir='ltr'>et</span> <span class='ocrx_word' id='word_1_23' title='bbox 993 543 1052 584; x_wconf 91' lang='lat' dir='ltr'>di-</span> 
     </span>
     <span class='ocr_line' id='line_1_7' title="bbox 233 598 1054 650; baseline 0 -10"><span class='ocrx_word' id='word_1_24' title='bbox 233 599 291 640; x_wconf 92' lang='lat' dir='ltr'>cit</span> <span class='ocrx_word' id='word_1_25' title='bbox 318 598 373 641; x_wconf 92' lang='lat' dir='ltr'>de</span> <span class='ocrx_word' id='word_1_26' title='bbox 399 612 467 640; x_wconf 87' lang='lat' dir='ltr'>eo:</span> <span class='ocrx_word' id='word_1_27' title='bbox 498 599 613 641; x_wconf 91' lang='lat' dir='ltr'>Ecce</span> <span class='ocrx_word' id='word_1_28' title='bbox 641 612 743 641; x_wconf 88' lang='lat' dir='ltr'>vere</span> <span class='ocrx_word' id='word_1_29' title='bbox 770 600 982 650; x_wconf 77' lang='lat' dir='ltr'>Israelita,</span> <span class='ocrx_word' id='word_1_30' title='bbox 1010 599 1054 640; x_wconf 91' lang='lat' dir='ltr'>in</span> 
     </span>
     <span class='ocr_line' id='line_1_8' title="bbox 233 655 939 709; baseline 0.001 -13"><span class='ocrx_word' id='word_1_31' title='bbox 233 668 319 708; x_wconf 93' lang='lat' dir='ltr'>quo</span> <span class='ocrx_word' id='word_1_32' title='bbox 339 655 468 697; x_wconf 91' lang='lat' dir='ltr'>dolus</span> <span class='ocrx_word' id='word_1_33' title='bbox 486 669 574 698; x_wconf 94' lang='lat' dir='ltr'>non</span> <span class='ocrx_word' id='word_1_34' title='bbox 593 661 669 698; x_wconf 93' lang='lat' dir='ltr'>est.</span> <span class='ocrx_word' id='word_1_35' title='bbox 688 657 744 697; x_wconf 93' lang='lat' dir='ltr'>Et</span> <span class='ocrx_word' id='word_1_36' title='bbox 763 656 939 709; x_wconf 86' lang='lat' dir='ltr'>reliqua.</span> 
     </span>
    </p>
   </div>
   <div class='ocr_carea' id='block_1_3' title="bbox 230 732 1061 2793">
    <p class='ocr_par' dir='ltr' id='par_1_3' title="bbox 238 732 1054 775">
     <span class='ocr_line' id='line_1_9' title="bbox 238 732 1054 775; baseline -0.002 0"><span class='ocrx_word' id='word_1_37' title='bbox 238 733 421 775; x_wconf 90' lang='lat' dir='ltr'>llomilia</span> <span class='ocrx_word' id='word_1_38' title='bbox 449 733 588 775; x_wconf 90' lang='lat' dir='ltr'>sancti</span> <span class='ocrx_word' id='word_1_39' title='bbox 616 732 827 774; x_wconf 77' lang='lat' dir='ltr'>Bernardi</span> <span class='ocrx_word' id='word_1_40' title='bbox 855 732 1054 774; x_wconf 76' lang='lat' dir='ltr'>Abbatis.</span> 
     </span>
    </p>

    <p class='ocr_par' dir='ltr' id='par_1_4' title="bbox 230 798 1059 1912">
     <span class='ocr_line' id='line_1_10' title="bbox 327 798 961 842; baseline -0.003 -6"><span class='ocrx_word' id='word_1_41' title='bbox 327 804 365 836; x_wconf 83' lang='lat' dir='ltr'>ln</span> <span class='ocrx_word' id='word_1_42' title='bbox 395 798 455 835; x_wconf 43' lang='lat'>13]</span> <span class='ocrx_word' id='word_1_43' title='bbox 477 799 549 842; x_wconf 70' lang='lat' dir='ltr'>Qui</span> <span class='ocrx_word' id='word_1_44' title='bbox 572 798 729 833; x_wconf 72' lang='lat' dir='ltr'>habitat.</span> <span class='ocrx_word' id='word_1_45' title='bbox 756 803 886 833; x_wconf 58' lang='lat' dir='ltr'>sermo</span> <span class='ocrx_word' id='word_1_46' title='bbox 919 803 961 834; x_wconf 85' lang='lat'>11.</span> 
     </span>
     <span class='ocr_line' id='line_1_11' title="bbox 235 854 1054 908; baseline -0.002 -11"><span class='ocrx_word' id='word_1_47' title='bbox 235 870 249 905; x_wconf 74' lang='lat'>2‘</span> <span class='ocrx_word' id='word_1_48' title='bbox 262 860 424 908; x_wconf 48' lang='grc' dir='ltr'>’,Τι-ῗῑῆιιεε</span> <span class='ocrx_word' id='word_1_49' title='bbox 449 867 554 896; x_wconf 90' lang='lat' dir='ltr'>vero</span> <span class='ocrx_word' id='word_1_50' title='bbox 575 860 675 896; x_wconf 92' lang='lat' dir='ltr'>sunt</span> <span class='ocrx_word' id='word_1_51' title='bbox 698 857 949 896; x_wconf 84' lang='lat' dir='ltr'>sanctorum</span> <span class='ocrx_word' id='word_1_52' title='bbox 968 854 1054 895; x_wconf 91' lang='lat' dir='ltr'>An-</span> 
     </span>
     <span class='ocr_line' id='line_1_12' title="bbox 264 904 1054 961; baseline 0.001 -10.965"><span class='ocrx_word' id='word_1_53' title='bbox 264 904 285 920; x_wconf 64' lang='grc'><strong><em>’</em></strong></span> <span class='ocrx_word' id='word_1_54' title='bbox 373 911 570 961; x_wconf 72' lang='lat' dir='ltr'>gelorum</span> <span class='ocrx_word' id='word_1_55' title='bbox 593 910 698 952; x_wconf 84' lang='lat' dir='ltr'>viae?</span> <span class='ocrx_word' id='word_1_56' title='bbox 727 911 931 952; x_wconf 83' lang='lat' dir='ltr'>Profecto</span> <span class='ocrx_word' id='word_1_57' title='bbox 956 910 1054 960; x_wconf 88' lang='lat' dir='ltr'>illae,</span> 
     </span>
     <span class='ocr_line' id='line_1_13' title="bbox 240 968 1056 1019; baseline 0.001 -12"><span class='ocrx_word' id='word_1_58' title='bbox 240 969 255 986; x_wconf 36' lang='grc' dir='ltr'>Γ*</span> <span class='ocrx_word' id='word_1_59' title='bbox 338 971 352 990; x_wconf 62' lang='lat'>²2</span> <span class='ocrx_word' id='word_1_60' title='bbox 375 980 483 1019; x_wconf 88' lang='lat' dir='ltr'>quas</span> <span class='ocrx_word' id='word_1_61' title='bbox 527 968 784 1017; x_wconf 80' lang='lat' dir='ltr'>Unigenitus</span> <span class='ocrx_word' id='word_1_62' title='bbox 837 968 1056 1009; x_wconf 80' lang='lat' dir='ltr'>enarravit</span> 
     </span>
     <span class='ocr_line' id='line_1_14' title="bbox 233 1023 1054 1075; baseline 0.002 -12"><span class='ocrx_word' id='word_1_63' title='bbox 233 1023 396 1064; x_wconf 89' lang='lat' dir='ltr'>dicens:</span> <span class='ocrx_word' id='word_1_64' title='bbox 434 1023 652 1065; x_wconf 81' lang='lat' dir='ltr'>Videbitis</span> <span class='ocrx_word' id='word_1_65' title='bbox 679 1024 875 1075; x_wconf 86' lang='lat' dir='ltr'>Angelos</span> <span class='ocrx_word' id='word_1_66' title='bbox 908 1036 1054 1065; x_wconf 88' lang='lat' dir='ltr'>ascen-</span> 
     </span>
     <span class='ocr_line' id='line_1_15' title="bbox 233 1078 1055 1133; baseline 0.001 -13"><span class='ocrx_word' id='word_1_67' title='bbox 233 1078 384 1121; x_wconf 81' lang='lat' dir='ltr'>dentes</span> <span class='ocrx_word' id='word_1_68' title='bbox 414 1085 458 1121; x_wconf 91' lang='lat' dir='ltr'>et</span> <span class='ocrx_word' id='word_1_69' title='bbox 486 1079 802 1122; x_wconf 82' lang='lat' dir='ltr'>descendentes</span> <span class='ocrx_word' id='word_1_70' title='bbox 830 1093 962 1133; x_wconf 90' lang='lat' dir='ltr'>super</span> <span class='ocrx_word' id='word_1_71' title='bbox 988 1081 1055 1121; x_wconf 88' lang='lat' dir='ltr'>Fi-</span> 
     </span>
     <span class='ocr_line' id='line_1_16' title="bbox 231 1136 1056 1187; baseline 0.001 -10"><span class='ocrx_word' id='word_1_72' title='bbox 231 1136 335 1177; x_wconf 91' lang='lat' dir='ltr'>lium</span> <span class='ocrx_word' id='word_1_73' title='bbox 363 1136 559 1178; x_wconf 80' lang='lat' dir='ltr'>h6minis.</span> <span class='ocrx_word' id='word_1_74' title='bbox 612 1137 825 1178; x_wconf 82' lang='lat' dir='ltr'>Ascensio</span> <span class='ocrx_word' id='word_1_75' title='bbox 853 1137 984 1187; x_wconf 90' lang='lat' dir='ltr'>igitur</span> <span class='ocrx_word' id='word_1_76' title='bbox 1013 1142 1056 1179; x_wconf 91' lang='lat' dir='ltr'>et</span> 
     </span>
     <span class='ocr_line' id='line_1_17' title="bbox 233 1192 1055 1244; baseline 0.001 -11"><span class='ocrx_word' id='word_1_77' title='bbox 233 1192 459 1235; x_wconf 82' lang='lat' dir='ltr'>descensio</span> <span class='ocrx_word' id='word_1_78' title='bbox 499 1194 583 1235; x_wconf 85' lang='lat' dir='ltr'>viae</span> <span class='ocrx_word' id='word_1_79' title='bbox 623 1193 811 1244; x_wconf 81' lang='lat' dir='ltr'>illorum3</span> <span class='ocrx_word' id='word_1_80' title='bbox 858 1194 1055 1235; x_wconf 84' lang='lat' dir='ltr'>ascensio</span> 
     </span>
     <span class='ocr_line' id='line_1_18' title="bbox 231 1250 1056 1302; baseline 0.001 -12"><span class='ocrx_word' id='word_1_81' title='bbox 231 1254 414 1302; x_wconf 89' lang='lat' dir='ltr'>propter</span> <span class='ocrx_word' id='word_1_82' title='bbox 446 1263 508 1300; x_wconf 91' lang='lat' dir='ltr'>se,</span> <span class='ocrx_word' id='word_1_83' title='bbox 545 1250 773 1292; x_wconf 82' lang='lat' dir='ltr'>descensio</span> <span class='ocrx_word' id='word_1_84' title='bbox 806 1250 875 1292; x_wconf 92' lang='lat' dir='ltr'>vel</span> <span class='ocrx_word' id='word_1_85' title='bbox 906 1250 1056 1302; x_wconf 72' lang='lat' dir='ltr'>petius</span> 
     </span>
     <span class='ocr_line' id='line_1_19' title="bbox 232 1304 1056 1359; baseline 0.001 -12"><span class='ocrx_word' id='word_1_86' title='bbox 232 1304 544 1348; x_wconf 81' lang='lat' dir='ltr'>condescensio</span> <span class='ocrx_word' id='word_1_87' title='bbox 569 1311 753 1359; x_wconf 88' lang='lat' dir='ltr'>propter</span> <span class='ocrx_word' id='word_1_88' title='bbox 770 1319 862 1348; x_wconf 91' lang='lat' dir='ltr'>nos.</span> <span class='ocrx_word' id='word_1_89' title='bbox 895 1307 966 1348; x_wconf 91' lang='lat' dir='ltr'>Sic</span> <span class='ocrx_word' id='word_1_90' title='bbox 983 1306 1056 1348; x_wconf 94' lang='lat' dir='ltr'>be-</span> 
     </span>
     <span class='ocr_line' id='line_1_20' title="bbox 233 1362 1055 1416; baseline 0.002 -14"><span class='ocrx_word' id='word_1_91' title='bbox 233 1362 292 1403; x_wconf 81' lang='lat' dir='ltr'>ati</span> <span class='ocrx_word' id='word_1_92' title='bbox 316 1362 378 1403; x_wconf 92' lang='lat' dir='ltr'>illi</span> <span class='ocrx_word' id='word_1_93' title='bbox 401 1363 578 1415; x_wconf 90' lang='lat' dir='ltr'>spiritus</span> <span class='ocrx_word' id='word_1_94' title='bbox 598 1362 838 1404; x_wconf 80' lang='lat' dir='ltr'>ascendunt</span> <span class='ocrx_word' id='word_1_95' title='bbox 857 1376 937 1416; x_wconf 90' lang='lat' dir='ltr'>per</span> <span class='ocrx_word' id='word_1_96' title='bbox 957 1375 1055 1404; x_wconf 92' lang='lat' dir='ltr'>con·</span> 
     </span>
     <span class='ocr_line' id='line_1_21' title="bbox 230 1419 1056 1472; baseline 0.002 -13"><span class='ocrx_word' id='word_1_97' title='bbox 230 1419 560 1471; x_wconf 83' lang='lat' dir='ltr'>templationem</span> <span class='ocrx_word' id='word_1_98' title='bbox 574 1420 669 1468; x_wconf 88' lang='lat' dir='ltr'>Dei,</span> <span class='ocrx_word' id='word_1_99' title='bbox 689 1419 959 1461; x_wconf 82' lang='lat' dir='ltr'>descendunt</span> <span class='ocrx_word' id='word_1_100' title='bbox 978 1432 1056 1472; x_wconf 92' lang='lat' dir='ltr'>per</span> 
     </span>
     <span class='ocr_line' id='line_1_22' title="bbox 231 1475 1058 1528; baseline 0.002 -12"><span class='ocrx_word' id='word_1_101' title='bbox 231 1476 581 1528; x_wconf 84' lang='lat' dir='ltr'>compassi6nem</span> <span class='ocrx_word' id='word_1_102' title='bbox 616 1476 695 1526; x_wconf 85' lang='lat' dir='ltr'>tui,</span> <span class='ocrx_word' id='word_1_103' title='bbox 727 1481 776 1518; x_wconf 92' lang='lat' dir='ltr'>ut</span> <span class='ocrx_word' id='word_1_104' title='bbox 808 1475 1058 1518; x_wconf 85' lang='lat' dir='ltr'>custodiant</span> 
     </span>
     <span class='ocr_line' id='line_1_23' title="bbox 231 1532 1058 1575; baseline 0 -1"><span class='ocrx_word' id='word_1_105' title='bbox 231 1536 275 1574; x_wconf 81' lang='lat' dir='ltr'>te</span> <span class='ocrx_word' id='word_1_106' title='bbox 294 1532 337 1572; x_wconf 92' lang='lat' dir='ltr'>in</span> <span class='ocrx_word' id='word_1_107' title='bbox 357 1532 557 1574; x_wconf 84' lang='lat' dir='ltr'>omnibus</span> <span class='ocrx_word' id='word_1_108' title='bbox 576 1533 657 1573; x_wconf 85' lang='lat' dir='ltr'>viis</span> <span class='ocrx_word' id='word_1_109' title='bbox 676 1533 773 1574; x_wconf 90' lang='lat' dir='ltr'>tuis.</span> <span class='ocrx_word' id='word_1_110' title='bbox 802 1532 1058 1575; x_wconf 79' lang='lat' dir='ltr'>Ascendunt</span> 
     </span>
     <span class='ocr_line' id='line_1_24' title="bbox 233 1587 1056 1641; baseline 0.001 -12"><span class='ocrx_word' id='word_1_111' title='bbox 233 1587 289 1629; x_wconf 89' lang='lat' dir='ltr'>ad</span> <span class='ocrx_word' id='word_1_112' title='bbox 308 1589 474 1630; x_wconf 87' lang='lat' dir='ltr'>vultum</span> <span class='ocrx_word' id='word_1_113' title='bbox 494 1589 595 1641; x_wconf 86' lang='lat' dir='ltr'>ejus,</span> <span class='ocrx_word' id='word_1_114' title='bbox 617 1588 889 1630; x_wconf 82' lang='lat' dir='ltr'>descendunt</span> <span class='ocrx_word' id='word_1_115' title='bbox 909 1588 965 1630; x_wconf 92' lang='lat' dir='ltr'>ad</span> <span class='ocrx_word' id='word_1_116' title='bbox 983 1603 1056 1630; x_wconf 96' lang='lat' dir='ltr'>nu-</span> 
     </span>
     <span class='ocr_line' id='line_1_25' title="bbox 232 1645 1057 1696; baseline 0.001 -11"><span class='ocrx_word' id='word_1_117' title='bbox 232 1649 325 1685; x_wconf 91' lang='lat' dir='ltr'>tum</span> <span class='ocrx_word' id='word_1_118' title='bbox 357 1645 462 1696; x_wconf 87' lang='lat' dir='ltr'>ejus:</span> <span class='ocrx_word' id='word_1_119' title='bbox 508 1645 723 1696; x_wconf 83' lang='lat' dir='ltr'>Quoniam</span> <span class='ocrx_word' id='word_1_120' title='bbox 754 1645 934 1696; x_wconf 84' lang='lat' dir='ltr'>Angelis</span> <span class='ocrx_word' id='word_1_121' title='bbox 967 1647 1057 1687; x_wconf 90' lang='lat' dir='ltr'>suis</span> 
     </span>
     <span class='ocr_line' id='line_1_26' title="bbox 232 1700 1059 1744; baseline 0.004 -3"><span class='ocrx_word' id='word_1_122' title='bbox 232 1700 455 1743; x_wconf 80' lang='lat' dir='ltr'>mandavit</span> <span class='ocrx_word' id='word_1_123' title='bbox 490 1701 544 1743; x_wconf 92' lang='lat' dir='ltr'>de</span> <span class='ocrx_word' id='word_1_124' title='bbox 576 1707 631 1743; x_wconf 88' lang='lat' dir='ltr'>te.</span> <span class='ocrx_word' id='word_1_125' title='bbox 684 1702 779 1743; x_wconf 92' lang='lat' dir='ltr'>Nec</span> <span class='ocrx_word' id='word_1_126' title='bbox 811 1707 957 1744; x_wconf 88' lang='lat' dir='ltr'>tamen</span> <span class='ocrx_word' id='word_1_127' title='bbox 988 1702 1059 1744; x_wconf 90' lang='lat' dir='ltr'>vel</span> 
     </span>
     <span class='ocr_line' id='line_1_27' title="bbox 234 1756 1058 1809; baseline 0.002 -11"><span class='ocrx_word' id='word_1_128' title='bbox 234 1756 541 1799; x_wconf 81' lang='lat' dir='ltr'>descendendo</span> <span class='ocrx_word' id='word_1_129' title='bbox 569 1758 737 1799; x_wconf 84' lang='lat' dir='ltr'>visione</span> <span class='ocrx_word' id='word_1_130' title='bbox 767 1758 920 1809; x_wconf 81' lang='lat' dir='ltr'>g16riae</span> <span class='ocrx_word' id='word_1_131' title='bbox 949 1759 1058 1800; x_wconf 89' lang='lat' dir='ltr'>frau-</span> 
     </span>
     <span class='ocr_line' id='line_1_28' title="bbox 234 1812 1059 1871; baseline 0.004 -18"><span class='ocrx_word' id='word_1_132' title='bbox 234 1812 402 1863; x_wconf 87' lang='lat' dir='ltr'>dantur,</span> <span class='ocrx_word' id='word_1_133' title='bbox 422 1815 523 1867; x_wconf 90' lang='lat' dir='ltr'>quia</span> <span class='ocrx_word' id='word_1_134' title='bbox 542 1827 716 1871; x_wconf 85' lang='lat' dir='ltr'>semper</span> <span class='ocrx_word' id='word_1_135' title='bbox 733 1814 883 1857; x_wconf 90' lang='lat' dir='ltr'>vident</span> <span class='ocrx_word' id='word_1_136' title='bbox 901 1815 1059 1857; x_wconf 82' lang='lat' dir='ltr'>faciem</span> 
     </span>
     <span class='ocr_line' id='line_1_29' title="bbox 235 1870 388 1912; baseline 0.021 -3"><span class='ocrx_word' id='word_1_137' title='bbox 235 1870 388 1912; x_wconf 88' lang='lat' dir='ltr'>Patris.</span> 
     </span>
    </p>

    <p class='ocr_par' dir='ltr' id='par_1_5' title="bbox 235 1931 1060 2377">
     <span class='ocr_line' id='line_1_30' title="bbox 289 1931 1059 1981; baseline 0.004 -10"><span class='ocrx_word' id='word_1_138' title='bbox 289 1936 336 1975; x_wconf 78' lang='lat' dir='ltr'>R·</span> <span class='ocrx_word' id='word_1_139' title='bbox 378 1931 573 1981; x_wconf 83' lang='lat' dir='ltr'>Angelus</span> <span class='ocrx_word' id='word_1_140' title='bbox 614 1931 791 1973; x_wconf 84' lang='lat' dir='ltr'>Domini</span> <span class='ocrx_word' id='word_1_141' title='bbox 831 1931 1059 1974; x_wconf 83' lang='lat' dir='ltr'>descendit</span> 
     </span>
     <span class='ocr_line' id='line_1_31' title="bbox 235 1988 1058 2041; baseline 0.002 -14"><span class='ocrx_word' id='word_1_142' title='bbox 235 1998 333 2027; x_wconf 91' lang='lat' dir='ltr'>cum</span> <span class='ocrx_word' id='word_1_143' title='bbox 353 1988 511 2029; x_wconf 88' lang='lat' dir='ltr'>Azaria</span> <span class='ocrx_word' id='word_1_144' title='bbox 531 1994 574 2030; x_wconf 92' lang='lat' dir='ltr'>et</span> <span class='ocrx_word' id='word_1_145' title='bbox 593 1989 724 2030; x_wconf 83' lang='lat' dir='ltr'>sociis</span> <span class='ocrx_word' id='word_1_146' title='bbox 746 1990 836 2041; x_wconf 91' lang='lat' dir='ltr'>ejus</span> <span class='ocrx_word' id='word_1_147' title='bbox 854 1989 899 2029; x_wconf 91' lang='lat' dir='ltr'>in</span> <span class='ocrx_word' id='word_1_148' title='bbox 917 1989 1058 2030; x_wconf 83' lang='lat' dir='ltr'>forna-</span> 
     </span>
     <span class='ocr_line' id='line_1_32' title="bbox 236 2045 1058 2096; baseline 0.005 -13"><span class='ocrx_word' id='word_1_149' title='bbox 236 2055 341 2093; x_wconf 85' lang='lat' dir='ltr'><strong>cem,</strong></span> <span class='ocrx_word' id='word_1_150' title='bbox 361 2050 404 2086; x_wconf 89' lang='lat' dir='ltr'>et</span> <span class='ocrx_word' id='word_1_151' title='bbox 423 2045 615 2086; x_wconf 78' lang='lat' dir='ltr'>excussit</span> <span class='ocrx_word' id='word_1_152' title='bbox 634 2046 852 2086; x_wconf 87' lang='lat' dir='ltr'>flammam</span> <span class='ocrx_word' id='word_1_153' title='bbox 871 2046 984 2096; x_wconf 87' lang='lat' dir='ltr'>ignis</span> <span class='ocrx_word' id='word_1_154' title='bbox 1004 2045 1058 2087; x_wconf 92' lang='lat' dir='ltr'>de</span> 
     </span>
     <span class='ocr_line' id='line_1_33' title="bbox 236 2099 1058 2152; baseline 0.005 -14"><span class='ocrx_word' id='word_1_155' title='bbox 236 2099 427 2142; x_wconf 78' lang='lat' dir='ltr'>fornace:</span> <span class='ocrx_word' id='word_1_156' title='bbox 447 2111 466 2131; x_wconf 82' lang='lat'>*</span> <span class='ocrx_word' id='word_1_157' title='bbox 483 2102 538 2142; x_wconf 91' lang='lat' dir='ltr'>Et</span> <span class='ocrx_word' id='word_1_158' title='bbox 557 2114 645 2142; x_wconf 93' lang='lat' dir='ltr'>non</span> <span class='ocrx_word' id='word_1_159' title='bbox 664 2102 808 2152; x_wconf 80' lang='lat' dir='ltr'>tetigit</span> <span class='ocrx_word' id='word_1_160' title='bbox 828 2115 904 2144; x_wconf 91' lang='lat' dir='ltr'>eos</span> <span class='ocrx_word' id='word_1_161' title='bbox 925 2104 1058 2144; x_wconf 91' lang='lat' dir='ltr'>omni-</span> 
     </span>
     <span class='ocr_line' id='line_1_34' title="bbox 235 2156 1058 2210; baseline 0.005 -14"><span class='ocrx_word' id='word_1_162' title='bbox 235 2168 292 2196; x_wconf 91' lang='lat' dir='ltr'>no</span> <span class='ocrx_word' id='word_1_163' title='bbox 307 2156 429 2206; x_wconf 90' lang='lat' dir='ltr'>ignis,</span> <span class='ocrx_word' id='word_1_164' title='bbox 448 2170 590 2210; x_wconf 93' lang='lat' dir='ltr'>neque</span> <span class='ocrx_word' id='word_1_165' title='bbox 606 2159 892 2200; x_wconf 74' lang='lat' dir='ltr'>contristavit.</span> <span class='ocrx_word' id='word_1_166' title='bbox 917 2159 962 2210; x_wconf 98' lang='lat' dir='ltr'>V</span> <span class='ocrx_word' id='word_1_167' title='bbox 978 2159 1058 2200; x_wconf 92' lang='lat' dir='ltr'>Be-</span> 
     </span>
     <span class='ocr_line' id='line_1_35' title="bbox 235 2211 1060 2267; baseline 0.005 -15"><span class='ocrx_word' id='word_1_168' title='bbox 235 2211 434 2254; x_wconf 85' lang='lat' dir='ltr'>nedictus</span> <span class='ocrx_word' id='word_1_169' title='bbox 466 2214 586 2255; x_wconf 90' lang='lat' dir='ltr'>Deus</span> <span class='ocrx_word' id='word_1_170' title='bbox 625 2217 792 2264; x_wconf 86' lang='lat' dir='ltr'>eorum,</span> <span class='ocrx_word' id='word_1_171' title='bbox 834 2215 907 2267; x_wconf 90' lang='lat' dir='ltr'>qui</span> <span class='ocrx_word' id='word_1_172' title='bbox 943 2215 1060 2257; x_wconf 88' lang='lat' dir='ltr'>misit</span> 
     </span>
     <span class='ocr_line' id='line_1_36' title="bbox 236 2268 1059 2319; baseline 0.006 -11"><span class='ocrx_word' id='word_1_173' title='bbox 236 2268 453 2319; x_wconf 84' lang='lat' dir='ltr'>Angelum</span> <span class='ocrx_word' id='word_1_174' title='bbox 489 2282 631 2319; x_wconf 92' lang='lat' dir='ltr'>suum,</span> <span class='ocrx_word' id='word_1_175' title='bbox 675 2275 719 2311; x_wconf 91' lang='lat' dir='ltr'>et</span> <span class='ocrx_word' id='word_1_176' title='bbox 760 2272 871 2313; x_wconf 85' lang='lat' dir='ltr'>eruit</span> <span class='ocrx_word' id='word_1_177' title='bbox 907 2284 1059 2313; x_wconf 86' lang='lat' dir='ltr'>servos</span> 
     </span>
     <span class='ocr_line' id='line_1_37' title="bbox 237 2325 1027 2377; baseline 0.004 -12"><span class='ocrx_word' id='word_1_178' title='bbox 237 2336 351 2374; x_wconf 54' lang='lat' dir='ltr'>suos</span> <span class='ocrx_word' id='word_1_179' title='bbox 371 2326 444 2377; x_wconf 85' lang='lat' dir='ltr'>qui</span> <span class='ocrx_word' id='word_1_180' title='bbox 464 2325 742 2368; x_wconf 81' lang='lat' dir='ltr'>crediderunt</span> <span class='ocrx_word' id='word_1_181' title='bbox 761 2327 804 2367; x_wconf 94' lang='lat' dir='ltr'>in</span> <span class='ocrx_word' id='word_1_182' title='bbox 825 2340 933 2368; x_wconf 92' lang='lat' dir='ltr'>eum.</span> <span class='ocrx_word' id='word_1_183' title='bbox 961 2329 1027 2370; x_wconf 91' lang='lat' dir='ltr'>Et.</span> 
     </span>
    </p>

    <p class='ocr_par' dir='ltr' id='par_1_6' title="bbox 239 2400 1061 2793">
     <span class='ocr_line' id='line_1_38' title="bbox 526 2400 773 2440; baseline 0.004 -2"><span class='ocrx_word' id='word_1_184' title='bbox 526 2400 672 2440; x_wconf 78' lang='lat' dir='ltr'>Lectio</span> <span class='ocrx_word' id='word_1_185' title='bbox 695 2402 773 2439; x_wconf 75' lang='lat' dir='ltr'>viii.</span> 
     </span>
     <span class='ocr_line' id='line_1_39' title="bbox 314 2461 1059 2516; baseline 0.005 -15"><span class='ocrx_word' id='word_1_186' title='bbox 314 2474 386 2501; x_wconf 93' lang='lat' dir='ltr'>um</span> <span class='ocrx_word' id='word_1_187' title='bbox 422 2461 662 2503; x_wconf 84' lang='lat' dir='ltr'>ascendunt</span> <span class='ocrx_word' id='word_1_188' title='bbox 703 2461 759 2503; x_wconf 85' lang='lat' dir='ltr'>ad</span> <span class='ocrx_word' id='word_1_189' title='bbox 794 2464 1059 2516; x_wconf 90' lang='lat' dir='ltr'>contempla-</span> 
     </span>
     <span class='ocr_line' id='line_1_40' title="bbox 321 2517 1060 2570; baseline 0.004 -11"><span class='ocrx_word' id='word_1_190' title='bbox 321 2517 496 2566; x_wconf 84' lang='lat' dir='ltr'>tionem,</span> <span class='ocrx_word' id='word_1_191' title='bbox 515 2518 735 2570; x_wconf 89' lang='lat' dir='ltr'>inquirunt</span> <span class='ocrx_word' id='word_1_192' title='bbox 750 2519 990 2569; x_wconf 79' lang='lat' dir='ltr'>veritatem,</span> <span class='ocrx_word' id='word_1_193' title='bbox 1006 2520 1060 2562; x_wconf 93' lang='lat' dir='ltr'>de</span> 
     </span>
     <span class='ocr_line' id='line_1_41' title="bbox 239 2573 1061 2626; baseline 0.004 -12"><span class='ocrx_word' id='word_1_194' title='bbox 239 2586 324 2626; x_wconf 91' lang='lat' dir='ltr'>qua</span> <span class='ocrx_word' id='word_1_195' title='bbox 357 2578 400 2615; x_wconf 91' lang='lat' dir='ltr'>et</span> <span class='ocrx_word' id='word_1_196' title='bbox 433 2573 723 2616; x_wconf 78' lang='lat' dir='ltr'>desiderando</span> <span class='ocrx_word' id='word_1_197' title='bbox 757 2575 985 2625; x_wconf 83' lang='lat' dir='ltr'>satiantur,</span> <span class='ocrx_word' id='word_1_198' title='bbox 1018 2582 1061 2618; x_wconf 91' lang='lat' dir='ltr'>et</span> 
     </span>
     <span class='ocr_line' id='line_1_42' title="bbox 239 2629 1060 2674; baseline 0.004 -3"><span class='ocrx_word' id='word_1_199' title='bbox 239 2629 437 2671; x_wconf 74' lang='lat' dir='ltr'>satiando</span> <span class='ocrx_word' id='word_1_200' title='bbox 458 2629 717 2673; x_wconf 89' lang='lat' dir='ltr'>desiderant.</span> <span class='ocrx_word' id='word_1_201' title='bbox 746 2631 854 2672; x_wconf 92' lang='lat' dir='ltr'>Cum</span> <span class='ocrx_word' id='word_1_202' title='bbox 869 2644 974 2673; x_wconf 90' lang='lat' dir='ltr'>vero</span> <span class='ocrx_word' id='word_1_203' title='bbox 990 2632 1060 2674; x_wconf 93' lang='lat' dir='ltr'>de-</span> 
     </span>
     <span class='ocr_line' id='line_1_43' title="bbox 239 2685 1061 2735; baseline 0.004 -8"><span class='ocrx_word' id='word_1_204' title='bbox 239 2685 467 2735; x_wconf 79' lang='lat' dir='ltr'>scendunt,</span> <span class='ocrx_word' id='word_1_205' title='bbox 495 2687 656 2728; x_wconf 77' lang='lat' dir='ltr'>faciunt</span> <span class='ocrx_word' id='word_1_206' title='bbox 683 2687 911 2729; x_wconf 91' lang='lat' dir='ltr'>nobiscum</span> <span class='ocrx_word' id='word_1_207' title='bbox 935 2689 1061 2730; x_wconf 92' lang='lat' dir='ltr'>mise-</span> 
     </span>
     <span class='ocr_line' id='line_1_44' title="bbox 239 2742 1061 2793; baseline 0.004 -10"><span class='ocrx_word' id='word_1_208' title='bbox 239 2742 486 2793; x_wconf 82' lang='lat' dir='ltr'>ricordiam,</span> <span class='ocrx_word' id='word_1_209' title='bbox 512 2748 559 2784; x_wconf 92' lang='lat' dir='ltr'>ut</span> <span class='ocrx_word' id='word_1_210' title='bbox 583 2743 831 2785; x_wconf 83' lang='lat' dir='ltr'>cust6diant</span> <span class='ocrx_word' id='word_1_211' title='bbox 852 2757 932 2785; x_wconf 90' lang='lat' dir='ltr'>nos</span> <span class='ocrx_word' id='word_1_212' title='bbox 956 2745 997 2785; x_wconf 90' lang='lat' dir='ltr'>in</span> <span class='ocrx_word' id='word_1_213' title='bbox 1019 2747 1061 2786; x_wconf 84' lang='grc' dir='ltr'>ό-</span> 
     </span>
    </p>
   </div>
   <div class='ocr_carea' id='block_1_4' title="bbox 673 224 1486 267">
    <p class='ocr_par' dir='ltr' id='par_1_7' title="bbox 673 224 1486 267">
     <span class='ocr_line' id='line_1_45' title="bbox 673 224 1486 267; baseline -0.001 -9"><span class='ocrx_word' id='word_1_214' title='bbox 673 226 847 260; x_wconf 77' lang='lat' dir='ltr'>Officium</span> <span class='ocrx_word' id='word_1_215' title='bbox 875 227 1044 260; x_wconf 75' lang='lat' dir='ltr'>votivum</span> <span class='ocrx_word' id='word_1_216' title='bbox 1070 226 1115 259; x_wconf 77' lang='lat' dir='ltr'>de</span> <span class='ocrx_word' id='word_1_217' title='bbox 1141 225 1291 259; x_wconf 61' lang='lat' dir='ltr'>sanctis</span> <span class='ocrx_word' id='word_1_218' title='bbox 1316 224 1486 267; x_wconf 74' lang='lat' dir='ltr'>Angelis.</span> 
     </span>
    </p>
   </div>
   <div class='ocr_carea' id='block_1_5' title="bbox 1105 315 1939 2402">
    <p class='ocr_par' dir='ltr' id='par_1_8' title="bbox 1105 315 1933 1271">
     <span class='ocr_line' id='line_1_46' title="bbox 1106 315 1930 358; baseline 0.001 -1"><span class='ocrx_word' id='word_1_219' title='bbox 1106 315 1279 357; x_wconf 91' lang='lat' dir='ltr'>mnibus</span> <span class='ocrx_word' id='word_1_220' title='bbox 1312 315 1395 356; x_wconf 89' lang='lat' dir='ltr'>viis</span> <span class='ocrx_word' id='word_1_221' title='bbox 1426 315 1600 356; x_wconf 88' lang='lat' dir='ltr'>nostris.</span> <span class='ocrx_word' id='word_1_222' title='bbox 1644 315 1930 358; x_wconf 90' lang='lat' dir='ltr'>Administra-</span> 
     </span>
     <span class='ocr_line' id='line_1_47' title="bbox 1105 371 1931 424; baseline 0.001 -11"><span class='ocrx_word' id='word_1_223' title='bbox 1105 372 1206 414; x_wconf 84' lang='lat' dir='ltr'>torii</span> <span class='ocrx_word' id='word_1_224' title='bbox 1234 371 1349 413; x_wconf 91' lang='lat' dir='ltr'>enim</span> <span class='ocrx_word' id='word_1_225' title='bbox 1376 371 1555 424; x_wconf 89' lang='lat' dir='ltr'>spiritus</span> <span class='ocrx_word' id='word_1_226' title='bbox 1584 376 1701 422; x_wconf 90' lang='lat' dir='ltr'>sunt,</span> <span class='ocrx_word' id='word_1_227' title='bbox 1732 373 1854 414; x_wconf 90' lang='lat' dir='ltr'>missi</span> <span class='ocrx_word' id='word_1_228' title='bbox 1886 373 1931 414; x_wconf 95' lang='lat' dir='ltr'>in</span> 
     </span>
     <span class='ocr_line' id='line_1_48' title="bbox 1105 429 1931 481; baseline 0.004 -12"><span class='ocrx_word' id='word_1_229' title='bbox 1105 429 1393 470; x_wconf 84' lang='lat' dir='ltr'>ministerium</span> <span class='ocrx_word' id='word_1_230' title='bbox 1429 433 1613 481; x_wconf 89' lang='lat' dir='ltr'>propter</span> <span class='ocrx_word' id='word_1_231' title='bbox 1647 441 1740 470; x_wconf 90' lang='lat' dir='ltr'>nos.</span> <span class='ocrx_word' id='word_1_232' title='bbox 1795 429 1931 472; x_wconf 89' lang='lat' dir='ltr'>Plane</span> 
     </span>
     <span class='ocr_line' id='line_1_49' title="bbox 1106 484 1931 534; baseline 0.002 -9"><span class='ocrx_word' id='word_1_233' title='bbox 1106 485 1291 526; x_wconf 89' lang='lat' dir='ltr'>ministri</span> <span class='ocrx_word' id='word_1_234' title='bbox 1310 485 1466 534; x_wconf 85' lang='lat' dir='ltr'>nostri,</span> <span class='ocrx_word' id='word_1_235' title='bbox 1491 497 1580 526; x_wconf 92' lang='lat' dir='ltr'>non</span> <span class='ocrx_word' id='word_1_236' title='bbox 1599 484 1764 526; x_wconf 70' lang='lat' dir='ltr'>demini</span> <span class='ocrx_word' id='word_1_237' title='bbox 1781 487 1931 528; x_wconf 90' lang='lat' dir='ltr'>nostri.</span> 
     </span>
     <span class='ocr_line' id='line_1_50' title="bbox 1106 541 1930 592; baseline 0.002 -10"><span class='ocrx_word' id='word_1_238' title='bbox 1106 542 1162 583; x_wconf 92' lang='lat' dir='ltr'>Et</span> <span class='ocrx_word' id='word_1_239' title='bbox 1193 541 1236 582; x_wconf 93' lang='lat' dir='ltr'>in</span> <span class='ocrx_word' id='word_1_240' title='bbox 1267 541 1353 583; x_wconf 93' lang='lat' dir='ltr'>hoc</span> <span class='ocrx_word' id='word_1_241' title='bbox 1377 541 1598 592; x_wconf 83' lang='lat' dir='ltr'>Unigeniti</span> <span class='ocrx_word' id='word_1_242' title='bbox 1628 541 1814 583; x_wconf 89' lang='lat' dir='ltr'>formam</span> <span class='ocrx_word' id='word_1_243' title='bbox 1838 543 1930 584; x_wconf 91' lang='lat' dir='ltr'>imi-</span> 
     </span>
     <span class='ocr_line' id='line_1_51' title="bbox 1105 598 1931 650; baseline 0.001 -11"><span class='ocrx_word' id='word_1_244' title='bbox 1105 600 1269 647; x_wconf 81' lang='lat' dir='ltr'>tantur,</span> <span class='ocrx_word' id='word_1_245' title='bbox 1309 598 1383 650; x_wconf 85' lang='lat' dir='ltr'>qui</span> <span class='ocrx_word' id='word_1_246' title='bbox 1413 610 1501 639; x_wconf 93' lang='lat' dir='ltr'>non</span> <span class='ocrx_word' id='word_1_247' title='bbox 1534 598 1654 640; x_wconf 92' lang='lat' dir='ltr'>venit</span> <span class='ocrx_word' id='word_1_248' title='bbox 1683 598 1931 650; x_wconf 53' lang='lat' dir='ltr'>ministra-i,</span> 
     </span>
     <span class='ocr_line' id='line_1_52' title="bbox 1106 654 1931 708; baseline 0.002 -13"><span class='ocrx_word' id='word_1_249' title='bbox 1106 654 1185 696; x_wconf 93' lang='lat' dir='ltr'>sed</span> <span class='ocrx_word' id='word_1_250' title='bbox 1202 655 1465 705; x_wconf 90' lang='lat' dir='ltr'>ministrare,</span> <span class='ocrx_word' id='word_1_251' title='bbox 1494 654 1569 706; x_wconf 93' lang='lat' dir='ltr'>qui</span> <span class='ocrx_word' id='word_1_252' title='bbox 1592 655 1718 708; x_wconf 40' lang='lat' dir='ltr'>stetit,</span> <span class='ocrx_word' id='word_1_253' title='bbox 1734 655 1848 697; x_wconf 88' lang='lat' dir='ltr'>inter</span> <span class='ocrx_word' id='word_1_254' title='bbox 1871 655 1931 698; x_wconf 83' lang='lat' dir='ltr'>di-</span> 
     </span>
     <span class='ocr_line' id='line_1_53' title="bbox 1106 711 1932 764; baseline 0.002 -12"><span class='ocrx_word' id='word_1_255' title='bbox 1106 711 1300 764; x_wconf 91' lang='lat' dir='ltr'>scipulos</span> <span class='ocrx_word' id='word_1_256' title='bbox 1335 715 1561 763; x_wconf 85' lang='lat' dir='ltr'>tamquam</span> <span class='ocrx_word' id='word_1_257' title='bbox 1599 711 1674 764; x_wconf 82' lang='lat' dir='ltr'>qui</span> <span class='ocrx_word' id='word_1_258' title='bbox 1704 712 1932 754; x_wconf 86' lang='lat' dir='ltr'>ministrat.</span> 
     </span>
     <span class='ocr_line' id='line_1_54' title="bbox 1106 767 1932 820; baseline 0.002 -11"><span class='ocrx_word' id='word_1_259' title='bbox 1106 768 1292 809; x_wconf 87' lang='lat' dir='ltr'>Fructus</span> <span class='ocrx_word' id='word_1_260' title='bbox 1308 767 1600 819; x_wconf 78' lang='lat' dir='ltr'>angelicarum</span> <span class='ocrx_word' id='word_1_261' title='bbox 1614 768 1795 818; x_wconf 83' lang='lat' dir='ltr'>viarum,</span> <span class='ocrx_word' id='word_1_262' title='bbox 1812 768 1932 820; x_wconf 91' lang='lat' dir='ltr'>quod</span> 
     </span>
     <span class='ocr_line' id='line_1_55' title="bbox 1107 823 1932 877; baseline 0.004 -12"><span class='ocrx_word' id='word_1_263' title='bbox 1107 823 1163 866; x_wconf 91' lang='lat' dir='ltr'>ad</span> <span class='ocrx_word' id='word_1_264' title='bbox 1181 824 1302 876; x_wconf 88' lang='lat' dir='ltr'>ipsos</span> <span class='ocrx_word' id='word_1_265' title='bbox 1322 829 1510 876; x_wconf 89' lang='lat' dir='ltr'>spectat,</span> <span class='ocrx_word' id='word_1_266' title='bbox 1539 837 1619 866; x_wconf 89' lang='lat' dir='ltr'>sua</span> <span class='ocrx_word' id='word_1_267' title='bbox 1640 825 1837 877; x_wconf 84' lang='lat' dir='ltr'>ipsorum</span> <span class='ocrx_word' id='word_1_268' title='bbox 1859 825 1932 868; x_wconf 93' lang='lat' dir='ltr'>be—</span> 
     </span>
     <span class='ocr_line' id='line_1_56' title="bbox 1107 879 1932 930; baseline 0.001 -8"><span class='ocrx_word' id='word_1_269' title='bbox 1107 879 1287 930; x_wconf 82' lang='lat' dir='ltr'>atitudo,</span> <span class='ocrx_word' id='word_1_270' title='bbox 1307 885 1350 922; x_wconf 91' lang='lat' dir='ltr'>et</span> <span class='ocrx_word' id='word_1_271' title='bbox 1370 879 1621 922; x_wconf 83' lang='lat' dir='ltr'>obedientia</span> <span class='ocrx_word' id='word_1_272' title='bbox 1639 886 1706 923; x_wconf 88' lang='lat' dir='ltr'>est</span> <span class='ocrx_word' id='word_1_273' title='bbox 1723 881 1932 924; x_wconf 78' lang='lat' dir='ltr'>caritatis:</span> 
     </span>
     <span class='ocr_line' id='line_1_57' title="bbox 1109 936 1932 990; baseline 0.002 -12"><span class='ocrx_word' id='word_1_274' title='bbox 1109 936 1229 990; x_wconf 94' lang='lat' dir='ltr'>quod</span> <span class='ocrx_word' id='word_1_275' title='bbox 1252 942 1397 979; x_wconf 90' lang='lat' dir='ltr'>autem</span> <span class='ocrx_word' id='word_1_276' title='bbox 1420 936 1477 979; x_wconf 90' lang='lat' dir='ltr'>ad</span> <span class='ocrx_word' id='word_1_277' title='bbox 1494 950 1576 979; x_wconf 92' lang='lat' dir='ltr'>nos</span> <span class='ocrx_word' id='word_1_278' title='bbox 1599 938 1804 990; x_wconf 81' lang='lat' dir='ltr'>pertinet,</span> <span class='ocrx_word' id='word_1_279' title='bbox 1831 938 1932 980; x_wconf 91' lang='lat' dir='ltr'>inde</span> 
     </span>
     <span class='ocr_line' id='line_1_58' title="bbox 1108 993 1933 1045; baseline 0.001 -10"><span class='ocrx_word' id='word_1_280' title='bbox 1108 993 1285 1045; x_wconf 92' lang='lat' dir='ltr'>quidem</span> <span class='ocrx_word' id='word_1_281' title='bbox 1322 993 1527 1036; x_wconf 82' lang='lat' dir='ltr'>obtentus</span> <span class='ocrx_word' id='word_1_282' title='bbox 1570 993 1729 1035; x_wconf 83' lang='lat' dir='ltr'>divinae</span> <span class='ocrx_word' id='word_1_283' title='bbox 1764 995 1933 1045; x_wconf 81' lang='lat' dir='ltr'>gratiae,</span> 
     </span>
     <span class='ocr_line' id='line_1_59' title="bbox 1108 1049 1933 1093; baseline 0.002 -3"><span class='ocrx_word' id='word_1_284' title='bbox 1108 1049 1207 1091; x_wconf 89' lang='lat' dir='ltr'>hinc</span> <span class='ocrx_word' id='word_1_285' title='bbox 1226 1063 1331 1092; x_wconf 89' lang='lat' dir='ltr'>vero</span> <span class='ocrx_word' id='word_1_286' title='bbox 1352 1050 1553 1092; x_wconf 84' lang='lat' dir='ltr'>custodia</span> <span class='ocrx_word' id='word_1_287' title='bbox 1571 1050 1654 1092; x_wconf 90' lang='lat' dir='ltr'>viae</span> <span class='ocrx_word' id='word_1_288' title='bbox 1679 1055 1856 1092; x_wconf 88' lang='lat' dir='ltr'>nostrae:</span> <span class='ocrx_word' id='word_1_289' title='bbox 1879 1054 1933 1093; x_wconf 91' lang='lat' dir='ltr'>si-</span> 
     </span>
     <span class='ocr_line' id='line_1_60' title="bbox 1110 1105 1933 1158; baseline 0.004 -11"><span class='ocrx_word' id='word_1_290' title='bbox 1110 1105 1285 1158; x_wconf 80' lang='lat' dir='ltr'>quidem</span> <span class='ocrx_word' id='word_1_291' title='bbox 1309 1106 1490 1158; x_wconf 90' lang='lat' dir='ltr'>Angelis</span> <span class='ocrx_word' id='word_1_292' title='bbox 1515 1107 1605 1148; x_wconf 90' lang='lat' dir='ltr'>suis</span> <span class='ocrx_word' id='word_1_293' title='bbox 1628 1106 1853 1149; x_wconf 82' lang='lat' dir='ltr'>mandavit</span> <span class='ocrx_word' id='word_1_294' title='bbox 1877 1107 1933 1150; x_wconf 90' lang='lat' dir='ltr'>de</span> 
     </span>
     <span class='ocr_line' id='line_1_61' title="bbox 1107 1162 1933 1213; baseline 0.001 -9"><span class='ocrx_word' id='word_1_295' title='bbox 1107 1168 1166 1213; x_wconf 89' lang='lat' dir='ltr'>te,</span> <span class='ocrx_word' id='word_1_296' title='bbox 1191 1169 1239 1205; x_wconf 92' lang='lat' dir='ltr'>ut</span> <span class='ocrx_word' id='word_1_297' title='bbox 1258 1162 1508 1205; x_wconf 85' lang='lat' dir='ltr'>custodiant</span> <span class='ocrx_word' id='word_1_298' title='bbox 1525 1168 1570 1205; x_wconf 93' lang='lat' dir='ltr'>te</span> <span class='ocrx_word' id='word_1_299' title='bbox 1588 1164 1633 1204; x_wconf 91' lang='lat' dir='ltr'>in</span> <span class='ocrx_word' id='word_1_300' title='bbox 1652 1163 1854 1206; x_wconf 82' lang='lat' dir='ltr'>omnibus</span> <span class='ocrx_word' id='word_1_301' title='bbox 1872 1164 1933 1205; x_wconf 89' lang='lat' dir='ltr'>in·</span> 
     </span>
     <span class='ocr_line' id='line_1_62' title="bbox 1109 1219 1428 1271; baseline -0.003 -10"><span class='ocrx_word' id='word_1_302' title='bbox 1109 1219 1311 1271; x_wconf 82' lang='lat' dir='ltr'>digentiis</span> <span class='ocrx_word' id='word_1_303' title='bbox 1329 1220 1428 1261; x_wconf 89' lang='lat' dir='ltr'>tuis.</span> 
     </span>
    </p>

    <p class='ocr_par' dir='ltr' id='par_1_9' title="bbox 1108 1280 1939 1888">
     <span class='ocr_line' id='line_1_63' title="bbox 1160 1280 1935 1334; baseline 0.001 -13"><span class='ocrx_word' id='word_1_304' title='bbox 1160 1283 1209 1334; x_wconf 60' lang='lat' dir='ltr'>Rg.</span> <span class='ocrx_word' id='word_1_305' title='bbox 1237 1280 1306 1321; x_wconf 95' lang='lat' dir='ltr'>Tu</span> <span class='ocrx_word' id='word_1_306' title='bbox 1331 1281 1535 1331; x_wconf 81' lang='lat' dir='ltr'>D6mine,</span> <span class='ocrx_word' id='word_1_307' title='bbox 1571 1281 1645 1333; x_wconf 93' lang='lat' dir='ltr'>qui</span> <span class='ocrx_word' id='word_1_308' title='bbox 1669 1281 1826 1323; x_wconf 88' lang='lat' dir='ltr'>misisti</span> <span class='ocrx_word' id='word_1_309' title='bbox 1849 1281 1935 1322; x_wconf 92' lang='lat' dir='ltr'>An-</span> 
     </span>
     <span class='ocr_line' id='line_1_64' title="bbox 1108 1337 1935 1389; baseline 0.002 -11"><span class='ocrx_word' id='word_1_310' title='bbox 1108 1337 1253 1389; x_wconf 89' lang='lat' dir='ltr'>gelum</span> <span class='ocrx_word' id='word_1_311' title='bbox 1276 1342 1400 1379; x_wconf 91' lang='lat' dir='ltr'>tuum</span> <span class='ocrx_word' id='word_1_312' title='bbox 1424 1337 1504 1379; x_wconf 91' lang='lat' dir='ltr'>sub</span> <span class='ocrx_word' id='word_1_313' title='bbox 1524 1337 1716 1379; x_wconf 88' lang='lat' dir='ltr'>Ezechia</span> <span class='ocrx_word' id='word_1_314' title='bbox 1738 1350 1842 1389; x_wconf 87' lang='lat' dir='ltr'>rege</span> <span class='ocrx_word' id='word_1_315' title='bbox 1864 1338 1889 1379; x_wconf 86' lang='lat' dir='ltr'>J</span> <span class='ocrx_word' id='word_1_316' title='bbox 1891 1351 1935 1380; x_wconf 90' lang='lat' dir='ltr'>u-</span> 
     </span>
     <span class='ocr_line' id='line_1_65' title="bbox 1110 1394 1935 1444; baseline 0.001 -9"><span class='ocrx_word' id='word_1_317' title='bbox 1110 1394 1183 1444; x_wconf 90' lang='lat' dir='ltr'>da,</span> <span class='ocrx_word' id='word_1_318' title='bbox 1211 1399 1254 1436; x_wconf 89' lang='lat' dir='ltr'>et</span> <span class='ocrx_word' id='word_1_319' title='bbox 1285 1394 1542 1436; x_wconf 83' lang='lat' dir='ltr'>interfecisti</span> <span class='ocrx_word' id='word_1_320' title='bbox 1572 1394 1627 1436; x_wconf 92' lang='lat' dir='ltr'>de</span> <span class='ocrx_word' id='word_1_321' title='bbox 1652 1395 1808 1436; x_wconf 88' lang='lat' dir='ltr'>castris</span> <span class='ocrx_word' id='word_1_322' title='bbox 1833 1395 1935 1437; x_wconf 90' lang='lat' dir='ltr'>Sen-</span> 
     </span>
     <span class='ocr_line' id='line_1_66' title="bbox 1109 1450 1936 1504; baseline 0 -12"><span class='ocrx_word' id='word_1_323' title='bbox 1109 1450 1318 1492; x_wconf 80' lang='lat' dir='ltr'>nacherib</span> <span class='ocrx_word' id='word_1_324' title='bbox 1352 1456 1527 1492; x_wconf 90' lang='lat' dir='ltr'>centum</span> <span class='ocrx_word' id='word_1_325' title='bbox 1559 1453 1787 1503; x_wconf 90' lang='lat' dir='ltr'>octoginta</span> <span class='ocrx_word' id='word_1_326' title='bbox 1816 1452 1936 1504; x_wconf 91' lang='lat' dir='ltr'>quin-</span> 
     </span>
     <span class='ocr_line' id='line_1_67' title="bbox 1111 1507 1937 1559; baseline 0.002 -11"><span class='ocrx_word' id='word_1_327' title='bbox 1111 1520 1195 1559; x_wconf 92' lang='lat' dir='ltr'>que</span> <span class='ocrx_word' id='word_1_328' title='bbox 1223 1507 1373 1548; x_wconf 89' lang='lat' dir='ltr'>millia:</span> <span class='ocrx_word' id='word_1_329' title='bbox 1399 1510 1419 1531; x_wconf 75' lang='lat'>¹⁸</span> <span class='ocrx_word' id='word_1_330' title='bbox 1450 1507 1506 1550; x_wconf 90' lang='lat' dir='ltr'>Et</span> <span class='ocrx_word' id='word_1_331' title='bbox 1535 1521 1650 1550; x_wconf 89' lang='lat' dir='ltr'>nunc</span> <span class='ocrx_word' id='word_1_332' title='bbox 1676 1507 1937 1550; x_wconf 78' lang='lat' dir='ltr'>Dominator</span> 
     </span>
     <span class='ocr_line' id='line_1_68' title="bbox 1110 1564 1937 1615; baseline 0.002 -10"><span class='ocrx_word' id='word_1_333' title='bbox 1110 1564 1323 1605; x_wconf 84' lang='lat' dir='ltr'>coelorum</span> <span class='ocrx_word' id='word_1_334' title='bbox 1341 1564 1466 1606; x_wconf 90' lang='lat' dir='ltr'>mitte</span> <span class='ocrx_word' id='word_1_335' title='bbox 1482 1564 1700 1615; x_wconf 91' lang='lat' dir='ltr'>Angelum</span> <span class='ocrx_word' id='word_1_336' title='bbox 1718 1569 1842 1606; x_wconf 90' lang='lat' dir='ltr'>tuum</span> <span class='ocrx_word' id='word_1_337' title='bbox 1861 1564 1937 1607; x_wconf 93' lang='lat' dir='ltr'>bo-</span> 
     </span>
     <span class='ocr_line' id='line_1_69' title="bbox 1109 1621 1938 1671; baseline 0.002 -10"><span class='ocrx_word' id='word_1_338' title='bbox 1109 1634 1212 1661; x_wconf 93' lang='lat' dir='ltr'>num</span> <span class='ocrx_word' id='word_1_339' title='bbox 1232 1626 1332 1662; x_wconf 86' lang='lat' dir='ltr'>ante</span> <span class='ocrx_word' id='word_1_340' title='bbox 1347 1634 1439 1671; x_wconf 89' lang='lat' dir='ltr'>nos,</span> <span class='ocrx_word' id='word_1_341' title='bbox 1458 1621 1503 1662; x_wconf 93' lang='lat' dir='ltr'>in</span> <span class='ocrx_word' id='word_1_342' title='bbox 1517 1621 1675 1662; x_wconf 82' lang='lat' dir='ltr'>timore</span> <span class='ocrx_word' id='word_1_343' title='bbox 1690 1625 1734 1662; x_wconf 89' lang='lat' dir='ltr'>et</span> <span class='ocrx_word' id='word_1_344' title='bbox 1747 1623 1938 1663; x_wconf 82' lang='lat' dir='ltr'>tremore</span> 
     </span>
     <span class='ocr_line' id='line_1_70' title="bbox 1110 1671 1939 1727; baseline 0.002 -10"><span class='ocrx_word' id='word_1_345' title='bbox 1110 1676 1420 1727; x_wconf 84' lang='lat' dir='ltr'>magnitudinis</span> <span class='ocrx_word' id='word_1_346' title='bbox 1455 1676 1623 1718; x_wconf 81' lang='lat' dir='ltr'>brachii</span> <span class='ocrx_word' id='word_1_347' title='bbox 1659 1677 1733 1718; x_wconf 89' lang='lat' dir='ltr'>tui.</span> <span class='ocrx_word' id='word_1_348' title='bbox 1790 1671 1840 1722; x_wconf 68' lang='lat' dir='ltr'>V.</span> <span class='ocrx_word' id='word_1_349' title='bbox 1880 1677 1939 1719; x_wconf 92' lang='lat' dir='ltr'>Ut</span> 
     </span>
     <span class='ocr_line' id='line_1_71' title="bbox 1109 1733 1938 1786; baseline 0 -12"><span class='ocrx_word' id='word_1_350' title='bbox 1109 1735 1306 1775; x_wconf 81' lang='lat' dir='ltr'>metuant</span> <span class='ocrx_word' id='word_1_351' title='bbox 1335 1734 1409 1785; x_wconf 84' lang='lat' dir='ltr'>qui</span> <span class='ocrx_word' id='word_1_352' title='bbox 1441 1746 1541 1775; x_wconf 93' lang='lat' dir='ltr'>cum</span> <span class='ocrx_word' id='word_1_353' title='bbox 1569 1733 1842 1786; x_wconf 81' lang='lat' dir='ltr'>blasphemia</span> <span class='ocrx_word' id='word_1_354' title='bbox 1868 1735 1938 1775; x_wconf 80' lang='lat' dir='ltr'>ve-</span> 
     </span>
     <span class='ocr_line' id='line_1_72' title="bbox 1110 1789 1938 1842; baseline 0.001 -12"><span class='ocrx_word' id='word_1_355' title='bbox 1110 1790 1233 1831; x_wconf 92' lang='lat' dir='ltr'>niunt</span> <span class='ocrx_word' id='word_1_356' title='bbox 1261 1789 1472 1831; x_wconf 84' lang='lat' dir='ltr'>adversus</span> <span class='ocrx_word' id='word_1_357' title='bbox 1500 1795 1699 1832; x_wconf 90' lang='lat' dir='ltr'>sanctum</span> <span class='ocrx_word' id='word_1_358' title='bbox 1725 1790 1938 1842; x_wconf 82' lang='lat' dir='ltr'>populum</span> 
     </span>
     <span class='ocr_line' id='line_1_73' title="bbox 1110 1846 1760 1888; baseline -0.003 0"><span class='ocrx_word' id='word_1_359' title='bbox 1110 1852 1243 1888; x_wconf 91' lang='lat' dir='ltr'>tuum.</span> <span class='ocrx_word' id='word_1_360' title='bbox 1270 1847 1337 1888; x_wconf 86' lang='lat' dir='ltr'>Et.</span> <span class='ocrx_word' id='word_1_361' title='bbox 1365 1846 1517 1888; x_wconf 84' lang='lat' dir='ltr'>Gloria</span> <span class='ocrx_word' id='word_1_362' title='bbox 1533 1847 1665 1888; x_wconf 89' lang='lat' dir='ltr'>Patri.</span> <span class='ocrx_word' id='word_1_363' title='bbox 1693 1847 1760 1887; x_wconf 90' lang='lat' dir='ltr'>Et.</span> 
     </span>
    </p>

    <p class='ocr_par' dir='ltr' id='par_1_10' title="bbox 1111 1906 1936 1993">
     <span class='ocr_line' id='line_1_74' title="bbox 1163 1906 1936 1949; baseline 0 -9"><span class='ocrx_word' id='word_1_364' title='bbox 1163 1907 1292 1941; x_wconf 79' lang='lat' dir='ltr'>Lectio</span> <span class='ocrx_word' id='word_1_365' title='bbox 1319 1907 1366 1940; x_wconf 83' lang='lat' dir='ltr'>ix.</span> <span class='ocrx_word' id='word_1_366' title='bbox 1398 1907 1444 1941; x_wconf 83' lang='lat' dir='ltr'>de</span> <span class='ocrx_word' id='word_1_367' title='bbox 1471 1907 1568 1941; x_wconf 82' lang='lat' dir='ltr'>festo</span> <span class='ocrx_word' id='word_1_368' title='bbox 1594 1906 1783 1949; x_wconf 79' lang='lat' dir='ltr'>Simplici,</span> <span class='ocrx_word' id='word_1_369' title='bbox 1815 1906 1848 1940; x_wconf 89' lang='lat' dir='ltr'>si</span> <span class='ocrx_word' id='word_1_370' title='bbox 1876 1916 1936 1940; x_wconf 92' lang='lat' dir='ltr'>oc-</span> 
     </span>
     <span class='ocr_line' id='line_1_75' title="bbox 1111 1956 1373 1993; baseline 0 -4"><span class='ocrx_word' id='word_1_371' title='bbox 1111 1961 1251 1993; x_wconf 78' lang='lat' dir='ltr'>currat:</span> <span class='ocrx_word' id='word_1_372' title='bbox 1277 1956 1373 1990; x_wconf 81' lang='lat' dir='ltr'>alias</span> 
     </span>
    </p>

    <p class='ocr_par' dir='ltr' id='par_1_11' title="bbox 1111 2006 1939 2402">
     <span class='ocr_line' id='line_1_76' title="bbox 1412 2006 1637 2047; baseline -0.009 0"><span class='ocrx_word' id='word_1_373' title='bbox 1412 2006 1564 2047; x_wconf 83' lang='lat' dir='ltr'>Lectio</span> <span class='ocrx_word' id='word_1_374' title='bbox 1585 2006 1637 2045; x_wconf 78' lang='lat' dir='ltr'>ix.</span> 
     </span>
     <span class='ocr_line' id='line_1_77' title="bbox 1112 2064 1939 2169; baseline 0 -61"><span class='ocrx_word' id='word_1_375' title='bbox 1112 2064 1315 2169; x_wconf 87' lang='lat' dir='ltr'>Interim</span> <span class='ocrx_word' id='word_1_376' title='bbox 1352 2080 1458 2120; x_wconf 89' lang='lat' dir='ltr'>ergo</span> <span class='ocrx_word' id='word_1_377' title='bbox 1498 2066 1723 2109; x_wconf 72' lang='lat' dir='ltr'>mandavit</span> <span class='ocrx_word' id='word_1_378' title='bbox 1758 2067 1939 2118; x_wconf 84' lang='lat' dir='ltr'>Angelis</span> 
     </span>
     <span class='ocr_line' id='line_1_78' title="bbox 1168 2123 1936 2176; baseline 0.001 -11"><span class='ocrx_word' id='word_1_379' title='bbox 1168 2138 1258 2166; x_wconf 91' lang='lat' dir='ltr'>su1s</span> <span class='ocrx_word' id='word_1_380' title='bbox 1277 2125 1415 2174; x_wconf 90' lang='lat' dir='ltr'>Deus,</span> <span class='ocrx_word' id='word_1_381' title='bbox 1442 2137 1530 2165; x_wconf 92' lang='lat' dir='ltr'>non</span> <span class='ocrx_word' id='word_1_382' title='bbox 1553 2123 1731 2176; x_wconf 87' lang='lat' dir='ltr'>quidem</span> <span class='ocrx_word' id='word_1_383' title='bbox 1752 2128 1802 2165; x_wconf 91' lang='lat' dir='ltr'>ut</span> <span class='ocrx_word' id='word_1_384' title='bbox 1820 2126 1936 2166; x_wconf 82' lang='lat' dir='ltr'>amo—</span> 
     </span>
     <span class='ocr_line' id='line_1_79' title="bbox 1111 2179 1937 2233; baseline -0.001 -11"><span class='ocrx_word' id='word_1_385' title='bbox 1111 2186 1241 2223; x_wconf 89' lang='lat' dir='ltr'>veant</span> <span class='ocrx_word' id='word_1_386' title='bbox 1260 2186 1304 2223; x_wconf 91' lang='lat' dir='ltr'>te</span> <span class='ocrx_word' id='word_1_387' title='bbox 1324 2194 1349 2222; x_wconf 91' lang='lat' dir='ltr'>a</span> <span class='ocrx_word' id='word_1_388' title='bbox 1367 2181 1449 2222; x_wconf 90' lang='lat' dir='ltr'>viis</span> <span class='ocrx_word' id='word_1_389' title='bbox 1468 2180 1568 2230; x_wconf 83' lang='lat' dir='ltr'>tuis,</span> <span class='ocrx_word' id='word_1_390' title='bbox 1588 2179 1697 2221; x_wconf 86' lang='lat' dir='ltr'>sed</span> <span class='ocrx_word' id='word_1_391' title='bbox 1685 2193 1730 2220; x_wconf 94' lang='lat' dir='ltr'>1n</span> <span class='ocrx_word' id='word_1_392' title='bbox 1749 2180 1811 2222; x_wconf 89' lang='lat' dir='ltr'>eis</span> <span class='ocrx_word' id='word_1_393' title='bbox 1830 2180 1937 2233; x_wconf 89' lang='lat' dir='ltr'>ipsis</span> 
     </span>
     <span class='ocr_line' id='line_1_80' title="bbox 1111 2236 1937 2289; baseline -0.002 -10"><span class='ocrx_word' id='word_1_394' title='bbox 1111 2242 1155 2279; x_wconf 91' lang='lat' dir='ltr'>te</span> <span class='ocrx_word' id='word_1_395' title='bbox 1187 2237 1453 2286; x_wconf 83' lang='lat' dir='ltr'>custodiant,</span> <span class='ocrx_word' id='word_1_396' title='bbox 1490 2241 1535 2278; x_wconf 90' lang='lat' dir='ltr'>et</span> <span class='ocrx_word' id='word_1_397' title='bbox 1572 2236 1697 2288; x_wconf 88' lang='lat' dir='ltr'>quasi</span> <span class='ocrx_word' id='word_1_398' title='bbox 1733 2249 1813 2289; x_wconf 91' lang='lat' dir='ltr'>per</span> <span class='ocrx_word' id='word_1_399' title='bbox 1845 2236 1937 2278; x_wconf 86' lang='lat' dir='ltr'>vias</span> 
     </span>
     <span class='ocr_line' id='line_1_81' title="bbox 1112 2292 1936 2346; baseline -0.001 -11"><span class='ocrx_word' id='word_1_400' title='bbox 1112 2307 1230 2344; x_wconf 91' lang='lat' dir='ltr'>suas,</span> <span class='ocrx_word' id='word_1_401' title='bbox 1256 2293 1349 2335; x_wconf 89' lang='lat' dir='ltr'>vias</span> <span class='ocrx_word' id='word_1_402' title='bbox 1372 2298 1471 2335; x_wconf 93' lang='lat' dir='ltr'>tuas</span> <span class='ocrx_word' id='word_1_403' title='bbox 1492 2292 1710 2343; x_wconf 89' lang='lat' dir='ltr'>dirigant</span> <span class='ocrx_word' id='word_1_404' title='bbox 1699 2307 1743 2334; x_wconf 96' lang='lat' dir='ltr'>1n</span> <span class='ocrx_word' id='word_1_405' title='bbox 1762 2293 1856 2334; x_wconf 88' lang='lat' dir='ltr'>vias</span> <span class='ocrx_word' id='word_1_406' title='bbox 1874 2293 1936 2346; x_wconf 88' lang='lat' dir='ltr'>ip·</span> 
     </span>
     <span class='ocr_line' id='line_1_82' title="bbox 1112 2347 1936 2402; baseline 0 -11"><span class='ocrx_word' id='word_1_407' title='bbox 1112 2352 1212 2392; x_wconf 91' lang='lat' dir='ltr'>sius.</span> <span class='ocrx_word' id='word_1_408' title='bbox 1241 2351 1441 2401; x_wconf 89' lang='lat' dir='ltr'>Quonam</span> <span class='ocrx_word' id='word_1_409' title='bbox 1456 2348 1603 2399; x_wconf 92' lang='lat' dir='ltr'>modo,</span> <span class='ocrx_word' id='word_1_410' title='bbox 1622 2347 1787 2402; x_wconf 85' lang='lat' dir='ltr'>inquis?</span> <span class='ocrx_word' id='word_1_411' title='bbox 1807 2349 1936 2391; x_wconf 91' lang='lat' dir='ltr'>Nem-</span> 
     </span>
    </p>
   </div>
   <div class='ocr_carea' id='block_1_6' title="bbox 1111 2405 1940 2797">
    <p class='ocr_par' dir='ltr' id='par_1_12' title="bbox 1111 2405 1940 2797">
     <span class='ocr_line' id='line_1_83' title="bbox 1111 2405 1937 2460; baseline -0.002 -12"><span class='ocrx_word' id='word_1_412' title='bbox 1111 2420 1167 2460; x_wconf 93' lang='lat' dir='ltr'>pe</span> <span class='ocrx_word' id='word_1_413' title='bbox 1192 2412 1241 2449; x_wconf 91' lang='lat' dir='ltr'>ut</span> <span class='ocrx_word' id='word_1_414' title='bbox 1270 2405 1390 2459; x_wconf 93' lang='lat' dir='ltr'>quod</span> <span class='ocrx_word' id='word_1_415' title='bbox 1414 2405 1610 2456; x_wconf 90' lang='lat' dir='ltr'>Angelus</span> <span class='ocrx_word' id='word_1_416' title='bbox 1636 2418 1691 2447; x_wconf 86' lang='lat' dir='ltr'>ex</span> <span class='ocrx_word' id='word_1_417' title='bbox 1713 2405 1808 2448; x_wconf 90' lang='lat' dir='ltr'>sola</span> <span class='ocrx_word' id='word_1_418' title='bbox 1832 2406 1937 2447; x_wconf 91' lang='lat' dir='ltr'>cari-</span> 
     </span>
     <span class='ocr_line' id='line_1_84' title="bbox 1111 2462 1938 2516; baseline -0.001 -11"><span class='ocrx_word' id='word_1_419' title='bbox 1111 2466 1202 2505; x_wconf 81' lang='lat' dir='ltr'>tate</span> <span class='ocrx_word' id='word_1_420' title='bbox 1221 2463 1374 2516; x_wconf 81' lang='lat' dir='ltr'>purius</span> <span class='ocrx_word' id='word_1_421' title='bbox 1393 2463 1497 2513; x_wconf 84' lang='lat' dir='ltr'>agit,</span> <span class='ocrx_word' id='word_1_422' title='bbox 1516 2468 1564 2504; x_wconf 89' lang='lat' dir='ltr'>ut</span> <span class='ocrx_word' id='word_1_423' title='bbox 1583 2463 1764 2515; x_wconf 83' lang='lat' dir='ltr'>propria</span> <span class='ocrx_word' id='word_1_424' title='bbox 1782 2462 1938 2504; x_wconf 89' lang='lat' dir='ltr'>saltem</span> 
     </span>
     <span class='ocr_line' id='line_1_85' title="bbox 1113 2519 1938 2572; baseline -0.001 -11"><span class='ocrx_word' id='word_1_425' title='bbox 1113 2521 1374 2562; x_wconf 80' lang='lat' dir='ltr'>necessitate</span> <span class='ocrx_word' id='word_1_426' title='bbox 1399 2519 1651 2572; x_wconf 83' lang='lat' dir='ltr'>compulsus</span> <span class='ocrx_word' id='word_1_427' title='bbox 1675 2523 1719 2560; x_wconf 91' lang='lat' dir='ltr'>et</span> <span class='ocrx_word' id='word_1_428' title='bbox 1745 2519 1938 2561; x_wconf 84' lang='lat' dir='ltr'>admoni-</span> 
     </span>
     <span class='ocr_line' id='line_1_86' title="bbox 1112 2575 1490 2626; baseline -0.003 -8"><span class='ocrx_word' id='word_1_429' title='bbox 1112 2582 1201 2626; x_wconf 92' lang='lat' dir='ltr'>tus,</span> <span class='ocrx_word' id='word_1_430' title='bbox 1233 2575 1490 2625; x_wconf 82' lang='lat' dir='ltr'>descendas,</span> 
     </span>
     <span class='ocr_line' id='line_1_87' title="bbox 1113 2632 1938 2685; baseline -0.002 -10"><span class='ocrx_word' id='word_1_431' title='bbox 1113 2633 1319 2675; x_wconf 81' lang='lat' dir='ltr'>exhibere</span> <span class='ocrx_word' id='word_1_432' title='bbox 1348 2633 1516 2674; x_wconf 91' lang='lat' dir='ltr'>scilicet</span> <span class='ocrx_word' id='word_1_433' title='bbox 1545 2633 1749 2685; x_wconf 81' lang='lat' dir='ltr'>proximo</span> <span class='ocrx_word' id='word_1_434' title='bbox 1775 2632 1938 2673; x_wconf 82' lang='lat' dir='ltr'>miseri-</span> 
     </span>
     <span class='ocr_line' id='line_1_88' title="bbox 1113 2687 1939 2731; baseline -0.002 0"><span class='ocrx_word' id='word_1_435' title='bbox 1113 2689 1323 2731; x_wconf 77' lang='lat' dir='ltr'>cordiam:</span> <span class='ocrx_word' id='word_1_436' title='bbox 1360 2694 1404 2731; x_wconf 91' lang='lat' dir='ltr'>et</span> <span class='ocrx_word' id='word_1_437' title='bbox 1441 2702 1612 2730; x_wconf 91' lang='lat' dir='ltr'>rursum</span> <span class='ocrx_word' id='word_1_438' title='bbox 1651 2702 1750 2731; x_wconf 92' lang='lat' dir='ltr'>cum</span> <span class='ocrx_word' id='word_1_439' title='bbox 1783 2687 1939 2731; x_wconf 83' lang='lat' dir='ltr'>eodem</span> 
     </span>
     <span class='ocr_line' id='line_1_89' title="bbox 1114 2744 1940 2797; baseline 0 -10"><span class='ocrx_word' id='word_1_440' title='bbox 1114 2746 1285 2797; x_wconf 89' lang='lat' dir='ltr'>Angelo</span> <span class='ocrx_word' id='word_1_441' title='bbox 1309 2745 1459 2787; x_wconf 88' lang='lat' dir='ltr'>levans</span> <span class='ocrx_word' id='word_1_442' title='bbox 1488 2744 1705 2787; x_wconf 76' lang='lat' dir='ltr'>desideria</span> <span class='ocrx_word' id='word_1_443' title='bbox 1726 2750 1818 2796; x_wconf 85' lang='lat' dir='ltr'>tua,</span> <span class='ocrx_word' id='word_1_444' title='bbox 1845 2750 1940 2787; x_wconf 91' lang='lat' dir='ltr'>tota</span> 
     </span>
    </p>
   </div>
   <div class='ocr_carea' id='block_1_7' title="bbox 1523 2575 1939 2625">
    <p class='ocr_par' dir='ltr' id='par_1_13' title="bbox 1523 2575 1939 2625">
     <span class='ocr_line' id='line_1_90' title="bbox 1523 2575 1939 2625; baseline -0.002 -8"><span class='ocrx_word' id='word_1_445' title='bbox 1523 2581 1567 2617; x_wconf 91' lang='lat' dir='ltr'>et</span> <span class='ocrx_word' id='word_1_446' title='bbox 1593 2575 1939 2625; x_wconf 78' lang='lat' dir='ltr'>condescendas:</span> 
     </span>
    </p>
   </div>
   <div class='ocr_carea' id='block_1_8' title="bbox 168 166 2002 2851">
    <p class='ocr_par' dir='ltr' id='par_1_14' title="bbox 168 166 2002 2851">
     <span class='ocr_line' id='line_1_91' title="bbox 168 166 2002 2851; baseline 0 0"><span class='ocrx_word' id='word_1_447' title='bbox 168 166 2002 2851; x_wconf 95' lang='lat' dir='ltr'> </span> 
     </span>
    </p>
   </div>
  </div>
 </body>
</html>
