2080 2990
712 203 754 237 In
778 203 902 237 Festis
928 203 968 236 B.
994 202 1125 235 Maria:
1149 201 1191 235 V.
1216 211 1285 244 pcr
1309 211 1459 234 annum.

287 294 665 335 Annuntiaverunt
710 294 811 336 coeli
853 296 1059 346 justitiam

236 352 341 402 eius:
368 351 391 376 *
421 356 464 392 61
491 350 693 392 viderunt
724 364 876 393 omnes
908 352 1059 404 pepuli

234 408 419 459 gleriam
439 408 540 459 ejus.

288 463 622 505 Confundantur
661 476 829 514 omnes,
878 465 951 516 qui
987 464 1059 506 ad-

237 523 362 561 erant
382 520 651 573 sculptilia&
667 525 710 561 et
727 521 800 573 qui
819 521 1059 571 gloriantur

235 578 278 617 in
297 577 538 618 simulacris
559 577 658 618 suis.

286 633 484 675 Adorate
500 646 598 675 eum
613 645 763 674 omnes
779 632 935 683 Angeli
955 634 1058 685 ejus:

235 690 258 716 *
277 689 454 738 audivit,
483 694 526 731 et
543 689 692 731 laetata
712 694 778 731 est
796 689 910 730 Sion.

287 747 343 787 Et
377 746 703 787 exsultaverunt
735 745 835 786 fssiae
867 745 1008 795 Judae,
1036 746 1059 772 *

235 807 417 856 propter
434 802 590 855 judicia
609 807 683 843 tua
702 802 906 843 Demine:

288 859 504 909 Queniam
518 863 566 900 tu
580 858 793 899 Deminus
809 858 1060 899 Altissimus

236 928 368 969 super
384 928 557 957 omnem
575 919 751 957 terram:
766 915 789 940 *
802 915 928 956 nimis
947 915 1060 957 exal-

234 975 352 1014 tatus
372 985 418 1014 es
438 985 568 1025 super
589 984 740 1013 omnes
760 971 878 1013 deos.

288 1029 370 1079 Qui
387 1028 564 1079 diligitis
574 1029 822 1078 Dominum,
840 1027 958 1070 odite
973 1041 1059 1069 ma-

235 1086 338 1126 lum:
370 1086 393 1111 *
426 1085 619 1140 custodit
647 1085 862 1126 Dominus
894 1085 1060 1126 animas

235 1144 486 1183 sanctorum
512 1144 705 1191 suorum,
734 1141 789 1183 de
811 1154 942 1183 manu
962 1155 1060 1194 pee-

237 1199 397 1240 catoris
415 1198 618 1240 liberabit
638 1211 724 1240 eos.

288 1255 385 1296 Lux
413 1260 511 1297 orta
538 1260 604 1297 est
635 1256 766 1307 justo,
794 1255 817 1280 *
854 1259 897 1296 61
929 1256 1060 1296 rectis

237 1311 370 1353 corde
398 1311 558 1353 laetitia.

287 1368 516 1409 Laetamini
543 1369 643 1420 justi
669 1368 713 1408 in
739 1368 945 1409 Demino:
969 1369 993 1394 *
1018 1373 1060 1410 et

237 1425 503 1466 confitemini
517 1425 740 1466 memoriae
757 1424 1060 1466 sanctificatio-

238 1495 304 1522 ms
324 1495 425 1534 ejus.

287 1542 385 1580 Ant.
430 1538 624 1588 Dignare
667 1551 737 1579 me
780 1537 960 1579 laudare
1001 1542 1062 1587 te,

237 1594 376 1644 Virgo
414 1596 599 1635 sacrata:
637 1594 693 1636 da
722 1594 827 1635 mihi
857 1594 1063 1636 virtutem

239 1654 393 1691 contra
410 1650 560 1692 hostes
578 1655 689 1692 tuos.

290 1708 389 1749 Ant.
414 1708 518 1748 Post
535 1711 710 1759 partum
729 1708 753 1734 *
771 1707 909 1759 Virgo
928 1707 1062 1748 invio-

239 1763 329 1804 lata
353 1764 646 1815 permansisti,
672 1764 756 1806 Dei
781 1764 979 1805 Genitrix
1003 1764 1062 1804 in-

238 1819 416 1861 tercede
434 1832 517 1872 pro
539 1819 676 1862 nobis.

290 1876 316 1926 3
360 1879 409 1917 111
454 1877 669 1918 Adventu.
720 1877 818 1917 Ant.
868 1876 1062 1927 Angelus

239 1933 417 1974 Demini
439 1933 462 1959 *
481 1932 702 1974 nuntiavit
714 1932 876 1983 Mariae,
901 1938 945 1975 et
963 1945 1063 1974 con-

240 1990 356 2042 cepit
375 1989 430 2031 de
450 1991 614 2043 Spiritu
633 1994 797 2031 sancto.

508 2046 706 2086 Psalmus
728 2046 791 2085 97.

242 2096 470 2204 Caritate
503 2103 695 2144 Domino
730 2103 948 2144 canticum
989 2115 1062 2143 no-

334 2172 450 2199 vum:
469 2160 493 2185 *
514 2160 615 2211 quia
633 2159 849 2200 mirabilia
867 2159 981 2200 fecit.

291 2214 485 2258 Salvevit
513 2215 597 2257 sibi
630 2215 812 2257 dextera
839 2217 944 2268 ejus:
968 2215 992 2241 *
1021 2221 1064 2257 et

238 2270 466 2313 brachium
488 2276 685 2313 sanctum
707 2273 808 2324 ejus.

291 2328 458 2369 Notum
489 2328 593 2369 fecit
621 2328 835 2369 Dominus
873 2328 1064 2370 salutare

240 2397 380 2426 suum:
398 2385 422 2411 *
441 2384 486 2425 111
505 2386 747 2437 conspectu
767 2384 974 2426 Gentium
999 2398 1063 2426 re-

240 2440 402 2483 velavit
421 2440 630 2493 justitiam
649 2453 782 2482 suam.

291 2497 567 2539 Recordatus
628 2502 695 2539 est
747 2497 1063 2539 misericerdiae

242 2566 347 2605 suae,
368 2554 392 2580 *
412 2558 456 2595 et
482 2554 681 2596 veritatis
709 2566 800 2595 suae
830 2553 979 2595 domui
1004 2555 1063 2595 Is·
1122 2567 1149 2601 1η
1171 2566 1191 2598 ‘12‘

241 2610 344 2652 raeL

292 2666 511 2709 Viderunt
529 2679 681 2708 omnes
703 2665 876 2708 termini
894 2670 1025 2707 terrae
1041 2666 1064 2692 *
1127 2655 1212 2684 ³³²⁹
1230 2675 1240 2678 -

243 2724 433 2766 salutare
451 2724 534 2765 Dei
552 2723 701 2764 nostri.

1161 295 1352 339 Jubilate
1368 297 1465 340 Deo
1486 299 1627 340 omnis
1647 304 1778 342 terra:
1797 302 1820 327 *
1837 313 1932 342 can-

1110 354 1214 402 tete,
1235 357 1279 394 et
1301 354 1526 405 exsultate,
1545 360 1589 397 et
1604 356 1788 409 psanite.

1163 409 1342 451 Psallite
1369 410 1560 453 Domino
1592 412 1636 453 in
1671 412 1852 465 cithara,
1890 415 1933 455 in

1111 465 1278 506 cithara
1307 470 1350 507 et
1376 479 1486 509 voce
1512 468 1684 521 psalmi:
1703 469 1727 495 *
1751 470 1795 511 in
1814 471 1934 513 tubis

1112 521 1360 572 ductilibuS,
1381 528 1424 565 et
1443 535 1553 566 voce
1570 524 1690 566 tubae
1709 528 1891 569 corneae.

1163 578 1389 620 Jubilate
1378 593 1422 620 1n
1446 583 1686 634 conspectu
1710 582 1827 634 regis
1845 583 1933 625 Do-

1111 634 1231 675 mini:
1249 635 1520 678 *moveatur
1538 650 1669 687 mare,
1689 642 1733 679 et
1750 639 1935 691 plenitu-

1113 690 1170 732 do
1190 692 1293 743 ejus:
1318 692 1438 734 orbis
1456 696 1686 744 terrarum,
1705 698 1748 735 et
1769 695 1842 747 qui
1861 694 1934 737 ha-

1111 747 1284 789 bitant
1273 762 1317 788 1n
1338 761 1402 790 eo.

1163 804 1363 845 Flumina
1390 806 1601 857 plaudent
1627 819 1768 857 manu,
1806 807 1934 849 simul

1111 865 1284 902 montes
1319 862 1600 904 exsultabunt
1636 876 1661 904 a
1695 866 1936 916 conspectu

1112 916 1306 957 Demini:
1324 918 1348 944 *
1367 918 1573 970 queniam
1600 920 1719 961 venit
1743 919 1936 984 judicare

1111 977 1284 1015 terram.

1163 1030 1188 1070 J
1189 1029 1386 1072 udlcablt
1408 1031 1560 1074 orbem
1577 1035 1794 1074 terrarum
1811 1033 1856 1074 in
1877 1033 1935 1085 ju—

1113 1086 1242 1136 stitia,
1261 1087 1284 1113 *
1303 1091 1347 1129 et
1363 1088 1554 1141 po'pulos
1573 1089 1618 1129 in
1636 1089 1861 1141 aequitate„

1163 1151 1263 1190 Ant.
1295 1150 1404 1190 Post
1435 1154 1610 1201 partum
1638 1150 1776 1201 Virgo
1802 1150 1936 1192 invio-

1112 1203 1200 1245 lata
1226 1206 1522 1257 permansisti,
1548 1206 1632 1247 Dei
1655 1206 1853 1247 Genitrix
1878 1206 1937 1247 in-

1113 1261 1289 1303 tercede
1307 1274 1390 1314 pro
1409 1261 1546 1303 nobis.

1164 1322 1191 1372 ἒ
1234 1325 1283 1364 In
1330 1323 1545 1364 Adventu.
1596 1323 1696 1363 Ant.
1741 1322 1937 1374 Angelus

1112 1378 1290 1419 Domini
1320 1380 1535 1421 nuntiavit
1563 1380 1730 1429 Mariae,
1766 1384 1809 1421 61
1837 1392 1937 1421 con-

1114 1435 1232 1488 cepit
1261 1435 1316 1478 de
1343 1436 1505 1489 Spiritu
1533 1441 1697 1478 sancto.

1164 1492 1215 1545 V.
1243 1497 1387 1548 Elegit
1413 1510 1509 1539 eam
1526 1498 1664 1547 Deus»,
1693 1501 1736 1539 et
1759 1496 1939 1549 praeele-

1114 1555 1177 1605 git
1214 1567 1322 1596 eam.
1362 1556 1413 1608 Rz.
1451 1555 1503 1595 In
1538 1552 1821 1596 tabernaculo
1858 1566 1938 1595 suo

1115 1610 1312 1653 habitare
1340 1611 1445 1652 facit
1472 1623 1579 1652 eam.

1167 1668 1297 1709 Pater
1323 1672 1484 1709 noster.

1169 1723 1412 1765 Absolutio.
1441 1726 1481 1766 A
1499 1723 1694 1765 vinculis

1165 1776 1215 1825 V.
1244 1781 1269 1821 J
1270 1780 1356 1822 ube
1375 1779 1535 1822 domne
1554 1779 1826 1822 benedicere.

1166 1841 1326 1882 Bcned.
1353 1840 1617 1893 Evangelica
1634 1840 1776 1883 lectio.

1115 1911 1267 1953 Lectio
1293 1911 1431 1953 sancti
1452 1910 1677 1962 Evangelii
1701 1909 1941 1952 secundum

1441 1967 1615 2009 Lucam.

1216 2028 1367 2070 Lectio
1388 2027 1455 2068 vii.
1610 2027 1712 2079 Cap.
1728 2027 1778 2066 11.
1794 2024 1834 2067 d.

1116 2081 1192 2188 In
1224 2085 1299 2127 illo
1331 2086 1548 2138 tempore:
1579 2085 1809 2137 Loquente
1835 2084 1941 2125 Jesu

1179 2142 1236 2184 ad
1249 2142 1412 2192 turbas,
1432 2141 1646 2183 extollens
1661 2153 1816 2183 vocem
1833 2153 1942 2193 quae-

1117 2198 1219 2241 dam
1234 2198 1388 2240 mulier
1403 2198 1458 2240 de
1473 2197 1602 2239 turba
1617 2196 1727 2239 dixit
1740 2197 1816 2239 illi:
1833 2197 1941 2238 Bea-

1116 2260 1187 2297 tus
1206 2259 1374 2306 venter,
1399 2254 1475 2307 qui
1496 2258 1540 2295 te
1563 2254 1766 2306 portavit.
1802 2254 1859 2295 Et
1878 2254 1941 2294 re-

1116 2311 1245 2364 liqua.

1208 2380 1399 2422 Homih'a
1426 2379 1687 2421 venerabilis
1714 2378 1850 2421 Bedae

1399 2435 1660 2488 Presbyteri.

1240 2494 1321 2529 Lib.
1345 2494 1375 2528 4.
1401 2503 1482 2536 cap.
1506 2493 1559 2527 4‘).
1584 2492 1621 2526 in
1645 2492 1735 2527 Luc
1762 2492 1810 2526 11.

1263 2563 1400 2602 agnae
1451 2550 1698 2592 devoti6nis
1750 2554 1794 2591 et
1839 2549 1942 2591 fidei

1146 2600 1159 2615 “
1188 2600 1236 2662 ἧς]
1263 2606 1271 2663 ξἒ
1290 2607 1384 2648 haec
1399 2606 1554 2648 mulier
1569 2606 1825 2656 ostenditur,
1843 2618 1941 2658 quae

1151 2687 1154 2688 ν
1218 2658 1224 2666 ’
1264 2663 1271 2686 ‘³
1290 2663 1444 2705 scribis
1473 2668 1516 2705 et
1543 2663 1773 2716 pharisaeis
1795 2662 1941 2703 Domi-

1119 2735 1222 2763 num
1239 2720 1507 2763 tentantibus
1532 2720 1660 2761 simul
1681 2724 1725 2761 et
1741 2718 1941 2771 blasphe-
