2040 2990
786 201 826 233 In
855 200 1064 234 Nativitate
1093 200 1256 234 Domini.

476 294 687 344 Hymnus.

314 358 420 400 solis
440 363 563 400 ortus
584 358 763 399 cardine

330 414 403 456 Ad
419 427 560 467 usque
579 419 710 456 terrae
728 414 923 463 limitem,

246 470 466 513 Christum
486 473 694 512 canamus
712 471 972 523 Principem,

243 527 407 568 Natum
426 527 566 568 Maria
582 527 776 578 Virgine.

194 593 356 633 Beatus
376 596 530 633 auctor
549 591 700 633 saeculi

243 647 410 690 Servile
430 661 592 701 corpus
610 647 764 689 induit:

243 704 302 746 Ut
322 717 452 746 carne
472 716 650 746 carnem
667 703 871 752 liberans,

243 760 312 802 Ne
330 760 539 812 perderet
559 772 671 812 quos
690 759 902 801 condidit.

194 828 340 868 Castae
358 824 558 866 Parentis
578 826 748 865 viscera

246 880 450 921 Coelestis
469 880 605 922 intrat
621 881 776 932 gratia:

244 936 414 978 Venter
430 935 596 977 Puellae
614 936 780 988 bajulat

243 992 432 1042 Secreta,
452 1005 551 1044 quae
570 1005 659 1033 non
680 994 874 1033 noverat.

193 1058 360 1098 Domus
379 1056 529 1109 pudici
548 1057 744 1109 pectoris

242 1112 478 1166 Templum
495 1115 678 1166 repente
696 1112 747 1154 fit
765 1112 862 1154 Dei:

241 1170 417 1211 Intacta
434 1170 635 1212 nesciens
651 1169 805 1218 virum,

243 1225 460 1278 Concepit
479 1225 579 1266 alvo
599 1225 770 1266 Filium.

187 1290 379 1332 Enititur
396 1292 628 1343 puerpera,

244 1347 385 1396 Quem
405 1346 587 1388 Gabriel
605 1345 884 1399 praedixerat,

243 1403 384 1453 Quem
402 1407 555 1444 ventre
573 1402 728 1444 Matris
747 1402 952 1453 gestiens,

240 1458 444 1511 Baptista
463 1458 660 1500 clausum
679 1460 888 1499 senserat.

194 1524 331 1564 Foeno
349 1524 491 1575 jacere
510 1522 707 1575 pertulit:

242 1579 449 1632 Praesepe
467 1591 555 1620 non
575 1578 817 1620 abhorruit:

241 1636 299 1677 Et
317 1634 432 1676 lacte
451 1634 628 1676 medico
647 1639 802 1687 pastus
823 1639 901 1683 est,

240 1691 327 1733 Per
346 1703 478 1743 quem
495 1703 577 1732 nec
597 1690 689 1732 ales
708 1691 853 1732 esurit.

192 1755 368 1797 Gaudet
387 1755 550 1797 chorus
570 1754 827 1804 coelestium,

241 1811 300 1853 Et
317 1811 477 1862 Angeli
497 1816 660 1853 canunt
677 1811 792 1860 Deo3

241 1867 482 1920 Palamque
500 1867 552 1909 fit
570 1866 826 1920 pastoribus

241 1924 411 1974 Pastor,
432 1924 615 1965 Creator
635 1923 840 1964 Omnium.

191 1993 303 2044 Jesu,
321 1992 402 2035 tibi
421 1993 477 2034 sit
495 1992 646 2043 gloria,

244 2049 330 2099 Qui
347 2053 476 2090 natus
496 2061 542 2090 es
563 2047 618 2090 de
636 2048 831 2099 Virgine,

243 2105 354 2147 Cum
371 2106 514 2154 Patre,
534 2109 578 2146 et
597 2104 712 2146 almo
732 2104 908 2156 Spiritu,

242 2162 294 2201 In
313 2161 580 2214 sempiterna
599 2159 771 2201 saecula.
798 2160 952 2202 Amen.

219 2222 269 2273 V.
302 2225 471 2267 Notum
497 2225 601 2267 fecit
627 2225 860 2274 D6minus,
894 2222 993 2269 alle-

164 2281 263 2332 luja.
293 2283 344 2334 R.
359 2281 559 2323 Salutate
579 2293 716 2330 suum,
734 2279 916 2331 alleluja.

219 2348 290 2400 Ad
310 2349 473 2389 Bened.
495 2350 593 2389 Ant.
622 2349 775 2390 Cleria
793 2349 837 2388 in
855 2347 993 2388 excel-

167 2406 226 2447 sis
242 2406 358 2455 Deo,
377 2406 401 2431 ²⁸¹
421 2410 465 2446 et
488 2405 532 2445 in
558 2410 676 2446 terra
700 2418 789 2457 pax
810 2403 994 2445 homini-

165 2461 248 2503 bus
266 2461 397 2503 bonae
415 2460 666 2510 voluntatis,
685 2460 866 2511 alleluja,
884 2458 995 2500 allel.

500 2527 663 2567 Oratio.

241 2584 423 2634 cncede,
443 2587 695 2636 quaesumus
715 2586 994 2636 omnipotens

248 2639 384 2681 Deus:
401 2644 450 2681 ut
467 2653 548 2682 nos
563 2641 786 2692 Unigeniti
803 2639 867 2680 tui
880 2650 994 2679 nova

166 2708 246 2748 per
266 2708 442 2737 carnem
454 2697 673 2738 Nativitas
691 2695 862 2745 liberet3
883 2706 1005 2746 quos·

320 2838 384 2863 Pars
399 2837 533 2863 menualia.

1050 293 1132 334 sub
1160 294 1333 346 peccati
1360 295 1459 346 iugo
1488 298 1661 337 vetusta
1692 296 1878 337 servitus

1049 354 1182 390 tenet.
1209 350 1294 390 Per
1313 350 1515 392 eumdem
1534 352 1783 393 D6minum.

1100 422 1256 455 Summo
1298 431 1406 454 manc
1441 420 1580 453 dicitur
1616 420 1755 454 Prima.
1801 431 1873 461 qua

1049 470 1174 504 finita.
1221 469 1435 502 celebratur
1475 467 1641 500 secunda
1681 467 1795 499 Missa
1841 467 1874 499 in

1049 519 1215 553 Aurora,
1242 522 1277 550 ct
1303 517 1339 549 in
1366 528 1407 549 ca
1435 517 1473 549 tit
1496 515 1807 548 ctnnmcmoratio
1830 514 1875 547 cle

1049 571 1181 599 sancta
1207 565 1414 597 Anastasia
1443 563 1617 605 Martyrc.

1317 642 1386 677 Ad
1409 643 1610 678 Primam.

1100 711 1200 750 Ant.
1231 711 1372 759 Quem
1392 707 1575 749 vidistis.

1101 780 1239 830 Capit.
1278 777 1382 827 Regi
1402 777 1675 818 saeculorum.
1696 779 1760 818 32.

1100 849 1150 900 R.
1179 848 1239 888 br.
1281 845 1469 897 Christe,
1502 846 1583 887 Fili
1610 847 1694 888 Dei
1722 848 1826 897 vivi,
1856 846 1877 867 *

1049 901 1259 943 Miserere
1291 902 1430 943 nobis.
1472 897 1520 948 Ψ.
1555 903 1638 953 Qui
1670 908 1798 944 natus
1832 916 1878 944 es

1050 956 1105 998 de
1128 957 1268 998 Maria
1287 958 1480 1009 Virgine.

1101 1021 1147 1053 Et
1191 1021 1246 1054 sic
1284 1020 1425 1053 dieitur
1462 1018 1635 1062 quotidie
1673 1026 1792 1059 usque
1831 1016 1875 1048 ad

1048 1068 1317 1111 Epiphaniam.

1100 1120 1160 1153 Ad
1196 1119 1492 1153 Absolutionem
1524 1118 1712 1161 Capituli.
1749 1117 1876 1149 Lectio

1047 1169 1188 1201 brevis
1244 1167 1326 1210 Ipsi
1365 1168 1554 1211 peribunt.
1600 1171 1638 1199 ut
1685 1166 1780 1197 infra
1829 1164 1877 1197 ad

1048 1215 1209 1249 Nonam.
1238 1214 1319 1249 190.

1099 1268 1229 1302 Tertia
1254 1268 1394 1301 dieitur
1424 1268 1517 1299 hora
1544 1276 1628 1298 Sua.
1663 1275 1736 1306 qua
1763 1263 1876 1296 linita.

1049 1316 1264 1349 celebratur
1290 1316 1398 1349 tertia
1428 1315 1544 1347 Missa
1572 1314 1617 1345 dc
1643 1312 1705 1345 dic
1731 1311 1878 1343 Nativi-

1048 1364 1148 1397 tatis.

1320 1423 1387 1458 Ad
1408 1423 1611 1459 Tertiam.

1100 1490 1199 1528 Ant.
1240 1488 1398 1529 Genuit
1417 1489 1644 1540 puerpera.

1101 1553 1238 1605 Capit.
1260 1551 1554 1592 Multifariam.
1572 1556 1617 1591 ut
1633 1563 1775 1601 supra.
1791 1553 1878 1592 188.

1101 1623 1151 1662 R.
1172 1622 1234 1662 br.
1260 1620 1460 1662 Verbum
1484 1633 1601 1667 caro,
1612 1621 1774 1662 factum
1800 1626 1878 1670 est,

1049 1679 1072 1703 *
1091 1675 1291 1728 Allehija,
1309 1676 1492 1728 alleluja.
1517 1676 1726 1718 Verbum.
1755 1670 1803 1721 Y·
1821 1677 1878 1717 Et

1047 1731 1264 1773 habitavit
1294 1733 1339 1773 in
1365 1732 1505 1773 nobis.
1545 1732 1750 1783 Alleluia,
1778 1732 1877 1773 alle-

1047 1788 1146 1839 luja.
1179 1787 1332 1829 Gloria
1349 1789 1481 1829 Patri.
1510 1788 1717 1829 Verbum.

1101 1844 1152 1895 Ψ.
1190 1850 1293 1899 Ipse
1321 1847 1548 1888 invocabit
1574 1860 1661 1897 me,
1694 1847 1877 1899 alleluja.

1050 1906 1100 1956 R.
1119 1905 1251 1946 Pater
1269 1916 1393 1944 meus
1413 1916 1461 1944 es
1481 1907 1539 1953 tu,
1559 1903 1742 1955 alleluja.

1325 1989 1393 2024 Ad
1417 1987 1603 2025 Sextam.

1102 2054 1202 2093 Ant.
1232 2052 1425 2103 Angelus
1446 2051 1502 2093 ad
1520 2054 1734 2104 pastores.

1155 2117 1415 2169 Capitulum.
1548 2114 1679 2154 Hebr.
1699 2116 1724 2153 l.
1741 2127 1773 2154 c.

1127 2186 1158 2223 t:
1181 2181 1251 2222 Tu
1275 2181 1319 2221 in
1343 2179 1560 2234 principio
1580 2177 1768 2219 Demine
1792 2181 1874 2218 ter-

1139 2251 1233 2278 ram
1242 2236 1449 2278 fundasti:
1466 2241 1509 2277 et
1525 2237 1660 2287 Opera
1669 2235 1875 2274 manuum

1045 2296 1220 2334 tuarum
1238 2297 1340 2334 sunt
1358 2291 1470 2333 coeli.

1103 2354 1152 2404 Rg.
1179 2352 1241 2392 br.
1271 2353 1440 2393 Notum
1466 2351 1571 2392 fecit
1593 2348 1826 2397 D6minus,
1854 2348 1876 2371 *

1046 2410 1248 2461 Alleluja‚
1273 2408 1454 2459 alleluja.
1480 2406 1659 2448 Notum.
1688 2401 1737 2450 ,Ψ
1754 2402 1872 2445 Salu-

1046 2468 1142 2507 tare
1161 2478 1298 2506 suum.
1332 2463 1534 2514 Alleluia,
1559 2460 1739 2511 alleluja.
1772 2458 1872 2498 (ilo-

1046 2522 1111 2562 ria
1129 2521 1261 2562 Patri.
1290 2520 1469 2561 Notum.

1102 2578 1152 2626 Y.
1175 2581 1395 2622 Viderunt
1420 2591 1571 2620 omnes
1595 2577 1705 2618 fines
1730 2579 1872 2620 terrae,

1046 2637 1228 2688 alleluja.
1260 2638 1308 2688 Rg.
1326 2635 1525 2677 Salutare
1544 2633 1627 2674 Dei
1645 2628 1794 2677 nostri,
1813 2626 1870 2667 al-

1044 2693 1184 2743 leluja.

1601 2814 1663 2848 13*
