2080 2990
650 207 859 241 Commune
885 207 1132 241 Confessoris
1157 218 1233 241 non
1259 207 1468 241 Pontificis.

468 309 666 348 Psalmus
695 308 757 348 23.

290 363 424 404 omini
455 367 523 404 est
554 367 688 412 terra,
729 368 772 404 et
803 362 1031 415 plenitudo

307 420 411 471 ejus:
432 420 456 446 *
475 418 595 460 orbis
617 421 848 468 terrarum,
879 424 922 460 et
942 419 1031 460 uni-

203 475 318 516 versi
339 475 414 527 qui
433 475 633 516 habitant
651 475 694 515 in
715 487 780 516 eo.

254 535 367 585 Quia
391 536 487 588 ipse
513 548 645 588 super
670 535 808 576 maria
833 534 1033 575 fundavit

202 604 315 633 eum:
347 593 371 618 *
404 597 448 633 θῖ
482 604 616 644 super
653 591 831 632 flumina
865 603 1032 643 praepa-

202 648 314 689 ravit
343 660 453 689 eum.

254 704 361 753 Quis
396 703 605 745 ascendet
642 704 684 743 in
718 707 913 744 montem
946 702 1033 743 De-

201 758 329 800 mini?
364 761 388 787 *
423 764 498 801 aut
539 760 636 812 quis
677 758 810 800 stabit
849 758 893 798 in
933 758 1033 800 loco

202 821 356 857 sancto
386 815 501 867 ejus?

252 873 469 914 Innocens
487 870 689 912 manibus
709 874 752 912 et
770 870 935 912 mundo
950 884 1037 912 cor-

202 928 269 978 de,
289 930 313 955 *
334 928 406 980 qui
434 941 523 969 non
551 927 721 979 accepit
744 927 788 967 in
808 939 921 968 vano
947 928 1033 968 ani-

201 998 317 1025 mam
354 997 497 1033 suam,
538 996 619 1025 nec
658 983 814 1034 juravit
849 983 893 1023 in
928 983 1033 1025 dolo

200 1041 403 1093 preximo
432 1053 524 1082 suo.

253 1098 338 1138 Hic
383 1097 570 1149 accipiet
609 1095 962 1137 benedictionem
1008 1110 1032 1138 a

200 1154 406 1195 Domino:
422 1156 446 1181 *
465 1158 509 1195 et
528 1151 874 1194 misericordiam
894 1165 918 1193 a
934 1153 1032 1194 Deo

200 1210 379 1251 salutari
407 1223 499 1251 suo.

250 1267 361 1307 Haec
394 1271 460 1307 est
487 1266 712 1316 generatio
744 1266 1032 1317 quaerentium

200 1335 316 1373 eum,
357 1323 380 1348 *
423 1322 713 1375 quaerentium
754 1322 911 1363 faciem
947 1322 1031 1364 Dei

198 1379 348 1420 Jacob.

250 1435 454 1476 Attellite
499 1439 652 1487 portas
695 1434 917 1486 principes
959 1447 1030 1476 ve-

199 1497 327 1540 stras,
355 1497 399 1533 et
427 1491 658 1533 elevamini
685 1495 828 1543 portae
848 1493 1030 1532 aeterna-

198 1547 280 1588 les:
309 1550 332 1574 *
361 1553 404 1589 et
431 1547 628 1588 introibit
656 1547 754 1588 Rex
781 1546 945 1597 gloriae.

251 1608 358 1658 Quis
387 1613 454 1650 est
480 1609 563 1649 iste
583 1608 681 1649 Rex
702 1606 878 1657 gloriae?
898 1610 922 1634 *
941 1608 1029 1648 De-

198 1665 340 1705 minus
373 1665 498 1706 fortis
535 1669 579 1705 et
606 1668 780 1716 potens:
814 1663 1030 1705 Deminus

198 1725 357 1773 potens
384 1721 427 1761 in
455 1720 621 1773 praelio.

250 1781 453 1823 Attellite
501 1786 654 1833 portas
696 1780 917 1833 principes
959 1794 1029 1823 ve-

198 1842 328 1886 stras,
357 1843 401 1879 et
429 1837 659 1879 elevamini
682 1842 824 1890 portae
848 1840 1029 1879 aeterna-

198 1893 276 1934 les:
305 1895 328 1920 *
357 1899 401 1935 et
428 1893 626 1935 introibit
652 1894 751 1935 Rex
779 1893 943 1944 gleriae.

251 1954 357 2003 Quis
386 1959 453 1996 est
480 1955 562 1996 iste
582 1955 680 1995 Rex
704 1953 879 2005 gloriae?
899 1955 924 1981 *
941 1954 1028 1995 De-

198 2010 339 2050 minus
367 2011 576 2052 virtutum
604 2011 699 2063 ipse
728 2015 795 2052 est
815 2011 912 2052 Rex
939 2011 1029 2062 glo-

199 2078 286 2106 r1ae.

252 2133 351 2172 Ant.
400 2131 483 2172 Hic
531 2132 718 2184 accipiet
759 2131 1029 2174 benedictie-

199 2199 299 2228 nem
327 2200 352 2228 a
371 2187 580 2237 Demino,
609 2193 652 2229 et
680 2188 1030 2230 misericerdiam

199 2255 224 2284 a
249 2243 346 2285 Deo
373 2243 556 2285 salutari
585 2256 681 2285 suo:
709 2245 811 2295 quia
839 2244 935 2286 haec
963 2249 1030 2286 est

198 2300 424 2350 generatio
445 2300 735 2351 quaerentium
754 2300 1004 2342 Dominum.

252 2361 302 2412 V.
324 2364 418 2406 Lex
436 2364 520 2406 Dei
543 2365 633 2415 ejus
658 2364 701 2404 in
724 2364 860 2406 corde
880 2365 1029 2418 ipsius.

199 2423 250 2474 R.
282 2421 338 2461 Et
366 2433 455 2462 non
483 2419 884 2473 supplantabuntur
912 2435 1028 2472 gres-

199 2489 274 2517 sus
296 2490 398 2528 ejus.

257 2538 385 2578 Pater
405 2542 564 2578 noster.

251 2600 497 2641 Absolutio.
526 2601 565 2638 Α
585 2597 782 2638 vinculis.

252 2654 301 2705 X.
329 2657 441 2699 Jube
461 2657 634 2698 domne.

256 2718 414 2759 Bencd.
442 2716 708 2767 Evangelica
730 2715 873 2756 lectio.

1085 302 1240 343 Lectio
1261 302 1402 343 sancti
1419 301 1648 352 Evangelii
1671 302 1915 344 secundum

1411 357 1588 399 Lucam.

1188 424 1341 464 Lectio
1363 423 1431 463 vii.
1580 423 1682 475 Cap.
1700 425 1756 464 12.
1777 436 1811 465 e.

1084 481 1161 587 In
1190 482 1266 523 illo
1295 484 1515 535 tempore:
1546 482 1671 523 Dixit
1697 483 1825 525 Jesus
1855 483 1916 525 di—

1155 538 1335 591 scipulis
1359 538 1465 579 suis:
1491 538 1588 580 Sint
1615 538 1754 580 lumbi
1781 540 1918 581 vestri

1085 595 1331 646 praecincti,
1360 599 1405 636 et
1431 594 1623 636 lucernae
1645 594 1851 637 ardentes
1873 596 1917 636 in

1086 651 1288 692 manibus
1311 651 1482 692 vestris.
1513 651 1571 692 Et
1596 650 1776 703 reliqua.

1130 728 1323 770 Homilia
1343 728 1483 770 sancti
1504 727 1709 779 Gregorii
1727 728 1874 788 Papae.

1272 795 1443 830 Homilia
1464 797 1511 829 13.
1531 795 1569 829 in
1585 795 1731 838 Evang.

1090 854 1305 910 (ancti
1327 853 1573 904 Evangelii,
1602 852 1759 894 fratres
1789 855 1919 894 caris-

1090 908 1180 973 &5
1203 909 1317 959 simi,
1351 911 1505 962 aperta
1533 908 1660 950 vobis
1691 913 1758 950 est
1784 908 1918 950 lectio

1088 970 1089 975 ’
1112 971 1123 974 ”
1169 971 1180 992 ⁴
1203 966 1399 1007 recitata.
1418 965 1507 1006 Sed
1521 978 1575 1006 ne
1590 964 1811 1017 aliquibus
1822 965 1919 1017 ipsa

1087 1023 1179 1074 ejus
1206 1022 1412 1074 planities
1441 1021 1529 1062 alta
1557 1021 1746 1062 fortasse
1771 1020 1918 1063 videa-

1086 1083 1173 1128 tur,
1202 1091 1299 1120 eam
1318 1077 1400 1119 sub
1420 1077 1639 1119 brevitate
1659 1077 1917 1118 transcurri-

1084 1147 1199 1184 mus,
1237 1136 1453 1186 quatenus
1486 1135 1578 1185 ejus
1607 1133 1828 1185 expositio
1856 1133 1918 1175 ita

1084 1189 1384 1232 nescientibus
1403 1190 1480 1231 fiat
1497 1189 1685 1241 cegnita,
1703 1194 1752 1230 ut
1770 1194 1918 1231 tamen

1085 1246 1326 1288 scientibus
1349 1259 1438 1287 non
1458 1246 1516 1287 sit
1535 1247 1735 1287 oneresa.
1767 1245 1917 1287 Demi-

1085 1316 1166 1344 nus
1195 1302 1317 1344 dicit:
1352 1302 1449 1344 Sint
1475 1301 1615 1343 lumbi
1642 1301 1779 1343 vestri
1807 1314 1917 1355 prae-

1085 1359 1229 1401 cincti.
1250 1358 1448 1400 Lumbos
1463 1358 1579 1399 enim
1593 1357 1916 1411 praecingimus,

1085 1428 1185 1457 cum
1204 1415 1349 1457 carnis
1365 1415 1585 1456 luxuriam
1598 1427 1679 1467 per
1694 1414 1917 1455 continen-

1083 1472 1191 1513 tiam
1211 1473 1501 1513 coarctamus.
1534 1470 1623 1512 Sed
1647 1471 1751 1523 quia
1773 1470 1917 1511 minus

1085 1533 1163 1578 est,
1177 1528 1293 1569 mala
1304 1540 1394 1569 non
1405 1530 1547 1578 agere,
1562 1527 1646 1568 nisi
1657 1527 1790 1568 etiam
1802 1527 1916 1578 quis-

1084 1598 1170 1636 que
1189 1584 1383 1632 studeat,
1408 1589 1452 1625 et
1475 1583 1604 1624 bonis
1625 1582 1836 1636 operibus
1856 1582 1917 1623 in-

1083 1640 1255 1690 sudare,
1274 1641 1479 1693 pretinus
1494 1638 1686 1680 additur:
1705 1639 1763 1680 Et
1780 1638 1917 1680 lucer·

1084 1710 1152 1738 nae
1186 1696 1394 1738 ardentes
1424 1696 1469 1736 in
1507 1695 1712 1736 manibus
1745 1694 1917 1736 vestris.

1083 1753 1306 1794 Lucernas
1333 1752 1499 1805 quippe
1525 1750 1731 1792 ardentes
1755 1750 1801 1791 in
1826 1752 1915 1791 ma-

1083 1809 1213 1851 nibus
1223 1810 1436 1857 tenemus,
1451 1821 1551 1849 cum
1561 1820 1641 1860 per
1651 1806 1770 1848 bona
1780 1808 1916 1859 opera

1082 1866 1298 1918 proximis
1343 1864 1508 1906 nostris
1556 1863 1667 1904 lucis
1713 1863 1916 1915 exempla

1082 1924 1391 1964 monstramus.
1426 1921 1495 1962 De
1523 1919 1684 1971 quibus
1711 1918 1915 1972 profecto

1084 1978 1294 2031 operibus
1303 1977 1520 2018 Deminus
1529 1975 1651 2017 dicit:
1661 1975 1829 2017 Luceat
1838 1974 1915 2016 lux

1083 2040 1231 2076 vestra
1245 2047 1397 2075 coram
1406 2031 1670 2082 hominibus,
1679 2036 1728 2073 ut
1735 2030 1914 2072 videant

1084 2094 1221 2144 epera
1248 2095 1397 2132 vestra
1424 2089 1558 2138 bona,
1592 2092 1637 2129 et
1667 2086 1915 2138 glorificent

1082 2147 1261 2189 Patrem
1280 2150 1479 2188 vestrum
1499 2143 1575 2196 qui
1592 2144 1637 2184 in
1656 2142 1783 2184 coelis
1804 2147 1882 2184 est.

1138 2210 1188 2261 Rv.
1218 2208 1309 2248 Iste
1335 2211 1404 2248 est
1434 2205 1510 2257 qui
1531 2208 1634 2245 ante
1657 2204 1802 2245 Deum
1825 2216 1913 2244 ma-

1082 2277 1190 2316 gnas
1216 2264 1402 2304 virtutes
1431 2262 1642 2313 operatus
1670 2264 1756 2310 est,
1789 2264 1834 2301 et
1858 2259 1914 2301 de

1083 2320 1203 2362 omni
1241 2317 1378 2360 corde
1416 2329 1497 2358 suo
1534 2315 1732 2357 laudavit
1765 2315 1914 2356 Demi-

1082 2390 1203 2417 num:
1223 2375 1245 2398 *
1264 2375 1367 2427 Ipse
1391 2371 1637 2414 intercedat
1655 2383 1737 2423 pro
1758 2372 1912 2424 pecca-

1082 2433 1140 2474 tis
1170 2431 1366 2473 omnium
1392 2428 1671 2481 populerum.
1717 2422 1767 2474 V.
1795 2427 1913 2469 Ecce

1082 2488 1216 2530 homo
1237 2487 1331 2528 sine
1355 2484 1548 2537 querela,
1573 2496 1702 2525 verus
1722 2484 1807 2525 Dei
1826 2483 1913 2525 cul-

1081 2549 1169 2594 tor,
1200 2542 1426 2585 abstinens
1459 2553 1507 2582 se
1539 2539 1595 2581 ab
1626 2540 1745 2581 omni
1777 2542 1913 2592 epere

1081 2599 1214 2649 malo,
1240 2603 1284 2640 et
1310 2599 1574 2650 permanens
1597 2596 1641 2636 in
1662 2595 1913 2637 innocentia

1082 2669 1170 2697 sua.
1205 2656 1318 2707 Ipse.

1140 2714 1296 2756 Bened.
1327 2715 1456 2766 Cujus
1476 2713 1638 2755 festum
1657 2712 1855 2754 colimus.
