2080 2990
576 208 680 241 nom.
707 208 748 241 11.
778 212 864 250 post
889 206 1025 250 Epiph.
1050 207 1105 241 Ss.
1132 207 1308 240 Nominis
1332 208 1435 241 ¹Iesu.

1787 201 1852 236 415

161 297 292 339 tionis
314 299 497 349 peccata
520 297 713 339 dimittis.
748 292 797 344 V.
827 301 884 342 Et
909 301 981 343 be-

160 352 382 395 nedictum
399 366 559 395 nomen
575 355 813 406 majestatis
831 361 919 398 tuae
938 357 981 398 in

161 410 382 459 aeternum,
405 410 478 461 qui
497 410 602 451 facis
621 411 834 454 mirabilia
852 413 982 455 solus.

160 465 218 507 Et
234 465 278 506 in
297 467 506 518 tempore.

262 533 413 575 Lectio
435 535 487 574 iii.
720 535 820 586 Cap.
837 537 872 574 4.

158 589 383 694 Factum
408 601 474 638 est
498 602 643 639 autem
666 598 710 638 in
733 598 980 649 crastinum,

259 658 307 694 ut
352 656 720 705 congregarentur
762 656 981 708 principes

161 711 327 759 eorum,
360 714 404 750 et
431 710 640 760 seniores,
673 715 716 752 et
750 711 905 753 scribae
938 713 981 753 in

160 765 419 807 Jerusalem:
447 770 490 807 et
513 767 664 807 Annas
687 767 892 820 princeps
917 781 980 809 sa-

161 820 405 871 cerdotum,
430 826 474 863 et
493 821 696 874 Caiphas,
722 827 765 865 et
782 823 806 863 J
809 826 981 874 oannes,

162 882 206 919 et
234 877 502 927 Alexander,
534 882 578 919 et
611 883 828 931 quotquot
860 885 982 921 erant

162 933 216 975 de
235 935 393 984 genere
413 933 686 976 sacerdotali.
718 935 775 976 Et
793 938 980 977 statuen-

161 994 228 1031 tes
259 1002 336 1031 eos
367 990 412 1030 in
443 990 605 1040 medio,
640 991 981 1042 interrogabant:
1036 979 1129 1037 '57²2’

1085 307 1183 345 Ant.
1225 303 1388 343 Omnes
1420 303 1589 350 gentes,
1626 301 1850 350 quascum-

1034 370 1118 410 que
1137 357 1294 406 fecisti,
1323 355 1514 405 venient,
1542 359 1585 396 et
1604 354 1851 396 adorabunt

1033 426 1182 455 coram
1199 419 1244 455 te
1262 412 1465 461 Domine,
1485 416 1528 453 et
1546 410 1852 462 glorificabunt

1032 483 1191 511 nomen
1209 474 1342 511 tuum.

1084 525 1132 576 YV.
1159 530 1346 582 Propter
1371 529 1553 580 gloriam
1575 528 1760 569 nominis
1786 529 1851 569 tui

1033 586 1221 627 Domine
1248 585 1385 627 libera
1408 598 1500 626 nos.
1541 589 1589 639 Rg.
1619 585 1675 626 Et
1705 588 1851 637 propi-

1033 642 1118 684 tius
1145 647 1239 684 esto
1262 642 1457 695 peccatis
1485 641 1645 683 nostris
1671 646 1853 693 propter

1033 712 1191 740 nomen
1210 703 1343 740 tuum.

1062 788 1212 827 Sermo
1233 784 1372 826 sancti
1390 783 1606 826 Bernardi
1624 783 1821 825 Abbatis

1033 853 1163 886 Sermo
1182 853 1228 885 15.
1244 862 1359 894 super
1372 852 1540 886 Cantica.
1562 853 1658 885 circu
1676 852 1849 885 medium.

1332 913 1481 953 Lectio
1502 914 1552 952 iv.

1041 986 1047 1000 ⁴
1265 969 1406 1010 otiose
1448 969 1635 1021 Spiritus
1678 973 1854 1010 sanctus

1151 1023 1157 1072 j]
1181 1038 1340 1067 nomen
1375 1026 1526 1077 sponsi
1555 1025 1652 1066 oleo
1681 1027 1853 1078 compa-

160 1046 212 1086 In
232 1059 317 1098 qua
336 1046 511 1096 virtate‚
537 1051 611 1088 aut
632 1047 677 1088 in
700 1060 786 1100 quo
806 1049 980 1090 nomine
1036 1067 1044 1088 ι
1079 1056 1094 1093 ,'
1156 1073 1157 1085 κ

1037 1091 1038 1100 ’
1156 1094 1158 1105 ¹
1180 1087 1257 1131 rat,
1276 1094 1375 1123 cum
1392 1082 1453 1123 ita
1473 1081 1630 1123 doceat
1648 1093 1855 1134 sponsam

160 1102 323 1144 fecistis
358 1102 444 1144 hoc
479 1102 581 1144 vos?
630 1104 754 1145 Tunc
788 1104 980 1156 repletus

158 1158 322 1210 Spiritu
337 1163 489 1200 sancto
502 1159 669 1209 Petrus,
690 1158 798 1202 dixit
817 1160 873 1202 ad
892 1173 982 1202 eos:

159 1214 384 1266 Principes
410 1215 578 1267 populi,
613 1220 656 1257 et
686 1216 882 1257 seniores
911 1229 981 1257 au-

159 1269 265 1312 dite:
292 1270 337 1312 Si
362 1283 444 1312 nos
470 1270 602 1313 hodie
627 1271 914 1323 dijudicamur
940 1273 983 1314 in

157 1326 389 1368 benefacto
415 1326 601 1368 hominis
625 1327 801 1378 infirmi,
829 1329 873 1369 in
895 1341 981 1381 quo

158 1382 240 1424 iste
273 1382 420 1424 salvus
452 1383 593 1424 factus
626 1388 708 1434 est,
746 1389 897 1425 notum
927 1385 983 1426 sit

160 1438 361 1480 omnibus
389 1438 532 1488 vobis,
563 1443 607 1480 et
636 1440 752 1480 omni
778 1440 898 1493 plebi
921 1441 981 1482 Is-

159 1494 265 1535 rael:
285 1495 386 1547 quia
403 1494 447 1535 in
465 1495 639 1537 nomine
653 1496 831 1537 Domini
844 1497 983 1538 nostri

159 1550 185 1590 J
187 1563 264 1591 esu
294 1550 454 1593 Christi
480 1552 712 1602 Nazareni,
747 1565 876 1605 quem
903 1566 982 1595 vos

159 1606 448 1657 crucifixistis,
469 1620 598 1660 quem
616 1608 736 1650 Deus
756 1609 984 1650 suscitavit

159 1674 185 1703 a
211 1662 412 1713 mortuis,
443 1663 487 1704 in
515 1663 601 1705 hoc
629 1664 712 1705 iste
739 1664 884 1706 adstat
913 1677 982 1706 co-

158 1730 253 1759 ram
271 1718 398 1760 vobis
417 1731 558 1761 sanus.
587 1720 672 1761 Hic
687 1725 753 1762 est
766 1720 889 1774 lapis,
910 1721 984 1773 qui

159 1773 423 1827 reprobatus
447 1780 514 1817 est
537 1788 563 1817 a
581 1775 706 1818 vobis
732 1776 983 1818 aedificanti-

160 1830 255 1880 bus,
278 1831 352 1883 qui
370 1831 510 1873 faetus
530 1837 597 1874 est
614 1833 658 1873 in
675 1837 807 1885 caput
824 1833 983 1883 anguli:

160 1891 204 1929 et
222 1899 310 1928 non
329 1892 396 1929 est
414 1887 458 1929 in
478 1888 563 1930 alio
580 1888 728 1940 aliquo
744 1889 871 1930 salus.
889 1889 983 1930 Nec

161 1943 275 1985 enim
311 1943 429 1986 aliud
464 1957 624 1986 nomen
657 1949 724 1986 est
755 1945 835 1986 sub
868 1944 982 1986 coelo

161 1999 312 2042 datum
330 1999 592 2051 hominibus,
611 2001 655 2041 in
675 2014 762 2053 quo
781 2004 984 2054 oporteat

159 2069 240 2098 nos
259 2056 406 2098 salvos
425 2056 530 2098 fieri.

213 2119 262 2169 Re.
296 2115 507 2159 Laudabo
539 2129 700 2159 nomen
730 2121 853 2158 tuum
880 2120 983 2159 assi·

162 2171 257 2222 due,
276 2176 298 2197 ¹⁸¹
319 2173 377 2214 Et
396 2173 657 2215 collaudabo
681 2173 790 2215 illud
813 2174 858 2214 in
881 2187 981 2215 con-

161 2228 360 2270 fessione.
392 2225 440 2277 V.
464 2229 672 2272 Laetabor
691 2234 734 2272 et
753 2230 982 2272 exsultabo

161 2284 205 2324 in
223 2289 281 2326 te:
304 2285 490 2337 psallam
511 2286 677 2327 nomini
694 2291 787 2336 tuo,
811 2286 981 2328 Altissi-

161 2352 242 2382 me.
269 2340 335 2382 Et.
364 2341 515 2383 Gloria
531 2342 661 2384 Patri.
688 2342 755 2384 Et.

388 2422 436 2460 In
461 2422 511 2461 ΙΙ.
535 2423 754 2462 Nocturno.

215 2485 311 2526 Ant.
332 2485 550 2526 Memores
569 2490 696 2527 erunt
714 2486 901 2526 nominis
919 2485 983 2527 tui

162 2540 350 2581 Domine
383 2540 429 2581 in
469 2542 587 2582 omni
622 2542 904 2592 generatione
940 2546 983 2583 et

163 2596 497 2648 generationem.

216 2657 313 2696 Ant.
332 2656 604 2707 Magnificate
614 2658 730 2698 Dfim
743 2670 924 2706 mecum,
937 2662 980 2699 et

165 2712 403 2754 exaltemus
422 2726 579 2755 nomen
603 2715 693 2765 ejus
717 2715 760 2754 in
783 2714 983 2766 idipsum.

1035 1138 1091 1179 ad
1110 1151 1320 1191 sponsum
1343 1138 1547 1179 clamare:
1573 1138 1728 1179 Oleum
1752 1137 1855 1179 effu-

1035 1207 1131 1235 sum
1148 1207 1307 1236 nomen
1322 1199 1455 1236 tuum.
1484 1194 1640 1236 Oleum
1662 1194 1855 1246 enim-lu-

1035 1255 1120 1300 cet,
1138 1251 1296 1303 pascit,
1316 1255 1359 1292 et
1378 1251 1510 1301 ungit.
1543 1251 1683 1292 Fovet
1700 1251 1854 1301 ignem,

1034 1307 1170 1348 nutrit
1190 1319 1379 1356 carnem,
1402 1307 1508 1348 lenit
1533 1306 1745 1348 dolorem:
1770 1305 1855 1354 lux,

1035 1362 1174 1413 cibus,
1202 1362 1426 1404 medicina.
1462 1362 1577 1404 Vide
1601 1362 1718 1404 idem
1741 1374 1855 1403 nunc

1036 1424 1079 1460 et
1104 1418 1159 1460 de
1185 1419 1336 1471 sponsi
1362 1419 1551 1460 nomine:
1583 1419 1721 1460 Lucet
1746 1431 1854 1471 prae-

1035 1475 1238 1524 dicatum,
1256 1475 1398 1527 pascit
1416 1475 1717 1526 recogitatum,
1737 1475 1855 1516 invo—

1036 1534 1182 1573 catum
1200 1531 1316 1581 lenit,
1336 1536 1380 1573 et
1398 1532 1529 1582 ungit.
1557 1532 1614 1573 Et
1632 1533 1855 1584 percurra-

1034 1601 1131 1628 mus
1158 1587 1337 1638 singula.
1380 1587 1507 1629 Unde
1534 1592 1662 1640 putas
1689 1587 1734 1627 in
1760 1591 1856 1628 toto

1036 1643 1143 1685 orbe
1167 1648 1288 1684 tanta
1313 1648 1355 1685 et
1380 1648 1470 1685 tam
1489 1643 1632 1685 subita
1650 1642 1754 1685 fidei
1771 1643 1856 1692 lux,

1035 1700 1118 1740 nisi
1152 1699 1206 1741 de
1248 1700 1491 1752 praedicato
1523 1700 1698 1741 nomine
1730 1698 1856 1740 Jesu?

1035 1756 1192 1798 Nonne
1211 1756 1255 1797 in
1273 1756 1397 1808 hujus
1416 1756 1602 1797 nominis
1621 1756 1717 1797 luce
1735 1756 1856 1797 Deus

1035 1825 1116 1854 nos
1144 1813 1319 1854 vocavit
1351 1813 1394 1853 in
1429 1812 1684 1853 admirabile
1711 1812 1856 1853 lumen

1035 1881 1176 1918 suum,
1201 1868 1356 1920 quibus
1376 1868 1645 1918 illuminatis,
1671 1872 1715 1909 et
1732 1868 1776 1908 in
1794 1868 1855 1909 lu-

1035 1925 1151 1966 mine
1169 1924 1256 1965 isto
1276 1924 1524 1966 videntibus
1548 1924 1711 1973 lumen,
1740 1923 1857 1966 dicat

1034 1981 1190 2022 merito
1221 1979 1396 2021 Paulus:
1427 1980 1588 2021 Fuistis
1621 1980 1855 2032 aliquando

1034 2036 1242 2086 tenebrae,
1278 2049 1391 2078 nunc
1422 2041 1567 2078 autem
1595 2036 1671 2078 lux
1698 2037 1742 2077 in
1769 2037 1855 2078 Do-

1034 2091 1176 2134 mino?

1087 2155 1135 2205 Rz.
1171 2153 1355 2206 Sperent
1381 2153 1425 2194 in
1452 2158 1511 2203 te,
1543 2153 1617 2205 qui
1642 2154 1856 2194 noverunt

1034 2222 1193 2250 nomen
1220 2214 1357 2251 tuum:
1378 2210 1400 2233 ¹⁸¹
1428 2210 1643 2260 Quoniam
1669 2222 1757 2250 non
1784 2207 1854 2250 de-

1034 2265 1250 2317 reliquisti
1292 2267 1538 2317 quaerentes
1578 2270 1623 2307 te
1658 2265 1854 2306 Domine.

1035 2319 1083 2368 V.
1116 2321 1314 2373 Exsurge
1342 2322 1546 2371 Domine,
1582 2321 1737 2373 adjuva
1763 2333 1854 2370 nos,

1035 2381 1079 2419 et
1096 2377 1233 2419 libera
1251 2391 1332 2419 nos
1350 2382 1535 2431 propter
1548 2389 1707 2419 nomen
1722 2381 1854 2418 tuum.

1035 2434 1259 2484 Quoniam.
1610 2437 1613 2440 ’

1339 2486 1489 2527 Lectio
1510 2500 1545 2525 v.

1034 2542 1183 2646 Hoc
1216 2545 1403 2599 denique
1429 2558 1588 2588 nomen
1616 2558 1764 2587 coram
1791 2546 1853 2585 re-

1137 2602 1279 2654 gibus,
1299 2608 1342 2644 et
1361 2602 1589 2652 Gentibus,
1613 2606 1656 2643 et
1674 2601 1773 2642 filiis
1794 2601 1853 2641 Is-

1035 2658 1126 2699 rael
1148 2661 1328 2711 portare
1352 2660 1492 2710 jussus
1516 2662 1584 2699 est
1602 2657 1717 2699 idem
1735 2657 1852 2708 Apo-

1035 2714 1188 2764 stolus,
1233 2719 1277 2756 et
1313 2714 1520 2767 portabat
1555 2725 1712 2755 nomen
1747 2717 1852 2753 tam-
