2080 2990
226 219 321 265 [238]

629 226 802 259 Officium
829 226 1003 259 votivum
1028 225 1073 258 dc
1100 222 1287 257 Pas-sione
1313 221 1355 254 D.
1378 221 1421 255 N.
1442 221 1475 254 J.
1498 221 1537 254 C.

278 315 457 356 Domini
477 319 543 356 est
563 314 696 355 salus:
715 314 739 340 *
764 319 808 355 et
826 326 958 365 super
977 315 1053 365 po-
1106 323 1205 352 cera
1225 310 1472 362 liquescens
1492 310 1516 336 *
1535 310 1580 351 in
1602 309 1749 352 medio
1769 309 1936 351 ventris

227 371 377 424 pulum
397 375 519 412 tuum
539 370 791 412 benedictio
811 374 897 411 tua.

281 429 378 468 Ant.
409 426 681 478 Multiplicati
703 430 804 467 sunt
826 425 899 477 qui
919 424 1053 466 tribu-

226 483 316 524 lant
350 494 439 532 me;
477 482 601 523 multi
639 482 868 533 insurgunt
904 480 1053 522 adver-

227 551 323 579 sum
340 550 421 579 me.

282 597 378 635 Ant.
408 594 668 635 Diviserunt.

509 655 703 694 l'salmus
723 656 779 693 21.

319 718 395 746 eus
418 705 540 746 Deus
563 718 687 746 meus
711 704 881 756 respice
904 703 947 744 in
971 716 1055 744 me:

322 773 457 812 quare
476 773 546 802 me
571 758 862 812 dereliquisti?
882 760 905 785 *
924 759 1054 809 longe

227 829 251 857 a
297 816 437 858 salute
482 829 579 858 mea
619 816 754 857 verba
795 814 1054 856 delictorum

226 875 435 914 meorum.

279 929 401 969 Deus
432 941 555 969 meus
588 926 787 968 clamabo
819 939 899 978 per
928 925 1054 975 diem,

228 988 272 1025 et
290 996 378 1025 non
397 982 620 1025 exaudies:
640 983 663 1008 *
683 987 727 1024 et
744 987 886 1031 nocte,
905 987 950 1023 et
967 994 1055 1022 non

229 1039 285 1080 ad
303 1040 591 1091 insipientiam
610 1038 727 1079 mihi.

279 1095 347 1135 Tu
379 1100 525 1136 autem
555 1095 600 1135 in
634 1099 787 1136 sancto
815 1093 1004 1143 habitas,
1031 1093 1055 1119 *

228 1150 322 1191 laus
341 1151 488 1191 Israel.

279 1207 330 1246 In
354 1211 397 1247 te
421 1208 706 1259 speraverunt
728 1210 878 1257 patres
902 1204 1056 1246 nostri:

228 1263 252 1288 *
271 1264 566 1314 speraverunt,
587 1267 630 1303 et
650 1261 847 1303 liberasti
866 1273 954 1301 eos.

279 1317 352 1359 Ad
377 1322 421 1359 te
448 1318 763 1366 clamaverunt,
795 1321 839 1358 et
865 1316 975 1358 salvi
998 1316 1057 1357 fa-

227 1374 285 1415 cti
305 1374 508 1414 sunt:*in
526 1378 571 1415 te
591 1375 890 1426 speraverunt,
911 1377 955 1414 et
969 1385 1057 1413 non

228 1434 328 1471 sunt
347 1430 529 1471 confusi.

280 1486 375 1536 Ego
401 1490 547 1527 autem
573 1498 669 1527 sum
695 1486 874 1534 vermis,
901 1489 945 1526 et
970 1497 1058 1526 non

229 1541 378 1583 homo:
396 1542 420 1567 *
441 1541 729 1594 opprobrium
747 1541 990 1591 hominum,
1015 1545 1059 1583 et

230 1597 414 1649 abjectio
434 1597 588 1649 plebis.

284 1653 446 1694 Omnes
469 1652 668 1695 videntes
694 1665 782 1701 me,
813 1652 1059 1695 deriserunt

229 1720 316 1749 me:
341 1709 364 1734 *
391 1708 527 1750 locuti
551 1714 652 1750 sunt
675 1708 820 1758 labiis,
846 1713 890 1750 et
913 1711 1059 1750 move-

230 1769 331 1806 runt
351 1769 494 1816 caput.

276 1820 477 1872 Speravit
488 1820 531 1861 in
542 1821 653 1870 Dim,
663 1821 819 1873 eripiat
830 1820 974 1863 eum:*
984 1820 1060 1861 sal-

230 1889 334 1916 vum
349 1876 479 1918 feciat
494 1889 604 1926 eum,
621 1878 826 1929 quoniam
840 1877 934 1918 vult
949 1889 1059 1918 eum.

283 1932 499 1982 Queniam
516 1937 565 1974 tu
579 1946 637 1982 es,
657 1933 731 1984 qui
746 1932 975 1975 extraxisti
989 1945 1060 1974 me

234 1987 289 2029 de
306 1993 473 2030 ventre:
492 1990 515 2016 *
535 2002 639 2041 spes
657 2002 755 2030 mea
774 1989 831 2031 ab
849 1988 1060 2031 uberibus

232 2044 384 2085 matris
409 2057 529 2086 meae.
570 2046 622 2086 In
644 2050 688 2087 te
714 2047 937 2098 projectus
961 2058 1059 2087 sum

234 2112 287 2140 ex
307 2103 448 2141 utero:

285 2156 352 2196 De
371 2160 522 2197 ventre
540 2157 692 2199 matris
711 2170 823 2199 meae
837 2158 958 2199 Deus
972 2169 1059 2199 me-

233 2223 285 2251 us
304 2224 350 2252 es
369 2216 427 2261 tu,
446 2212 469 2237 *
488 2225 544 2253 ne
564 2212 818 2255 discesseris
838 2226 864 2254 a
882 2226 969 2255 me:

286 2267 503 2316 Quoniam
521 2268 745 2310 tribulatio
760 2269 963 2321 proxima
978 2274 1060 2311 est:

234 2323 257 2348 *
278 2323 484 2374 queniam
503 2336 591 2364 non
611 2329 678 2365 est
698 2326 772 2376 qui
793 2324 979 2377 adjuvet.

287 2378 677 2421 Circumdederunt
695 2394 764 2421 me
780 2381 904 2423 vituli
919 2382 1061 2423 multi:

235 2434 258 2460 *
277 2435 390 2475 tauri
409 2435 595 2487 pingues
615 2435 884 2478 obsederunt
902 2450 983 2479 me.

288 2490 567 2542 Aperuerunt
595 2505 726 2544 super
753 2505 823 2534 me
848 2505 898 2534 os
923 2506 1061 2543 suum,

236 2547 260 2572 *
279 2545 390 2586 sicut
410 2546 479 2587 leo
501 2548 676 2599 rapiens
697 2553 741 2589 et
760 2549 947 2600 rugiens.

287 2601 408 2642 Sicut
433 2615 547 2654 aqua
572 2603 735 2645 effusus
762 2617 872 2645 sum:
891 2606 914 2631 *
934 2610 977 2646 et
1000 2605 1061 2647 di-

238 2659 390 2708 spersa
409 2663 509 2699 sunt
529 2659 673 2700 emnia
694 2672 795 2701 ossa
815 2674 923 2702 mea.

289 2713 471 2754 Factum
491 2719 558 2755 est
580 2727 656 2755 cor
674 2728 819 2757 meum
838 2722 1062 2769 tamquam

1105 379 1201 407 mei.

1157 422 1287 463 Aruit
1302 426 1528 474 tamquam
1543 426 1659 463 testa
1673 422 1812 464 virtus
1826 434 1936 471 mea,

1106 483 1149 520 et
1187 478 1335 529 lingua
1374 490 1474 519 mea
1515 477 1702 519 adhaesit
1736 476 1936 520 faucibus

1105 534 1229 576 meis:
1247 534 1270 559 *
1292 539 1336 575 et
1362 534 1406 574 in
1431 533 1661 586 pulverem
1685 533 1840 575 morfis
1865 533 1937 575 de-

1107 590 1272 632 duxisti
1289 603 1371 631 me.

1159 645 1376 695 Queniam
1430 645 1813 687 circumdederunt
1867 657 1937 686 me

1107 714 1237 743 canes
1251 701 1391 743 multi:
1405 702 1429 727 *
1451 702 1686 743 concilium
1700 701 1938 752 malignan-

1106 758 1215 799 tium
1236 757 1411 799 obsedit
1429 770 1511 799 me.

1158 813 1384 855 Foderunt
1407 826 1562 854 manus
1587 826 1709 855 meas
1734 816 1777 854 et
1798 811 1939 864 pedes

1106 882 1243 911 meos:
1259 871 1283 896 *
1300 869 1686 911 dinumeraverunt
1705 868 1852 910 omnia
1871 879 1938 909 os-

1108 938 1156 966 sa
1174 938 1282 967 mea.
1938 951 1942 955 -

1159 981 1253 1034 Ipsi
1271 994 1378 1023 vero
1404 981 1796 1023 consideraverunt
1815 983 1860 1022 et
1877 979 1940 1020 in-

1109 1039 1350 1090 spexerunt
1387 1051 1475 1080 me:
1512 1039 1543 1064 *‘
1573 1037 1816 1079 diviserunt
1856 1035 1941 1078 sibi

1108 1094 1369 1135 vestimenta
1396 1107 1510 1144 mea,
1539 1099 1583 1136 et
1610 1105 1744 1146 super
1770 1097 1940 1134 vestem

1107 1162 1251 1191 meam
1269 1150 1480 1192 miserunt
1500 1154 1675 1191 sortem.

1160 1206 1230 1247 Tu
1255 1211 1401 1248 autem
1419 1206 1608 1248 Demine
1631 1219 1687 1247 ne
1711 1204 1941 1256 elongave-

1109 1262 1168 1302 ris
1195 1262 1405 1303 auxilium
1429 1267 1555 1304 tuum
1581 1274 1607 1303 a
1629 1274 1715 1303 me:
1733 1261 1758 1287 *
1784 1260 1842 1302 ad
1869 1259 1941 1302 de-

1110 1318 1355 1360 fensionem
1373 1331 1518 1360 meam
1537 1317 1757 1370 censpice.

1161 1374 1278 1415 Erue
1321 1387 1346 1415 a
1387 1375 1554 1416 framea
1588 1374 1711 1415 Deus
1752 1372 1943 1414 animam

1110 1442 1268 1471 meam:
1287 1431 1311 1456 *
1332 1435 1376 1472 et
1400 1429 1455 1473 de
1473 1443 1606 1471 manu
1629 1429 1750 1471 canis
1768 1428 1943 1470 unicam

1110 1499 1264 1527 meam.

1162 1543 1292 1584 Salva
1323 1555 1394 1584 me
1427 1555 1482 1584 ex
1513 1555 1590 1584 ore
1621 1542 1777 1584 leonis:
1797 1542 1821 1568 *¹
1841 1545 1886 1584 et
1918 1553 1944 1582 a

1111 1598 1317 1640 cernibus
1350 1599 1623 1640 unicornium
1653 1597 1944 1640 humilitatem

1111 1667 1265 1696 meam.

1162 1709 1367 1751 Narrabo
1396 1722 1559 1752 nomen
1586 1714 1711 1751 tuum
1737 1709 1945 1752 fratribus

1112 1766 1240 1808 meis:
1267 1767 1291 1792 *
1318 1766 1363 1807 in
1390 1765 1538 1808 medio
1568 1765 1767 1808 ecclesiae
1796 1765 1944 1807 lauda-

1111 1822 1171 1864 bo
1189 1826 1245 1863 te.

1166 1878 1251 1928 Qui
1281 1877 1445 1919 timetis
1476 1877 1735 1928 Deminum,
1767 1876 1945 1919 laudete

1114 1947 1229 1976 eum:
1266 1935 1291 1961 *
1326 1934 1579 1975 universum
1621 1946 1772 1976 semen
1806 1933 1944 1976 Jacob

1113 1990 1358 2041 glorificate
1377 2003 1488 2031 eum.

1166 2047 1340 2088 Timeat
1361 2059 1461 2088 eum
1480 2059 1609 2088 omne
1629 2059 1780 2088 semen
1793 2045 1946 2088 Israel:

1114 2104 1138 2129 *
1159 2103 1366 2155 queniam
1384 2115 1474 2145 non
1496 2103 1680 2155 sprevit,
1705 2115 1848 2154 neque
1872 2101 1944 2144 de-

1115 2159 1260 2212 spexit
1280 2158 1639 2211 deprecationem
1656 2158 1880 2211 pauperis:

1164 2215 1260 2256 Nec
1279 2215 1438 2256 avertit
1457 2215 1615 2256 faciem
1634 2227 1759 2255 suam
1777 2227 1803 2255 a
1821 2227 1907 2256 me:
1921 2215 1945 2240 *

1115 2276 1159 2313 et
1178 2283 1279 2312 cum
1299 2270 1537 2312 clamarem
1556 2269 1613 2312 ad
1632 2283 1747 2320 eum,
1769 2269 1944 2312 exaudi-

1114 2327 1176 2369 vit
1194 2339 1276 2368 me.

1166 2381 1301 2435 Apud
1334 2386 1379 2424 te
1414 2382 1511 2423 laus
1545 2394 1644 2423 mea
1681 2382 1726 2423 in
1758 2382 1945 2424 ecclesia

1113 2451 1285 2489 magna:
1300 2439 1324 2465 *
1339 2442 1443 2479 vota
1461 2450 1559 2479 mea
1579 2437 1765 2479 reddam
1782 2438 1827 2479 in
1844 2450 1944 2479 con-

1115 2496 1270 2547 spectu
1289 2493 1533 2535 timentium
1553 2506 1663 2535 eum.

1166 2550 1311 2592 Edent
1340 2552 1578 2602 pauperes,
1612 2555 1657 2591 et
1686 2549 1944 2591 saturabun-

1114 2611 1200 2648 tur:
1241 2610 1285 2647 et
1322 2604 1564 2647 laudabunt
1596 2605 1837 2647 Dominum
1869 2605 1944 2658 qui

1115 2665 1342 2714 requirunt
1366 2674 1480 2702 eum:
1499 2663 1522 2688 *
1541 2662 1690 2703 vivent
1713 2661 1850 2704 corda
1874 2663 1944 2703 eo-

1115 2731 1212 2759 rum
1232 2718 1276 2758 in
1296 2717 1506 2758 saeculum
1525 2717 1686 2759 saeculi.
