2040 2990
194 188 261 223 214

247 284 292 335 Y.
326 286 494 328 Notum
523 286 625 329 fecit
654 286 891 337 Dominus,
924 287 1024 329 alle-

193 342 288 394 luia.
322 346 372 396 Rz.
393 343 592 386 Salutare
611 356 750 394 suum,
769 343 952 395 alleluja.

529 402 693 445 Oratio.

267 456 450 506 oncede‚
471 459 723 509 quaesumus
743 460 1022 510 omnipotens

278 512 415 554 Deus:
440 518 488 555 ut
513 526 595 555 nos
614 513 837 565 Unigeniti
860 514 924 555 tui
950 527 1022 555 no-

192 582 245 610 va
276 582 357 622 per
389 583 567 612 carnem
601 570 644 611 N
646 571 821 612 ativitas
856 570 1022 622 liberet,

192 638 304 678 quos
324 626 406 668 sub
429 627 600 680 peccati
620 628 721 678 jugo
742 630 916 669 vetusta
936 629 1022 669 ser-

191 682 306 724 vitus
324 687 455 725 tenet.

431 747 488 781 De
513 750 547 782 ὃ.
574 750 781 792 Stephano.

242 800 341 840 Ant.
362 796 638 849 Sepelierunt
652 795 923 849 Stephanum
940 797 1020 838 viri

189 852 394 901 timorati,
415 857 459 894 et
477 853 675 895 fece‘runt
693 852 919 905 planctum
933 868 1021 896 ma-

189 922 322 960 gnum
342 922 475 962 super
495 922 604 951 eum.

241 966 291 1018 Ψ,
321 965 569 1019 Stephanus
596 966 706 1008 vidit
732 966 872 1009 coelos
897 981 1020 1021 aper-

188 1025 273 1063 tos.
310 1029 361 1080 R
396 1022 523 1064 Vidit
551 1027 595 1064 et
622 1023 835 1065 introivit:
863 1024 1020 1067 beatus

188 1047 345 1130 homo,
354 1079 424 1120 cui
444 1079 545 1122 coeli
563 1079 787 1134 patebant

520 1144 591 1184 Or
584 1143 684 1184 [tio.

187 1187 301 1296 Da
338 1192 484 1244 nobis,
526 1197 778 1246 quaesumus
814 1195 1019 1247 Domine,

292 1250 453 1292 imitari
487 1251 608 1303 quod
641 1251 840 1303 colimus,
873 1257 922 1294 ut
958 1252 1019 1294 di—

187 1309 362 1349 scamus
391 1312 435 1349 et
461 1308 662 1350 inimicos
691 1308 887 1361 diligere:
917 1310 1019 1362 quia

188 1364 278 1416 ejus
301 1364 500 1406 natalitia
524 1365 815 1416 celebramus,
846 1366 920 1419 qui
942 1379 1018 1408 no-

187 1421 250 1462 vit
280 1421 411 1462 etiam
439 1434 521 1475 pro
552 1422 913 1475 persecutoribus
948 1436 1018 1465 ex-

187 1479 315 1519 orare
351 1478 591 1520 Dominum
633 1484 834 1521 nostrum
867 1480 1018 1522 Jesum

187 1533 409 1576 Christum
428 1535 588 1577 Filium
606 1540 741 1577 tuum.

451 1602 507 1637 Dc
533 1602 568 1637 S.
595 1603 756 1638 Joanne.

242 1653 341 1693 Ant.
376 1649 495 1691 Exiit
527 1662 672 1691 sermo
705 1650 818 1692 inter
847 1650 1017 1701 fratres,

187 1705 307 1758 quod
332 1705 573 1759 discipulus
602 1706 675 1748 ille
703 1720 791 1748 non
815 1709 1017 1760 moritur3

186 1766 230 1803 et
254 1775 343 1804 non
372 1762 485 1805 dixit
508 1763 653 1814 Jesus,
688 1764 790 1806 Non
814 1765 1016 1807 moritur:

185 1817 282 1868 sed,
309 1819 381 1861 Sic
405 1832 505 1861 eum
524 1820 847 1872 volo-manere,
874 1821 1016 1865 donec

185 1887 366 1917 vemam.

239 1929 289 1981 Ψ
307 1932 452 1974 Valde
473 1933 759 1976 honorandus
776 1938 843 1976 est
858 1934 1015 1978 beatus

184 1987 209 2028 J
212 1990 387 2030 oannes
420 1993 473 2045 R
495 1990 579 2040 Qui
598 2004 732 2044 supra
751 1997 907 2044 pectus
926 1993 1015 2034 Do-

185 2044 290 2085 mini
310 2045 354 2086 in
374 2058 500 2088 coena
519 2046 730 2089 recubuit

518 2107 682 2150 Oratio.

269 2158 474 2200 eclesiam
515 2163 636 2201 tuam
671 2160 859 2203 Domine
894 2162 1013 2204 beni-

279 2227 389 2266 gnus
408 2215 596 2257 illustra:
617 2221 665 2257 ut
684 2216 803 2259 beati
822 2218 846 2259 J
849 2219 1014 2270 oannis,

185 2270 393 2324 Apostoli
421 2272 486 2313 tui
514 2277 557 2314 et
582 2272 892 2325 Evangeh'stae‚
921 2276 1014 2318 illu-

184 2327 350 2369 minata
375 2328 606 2380 doctrinis,
634 2329 692 2371 ad
720 2330 836 2372 dona
862 2334 1013 2384 perve-

185 2384 277 2426 niat
295 2385 572 2438 sempiterna.

378 2445 434 2479 De
459 2447 515 2479 Ss.
540 2446 824 2482 innocentibus.

238 2499 338 2540 Ant.
366 2499 628 2540 Innocentes
652 2512 734 2551 pro
757 2499 931 2543 Christo
953 2502 1013 2542 in-

184 2555 326 2596 fantes
351 2554 484 2596 occisi
507 2560 624 2605 sunt,
652 2555 707 2597 ab
734 2556 884 2609 iniquo
910 2571 1014 2609 rege

184 2611 397 2653 lactentes
416 2611 635 2653 interfecti
654 2618 770 2654 sunt:
789 2614 934 2666 ipsum
949 2628 1012 2656 se-

185 2672 376 2720 quuntur
392 2668 566 2720 Agnum
583 2668 675 2710 sine
690 2670 871 2721 macula,
891 2677 936 2713 et
953 2671 1012 2713 di-

185 2730 288 2768 cunt
314 2738 504 2778 semper:
531 2725 685 2767 Gloria
711 2726 790 2768 tibi
814 2727 1013 2770 Domine.

653 197 853 231 Dominica
881 198 978 231 infra
1005 202 1189 232 Octavam
1212 198 1449 232 Nativitatis.

1131 289 1181 341 V
1201 287 1291 330 Sub
1311 288 1471 331 throno
1490 290 1575 332 Dei
1594 303 1749 334 omnes
1769 294 1908 336 sancti

1078 343 1281 386 clamant.
1328 351 1379 402 R
1423 346 1613 389 Vindica
1653 350 1908 424 sanguinem

1077 405 1278 442 nostrum
1296 402 1418 444 Deus
1437 408 1600 446 noster.

1411 464 1578 506 Oratio.

1076 508 1254 615 Deus,
1277 516 1398 567 cujus
1418 515 1632 559 hodierna
1651 517 1723 559 die
1738 518 1906 568 praeco-

1173 571 1293 613 nium
1307 572 1572 615 Innocentes
1585 574 1804 626 Martyres
1818 586 1906 615 non

1076 626 1318 679 loquendo,
1354 629 1433 672 sed
1459 630 1689 673 moriendo
1718 629 1907 672 confessi

1076 689 1190 726 sunt:
1207 686 1353 728 omnia
1370 687 1414 727 in
1429 687 1559 729 nobis
1569 688 1778 730 vitiorum
1791 686 1907 728 mala

1075 742 1306 794 mortifica;
1346 748 1395 786 ut
1434 744 1569 786 fidem
1604 749 1741 795 tuam,
1774 756 1906 796 quam

1075 797 1222 850 lingua
1245 805 1397 842 nostra
1421 801 1632 854 loquitur,
1661 802 1793 843 otiam
1815 802 1905 842 mo-

1076 854 1196 897 ribus
1217 857 1306 899 vita
1323 857 1523 900 fateatur.
1552 859 1637 901 Per
1656 858 1906 900 Dominum.

1235 934 1323 975 Ad
1355 935 1745 977 Matutinum.

1127 1000 1265 1035 Omnia
1292 1001 1473 1036 dicuntur
1497 1002 1597 1037 sicut
1617 1003 1657 1037 in
1676 1003 1738 1038 die
1755 1004 1904 1039 Nativi-

1073 1049 1178 1093 tatis7
1212 1048 1287 1084 178.
1316 1054 1458 1093 praeter
1481 1050 1569 1085 Ant.
1596 1051 1645 1086 ad
1669 1051 1904 1087 Benedictus

1074 1103 1109 1131 et
1138 1098 1186 1131 ad
1217 1098 1454 1140 Magnificat,
1487 1099 1726 1142 Orationem,
1756 1100 1904 1136 Lectio-

1074 1156 1142 1180 nes
1168 1151 1203 1180 ct
1228 1146 1504 1190 Responsoria.
1929 1151 1935 1158 '

1128 1195 1211 1228 llac
1234 1200 1345 1229 noete
1367 1196 1524 1239 ponitur
1540 1196 1717 1240 Epistola
1733 1197 1775 1232 B.
1791 1197 1904 1233 Pauli

1073 1243 1121 1277 ad
1153 1243 1366 1285 Romanos,
1400 1248 1436 1278 ct
1467 1244 1513 1279 de
1544 1255 1605 1288 ea,
1637 1250 1673 1280 et
1703 1246 1791 1280 aliis
1821 1247 1903 1290 ejus

1074 1291 1262 1335 Epistolis
1287 1292 1428 1335 legitur
1453 1304 1575 1337 usque
1602 1294 1652 1328 ad
1676 1294 1903 1339 Septuages.

1314 1360 1364 1399 In
1386 1359 1416 1398 I.
1439 1359 1474 1398 N
1477 1359 1663 1400 coturno.

1072 1422 1231 1475 Incipit
1254 1421 1456 1476 Epistola
1479 1422 1528 1463 Β.
1549 1422 1676 1464 Pauli
1693 1423 1904 1476 Apostoli

1333 1478 1392 1520 ad
1410 1479 1648 1521 Romanos.

1176 1538 1330 1580 Lectio
1351 1539 1375 1579 i.
1637 1538 1740 1593 Cap.
1760 1542 1789 1582 1.

1079 1617 1082 1620 -
1167 1593 1311 1635 aulus
1331 1606 1484 1636 servus
1503 1593 1529 1634 J
1531 1606 1609 1636 esu
1628 1593 1804 1645 Christi,
1827 1607 1902 1637 vo-

1078 1668 1085 1676 =
1203 1653 1328 1692 catus
1354 1650 1618 1704 Apostolus,
1645 1653 1902 1703 segregatus

1202 1707 1246 1748 in
1256 1707 1544 1759 Evangelium
1552 1707 1649 1758 Dei,
1665 1707 1786 1760 quod
1800 1713 1902 1750 ante

1069 1766 1336 1818 promiserat
1359 1777 1439 1818 per
1464 1764 1705 1817 prophetas
1729 1777 1833 1806 suos
1856 1765 1902 1806 in

1069 1821 1309 1874 Scripturis
1329 1821 1494 1863 sanctis
1511 1820 1566 1863 de
1581 1821 1694 1862 Filio
1712 1833 1805 1872 suo,
1826 1822 1901 1875 qui

1068 1878 1211 1920 faetus
1237 1882 1306 1920 est
1331 1878 1371 1920 ei
1398 1891 1453 1920 ex
1477 1877 1644 1920 semine
1664 1877 1811 1920 David
1835 1891 1899 1920 se-

1068 1935 1262 1978 cundum
1290 1947 1483 1986 carnem,
1513 1935 1588 1988 qui
1614 1933 1899 1988 praedestina-

1068 1997 1140 2034 tus
1160 1996 1227 2035 est
1245 1991 1384 2034 Filius
1400 1991 1485 2034 Dei
1503 1991 1548 2033 in
1566 1991 1728 2034 virtute
1748 1995 1899 2035 secun-

1069 2049 1174 2092 dum
1202 2049 1407 2103 spiritum
1435 2049 1816 2100 sanctificationis,
1845 2062 1899 2091 ex

1067 2106 1389 2149 resurrectione
1395 2106 1700 2147 mortuorumJ
1703 2118 1781 2148 esu
1787 2105 1901 2148 Chri-

1068 2164 1123 2205 sti
1142 2163 1323 2205 Domini
1342 2163 1497 2204 nostri:
1523 2175 1603 2215 per
1628 2175 1759 2216 quem
1777 2165 1898 2205 acce-

1066 2220 1212 2273 pimus
1230 2219 1432 2271 gratiam,
1457 2223 1500 2261 et
1520 2219 1822 2272 apostolAtum
1841 2219 1898 2262 ad

1067 2275 1364 2319 obediendum
1382 2275 1487 2317 fidei
1506 2275 1550 2316 in
1565 2275 1769 2318 omnibus
1783 2275 1896 2318 Gen-

1066 2333 1184 2375 tibus
1211 2345 1294 2386 pro
1320 2332 1496 2374 nomine
1524 2333 1631 2384 ejus,
1662 2332 1707 2373 in
1737 2332 1897 2385 quibus

1067 2389 1174 2432 estis
1194 2395 1239 2431 et
1258 2401 1338 2430 vos
1358 2388 1504 2430 vocati
1523 2388 1548 2430 J
1551 2401 1629 2430 esu
1649 2388 1827 2430 Christi:
1852 2390 1896 2430 ὀ-

1065 2445 1239 2487 mnibus
1273 2445 1348 2497 qui
1382 2449 1483 2486 sunt
1517 2445 1690 2495 Romae,
1723 2444 1896 2487 dilectis

1065 2503 1164 2553 Dei,
1188 2502 1356 2544 vocatis
1376 2501 1549 2543 sanctis
1585 2501 1739 2543 Gratia
1757 2501 1895 2552 vobis,

1067 2565 1111 2602 et
1133 2572 1218 2612 pax
1238 2572 1263 2600 a
1283 2559 1380 2600 Deo
1400 2559 1532 2600 Patre
1551 2563 1720 2609 nostro,
1745 2563 1789 2601 et
1807 2559 1895 2600 Do-

1066 2617 1184 2658 mino
1204 2615 1228 2656 J
1231 2628 1308 2657 esu
1329 2615 1516 2656 Christo.

1119 2675 1169 2728 R.
1194 2671 1342 2713 Hodie
1360 2671 1488 2713 nobis
1508 2671 1564 2713 de
1585 2671 1699 2714 coelo
1718 2684 1807 2725 pax
1824 2683 1895 2713 ve-

1067 2743 1114 2771 ra
1141 2728 1384 2771 descendit:
1414 2732 1438 2757 *
1464 2728 1610 2770 Hodie
1643 2741 1725 2781 per
1750 2732 1894 2771 totum
