2080 2990
217 211 311 258 [162]

835 212 1010 244 Officium
1040 212 1325 244 Defunctorum.

268 309 409 360 Super
431 306 735 348 misericordia
757 311 849 356 tua,
874 312 918 348 et
940 307 1048 348 veri-

216 366 308 406 tate
339 369 433 405 tua:
464 363 487 388 *
522 363 728 415 quoniam
759 362 1049 414 magnificasti

216 432 349 472 super
364 432 505 468 omne,
524 431 685 460 nomen
700 424 900 460 sanctum
914 423 1048 460 tuum.

267 481 318 521 In
334 483 613 532 quacumque
625 479 695 521 die
711 480 977 520 invocavero
993 484 1048 528 te,

217 536 377 578 exaudi
400 549 485 577 me:
509 538 533 562 *
557 534 871 588 multiplicabis
893 535 937 576 in
961 536 1047 576 ani-

215 605 287 633 ma
306 605 404 634 mea
422 593 641 633 virtdtem.

269 653 571 694 Confiteantur
590 652 670 694 tibi
687 652 876 693 Domine
896 664 1048 694 omnes

215 722 342 760 reges
371 715 521 750 terrae:
552 711 578 735 *
611 709 713 761 quia
744 708 977 750 audierunt
1005 710 1048 749 o-

214 766 331 806 mnia
350 765 487 807 verba
506 765 596 806 oris
614 765 692 806 tui:

266 826 324 867 Et
344 830 521 867 cantent
534 825 578 865 in
592 825 674 865 viis
689 824 882 865 Domini:
901 826 924 851 *
944 827 1047 877 quo-

214 882 332 923 niam
350 894 508 933 magna
528 886 595 923 est
614 882 754 933 gloria
772 881 962 923 Domini.

268 943 485 993 Quoniam
514 942 713 983 excelsus
741 942 975 991 Dominus,
1005 947 1049 983 et

214 998 394 1040 humilia
417 998 613 1051 respicit:
638 999 663 1024 *
690 1003 734 1040 et
757 998 846 1040 alta
870 1011 895 1039 a
918 998 1049 1049 longe

215 1055 455 1106 cognoscit.

267 1116 313 1157 Si
337 1115 651 1157 ambulavero
640 1129 683 1155 m
702 1114 849 1157 medio
870 1115 1048 1158 tribula-

214 1172 365 1221 tionis,
398 1171 640 1212 vivificabis
667 1184 757 1212 me:
789 1174 812 1198 ¹⁸¹
842 1176 885 1212 et
915 1185 1050 1224 super

214 1229 324 1269 iram
343 1228 618 1269 inimicorum
637 1230 838 1269 meorum
854 1228 1049 1270 extendi-

215 1284 271 1325 sti
290 1297 468 1325 manum
487 1289 619 1334 tuam,
644 1289 687 1325 et
712 1284 883 1325 salvum
902 1297 973 1326 me
991 1285 1049 1325 fe-

215 1340 274 1381 cit
294 1339 477 1381 dextera
496 1344 583 1381 tua.

266 1401 483 1442 Dominus
525 1401 740 1443 retribuet
779 1414 862 1454 pro
899 1414 988 1443 me:
1026 1403 1049 1427 *

214 1457 404 1498 Domine
440 1457 746 1498 misericordia
781 1463 858 1498 tua
893 1458 938 1498 in
971 1460 1048 1499 sae-

216 1512 376 1553 culum:
406 1515 542 1565 opera
565 1515 773 1555 manuum
796 1516 971 1555 tuarum
995 1527 1049 1555 ne

216 1568 447 1621 despicias.

268 1629 484 1681 Requiem
512 1631 734 1671 aeternam.

268 1698 366 1738 Ant.
385 1698 534 1746 Opera
548 1696 757 1736 manuum
771 1698 947 1737 tuarum
961 1696 1049 1737 Do-

215 1750 331 1791 mine
349 1762 404 1791 ne
425 1750 655 1803 despicias.

271 1808 316 1857 V.
337 1810 501 1852 Audivi
519 1823 675 1852 vocem
695 1811 751 1853 de
771 1812 887 1853 coelo
906 1812 1049 1854 dicen-

214 1871 304 1907 tem
329 1866 445 1907 mihi.
487 1870 534 1920 R.
564 1867 691 1911 Beati
717 1869 881 1909 mortui
907 1869 981 1921 qui
1005 1869 1049 1909 in

214 1922 407 1963 Domino
427 1923 685 1964 moriuntur.

270 1988 335 2028 Ad
369 1989 540 2035 Magnif.
572 1992 667 2030 Ant.
703 1990 847 2030 Omne
876 1990 900 2015 *
929 1989 1051 2041 quod

217 2041 293 2083 dat
320 2042 426 2083 mihi
452 2044 599 2093 Pater,
627 2044 684 2086 ad
711 2057 782 2086 me
810 2045 975 2086 veniet:
1007 2050 1051 2087 et

217 2110 318 2139 eum
343 2099 417 2151 qui
442 2100 561 2140 venit
585 2099 642 2141 ad
664 2113 745 2150 me,
770 2113 859 2142 non
884 2101 1050 2153 ejiciam

216 2154 346 2194 foras.

269 2213 406 2247 Preces
441 2214 697 2256 infrascriptae
728 2215 907 2249 dicuntur
936 2217 1047 2250 flexis

217 2261 394 2299 genibus:
422 2261 598 2295 similiter
625 2268 660 2295 et
685 2263 734 2296 ad
760 2264 922 2297 Laudes.

272 2313 400 2352 Pater
417 2315 580 2351 noster.
600 2322 783 2354 secreto.

271 2371 319 2418 V
334 2371 391 2412 Et
409 2383 464 2411 ne
482 2384 563 2412 nos
581 2370 766 2413 inducas
786 2373 829 2414 in
847 2374 1050 2415 tentatio-

217 2438 329 2468 nem.
365 2429 414 2478 Ra
443 2426 532 2468 Sed
551 2426 688 2468 libera
706 2441 788 2469 nos
808 2442 833 2469 a
852 2429 981 2471 malo.

269 2487 442 2530 Sequens
475 2489 532 2522 l's.
561 2488 694 2522 Lauda
722 2489 851 2523 anima
879 2500 980 2532 mea,
1013 2493 1047 2526 in

218 2535 348 2577 Vcsp..
383 2537 560 2570 similiter
591 2543 625 2570 et
659 2537 716 2570 l’s.
748 2537 805 2571 De
833 2537 1051 2580 profundis,

220 2584 254 2616 in
287 2585 358 2616 fine
386 2584 573 2620 Laudmn.
608 2595 683 2617 non
715 2585 894 2619 dicuntur
924 2587 960 2619 in
987 2588 1047 2620 die¹

218 2630 424 2664 commem.
446 2633 614 2665 omnium
637 2632 824 2666 Fideliurn
842 2634 1049 2667 Defuncto-

218 2689 314 2711 rum.
343 2689 464 2721 neque
495 2680 527 2711 in
558 2680 617 2712 [lic
646 2681 774 2713 unitus
802 2692 868 2714 scu
895 2682 1048 2724 deposi-

219 2726 334 2758 tinnis
352 2726 538 2759 Dci'uncti.
567 2727 674 2759 Alias
694 2738 845 2770 semper
861 2730 1048 2763 dicuntur.

1365 305 1563 346 Psalmus
1589 308 1673 347 145.

1179 362 1295 404 auda
1309 364 1453 405 anima
1467 377 1566 406 mea
1579 364 1829 412 Dominum,
1843 362 1932 404 lau-

1197 418 1314 460 dabo
1334 419 1572 462 Dominum
1595 420 1639 461 in
1662 420 1753 462 vita
1770 432 1884 461 mea:
1909 421 1932 446 *

1100 475 1287 527 psallam
1306 476 1404 518 Deo
1427 489 1527 518 meo
1548 476 1759 529 quamdiu
1775 475 1911 517 fuero.

1152 531 1302 573 Nolite
1329 531 1553 574 confidere
1576 532 1621 573 in
1644 530 1934 585 principibus:

1100 590 1124 614 *
1148 587 1193 628 in
1215 587 1317 629 filiis
1340 587 1579 638 hominum,
1602 588 1647 629 in
1668 587 1827 640 quibus
1844 599 1935 628 non

1102 649 1169 685 est
1188 644 1317 686 salus.

1153 701 1303 743 Exibit
1318 702 1500 755 spiritus
1515 701 1618 752 ejus,
1633 706 1677 743 et
1691 701 1935 742 revertetur

1101 757 1146 798 in
1172 762 1337 799 terram
1361 771 1502 799 suam:
1530 760 1555 786 *
1577 757 1622 798 in
1646 757 1721 798 illa
1744 756 1815 798 die
1838 769 1935 809 per-

1102 814 1228 855 ibunt
1249 827 1401 856 omnes
1421 814 1715 866 cogitationes
1735 815 1899 855 eorum.

1155 871 1337 921 BeatuS‚
1364 872 1485 923 cujus
1509 871 1631 912 Deus
1654 869 1793 911 Jacob
1819 868 1935 921 adju-

1101 931 1171 968 tor
1195 928 1297 979 ejus,
1322 940 1424 980 spes
1450 929 1541 979 ejus
1562 927 1606 967 in
1623 926 1816 967 Domino
1835 926 1934 967 Deo

1101 983 1255 1036 ipsius:
1273 985 1298 1011 *
1314 984 1388 1036 qui
1403 984 1508 1025 fecit
1525 983 1686 1024 coelum
1702 987 1747 1024 et
1760 987 1936 1031 terram,

1100 1053 1233 1089 mare,
1254 1045 1298 1082 et
1317 1040 1473 1089 omnia,
1495 1052 1594 1092 quae
1612 1040 1657 1080 in
1676 1039 1739 1081 eis
1758 1043 1869 1080 sunt.

1155 1096 1240 1147 Qui
1264 1096 1458 1138 custodit
1481 1096 1712 1137 veritatem
1732 1095 1777 1136 in
1801 1097 1935 1136 saecu-

1101 1152 1202 1203 lum,
1218 1153 1324 1194 facit
1338 1152 1546 1204 judicium
1559 1152 1761 1204 injuriam
1771 1151 1937 1204 patien-

1102 1209 1237 1250 tibus:
1255 1212 1279 1237 *
1302 1209 1378 1251 dat
1397 1221 1545 1250 escam
1564 1207 1870 1250 esurientibus.

1154 1265 1372 1307 Dominus
1410 1265 1544 1306 solvit
1579 1263 1877 1316 compeditos:
1912 1265 1936 1290 *

1102 1321 1319 1364 Dominus
1347 1322 1562 1362 illuminat
1590 1333 1746 1362 caecos.

1154 1379 1371 1420 Dominus
1400 1379 1528 1428 erigit
1555 1377 1705 1427 elisos,
1736 1379 1760 1404 *
1787 1377 1937 1418 Domi-

1102 1448 1183 1475 nus
1212 1434 1353 1486 diligit
1379 1435 1530 1486 justos.

1154 1492 1370 1533 Dominus
1399 1490 1594 1532 custodit
1623 1489 1833 1540 advenas,
1860 1502 1937 1542 pu-

1102 1548 1256 1601 pillum
1287 1553 1331 1589 et
1363 1547 1542 1589 viduam
1573 1546 1805 1599 suscipiet:
1837 1547 1862 1573 *
1893 1550 1938 1587 et

1103 1605 1196 1646 vias
1224 1607 1509 1657 peccatorum
1537 1602 1776 1656 disperdet.

1155 1660 1378 1711 Regnabit
1422 1659 1638 1701 Dominus
1685 1659 1731 1700 in
1775 1657 1938 1700 saecula

1102 1717 1225 1758 Deus
1244 1722 1346 1758 tuus
1365 1716 1482 1765 Sion,
1502 1717 1527 1743 *
1546 1716 1590 1756 in
1609 1715 1938 1766 generationem

1104 1778 1147 1815 et
1175 1773 1516 1824 generationem.

1158 1831 1204 1870 In
1240 1831 1325 1871 fine
1354 1830 1533 1870 Psalmi:
1568 1827 1786 1880 Requiem
1813 1828 1937 1868 aeter-

1102 1898 1204 1926 nam
1222 1886 1246 1911 *
1266 1883 1384 1926 dona
1404 1884 1467 1926 eis
1486 1884 1686 1926 Domine.

1155 1942 1212 1982 Et
1230 1941 1306 1982 lux
1325 1943 1540 2004 perpetua
1558 1942 1582 1967 *
1600 1940 1747 1982 luceat
1766 1939 1840 1982 eis,

1158 1998 1326 2039 Deinde
1365 1993 1414 2044 V.
1452 1997 1494 2038 A
1531 2002 1662 2050 porta
1697 1995 1834 2038 inferi.
1885 1998 1936 2050 Rz.

1104 2054 1221 2095 Erue
1239 2054 1430 2095 Domine
1449 2054 1617 2095 animas
1637 2054 1801 2095 eorum.

1148 2106 1197 2157 V.
1218 2110 1702 2162 Requiescantinpace.
1720 2112 1771 2164 R.
1785 2108 1937 2149 Amen.

1159 2162 1207 2212 V
1228 2166 1326 2207 Dne
1346 2165 1506 2207 exaudi
1523 2166 1767 2207 orationem
1782 2176 1938 2205 meam.

1105 2224 1155 2262 R
1183 2222 1241 2263 Et
1260 2222 1426 2263 clamor
1444 2234 1568 2263 meus
1588 2220 1644 2263 ad
1662 2226 1708 2262 te
1727 2220 1885 2262 veniat.

1159 2274 1195 2324 λ
1200 2310 1207 2317 .
1246 2278 1463 2319 Dominus
1498 2277 1741 2319 vobiscum.
1794 2280 1844 2331 R.
1881 2276 1939 2318 Et

1105 2346 1205 2375 cum
1224 2334 1381 2386 spiritu
1399 2338 1489 2376 tuo.

1442 2392 1606 2432 Oratio.

1105 2442 1292 2546 DeuS‚
1326 2446 1400 2498 qui
1428 2446 1542 2486 inter
1573 2446 1845 2498 apostolicos
1873 2459 1938 2487 sa·

1208 2501 1425 2551 cerdotes‚
1446 2501 1634 2542 famulos
1648 2507 1749 2543 tuos
1764 2502 1937 2554 pontifi-

1106 2558 1190 2600 cali
1204 2571 1281 2600 seu
1294 2557 1559 2599 sacerdotali
1572 2557 1714 2599 fecisti
1724 2557 1939 2609 dignitate

1106 2616 1270 2665 vigere:
1296 2619 1462 2666 praesta
1491 2616 1760 2666 quaesumus3
1790 2619 1839 2655 ut
1867 2616 1938 2655 eo-

1106 2684 1202 2711 rum
1219 2682 1395 2723 quoque
1410 2671 1627 2722 perpetuo
1644 2672 1938 2721 aggregentur

1106 2726 1341 2768 consortio.
