2040 2990
746 193 856 227 Feria
882 194 1014 237 quinta
1041 195 1089 228 ad
1114 195 1350 230 Matutinum.

197 290 296 330 Ant.
324 290 382 330 Et
409 290 724 332 invocabimus.

414 350 614 391 Psalmus
643 353 706 392 74.

222 407 501 449 onfitebimur
528 407 609 449 tibi
628 409 764 450 Deus:
790 410 813 435 *
842 409 973 450 confi-

248 464 455 514 tebimur,
493 470 536 506 et
568 465 870 507 invocabimus
898 478 972 506 no-

142 534 243 563 men
271 526 405 563 tuum.

195 577 483 619 Narrabimus
498 578 715 619 mirabilia
730 583 821 620 tua:
835 579 858 604 *
874 591 973 619 cum

143 637 357 688 accepero
381 639 568 687 tempus,
595 647 677 687 ego
702 635 889 687 justitias
915 636 972 687 ju-

144 690 314 733 dicabo.

195 748 453 800 Liquefacta
482 753 549 789 est
576 753 709 797 terra,
744 753 788 789 et
820 760 972 789 omnes

144 804 219 857 qui
250 804 451 846 habitant
482 805 526 846 in
556 818 621 846 ea:
654 806 677 831 *
707 817 789 856 ego
818 805 972 846 confir-

142 861 259 902 mavi
287 861 514 903 columnas
545 863 646 914 ejus.

194 918 299 959 Dixi
309 918 485 970 iniquis:
499 918 650 960 Nolite
664 918 812 970 inique
827 921 972 970 agere:

143 976 167 1002 *
196 980 239 1016 et
267 974 640 1027 delinquentibus:
673 975 823 1016 Nolite
858 975 971 1017 exal—

142 1034 237 1073 tare
266 1044 418 1073 cornu:

193 1088 344 1130 Nolite
370 1089 583 1131 extollere
607 1089 651 1129 in
675 1089 811 1130 altum
837 1102 971 1130 cornu

141 1150 352 1186 vestrum:
380 1147 404 1172 *
431 1146 568 1187 nolite
604 1146 727 1198 loqui
760 1145 970 1187 adversus

140 1201 285 1243 Deum
311 1202 598 1254 iniquitatem.

193 1259 305 1308 Quia
338 1272 481 1311 neque
513 1259 568 1300 ab
599 1259 794 1309 Oriente,
827 1270 970 1310 neque

140 1314 195 1355 ab
237 1315 497 1365 Occidente,
537 1328 680 1368 neque
719 1329 744 1356 a
782 1315 969 1357 desertis

139 1371 380 1413 montibus:
404 1374 427 1399 *
455 1373 662 1424 quoniam
689 1372 810 1413 Deus
838 1371 969 1424 judex

141 1432 220 1469 est.

192 1484 322 1526 Hunc
341 1484 551 1535 humiliat,
577 1490 620 1526 et
646 1484 762 1526 hunc
790 1484 968 1526 exaltat:

141 1542 164 1567 *
189 1541 291 1593 quia
315 1541 429 1582 calix
454 1542 497 1582 in
520 1555 651 1583 manu
675 1542 854 1582 Domini
879 1541 968 1582 vini

139 1597 249 1639 meri
275 1597 433 1651 plenus
460 1598 606 1640 misto.

191 1655 249 1696 Et
267 1654 494 1697 inclinavit
519 1668 573 1697 ex
592 1655 677 1697 hoc
700 1655 745 1696 in
769 1654 870 1696 hoc:
898 1668 967 1696 ve-

138 1714 384 1753 ramtamen
418 1712 504 1754 faex
537 1713 627 1764 ejus
660 1725 747 1753 non
781 1716 848 1754 est
881 1712 966 1753 exi-

139 1770 302 1810 nanita:
321 1770 345 1795 *
362 1768 516 1810 bibent
536 1781 688 1810 omnes
707 1770 966 1821 peccatores

139 1829 282 1866 terrae.

190 1881 285 1933 Ego
310 1886 457 1923 autem
477 1881 746 1923 annuntiabo
770 1882 815 1922 in
833 1883 966 1922 saecu-

139 1937 245 1979 lum:
272 1940 296 1966 *
324 1938 512 1980 cantabo
537 1939 634 1980 Deo
663 1938 812 1979 Jacob.

190 1995 248 2036 Et
291 1996 437 2036 omnia
478 1997 642 2038 cornua
682 1996 966 2047 peccatorum

140 2051 426 2103 confringam:
443 2052 467 2079 *
483 2057 526 2093 et
545 2050 853 2093 exaltabuntur
873 2053 965 2092 cor-

139 2120 225 2148 nua
250 2114 361 2160 lusu·
410 2154 607 2194 Psalmus
636 2154 700 2195 75.

139 2201 335 2309 Notus
361 2217 405 2258 in
432 2216 587 2258 Judaea
614 2217 751 2258 Deus:
778 2218 801 2243 *
832 2216 876 2256 in
903 2217 963 2256 Is-

269 2274 360 2315 rael
387 2287 592 2326 magnum
620 2286 781 2314 nomen
810 2274 910 2324 ejus.

190 2331 247 2372 Et
266 2330 407 2372 factus
428 2335 494 2372 est
514 2330 560 2370 in
581 2342 690 2382 pace
709 2329 834 2370 locus
857 2330 964 2380 ejus:

140 2387 164 2414 *
189 2392 232 2428 et
257 2386 473 2428 habitatio
503 2387 594 2439 ejus
621 2386 666 2426 in
693 2386 808 2427 Sion.

191 2442 260 2485 Ibi
288 2443 503 2494 confregit
526 2442 749 2495 potentias
773 2444 963 2491 arcuum,

140 2500 164 2526 *
191 2504 374 2550 scutum,
401 2499 606 2551 gladium,
635 2504 678 2540 et
705 2498 880 2540 bellum.

191 2555 448 2597 Ilhiminans
462 2561 510 2598 tu
527 2555 785 2597 mirabiliter
805 2567 830 2595 a
843 2556 961 2595 mon-

140 2611 258 2653 tibus
275 2613 501 2653 aeternis:*
512 2612 676 2654 turbati
691 2616 791 2652 sunt
810 2623 961 2652 omnes

141 2668 398 2720 insipientes
426 2669 573 2710 corde.

1026 291 1134 333 nihil
1162 292 1422 334 invenerunt
1450 307 1602 335 omnes
1631 294 1711 335 viri
1745 295 1851 336 divi-

1027 349 1187 389 tiarum
1212 349 1256 389 in
1283 349 1485 391 manibus
1514 351 1613 391 suis.

1078 405 1150 446 Ab
1167 406 1468 459 increpatione
1486 412 1560 448 tua
1576 407 1696 449 Deus
1712 409 1850 450 Jacob

1027 463 1051 488 *
1080 462 1429 504 dormitaverunt
1461 464 1535 515 qui
1560 464 1852 506 ascenderunt

1028 531 1175 570 equos

1079 576 1147 616 Tu
1168 575 1378 617 terribilis
1407 589 1465 625 es,
1494 581 1537 618 et
1559 577 1656 628 quis
1676 580 1851 619 resistet

1026 631 1132 673 tibi?
1162 634 1184 659 *
1214 645 1268 674 ex
1295 637 1399 674 tunc
1424 633 1489 673 ira
1516 638 1601 674 tua.

1077 689 1145 730 De
1191 689 1305 730 coelo
1356 689 1551 731 auditum
1602 690 1743 731 fecisti
1793 692 1850 742 ju-

1027 745 1203 786 dicium:
1222 747 1246 772 *
1264 751 1382 787 terra
1406 747 1584 787 tremuit
1610 751 1652 788 et
1676 747 1850 798 quievit.

1079 803 1187 843 Cum
1209 806 1465 853 exsurgeret
1482 803 1526 843 in
1546 802 1753 854 judicium
1767 804 1850 845 De-

1026 873 1088 909 us,
1106 861 1129 886 *
1148 864 1198 900 ut
1215 859 1362 900 salvos
1383 860 1547 901 faceret
1570 872 1722 901 omnes
1741 873 1851 901 man-

1026 918 1177 957 suetos
1206 921 1348 957 terrae.

1078 973 1294 1022 Quoniam
1319 973 1531 1023 cogitatio
1549 972 1738 1013 hominis
1759 986 1852 1014 con-

1024 1029 1220 1071 fitebitur
1238 1029 1335 1071 tibi:
1359 1031 1383 1056 *
1408 1034 1451 1071 et
1472 1029 1668 1081 reliquiae
1688 1030 1849 1080 cogita-

1024 1086 1158 1127 tionis
1188 1085 1305 1127 diem
1333 1087 1493 1127 festum
1522 1091 1652 1137 agent
1679 1086 1770 1128 tibi.

1077 1143 1261 1192 Vovete,
1283 1148 1326 1184 et
1345 1142 1517 1184 reddite
1538 1143 1728 1184 Domino
1752 1144 1848 1184 Deo

1023 1204 1189 1240 vestro:
1222 1201 1245 1226 *
1284 1212 1436 1241 omnes
1474 1200 1549 1251 qui
1585 1199 1627 1239 in
1665 1200 1849 1241 circuitu

1025 1257 1115 1307 ejus
1145 1256 1310 1297 affertis
1338 1259 1528 1297 munera.

1075 1312 1280 1354 Terribili
1293 1318 1336 1354 et
1353 1313 1392 1354 ei
1405 1313 1477 1364 qui
1488 1312 1628 1353 aufert
1645 1313 1847 1364 spiritum

1022 1369 1285 1421 principum,
1312 1371 1335 1395 *
1362 1368 1546 1410 terribili
1575 1368 1693 1420 apud
1720 1381 1846 1419 reges

1021 1430 1163 1466 terrae.

1066 1492 1166 1533 Ant.
1181 1490 1714 1532 Etinvocabimusnomen
1723 1495 1846 1531 tuum

1021 1547 1219 1588 Domine.

1066 1613 1165 1654 Ant.
1204 1614 1272 1653 Tu
1301 1625 1347 1653 es
1376 1612 1507 1653 Deus.

1290 1695 1489 1736 Psalmus
1519 1696 1582 1735 76.

1022 1759 1193 1865 Voce
1210 1776 1308 1804 mea
1325 1763 1382 1804 ad
1392 1763 1628 1804 Dominum
1644 1763 1843 1804 clamavi:

1137 1821 1160 1847 *
1183 1833 1293 1861 voce
1320 1832 1418 1860 mea
1445 1818 1502 1860 ad
1529 1820 1682 1869 Deum,
1712 1825 1755 1861 et
1783 1820 1842 1860 in-

1019 1876 1160 1918 tendit
1187 1875 1304 1916 mihi.

1070 1933 1120 1973 In
1149 1932 1221 1973 die
1248 1931 1543 1973 tribulationis
1571 1945 1680 1973 meae
1700 1932 1841 1973 Deum

1020 1988 1246 2040 exquisivi,
1258 1988 1459 2029 manibus
1472 1988 1580 2029 meis
1597 1993 1726 2030 nocte
1743 2001 1840 2030 con-

1018 2050 1086 2086 tra
1115 2058 1231 2086 eum:
1258 2046 1282 2071 *
1311 2050 1354 2086 et
1382 2058 1469 2086 non
1495 2058 1590 2085 sum
1619 2044 1840 2097 deceptus.

1070 2102 1232 2142 Renuit
1260 2101 1480 2142 consolari
1508 2101 1651 2142 anima
1678 2114 1789 2142 mea:
1817 2102 1840 2127 *

1016 2170 1185 2199 memor
1202 2158 1265 2199 fui
1283 2158 1378 2207 Dei,
1403 2163 1446 2199 et
1470 2157 1714 2199 delectatus
1733 2171 1838 2206 sum,

1018 2219 1061 2255 et
1081 2215 1346 2256 exercitatus
1372 2227 1484 2255 sum:
1506 2218 1549 2255 et
1569 2213 1729 2255 defecit
1754 2215 1838 2265 spi-

1016 2271 1125 2312 ritus
1153 2284 1287 2312 meus.

1058 2327 1419 2380 Anticipaverunt
1429 2326 1598 2377 vigilias
1610 2325 1725 2367 oculi
1738 2326 1837 2366 mei:

1015 2385 1039 2411 *
1049 2384 1252 2426 turbatus
1264 2397 1370 2433 sum,
1387 2388 1430 2424 et
1445 2395 1532 2424 non
1549 2395 1644 2423 sum
1654 2382 1836 2423 locutus.

1068 2441 1269 2491 Cogitavi
1297 2439 1391 2481 dies
1420 2441 1638 2490 antiquos:
1657 2440 1680 2465 *
1701 2443 1743 2479 et
1765 2450 1834 2478 an-

1014 2509 1096 2538 nos
1124 2499 1313 2538 aeternos
1341 2497 1385 2536 in
1411 2500 1557 2536 mente
1585 2493 1728 2535 habui.

1064 2554 1122 2595 Et
1157 2553 1394 2594 meditatus
1436 2565 1531 2592 sum
1569 2555 1697 2591 nocte
1736 2562 1833 2590 cum

1014 2610 1149 2651 corde
1182 2622 1298 2659 meo,
1326 2611 1349 2635 *
1384 2613 1427 2649 et
1465 2606 1753 2654 exercitabar,
1790 2609 1832 2645 et

991 2703 994 2705 .
1014 2665 1252 2718 scopebam
1283 2665 1484 2718 spiritum
1511 2676 1667 2704 meum.

192 2725 476 2766 Dormierunt
501 2738 703 2766 somnum
730 2724 963 2765 suum:*et
986 2705 998 2773 Ι
1063 2721 1290 2773 Numquid
1316 2721 1361 2761 in
1391 2722 1601 2761 aeternum
1633 2716 1831 2769 projiciet

294 2868 358 2892 Pars
371 2867 503 2891 Hiemalis.

1582 2847 1626 2881 6*
