2080 2990
324 239 429 273 Offie.
447 242 524 272 vot.
543 238 589 271 de
606 238 719 271 Iriiac.
738 238 852 272 Cone.
872 237 912 270 Β.
931 237 977 270 Μ.
995 236 1039 270 V.
1058 241 1093 270 et
1111 236 1156 269 de
1175 236 1231 269 ss.
1250 236 1321 278 Ap.
1341 236 1453 269 l'ctro
1474 240 1509 269 ct
1528 236 1658 270 Paulo.

1751 236 1843 282 [247]

188 332 238 384 V.
270 332 373 384 Ipse
406 331 658 373 vulneratus
688 337 755 373 est
780 337 965 384 propter

135 387 388 439 iniquitates
411 390 596 429 nostras.
636 388 687 438 R.
711 387 768 429 Et
792 390 965 429 attritus

104 490 112 498 ⁴
138 448 205 484 est
222 448 407 496 propter
429 442 596 484 scelera
614 448 776 484 nostra.

338 515 400 555 In
425 514 486 555 11.
516 514 765 563 vesperis.

189 574 325 608 Omnia
350 577 390 606 ut
414 572 453 606 in
477 572 503 606 Ι.
528 570 631 614 [234],
658 576 799 613 praeter
823 581 928 613 sequ.

190 620 240 671 V.
270 623 373 675 Ipse
404 622 656 664 vulneratus
686 628 753 664 est
781 628 967 676 propter

136 676 388 730 iniquitates
413 683 598 720 nostras.
631 678 681 728 R.
711 680 768 721 Et
793 682 966 721 attritus

138 739 206 776 est
223 738 408 787 propter
427 734 594 776 scelera
612 739 774 776 nostra.

189 792 261 833 Ad
288 790 461 842 Magnis.
492 791 591 830 Ant.
627 788 868 842 Deponens
896 790 966 832 Jo-

138 845 248 898 seph
284 847 308 873 *
342 858 503 898 corpus
531 845 637 886 Jesu
668 845 852 887 involvit
884 848 965 886 sin-

139 901 264 953 done,
285 906 328 943 et
341 901 491 954 posuit
506 903 607 942 eum
624 901 667 941 in
683 903 966 942 monumento

139 960 299 999 exciso.
351 957 452 999 Fuit
479 957 681 1010 planctus
713 970 895 1007 magnus
923 958 967 997 in

137 1013 212 1054 illa
239 1012 326 1064 die,
355 1012 560 1055 mulieres
588 1018 734 1054 autem
762 1012 966 1054 sedentes

139 1074 293 1110 contra
312 1068 593 1121 sepulchrum
612 1068 831 1118 dolebant,
855 1069 966 1110 sicut

137 1124 278 1166 doleri
296 1124 410 1166 solet
427 1124 472 1164 in
489 1129 631 1165 morte
650 1124 940 1176 primogeniti.

315 1214 351 1254 P
370 1227 391 1254 r
410 1226 437 1254 o
478 1214 507 1255 S
528 1226 553 1254 a
570 1213 599 1255 b
619 1214 648 1255 b
668 1227 693 1254 a
711 1218 729 1255 t
749 1226 787 1254 o.

366 1271 541 1306 Officium
567 1271 741 1304 votivum

164 1325 224 1366 de
248 1324 583 1365 Immaculata
608 1324 939 1372 conceptione

390 1381 442 1421 B.
462 1380 638 1422 Mariae
656 1380 714 1420 V.

424 1438 685 1480 Semiduplex.

192 1491 330 1526 Omnia
356 1495 397 1524 ut
427 1491 464 1524 in
495 1490 557 1523 die
586 1489 691 1523 Festi
715 1489 748 1522 ὃ.
774 1488 862 1521 Dec.
892 1488 966 1532 376,

139 1544 280 1583 praeter
304 1537 515 1581 sequentia.

163 1598 215 1638 In
232 1597 422 1647 utrisque
438 1596 636 1647 Vesperis
656 1596 700 1635 et
718 1595 940 1635 Laudibus.

194 1654 243 1706 V.
284 1654 571 1697 Immaculata
611 1655 853 1708 Conceptio
893 1660 970 1696 tua

138 1712 223 1754 Dei
250 1711 449 1753 Genitrix
474 1711 626 1761 Virgo.
669 1711 718 1760 R
749 1710 970 1752 Gaudium

140 1767 410 1810 annuntiavit
427 1766 632 1808 universo
651 1765 829 1808 mundo.

193 1826 235 1859 In
267 1826 293 1859 Ι.
322 1825 522 1859 Nocturno
557 1823 759 1857 Lectiones
796 1822 842 1855 de
873 1820 970 1855 Scri-

141 1878 253 1916 ptura
279 1875 513 1906 occurrente.

192 1920 236 1953 In
253 1919 488 1961 Quadragcs.
511 1927 604 1950 vero
630 1921 666 1949 et
684 1916 854 1948 Sabbato
873 1915 969 1954 Oua-

141 1972 228 2001 tuor
241 1967 472 2009 Temporum
487 1965 588 1998 Lect.
606 1963 661 1997 De
677 1962 778 1997 libro
793 1961 968 1996 Genesis.

142 2014 310 2059 Serpens
334 2017 425 2049 erat.
450 2017 491 2046 ut
516 2012 554 2045 in
580 2011 690 2043 festo.
709 2009 787 2046 379.

194 2061 237 2094 In
257 2060 303 2094 Π.
327 2064 363 2094 et
384 2060 448 2093 III.
466 2059 576 2093 Noct.
597 2058 698 2090 Lect.
718 2061 758 2089 ut
780 2056 818 2089 in
841 2055 885 2088 Π.
909 2055 969 2088 die

142 2108 242 2143 infra
267 2107 462 2141 Octavam.
484 2105 562 2140 387.
588 2108 625 2138 et
646 2104 727 2139 388.
861 2118 864 2123 ·

344 2175 406 2215 In
431 2173 494 2214 11.
517 2171 768 2221 vesperis.

196 2230 333 2264 Omnia
358 2234 398 2263 ut
424 2229 460 2262 in
485 2229 511 2262 Ι.
534 2229 719 2271 Vesperis
744 2231 899 2271 praeter:

195 2280 268 2321 Ad
286 2281 458 2330 Magnis.
480 2281 579 2320 Ant.
604 2280 761 2321 Sancta
780 2278 927 2328 Maria,
946 2278 970 2303 *

145 2342 351 2380 succurre
386 2337 576 2387 miseris,
618 2337 717 2387 juva
752 2334 971 2387 pusillani-

144 2407 255 2444 mes,
286 2393 436 2434 refove
464 2391 649 2439 flebiles‚
682 2403 759 2431 ora
786 2403 867 2442 pro
895 2391 972 2441 po-

144 2449 263 2502 pulo,
282 2448 494 2490 interveni
507 2460 590 2500 pro
606 2447 735 2495 clero,
750 2444 972 2486 intercede

145 2517 228 2557 pro
248 2503 411 2545 devoto
431 2504 618 2544 femineo
639 2514 761 2542 sexu:
787 2500 973 2541 sentiant

147 2571 299 2600 omnes
322 2564 446 2600 tuum
469 2559 683 2609 juvamen,
710 2556 972 2607 quicumque

148 2614 369 2656 celebrant
394 2618 516 2655 tuam
543 2618 738 2654 sanctam
762 2612 972 2652 Immacu-

146 2669 282 2711 latam
300 2669 654 2721 Conceptic'mem.

405 2731 717 2758 -ο-ῷψ-κ
742 2765 745 2768 ¹

1307 330 1556 369 ROMAE.

1198 396 1319 437 Pro
1355 396 1554 437 Feria
1588 398 1665 438 ΠΙ.

1247 457 1422 491 Officium
1449 457 1622 491 votivum

1019 509 1080 550 de
1094 510 1164 551 Ss.
1179 510 1434 560 Apostolis
1448 510 1596 551 Petro
1613 512 1663 553 et.
1676 513 1844 554 Paulo.

1305 573 1563 615 Scrniduplex.

1073 630 1209 663 Omnia
1239 629 1285 663 de
1313 629 1456 662 Comm.
1482 629 1757 672 Apostolorum
1790 629 1848 672 [2]‚

1020 683 1160 720 praeter
1185 683 1395 719 sequentia.

1187 735 1237 774 In
1258 734 1449 785 utrisque
1469 734 1678 785 Vesperis.

1072 791 1122 843 V.
1150 795 1400 835 Constitues
1429 806 1506 835 eos
1533 794 1752 846 principes
1781 808 1847 835 su-

1021 864 1101 903 per
1129 862 1302 892 omnem
1328 854 1501 891 terram.
1547 852 1597 902 R.
1631 850 1849 892 Memores

1023 911 1149 948 erunt
1166 905 1352 946 nominis
1370 905 1434 946 tui
1452 905 1651 947 Domine.

1072 962 1143 1002 Ad
1164 962 1336 1011 Magnif.
1357 962 1455 1001 Ant.
1488 961 1638 1001 Petrus
1658 960 1849 1013 Aposto-

1020 1017 1104 1066 lus,
1132 1018 1156 1044 *
1183 1022 1227 1058 et
1250 1016 1412 1057 Paulus
1436 1016 1607 1057 Doctor
1633 1016 1849 1066 Gentium,

1022 1073 1107 1124 ipsi
1146 1085 1226 1113 nos
1267 1071 1511 1113 docuerunt
1549 1071 1691 1121 legem
1729 1077 1850 1112 tuam

1022 1128 1220 1169 Domine.
1467 1170 1474 1177 ⁸

1354 1171 1518 1210 Oratio.

1110 1239 1202 1276 eUS,
1227 1227 1347 1277 cujus
1371 1225 1553 1266 dextera
1574 1225 1753 1266 beatum
1772 1226 1849 1267 Pe-

1132 1287 1247 1323 trum
1265 1280 1561 1322 ambulantem
1574 1280 1618 1320 in
1633 1280 1849 1330 fluctibus,

1020 1350 1074 1378 ne
1091 1339 1372 1388 mergeretur,
1392 1336 1539 1385 erexit,
1560 1340 1603 1377 et
1618 1339 1849 1388 coaposto-

1019 1393 1110 1434 lum
1129 1394 1219 1444 ejus
1234 1392 1427 1442 Paulum,
1445 1392 1576 1433 tertio
1594 1391 1849 1442 naufragan-

1019 1454 1119 1498 tem,
1144 1447 1198 1489 de
1221 1446 1443 1500 profundo
1466 1447 1612 1499 pelagi
1634 1447 1849 1489 liberavit:

1021 1503 1181 1545 exaudi
1204 1516 1285 1544 nos
1309 1503 1544 1556 propitius,
1572 1507 1615 1544 et
1639 1501 1850 1553 concede3

1020 1565 1068 1601 ut
1113 1559 1341 1600 amborum
1383 1559 1549 1599 meritis
1594 1558 1850 1599 aeternitatis

1020 1615 1205 1665 gloriam
1242 1616 1579 1666 consequamur:
1621 1614 1704 1663 Qui
1740 1613 1850 1654 vivis

1022 1676 1066 1712 et
1092 1683 1260 1721 regnas.

1076 1734 1116 1766 In
1152 1734 1177 1766 Ι.
1208 1733 1406 1766 Nocturno
1439 1731 1642 1764 Lectiones
1677 1730 1723 1763 de
1754 1730 1852 1763 Scri-

1024 1786 1137 1824 ptura
1161 1784 1393 1814 occurrente.

1250 1839 1298 1877 In
1326 1839 1375 1876 ΙΙ.
1405 1838 1626 1876 Nocturno.

1100 1902 1252 1941 Sermo
1281 1898 1420 1940 sancti
1445 1896 1606 1938 Leonis
1631 1895 1778 1948 Papae.

1046 1962 1103 1994 Ex
1129 1959 1296 1993 Homiliu
1320 1959 1374 1990 ⁸2.
1402 1957 1437 1989 in
1463 1956 1590 1989 Nativ.
1615 1955 1670 1988 Ss.
1693 1956 1828 1997 Apost.

1285 2004 1386 2038 Petri
1412 2009 1447 2037 ct
1472 2003 1591 2036 Pauli.

1327 2055 1476 2095 Lectio
1498 2055 1550 2093 iv.

1029 2147 1030 2153 ,
1056 2146 1064 2162 ,
1092 2126 1125 2150 20³.
1149 2112 1303 2165 eronis
1330 2111 1450 2152 furor
1473 2122 1553 2162 per
1578 2109 1770 2150 omnium
1793 2109 1851 2150 vi-

1145 2168 1151 2209 l
1179 2167 1340 2210 tiorum
1375 2166 1670 2206 inflammatus
1705 2167 1851 2206 exces-

1029 2231 1030 2235 ’
1095 2243 1137 2245 -
1177 2236 1273 2264 sum
1291 2222 1335 2262 in
1352 2221 1467 2262 hunc
1491 2233 1591 2262 eum
1609 2233 1748 2271 usque
1766 2226 1853 2261 tor-

1023 2280 1192 2320 rentem
1220 2291 1311 2319 suae
1343 2276 1636 2330 praecipitavit
1662 2275 1852 2324 insaniae,

1024 2339 1072 2375 ut
1096 2333 1262 2386 primus
1287 2332 1450 2374 nomini
1476 2332 1712 2373 christiano
1740 2335 1852 2371 atro-

1026 2389 1203 2430 citatem
1222 2387 1438 2439 generalis
1456 2386 1773 2439 persecutionis
1791 2385 1850 2425 in-

1025 2444 1172 2494 ferret,
1201 2444 1326 2495 quasi
1351 2455 1431 2495 per
1458 2443 1708 2482 sanctorum
1731 2441 1851 2492 Apo-

1025 2499 1239 2541 stolorum
1256 2499 1375 2540 Petri
1398 2502 1441 2539 et
1460 2497 1582 2538 Pauli
1603 2509 1734 2537 neces
1756 2498 1849 2546 gra-

1024 2555 1086 2596 tia
1116 2555 1199 2596 Dei
1232 2559 1386 2607 posset
1421 2552 1655 2602 exstingui3
1694 2550 1851 2603 quibus

1023 2610 1110 2651 hoc
1131 2610 1276 2662 ipsum
1299 2614 1392 2650 erat
1413 2608 1651 2648 maximum
1672 2606 1850 2655 lucrum,

1023 2670 1072 2706 ut
1091 2667 1368 2717 contemptus
1386 2664 1488 2705 vitae
1502 2662 1628 2714 hujus
1643 2660 1850 2711 occiduae,

1024 2721 1252 2773 perceptio
1274 2721 1400 2762 fieret
1422 2718 1639 2760 felicitatis
1663 2719 1850 2758 aeternae.
