2080 2990
612 219 683 253 Dic
707 219 759 251 23.
784 218 869 251 Jan.
908 218 951 251 In
978 215 1289 258 Desponsatione
1316 214 1356 248 Β.
1382 214 1427 247 M.
1453 214 1497 247 V.

198 317 411 369 populum
458 316 672 364 oratione,
716 315 866 366 quanti
911 318 1029 355 esset

198 372 316 424 apud
336 373 479 413 Deum
497 371 640 413 meriti
660 370 880 423 exposuit,
905 374 948 411 et
967 369 1027 410 lo-

199 441 298 469 cum
329 428 372 467 in
406 440 494 479 quo
529 439 685 479 preces
716 426 791 467 illa
818 424 1030 467 fundebat

197 484 387 524 lacrimis
406 484 496 534 ejus
515 481 811 523 madefactum
829 479 1029 522 ostendit.

253 547 301 596 Ην.
335 543 539 584 Dilexisti
567 543 789 594 justitiam,
826 546 870 582 et
898 540 1030 581 odisti

198 600 487 652 iniquitAtem:
519 602 540 622 *
567 600 809 651 Propterea
836 597 960 637 unxit
986 600 1029 636 te

199 656 338 705 Deus,
391 656 513 697 Deus
558 660 659 696 tuus
709 654 809 695 oleo
854 652 1029 693 laetitiae.

200 707 250 757 Y.
276 713 463 764 Propter
492 712 734 758 veritatem,
763 714 806 750 et
833 720 1030 748 mansue-

198 767 408 817 tudinem,
430 773 474 808 et
491 767 707 818 justitiam.
734 765 987 816 Propterea.

502 826 654 865 Lectio
677 825 727 862 vi.

280 882 308 924 b
328 895 442 923 anno
460 882 601 923 aetAtis
617 880 788 922 decimo
805 880 958 931 quinto
975 877 1031 919 ad

304 951 442 989 usque
460 936 867 989 quinquagesimum
881 935 1029 975 Domi-

201 995 297 1036 nica
320 1000 487 1035 tantum
511 992 581 1034 die
606 1000 649 1033 et
675 992 825 1044 quinta
849 991 955 1031 feria
974 991 1028 1042 je-

203 1051 363 1101 junium
395 1049 543 1092 solvit.
575 1054 751 1100 sumpto
786 1060 900 1100 pane
931 1046 1030 1087 hor-

202 1105 366 1147 deaceo
387 1118 439 1146 ac
458 1103 634 1146 modico
651 1104 889 1156 pulmento,
909 1101 1030 1154 quod

202 1167 302 1203 ante
339 1161 587 1212 quindecim
620 1161 714 1201 dies
751 1164 942 1207 coctum,
983 1163 1031 1199 ut

201 1218 342 1258 minus
364 1216 565 1269 sapidum
584 1222 718 1265 esset,
746 1214 903 1266 frigida
925 1220 1030 1256 tem-

201 1273 386 1325 perabat
402 1285 527 1324 aqua.
548 1273 656 1313 Post
672 1270 718 1312 id
731 1276 916 1323 tempus,
937 1283 1031 1311 sua-

203 1328 406 1370 dentibus
426 1328 648 1381 episcopis
672 1327 830 1379 quibus
850 1339 938 1367 non
959 1326 1033 1367 ob-

202 1387 448 1436 temperare
473 1384 595 1425 nefas
620 1383 823 1436 putabat,
849 1382 1033 1435 piscicu-

202 1440 255 1480 lis
290 1445 332 1481 et
362 1439 475 1481 lacte
508 1452 588 1480 usa
621 1445 698 1480 est.
738 1438 896 1489 Neque
928 1450 1034 1478 vero

203 1495 314 1536 intra
347 1495 503 1536 Galliae
540 1495 700 1536 limites
734 1499 857 1535 tanta
896 1493 1035 1534 virtus

204 1551 415 1592 contineri
434 1551 589 1602 potuit.
624 1551 801 1591 Simeon
817 1549 890 1590 ille
909 1549 1034 1601 Styli-

203 1614 288 1655 tes,
317 1606 465 1647 audita
488 1611 557 1647 tot
583 1606 892 1647 miraculorum
911 1605 1036 1654 fama,

205 1663 296 1714 ejus
315 1675 362 1703 se
381 1662 587 1714 precibus
602 1662 741 1703 voluit
759 1661 1035 1702 commenda-

207 1724 309 1759 tum.
347 1717 628 1759 Admirandis
655 1717 844 1769 denique
867 1715 1035 1758 virtuti-

208 1773 306 1823 bus,
340 1779 387 1815 ut
412 1774 563 1815 scribit
582 1773 723 1823 Beda,
757 1773 844 1814 late
872 1772 1038 1821 claruit,

206 1835 248 1871 et
267 1830 310 1870 in
327 1830 489 1871 Christi
508 1830 718 1871 servitute
737 1829 794 1870 ad
813 1830 1038 1879 octoginta

206 1892 249 1927 et
267 1898 426 1927 novem
445 1898 582 1927 annos
601 1885 839 1926 consenuit.
867 1885 935 1925 De
951 1896 1038 1935 qua

206 1941 302 1983 haec
330 1942 460 1983 etiam
489 1941 728 1991 Gregorius
753 1940 1038 1981 Turonensis:

206 1998 365 2039 Sancta
385 1997 629 2046 Genovefa‚
658 2009 756 2048 quae
780 1996 824 2036 in
850 1998 1038 2048 corpore

207 2053 368 2104 pesita,
392 2058 514 2094 tanta
533 2053 694 2094 virtute
713 2052 965 2105 praevaluit,
991 2056 1039 2093 ut

206 2110 426 2149 mortuum
452 2108 744 2157 suscitaverit,
776 2108 965 2149 Lutetiae
995 2107 1039 2147 in

208 2163 387 2204 basilica
429 2166 680 2205 sanctOrum
720 2163 1039 2216 Apostolorum

208 2219 326 2260 Petri
346 2225 389 2261 et
403 2219 526 2260 Pauli
546 2219 718 2271 sepulta
738 2225 820 2270 est,
840 2219 897 2260 ad
919 2220 1039 2270 cujus

208 2274 422 2316 tumulum
455 2275 617 2327 saepius
652 2276 888 2327 petitiones
921 2274 1038 2316 datae

208 2330 461 2381 suffragium
481 2331 689 2381 obtinent,
709 2331 788 2373 sed
807 2337 850 2373 et
869 2331 1037 2382 frigori-

208 2387 394 2428 ticorum
419 2386 563 2428 febres
588 2388 679 2438 ejus
704 2388 866 2429 virtute
890 2388 1039 2439 saepis-

211 2442 318 2483 sime
338 2443 667 2493 restringuntur.

262 2503 313 2542 Η.
339 2501 589 2544 Afferentur
609 2502 730 2552 Regi.
750 2502 826 2554 [91]

263 2567 305 2601 In
329 2567 391 2600 ΙΙΙ.
413 2567 611 2603 Noc-turno
636 2569 806 2603 Homilia
832 2570 869 2604 in
891 2570 1037 2611 Evang.

211 2613 340 2663 &imile
358 2613 430 2648 erit
447 2624 605 2657 regnum
623 2614 819 2649 coelorum.
837 2618 884 2651 de
902 2618 1038 2652 eodem

213 2662 415 2695 Communi
437 2663 462 2695 1.
480 2663 576 2697 loco.
593 2662 663 2705 [93]

1305 312 1390 353 Die
1407 313 1474 353 23.
1491 312 1515 352 J
1518 311 1694 352 anuarii.

1079 380 1141 420 In
1165 379 1566 429 Desponsatione
1590 379 1643 419 B.
1662 377 1839 420 Mariae
1853 378 1911 419 V.

1318 446 1416 472 cum
1440 433 1479 472 S.
1503 432 1526 471 J
1531 431 1681 483 oseph.

1343 501 1499 543 Duplex
1521 501 1655 540 maius

1136 556 1224 589 Ant.
1259 556 1306 589 de
1343 555 1460 589 Laud.
1493 551 1602 594 [271];
1656 555 1736 595 125..
1774 554 1915 597 Capit„

1085 603 1223 646 llymn.
1258 608 1294 636 et
1326 603 1460 645 reliqu.
1493 602 1555 636 hie
1585 612 1662 636 non
1690 602 1850 645 propria
1876 606 1916 635 ut

1087 651 1122 683 in
1150 651 1276 684 Festis
1303 651 1344 683 B.
1370 650 1416 683 M.
1443 650 1485 683 V.
1512 646 1603 689 [133]

1137 697 1187 753 Y.
1203 698 1503 751 Desponsatio
1520 703 1587 739 est
1600 697 1735 739 hodie
1750 703 1915 739 sanctae

1083 754 1234 795 Mariae
1260 754 1465 804 Virginis.
1506 756 1557 807 R.
1585 753 1717 805 Cujus
1741 753 1831 794 vita
1855 755 1915 794 in-

1085 810 1201 862 clyta
1221 816 1400 852 cunctas
1418 810 1608 851 illustrat
1625 809 1846 850 ecclesias.

1140 867 1208 907 Ad
1236 868 1408 918 Magnis.
1442 868 1540 907 Ant.
1577 864 1795 906 Gloriosae
1818 865 1915 906 Vir-

1084 922 1196 973 ginis
1232 923 1384 964 Mariae
1415 921 1817 975 Desponsationem
1855 920 1916 962 di-

1084 978 1336 1028 gnissimam
1354 978 1616 1026 recolamus,
1646 989 1745 1028 quae
1770 981 1814 1018 et
1832 976 1916 1018 Ge-

1085 1034 1251 1075 nitricis
1269 1033 1527 1084 dignitatem
1546 1033 1749 1082 obtinuit,
1773 1037 1816 1074 et
1834 1032 1917 1073 vir-

1086 1090 1275 1140 ginalem
1293 1090 1551 1142 pudicitiam
1569 1102 1658 1130 non
1677 1088 1832 1130 amisit.

1424 1151 1589 1192 Oratio.

1086 1204 1322 1309 Famulis
1335 1207 1432 1256 tuis,
1453 1208 1705 1258 quaesumus
1719 1204 1919 1253 Demine‚

1182 1262 1376 1304 coelestis
1401 1262 1557 1313 gratiae
1579 1273 1737 1301 munus
1762 1259 1918 1312 imper-

1086 1321 1183 1361 tire:
1203 1323 1260 1368 ut,
1282 1318 1440 1370 quibus
1454 1317 1599 1359 beatae
1613 1315 1808 1367 Virginis
1821 1327 1919 1368 par·

1086 1381 1158 1416 tus
1184 1374 1352 1416 exstitit
1378 1373 1531 1415 salutis
1554 1371 1801 1421 exordium,
1834 1371 1919 1412 De-

1088 1430 1384 1483 sponsationis
1420 1430 1512 1482 ejus
1539 1430 1690 1470 votiva
1720 1426 1921 1468 solemni-

1087 1493 1156 1528 tas
1174 1486 1298 1539 pacis
1312 1485 1477 1527 tribuat
1491 1485 1818 1526 incrementum.
1836 1482 1922 1523 Per

1088 1543 1326 1584 Dominum
1344 1547 1554 1583 nostrum.

1140 1604 1188 1638 Et
1219 1604 1260 1638 fit
1290 1613 1487 1638 commem.
1513 1603 1547 1638 S.
1572 1602 1739 1646 Joseph,
1771 1602 1838 1637 ubi
1863 1605 1922 1636 est

1089 1662 1286 1693 concessa,
1311 1656 1398 1685 ante
1424 1651 1521 1684 alias
1542 1660 1806 1694 quascumque
1825 1651 1920 1684 corii.

1144 1703 1242 1744 Ant.
1263 1702 1516 1751 Exsurgens
1530 1700 1555 1741 J
1558 1698 1699 1752 oseph
1715 1712 1740 1740 a
1755 1710 1923 1748 somno,

1090 1759 1192 1800 fecit
1211 1758 1324 1799 sicut
1342 1757 1558 1810 praecepit
1572 1756 1613 1797 ei
1627 1754 1824 1805 Angelus
1834 1754 1923 1795 Do-

1088 1814 1204 1863 mini,
1224 1818 1268 1855 et
1287 1813 1460 1865 accepit
1480 1813 1711 1863 conjugem
1730 1823 1865 1851 suam.

1142 1865 1192 1916 Y'.
1222 1868 1460 1911 Constituit
1481 1881 1582 1909 eum
1601 1867 1827 1908 dominum
1845 1865 1922 1908 do-

1090 1940 1187 1968 mus
1214 1938 1317 1966 suae.
1351 1928 1403 1979 R.
1428 1924 1486 1965 Et
1510 1923 1757 1976 principem
1782 1922 1924 1964 omnis

1090 1981 1387 2035 possessionis
1406 1993 1510 2021 suae.

1427 2041 1593 2082 Oratio.

1162 2097 1428 2140 anctissimae
1439 2095 1675 2138 Genitricis
1686 2099 1777 2136 tuae
1786 2094 1924 2147 Spon-

1180 2154 1232 2204 si,
1254 2155 1507 2205 quaesumus
1526 2151 1733 2200 Domine,
1758 2149 1925 2191 meritis

1092 2210 1361 2262 adjuvemur:
1405 2213 1455 2249 ut
1496 2206 1617 2259 quod
1652 2205 1926 2259 possibilitas

1092 2272 1244 2308 nostra
1265 2278 1354 2306 non
1379 2263 1566 2313 obtinet,
1594 2263 1685 2314 ejus
1711 2261 1840 2304 nobis
1863 2261 1924 2301 in-

1091 2322 1360 2364 tercessione
1381 2319 1579 2361 donetur.

1143 2380 1294 2415 Deinde
1333 2380 1374 2414 fit
1409 2389 1607 2414 commem.
1639 2378 1696 2413 Ss.
1729 2377 1924 2412 Vincentii

1093 2434 1129 2463 et
1152 2428 1354 2462 Anastasii
1379 2427 1599 2470 Martyrum.
1625 2426 1700 2460 444.

1144 2476 1287 2510 Postea
1307 2475 1342 2510 S.
1359 2475 1642 2509 Emercntianae
1662 2473 1732 2517 Vg.
1750 2473 1796 2508 M.
1822 2472 1896 2507 445.

1257 2543 1346 2584 Ad
1372 2541 1759 2583 matutinum.

1147 2606 1316 2647 Invitat.
1355 2603 1754 2656 Desponsationem
1783 2600 1924 2652 Virgi-

1094 2661 1160 2702 nis
1179 2661 1330 2702 Mariae
1354 2659 1641 2705 celebremus,
1660 2661 1682 2683 ²⁸¹
1705 2657 1926 2699 Christum

1094 2718 1185 2768 ejus
1204 2716 1363 2757 Fssium
1381 2715 1615 2756 adoremus
1633 2714 1883 2756 Dominum.
