2080 2990
472 201 555 245 ,Die
580 202 631 234 25.
655 201 738 233 dun.
789 201 823 233 ln
851 200 1112 232 Conversionc
1138 201 1171 230 Si
1201 199 1302 231 Pauli
1332 201 1518 241 Apostoli.

161 307 244 347 que
270 295 481 337 inveniret
509 295 792 346 Christianos,
824 295 880 337 ad
914 309 978 337 sa-

159 350 359 393 cerdotes
391 351 628 393 attraheret
659 357 703 393 et
730 351 978 401 adduceret,

157 407 307 458 utique
326 407 581 460 puniendos.

210 469 258 521 lit·
278 468 431 509 Gratia
447 468 530 509 Dei
551 481 647 509 sum
664 467 710 510 id
730 468 850 520 quod
869 482 978 510 sum:

158 527 179 550 *
204 524 260 566 Et
286 524 426 575 gratia
454 525 543 576 ejus
569 524 613 565 in
636 537 705 565 me
728 526 867 566 vacua
890 538 978 567 non

156 579 251 630 fuit,
296 579 375 621 sed
420 592 592 633 semper
632 580 676 620 in
714 593 784 621 me
821 587 977 623 manet.

158 633 206 683 Υ.
233 636 317 686 Qui
341 638 548 688 operatus
573 641 639 678 est
656 636 788 678 Petro
813 637 856 677 in
875 650 977 690 apo-

156 692 379 742 stolatum,
406 694 613 744 operatus
637 697 704 734 est
726 698 769 734 et
791 693 895 734 mihi
919 694 977 733 in—

155 753 222 789 ter
241 748 416 790 Gentes.
443 747 500 789 Et
519 748 669 799 gratia.

455 815 606 856 Lectio
629 816 679 855 vi.

202 876 278 920 bat
303 878 488 931 spirans,
517 883 561 920 et
587 878 791 919 anhelans
818 878 976 930 eaedes3

214 933 300 976 hoc
324 939 407 984 est,
431 947 558 976 mane
581 935 765 988 rapiens.
801 935 915 976 Nam
934 942 977 978 et

156 990 330 1042 quando
370 990 589 1044 lapidatus
631 996 697 1033 est
733 991 976 1044 Stephanus

154 1047 319 1099 primus
336 1047 500 1099 Martyr
518 1061 600 1101 pro
619 1048 791 1089 nomine
808 1047 976 1098 Christi,

155 1102 397 1145 evidentius
417 1103 567 1146 aderat
587 1110 630 1146 et
648 1104 820 1154 Saulus,
848 1110 891 1146 et
915 1106 977 1146 sic

155 1158 307 1201 aderat
323 1159 634 1212 lapidantibus,
657 1166 705 1202 ut
727 1173 814 1202 non
834 1161 873 1202 ei
893 1162 975 1202 suf-

154 1215 320 1266 ficeret,
346 1216 382 1256 si
405 1221 572 1258 tantum
596 1217 684 1257 suis
702 1216 900 1258 manibus
919 1217 976 1258 la-

153 1270 335 1323 pidaret.
368 1271 427 1314 Ut
450 1273 563 1314 enim
586 1278 702 1314 esset
724 1273 767 1313 in
787 1274 977 1314 omnium

152 1326 439 1380 lapidantium
453 1329 661 1379 manibus,
676 1329 771 1382 ipse
787 1330 977 1371 emnium

153 1384 411 1426 vestimenta
455 1385 670 1427 servabat:
716 1386 853 1437 magis
898 1389 974 1428 sae-

153 1439 274 1481 viens
294 1453 444 1482 omnes
464 1440 721 1493 adjuvando,
742 1454 872 1493 quam
887 1443 975 1484 suis

153 1496 353 1538 manibus
397 1496 646 1550 lapidando.
706 1497 975 1549 Audivimus,

1032 296 1230 337 stimulus
1258 296 1397 337 carnis
1424 309 1550 347 meae,
1582 298 1759 348 angelus
1788 301 1852 339 sa-

1031 357 1161 401 tanae,
1191 352 1264 404 qui
1291 365 1360 393 me
1386 352 1645 405 colaphizet:
1672 359 1852 407 propter

1033 408 1153 460 quod
1175 414 1242 450 ter
1261 409 1495 450 Dominum
1518 410 1686 460 rogavi,
1714 416 1762 452 ut
1781 424 1851 452 au-

1031 465 1214 507 ferretur
1234 478 1259 506 a
1282 478 1369 515 me,
1397 471 1440 507 et
1459 465 1566 507 dixit
1584 466 1687 507 mihi
1704 467 1852 508 Domi-

1031 535 1125 562 nus:
1147 521 1315 563 Sufficit
1337 521 1417 563 tibi
1435 522 1569 563 Paule
1587 523 1727 573 gratia
1744 536 1852 564 mea.

1090 580 1183 618 Ant.
1224 578 1430 630 Reposita
1461 583 1527 620 est
1557 578 1661 618 mihi
1687 582 1849 621 corona

1030 634 1219 685 justitiae,
1246 647 1376 686 quam
1400 634 1556 676 reddet
1579 634 1683 675 mihi
1705 636 1851 677 Demi-

1030 703 1110 731 nus
1129 691 1173 731 in
1190 691 1263 732 illa
1283 690 1352 732 die
1372 691 1508 742 justus
1527 690 1667 742 judex.

1085 742 1130 792 Y.
1149 747 1289 788 Nimis
1308 747 1511 789 honorati
1530 753 1628 788 sunt
1647 748 1773 789 amici
1790 748 1853 789 tui

1029 803 1160 844 Deus.
1217 803 1262 853 Κ».
1303 803 1443 844 Nimis
1480 804 1748 845 confortatus
1786 809 1852 845 est

1029 859 1299 912 principatus
1319 862 1481 901 eorum.

1027 937 1180 978 <Lectio
1207 939 1346 980 sancti
1364 938 1588 989 Evangelii
1611 938 1850 980 secundum

1308 994 1574 1037 Matthaeum.
1608 1036 1612 1043 Ι

1132 1054 1279 1094 Lectio
1303 1055 1366 1092 vii.
1515 1056 1616 1104 Cap.
1634 1054 1690 1092 19.
1707 1053 1743 1093 d.

1077 1128 1105 1155 n
1128 1115 1202 1157 illo
1225 1117 1437 1168 tempore:
1469 1115 1589 1157 Dixit
1613 1115 1767 1156 Petrus
1797 1114 1852 1157 ad

1100 1171 1124 1212 J
1127 1184 1261 1212 esum:
1287 1172 1402 1213 Ecce
1426 1184 1507 1213 nos
1531 1171 1783 1223 reliquimus
1808 1174 1851 1213 ό-

1029 1228 1154 1278 mnia,
1174 1233 1217 1270 et
1232 1228 1369 1269 secuti
1384 1241 1530 1269 sumus
1545 1234 1604 1270 te:
1625 1227 1730 1280 quid
1746 1241 1849 1280 ergo

1029 1284 1110 1325 erit
1128 1284 1277 1326 nobis?
1305 1285 1361 1326 Et
1379 1285 1555 1337 reliqua.

1122 1362 1311 1403 Homilia
1340 1362 1598 1404 venerabilis
1625 1361 1761 1403 Bedae

1309 1419 1570 1472 Prestteri.

1100 1478 1265 1511 Homilia
1294 1478 1329 1510 in
1355 1478 1482 1511 Natali
1509 1480 1541 1510 ὃ.
1571 1477 1776 1511 Benedicti.

1031 1540 1046 1546 '⁴
1087 1536 1326 1578 erfectus
1361 1535 1433 1577 ille
1469 1540 1553 1585 est,
1591 1535 1664 1587 qui
1700 1535 1849 1576 abiens

153 1564 279 1594 mane
307 1553 463 1606 rapiet:
491 1553 715 1595 videamus
743 1553 800 1596 ad
825 1556 975 1608 vespe·
1070 1564 1135 1597 ,gs-12,

154 1621 248 1649 ram
275 1609 460 1660 qualiter
487 1609 654 1651 dividat
679 1623 813 1652 escas.
851 1611 975 1653 Voce

155 1663 313 1706 Christi
336 1668 582 1717 prostratus
607 1665 661 1708 de
687 1667 817 1718 coelo,
846 1673 888 1709 et
907 1680 973 1709 ac-

155 1720 318 1773 cipiens
355 1721 544 1774 desuper
578 1722 854 1765 interdictum
890 1725 973 1776 jam

154 1776 377 1828 saeviendi,
405 1777 563 1820 cecidit
587 1778 632 1819 in
658 1778 814 1820 faciem
840 1793 973 1830 suam,

153 1833 274 1885 prius
308 1833 668 1886 prosternendus,
704 1837 860 1887 pestea
897 1836 973 1877 eri-

153 1888 335 1940 gendus;
353 1889 472 1942 prius
486 1890 804 1943 percutiendus,
818 1894 974 1944 pestea

154 1944 383 1987 sanandus.

207 2012 256 2063 R.
281 2010 446 2060 Saulus,
463 2010 538 2062 qui
551 2015 595 2052 et
607 2011 778 2062 Paulus,
792 2024 974 2062 magnus

153 2064 433 2119 praedicator,
463 2074 483 2095 *
511 2066 552 2107 A
578 2067 675 2108 Deo
705 2068 974 2110 confortatus

155 2122 503 2173 convalescebat,
531 2128 574 2164 et
593 2123 885 2166 confundebat
903 2125 927 2165 J
929 2138 973 2165 u-

154 2177 288 2220 daeos.
327 2176 375 2228 Y'.
410 2178 655 2220 Ostendens
685 2179 882 2232 quiahic
909 2186 975 2222 est

155 2233 349 2277 Christus
363 2235 498 2276 Filius
511 2235 606 2277 Dei.
632 2237 674 2277 A
688 2237 796 2278 Deo.
825 2237 975 2278 Gloria

152 2291 284 2333 Patri.
310 2292 352 2333 A
368 2292 478 2334 Deo.

372 2374 420 2412 In
442 2374 512 2412 ΙΙΙ.
534 2373 753 2412 Nocturno.

210 2432 305 2472 Ant.
339 2431 509 2481 Saulus,
533 2431 607 2484 qui
626 2436 669 2473 et
687 2431 863 2481 Paulus,
888 2445 974 2473 ma-

155 2498 264 2536 gnus
286 2485 568 2538 praedicator,
596 2500 622 2528 a
640 2488 736 2529 Deo
762 2488 973 2530 conforta-

154 2546 242 2639 tusd
248 2543 593 2594 convalescebat,
618 2550 662 2586 et
686 2543 975 2586 confundebat

156 2598 211 2638 Ju
244 2600 345 2640 aeos.

211 2659 305 2699 Ant.
355 2659 420 2701 Ne
462 2660 715 2712 magnitudo
751 2661 975 2703 revelatio-

155 2727 258 2754 num
289 2715 470 2758 extollat
499 2730 585 2768 me,
617 2717 744 2760 datus
775 2723 841 2760 est
871 2716 975 2758 mihi

1030 1607 1031 1610 ¹
1070 1569 1135 1645 (ζ’-4
1156 1591 1304 1634 vendit
1332 1592 1476 1633 omnia
1504 1604 1602 1643 quae
1629 1591 1777 1641 habet,
1806 1596 1849 1632 et

1032 1652 1055 1673 ἓν
1087 1627 1135 1674 ³3]
1157 1648 1232 1690 dat
1262 1648 1542 1702 pauperibus,
1579 1661 1630 1689 ac
1660 1647 1848 1696 veniens,

1027 1705 1221 1757 sequitur
1255 1704 1486 1746 Christum:
1521 1704 1698 1745 habebit
1735 1703 1848 1744 enim

1026 1761 1278 1803 thesaurum
1300 1774 1386 1802 non
1410 1760 1681 1802 deficientem
1699 1759 1743 1799 in
1762 1772 1845 1801 coe-

1026 1818 1090 1858 lis.
1117 1817 1242 1859 Unde
1263 1817 1374 1859 bene
1392 1817 1684 1867 interrogante
1703 1816 1846 1865 Petro,

1028 1873 1135 1915 dixit
1152 1874 1312 1915 talibus
1331 1874 1354 1914 J
1357 1886 1470 1914 esus:
1494 1873 1634 1913 Amen
1654 1871 1752 1913 dico
1772 1884 1846 1912 vo-

1026 1929 1110 1980 bis,
1139 1927 1259 1981 quod
1286 1942 1365 1970 vos
1395 1929 1467 1981 qui
1487 1928 1625 1970 secuti
1645 1928 1748 1969 estis
1767 1940 1847 1977 me,

1027 1986 1071 2026 in
1098 1985 1439 2036 regeneratione,
1467 1997 1565 2026 cum
1593 1983 1753 2026 sederit
1781 1984 1847 2024 Fi-

1025 2042 1108 2083 lius
1122 2042 1306 2083 hominis
1320 2041 1363 2081 in
1379 2040 1482 2082 sede
1497 2040 1734 2093 majestatis
1746 2053 1847 2089 suae,

1026 2097 1234 2139 sedebitis
1262 2103 1305 2139 et
1333 2110 1412 2139 vos
1441 2110 1571 2150 super
1596 2095 1723 2138 sedes
1743 2094 1846 2137 duo-

1026 2153 1178 2204 decim,
1199 2153 1440 2206 judicantes
1460 2152 1691 2194 duedecim
1709 2151 1848 2194 tribus

1025 2210 1171 2251 Israel.
1198 2210 1249 2250 In
1267 2209 1350 2251 hac
1371 2209 1534 2262 quippe
1549 2209 1638 2250 vita
1655 2221 1737 2261 pro
1758 2208 1847 2259 ejus

1025 2266 1198 2308 nomine
1216 2265 1482 2315 laborantes,
1509 2266 1552 2306 in
1576 2264 1661 2305 alia
1678 2263 1846 2317 praemi-

1025 2336 1099 2364 um
1117 2325 1295 2375 sperare
1315 2321 1477 2364 docuit:
1501 2320 1547 2363 id
1566 2326 1647 2370 est,
1665 2320 1709 2360 in
1728 2331 1846 2370 rege-

1025 2379 1263 2429 nerati6ne3
1297 2391 1395 2420 cum
1418 2376 1622 2419 videlicet
1646 2376 1690 2416 in
1715 2375 1848 2417 vitam

1025 2434 1314 2476 immortalem
1342 2434 1547 2475 fuerimus
1580 2430 1846 2482 resurgendo

1025 2491 1283 2542 regenerati,
1312 2491 1386 2543 qui
1410 2491 1455 2530 in
1479 2489 1612 2531 vitam
1638 2487 1847 2529 caducam

1025 2548 1266 2589 mortaliter
1285 2550 1456 2589 eramus
1474 2546 1617 2597 geniti.

1081 2602 1128 2653 K-
1158 2605 1313 2646 Sancte
1335 2603 1470 2645 Paule
1494 2599 1709 2654 Apest'ole
1734 2612 1842 2653 prae-

1027 2659 1196 2702 dicator
1225 2660 1435 2709 veritatis,
1468 2664 1512 2700 et
1538 2659 1706 2699 Doctor
1734 2657 1844 2697 Gen-

1025 2717 1148 2767 tium,
1184 2713 1204 2734 *
1243 2713 1470 2757 Intercede
1510 2727 1592 2767 pro
1627 2712 1754 2754 nobis
1789 2709 1846 2752 ad
