<?xml version="1.0" encoding="UTF-8"?>
<!DOCTYPE html PUBLIC "-//W3C//DTD XHTML 1.0 Transitional//EN"
    "http://www.w3.org/TR/xhtml1/DTD/xhtml1-transitional.dtd">
<html xmlns="http://www.w3.org/1999/xhtml" xml:lang="en" lang="en">
 <head>
  <title>
</title>
<meta http-equiv="Content-Type" content="text/html;charset=utf-8" />
  <meta name='ocr-system' content='tesseract 3.04.00' />
  <meta name='ocr-capabilities' content='ocr_page ocr_carea ocr_par ocr_line ocrx_word'/>
</head>
<body>
  <div class='ocr_page' id='page_1' title='image "./p1breviariumroma00cathuoft_0487.png"; bbox 0 0 2080 2990; ppageno 0'>
   <div class='ocr_carea' id='block_1_1' title="bbox 533 203 1509 237">
    <p class='ocr_par' dir='ltr' id='par_1_1' title="bbox 533 203 1509 237">
     <span class='ocr_line' id='line_1_1' title="bbox 533 203 1509 237; baseline -0.003 0"><span class='ocrx_word' id='word_1_1' title='bbox 533 204 602 237; x_wconf 59' lang='lat' dir='ltr'><strong>Dic</strong></span> <span class='ocrx_word' id='word_1_2' title='bbox 627 204 685 237; x_wconf 70' lang='lat'><strong>20.</strong></span> <span class='ocrx_word' id='word_1_3' title='bbox 711 204 793 236; x_wconf 68' lang='lat' dir='ltr'><strong>Jam.</strong></span> <span class='ocrx_word' id='word_1_4' title='bbox 835 206 888 237; x_wconf 60' lang='lat' dir='ltr'><strong>ss.</strong></span> <span class='ocrx_word' id='word_1_5' title='bbox 919 203 1074 236; x_wconf 70' lang='lat' dir='ltr'><strong>Fabiani</strong></span> <span class='ocrx_word' id='word_1_6' title='bbox 1103 210 1138 235; x_wconf 77' lang='lat' dir='ltr'><strong>ct</strong></span> <span class='ocrx_word' id='word_1_7' title='bbox 1163 203 1377 235; x_wconf 41' lang='lat' dir='ltr'><strong>&amp;obusti-,mi</strong></span> <span class='ocrx_word' id='word_1_8' title='bbox 1408 203 1509 235; x_wconf 65' lang='lat' dir='ltr'><strong>Mart.</strong></span> 
     </span>
    </p>
   </div>
   <div class='ocr_carea' id='block_1_2' title="bbox 173 298 997 409">
    <p class='ocr_par' dir='ltr' id='par_1_2' title="bbox 173 298 997 409">
     <span class='ocr_line' id='line_1_2' title="bbox 173 298 997 349; baseline -0.004 -7"><span class='ocrx_word' id='word_1_9' title='bbox 173 300 228 342; x_wconf 89' lang='lat' dir='ltr'><strong>ab</strong></span> <span class='ocrx_word' id='word_1_10' title='bbox 246 299 366 342; x_wconf 83' lang='lat' dir='ltr'><strong>Urbe</strong></span> <span class='ocrx_word' id='word_1_11' title='bbox 384 298 641 349; x_wconf 87' lang='lat' dir='ltr'><strong>milliarium,</strong></span> <span class='ocrx_word' id='word_1_12' title='bbox 658 299 702 340; x_wconf 91' lang='lat' dir='ltr'><strong>in</strong></span> <span class='ocrx_word' id='word_1_13' title='bbox 722 312 822 340; x_wconf 91' lang='lat' dir='ltr'><strong>eum</strong></span> <span class='ocrx_word' id='word_1_14' title='bbox 840 299 997 349; x_wconf 89' lang='lat' dir='ltr'><strong>locum,</strong></span> 
     </span>
     <span class='ocr_line' id='line_1_3' title="bbox 174 355 997 409; baseline -0.002 -11"><span class='ocrx_word' id='word_1_15' title='bbox 174 357 248 409; x_wconf 93' lang='lat' dir='ltr'><strong>qui</strong></span> <span class='ocrx_word' id='word_1_16' title='bbox 271 355 476 409; x_wconf 90' lang='lat' dir='ltr'><strong>Nymphe</strong></span> <span class='ocrx_word' id='word_1_17' title='bbox 500 355 745 405; x_wconf 89' lang='lat' dir='ltr'><strong>dicebatur,</strong></span> <span class='ocrx_word' id='word_1_18' title='bbox 772 358 997 397; x_wconf 91' lang='lat' dir='ltr'><strong>necantur:</strong></span> 
     </span>
    </p>
   </div>
   <div class='ocr_carea' id='block_1_3' title="bbox 173 412 996 466">
    <p class='ocr_par' dir='ltr' id='par_1_3' title="bbox 173 412 1061 466">
     <span class='ocr_line' id='line_1_4' title="bbox 173 412 996 466; baseline -0.002 -12"><span class='ocrx_word' id='word_1_19' title='bbox 173 426 224 455; x_wconf 90' lang='lat' dir='ltr'><strong>ac</strong></span> <span class='ocrx_word' id='word_1_20' title='bbox 242 413 430 466; x_wconf 90' lang='lat' dir='ltr'><strong>primum</strong></span> <span class='ocrx_word' id='word_1_21' title='bbox 448 412 635 462; x_wconf 83' lang='lat' dir='ltr'>Martha,</span> <span class='ocrx_word' id='word_1_22' title='bbox 665 425 762 464; x_wconf 88' lang='lat' dir='ltr'><strong>quae</strong></span> <span class='ocrx_word' id='word_1_23' title='bbox 781 412 921 453; x_wconf 90' lang='lat' dir='ltr'><strong>virum</strong></span> <span class='ocrx_word' id='word_1_24' title='bbox 946 424 996 453; x_wconf 86' lang='lat' dir='ltr'><strong>ac</strong></span> 
     </span>
    </p>
   </div>
   <div class='ocr_carea' id='block_1_4' title="bbox 172 467 1873 535">
    <p class='ocr_par' dir='ltr' id='par_1_4' title="bbox 172 467 1873 535">
     <span class='ocr_line' id='line_1_5' title="bbox 172 467 1873 535; baseline 0 -25"><span class='ocrx_word' id='word_1_25' title='bbox 172 469 286 510; x_wconf 82' lang='lat' dir='ltr'><strong>filios</strong></span> <span class='ocrx_word' id='word_1_26' title='bbox 306 468 362 510; x_wconf 90' lang='lat' dir='ltr'><strong>ad</strong></span> <span class='ocrx_word' id='word_1_27' title='bbox 381 468 597 521; x_wconf 86' lang='lat' dir='ltr'><strong>supplicia</strong></span> <span class='ocrx_word' id='word_1_28' title='bbox 615 481 696 521; x_wconf 89' lang='lat' dir='ltr'><strong>pro</strong></span> <span class='ocrx_word' id='word_1_29' title='bbox 714 468 739 509; x_wconf 88' lang='lat' dir='ltr'><strong>J</strong></span> <span class='ocrx_word' id='word_1_30' title='bbox 741 481 818 509; x_wconf 92' lang='lat' dir='ltr'><strong>esu</strong></span> <span class='ocrx_word' id='word_1_31' title='bbox 838 467 995 509; x_wconf 86' lang='lat' dir='ltr'>Christi</span> <span class='ocrx_word' id='word_1_32' title='bbox 1052 485 1060 512; x_wconf 57' lang='lat'><strong>2·</strong></span> <span class='ocrx_word' id='word_1_33' title='bbox 1082 472 1154 524; x_wconf 40' lang='lat'><strong>5255}</strong></span> <span class='ocrx_word' id='word_1_34' title='bbox 1184 493 1241 522; x_wconf 92' lang='lat' dir='ltr'><strong>no</strong></span> <span class='ocrx_word' id='word_1_35' title='bbox 1266 493 1405 532; x_wconf 74' lang='lat' dir='ltr'><strong>usque</strong></span> <span class='ocrx_word' id='word_1_36' title='bbox 1430 480 1487 522; x_wconf 73' lang='lat' dir='ltr'><strong>ad</strong></span> <span class='ocrx_word' id='word_1_37' title='bbox 1510 482 1693 524; x_wconf 41' lang='lat' dir='ltr'><strong>Dacium</strong></span> <span class='ocrx_word' id='word_1_38' title='bbox 1718 497 1873 535; x_wconf 72' lang='lat' dir='ltr'><strong>regens</strong></span> 
     </span>
    </p>
   </div>
   <div class='ocr_carea' id='block_1_5' title="bbox 171 512 1153 577">
    <p class='ocr_par' dir='ltr' id='par_1_5' title="bbox 171 512 1153 577">
     <span class='ocr_line' id='line_1_6' title="bbox 171 512 1153 577; baseline -0.004 -10"><span class='ocrx_word' id='word_1_39' title='bbox 171 525 260 567; x_wconf 92' lang='lat' dir='ltr'><strong>fide</strong></span> <span class='ocrx_word' id='word_1_40' title='bbox 288 527 539 566; x_wconf 91' lang='lat' dir='ltr'><strong>constanter</strong></span> <span class='ocrx_word' id='word_1_41' title='bbox 566 523 838 577; x_wconf 89' lang='lat' dir='ltr'><strong>perferenda,</strong></span> <span class='ocrx_word' id='word_1_42' title='bbox 867 524 993 565; x_wconf 90' lang='lat' dir='ltr'><strong>vehe-</strong></span> <span class='ocrx_word' id='word_1_43' title='bbox 1052 522 1061 558; x_wconf 62' lang='grc' dir='ltr'><em>ἰ</em></span> <span class='ocrx_word' id='word_1_44' title='bbox 1088 512 1153 557; x_wconf 12' lang='grc' dir='ltr'><strong>’.κ’-ΣΞ</strong></span> 
     </span>
    </p>
   </div>
   <div class='ocr_carea' id='block_1_6' title="bbox 167 580 996 1479">
    <p class='ocr_par' dir='ltr' id='par_1_6' title="bbox 170 580 996 973">
     <span class='ocr_line' id='line_1_7' title="bbox 172 580 994 623; baseline -0.002 0"><span class='ocrx_word' id='word_1_45' title='bbox 172 583 340 623; x_wconf 89' lang='lat' dir='ltr'><strong>menter</strong></span> <span class='ocrx_word' id='word_1_46' title='bbox 367 581 508 622; x_wconf 90' lang='lat' dir='ltr'><strong>fuerat</strong></span> <span class='ocrx_word' id='word_1_47' title='bbox 530 580 774 622; x_wconf 88' lang='lat' dir='ltr'><strong>cohortata:</strong></span> <span class='ocrx_word' id='word_1_48' title='bbox 801 593 905 621; x_wconf 80' lang='lat' dir='ltr'><strong>mox</strong></span> <span class='ocrx_word' id='word_1_49' title='bbox 930 582 994 622; x_wconf 90' lang='lat' dir='ltr'><strong>ce-</strong></span> 
     </span>
     <span class='ocr_line' id='line_1_8' title="bbox 171 637 995 680; baseline -0.002 -1"><span class='ocrx_word' id='word_1_50' title='bbox 171 638 276 680; x_wconf 90' lang='lat' dir='ltr'><strong>teris</strong></span> <span class='ocrx_word' id='word_1_51' title='bbox 310 638 354 678; x_wconf 93' lang='lat' dir='ltr'><strong>in</strong></span> <span class='ocrx_word' id='word_1_52' title='bbox 388 638 542 679; x_wconf 91' lang='lat' dir='ltr'><strong>eadem</strong></span> <span class='ocrx_word' id='word_1_53' title='bbox 574 637 770 678; x_wconf 90' lang='lat' dir='ltr'><strong>arenaria</strong></span> <span class='ocrx_word' id='word_1_54' title='bbox 803 639 995 678; x_wconf 87' lang='lat' dir='ltr'><strong>cervices</strong></span> 
     </span>
     <span class='ocr_line' id='line_1_9' title="bbox 172 694 996 746; baseline -0.002 -10"><span class='ocrx_word' id='word_1_55' title='bbox 172 694 503 744; x_wconf 64' lang='lat' dir='ltr'>abscindantur,</span> <span class='ocrx_word' id='word_1_56' title='bbox 535 696 776 746; x_wconf 88' lang='lat' dir='ltr'><strong>eorumque</strong></span> <span class='ocrx_word' id='word_1_57' title='bbox 809 696 996 746; x_wconf 88' lang='lat' dir='ltr'><strong>corpora</strong></span> 
     </span>
     <span class='ocr_line' id='line_1_10' title="bbox 172 750 994 803; baseline -0.004 -11"><span class='ocrx_word' id='word_1_58' title='bbox 172 751 456 803; x_wconf 86' lang='lat' dir='ltr'><strong>conjiciuntur</strong></span> <span class='ocrx_word' id='word_1_59' title='bbox 478 750 522 790; x_wconf 94' lang='lat' dir='ltr'><strong>in</strong></span> <span class='ocrx_word' id='word_1_60' title='bbox 545 750 699 800; x_wconf 86' lang='lat' dir='ltr'><strong>ignem.</strong></span> <span class='ocrx_word' id='word_1_61' title='bbox 736 750 846 800; x_wconf 86' lang='lat' dir='ltr'><strong>Quae</strong></span> <span class='ocrx_word' id='word_1_62' title='bbox 871 750 994 790; x_wconf 90' lang='lat' dir='ltr'><strong>semi-</strong></span> 
     </span>
     <span class='ocr_line' id='line_1_11' title="bbox 171 806 996 856; baseline -0.004 -7"><span class='ocrx_word' id='word_1_63' title='bbox 171 811 286 856; x_wconf 91' lang='lat' dir='ltr'><strong>usta,</strong></span> <span class='ocrx_word' id='word_1_64' title='bbox 322 807 526 849; x_wconf 82' lang='lat' dir='ltr'>Felicitas</span> <span class='ocrx_word' id='word_1_65' title='bbox 562 808 763 847; x_wconf 87' lang='lat' dir='ltr'><strong>matrona</strong></span> <span class='ocrx_word' id='word_1_66' title='bbox 794 806 996 847; x_wconf 89' lang='lat' dir='ltr'><strong>Romana</strong></span> 
     </span>
     <span class='ocr_line' id='line_1_12' title="bbox 170 862 994 915; baseline -0.001 -11"><span class='ocrx_word' id='word_1_67' title='bbox 170 863 345 913; x_wconf 86' lang='lat' dir='ltr'><strong>nobilis,</strong></span> <span class='ocrx_word' id='word_1_68' title='bbox 371 862 632 914; x_wconf 88' lang='lat' dir='ltr'><strong>colligenda,</strong></span> <span class='ocrx_word' id='word_1_69' title='bbox 659 866 702 903; x_wconf 89' lang='lat' dir='ltr'><strong>et</strong></span> <span class='ocrx_word' id='word_1_70' title='bbox 724 862 767 903; x_wconf 94' lang='lat' dir='ltr'><strong>in</strong></span> <span class='ocrx_word' id='word_1_71' title='bbox 787 863 867 904; x_wconf 88' lang='lat' dir='ltr'><strong>suo</strong></span> <span class='ocrx_word' id='word_1_72' title='bbox 886 864 994 915; x_wconf 80' lang='lat' dir='ltr'><strong>prae-</strong></span> 
     </span>
     <span class='ocr_line' id='line_1_13' title="bbox 171 918 713 973; baseline -0.007 -10"><span class='ocrx_word' id='word_1_73' title='bbox 171 920 244 963; x_wconf 92' lang='lat' dir='ltr'><strong>dio</strong></span> <span class='ocrx_word' id='word_1_74' title='bbox 264 919 515 973; x_wconf 86' lang='lat' dir='ltr'><strong>sepelienda</strong></span> <span class='ocrx_word' id='word_1_75' title='bbox 535 918 713 960; x_wconf 88' lang='lat' dir='ltr'><strong>curavit.</strong></span> 
     </span>
    </p>

    <p class='ocr_par' dir='ltr' id='par_1_7' title="bbox 227 980 789 1023">
     <span class='ocr_line' id='line_1_14' title="bbox 227 980 789 1023; baseline -0.007 0"><span class='ocrx_word' id='word_1_76' title='bbox 227 983 289 1023; x_wconf 93' lang='lat' dir='ltr'><strong>Te</strong></span> <span class='ocrx_word' id='word_1_77' title='bbox 308 982 451 1023; x_wconf 92' lang='lat' dir='ltr'><strong>Deum</strong></span> <span class='ocrx_word' id='word_1_78' title='bbox 469 980 709 1021; x_wconf 88' lang='lat' dir='ltr'><strong>laudamus.</strong></span> <span class='ocrx_word' id='word_1_79' title='bbox 730 981 789 1020; x_wconf 89' lang='lat'><strong>14.</strong></span> 
     </span>
    </p>

    <p class='ocr_par' dir='ltr' id='par_1_8' title="bbox 170 1044 991 1127">
     <span class='ocr_line' id='line_1_15' title="bbox 224 1044 991 1088; baseline 0.004 -11"><span class='ocrx_word' id='word_1_80' title='bbox 224 1044 266 1077; x_wconf 94' lang='lat' dir='ltr'><strong>In</strong></span> <span class='ocrx_word' id='word_1_81' title='bbox 285 1044 481 1086; x_wconf 75' lang='lat' dir='ltr'><strong>Laudibus</strong></span> <span class='ocrx_word' id='word_1_82' title='bbox 504 1055 574 1088; x_wconf 89' lang='lat' dir='ltr'><strong>pro</strong></span> <span class='ocrx_word' id='word_1_83' title='bbox 596 1055 789 1079; x_wconf 82' lang='lat' dir='ltr'><strong>commem.</strong></span> <span class='ocrx_word' id='word_1_84' title='bbox 809 1047 864 1080; x_wconf 56' lang='grc' dir='ltr'><strong>ὃς.</strong></span> <span class='ocrx_word' id='word_1_85' title='bbox 885 1047 991 1080; x_wconf 77' lang='lat' dir='ltr'><strong>Marii</strong></span> 
     </span>
     <span class='ocr_line' id='line_1_16' title="bbox 170 1091 443 1127; baseline 0.007 -2"><span class='ocrx_word' id='word_1_86' title='bbox 170 1096 205 1125; x_wconf 86' lang='lat' dir='ltr'><strong>et</strong></span> <span class='ocrx_word' id='word_1_87' title='bbox 229 1091 312 1125; x_wconf 90' lang='lat' dir='ltr'><strong>Soc.</strong></span> <span class='ocrx_word' id='word_1_88' title='bbox 338 1092 443 1127; x_wconf 80' lang='lat' dir='ltr'><strong>Mart.</strong></span> 
     </span>
    </p>

    <p class='ocr_par' dir='ltr' id='par_1_9' title="bbox 167 1148 995 1314">
     <span class='ocr_line' id='line_1_17' title="bbox 220 1148 995 1202; baseline -0.001 -13"><span class='ocrx_word' id='word_1_89' title='bbox 220 1149 318 1190; x_wconf 86' lang='lat' dir='ltr'><strong>Ant.</strong></span> <span class='ocrx_word' id='word_1_90' title='bbox 345 1148 488 1190; x_wconf 83' lang='lat' dir='ltr'><strong>Vestri</strong></span> <span class='ocrx_word' id='word_1_91' title='bbox 508 1149 653 1202; x_wconf 84' lang='lat' dir='ltr'><strong>capilli</strong></span> <span class='ocrx_word' id='word_1_92' title='bbox 673 1148 828 1201; x_wconf 86' lang='lat' dir='ltr'><strong>capitis</strong></span> <span class='ocrx_word' id='word_1_93' title='bbox 844 1160 995 1189; x_wconf 88' lang='lat' dir='ltr'><strong>omnes</strong></span> 
     </span>
     <span class='ocr_line' id='line_1_18' title="bbox 168 1204 994 1247; baseline -0.004 0"><span class='ocrx_word' id='word_1_94' title='bbox 168 1205 382 1247; x_wconf 89' lang='lat' dir='ltr'><strong>numerati</strong></span> <span class='ocrx_word' id='word_1_95' title='bbox 402 1210 516 1247; x_wconf 91' lang='lat' dir='ltr'><strong>sunt:</strong></span> <span class='ocrx_word' id='word_1_96' title='bbox 539 1205 675 1247; x_wconf 86' lang='lat' dir='ltr'><strong>nolite</strong></span> <span class='ocrx_word' id='word_1_97' title='bbox 694 1206 863 1247; x_wconf 87' lang='lat' dir='ltr'><strong>timere:</strong></span> <span class='ocrx_word' id='word_1_98' title='bbox 888 1204 994 1245; x_wconf 93' lang='lat' dir='ltr'><strong>mul-</strong></span> 
     </span>
     <span class='ocr_line' id='line_1_19' title="bbox 167 1261 951 1314; baseline -0.004 -10"><span class='ocrx_word' id='word_1_99' title='bbox 167 1262 224 1304; x_wconf 89' lang='lat' dir='ltr'><strong>tis</strong></span> <span class='ocrx_word' id='word_1_100' title='bbox 242 1262 494 1314; x_wconf 89' lang='lat' dir='ltr'><strong>passeribus</strong></span> <span class='ocrx_word' id='word_1_101' title='bbox 514 1262 717 1303; x_wconf 88' lang='lat' dir='ltr'><strong>meliores</strong></span> <span class='ocrx_word' id='word_1_102' title='bbox 738 1261 842 1303; x_wconf 90' lang='lat' dir='ltr'><strong>estis</strong></span> <span class='ocrx_word' id='word_1_103' title='bbox 861 1274 951 1302; x_wconf 87' lang='lat' dir='ltr'><strong>vos.</strong></span> 
     </span>
    </p>

    <p class='ocr_par' dir='ltr' id='par_1_10' title="bbox 169 1315 994 1429">
     <span class='ocr_line' id='line_1_20' title="bbox 220 1315 994 1369; baseline -0.003 -9"><span class='ocrx_word' id='word_1_104' title='bbox 220 1315 270 1367; x_wconf 65' lang='lat' dir='ltr'><strong>V.</strong></span> <span class='ocrx_word' id='word_1_105' title='bbox 297 1318 593 1360; x_wconf 82' lang='lat' dir='ltr'><strong>Exsultabunt</strong></span> <span class='ocrx_word' id='word_1_106' title='bbox 618 1318 756 1360; x_wconf 89' lang='lat' dir='ltr'><strong>sancti</strong></span> <span class='ocrx_word' id='word_1_107' title='bbox 778 1318 822 1358; x_wconf 92' lang='lat' dir='ltr'><strong>in</strong></span> <span class='ocrx_word' id='word_1_108' title='bbox 845 1317 994 1369; x_wconf 88' lang='lat' dir='ltr'><strong>gloria.</strong></span> 
     </span>
     <span class='ocr_line' id='line_1_21' title="bbox 169 1374 938 1429; baseline -0.004 -12"><span class='ocrx_word' id='word_1_109' title='bbox 169 1378 218 1429; x_wconf 69' lang='lat' dir='ltr'><strong>R».</strong></span> <span class='ocrx_word' id='word_1_110' title='bbox 238 1374 523 1417; x_wconf 83' lang='lat' dir='ltr'><strong>Daetabuntur</strong></span> <span class='ocrx_word' id='word_1_111' title='bbox 541 1376 585 1415; x_wconf 89' lang='lat' dir='ltr'><strong>in</strong></span> <span class='ocrx_word' id='word_1_112' title='bbox 605 1374 819 1417; x_wconf 90' lang='lat' dir='ltr'><strong>cubilibus</strong></span> <span class='ocrx_word' id='word_1_113' title='bbox 838 1374 938 1415; x_wconf 92' lang='lat' dir='ltr'><strong>suis.</strong></span> 
     </span>
    </p>

    <p class='ocr_par' dir='ltr' id='par_1_11' title="bbox 221 1431 990 1479">
     <span class='ocr_line' id='line_1_22' title="bbox 221 1431 990 1479; baseline 0.001 -9"><span class='ocrx_word' id='word_1_114' title='bbox 221 1438 335 1479; x_wconf 81' lang='lat' dir='ltr'><strong>Vcsp.</strong></span> <span class='ocrx_word' id='word_1_115' title='bbox 362 1437 408 1470; x_wconf 85' lang='lat' dir='ltr'><strong>de</strong></span> <span class='ocrx_word' id='word_1_116' title='bbox 435 1431 538 1479; x_wconf 80' lang='lat' dir='ltr'><strong>se‘qu.</strong></span> <span class='ocrx_word' id='word_1_117' title='bbox 565 1448 647 1471; x_wconf 88' lang='lat' dir='ltr'><strong>cum</strong></span> <span class='ocrx_word' id='word_1_118' title='bbox 672 1447 804 1470; x_wconf 92' lang='lat' dir='ltr'><strong>comm.</strong></span> <span class='ocrx_word' id='word_1_119' title='bbox 829 1438 990 1478; x_wconf 60' lang='lat' dir='ltr'><strong>praeced.</strong></span> 
     </span>
    </p>
   </div>
   <div class='ocr_carea' id='block_1_7' title="bbox 166 1539 994 2772">
    <p class='ocr_par' dir='ltr' id='par_1_12' title="bbox 238 1539 918 1773">
     <span class='ocr_line' id='line_1_23' title="bbox 383 1539 801 1591; baseline -0.005 -10"><span class='ocrx_word' id='word_1_120' title='bbox 383 1540 467 1591; x_wconf 89' lang='lat' dir='ltr'><strong>Die</strong></span> <span class='ocrx_word' id='word_1_121' title='bbox 484 1540 556 1581; x_wconf 87' lang='lat'><strong>20.</strong></span> <span class='ocrx_word' id='word_1_122' title='bbox 575 1539 600 1580; x_wconf 85' lang='lat' dir='ltr'><strong>J</strong></span> <span class='ocrx_word' id='word_1_123' title='bbox 602 1539 801 1580; x_wconf 52' lang='lat' dir='ltr'><strong>anuarii«</strong></span> 
     </span>
     <span class='ocr_line' id='line_1_24' title="bbox 238 1607 918 1650; baseline -0.001 -1"><span class='ocrx_word' id='word_1_124' title='bbox 238 1609 305 1650; x_wconf 86' lang='lat' dir='ltr'><strong>Ss.</strong></span> <span class='ocrx_word' id='word_1_125' title='bbox 332 1608 544 1650; x_wconf 77' lang='lat' dir='ltr'><strong>Fabiani</strong></span> <span class='ocrx_word' id='word_1_126' title='bbox 572 1615 614 1650; x_wconf 87' lang='lat' dir='ltr'><strong>et</strong></span> <span class='ocrx_word' id='word_1_127' title='bbox 634 1607 918 1649; x_wconf 77' lang='lat' dir='ltr'><strong>sebastiani</strong></span> 
     </span>
     <span class='ocr_line' id='line_1_25' title="bbox 456 1665 704 1718; baseline 0.004 -14"><span class='ocrx_word' id='word_1_128' title='bbox 456 1665 704 1718; x_wconf 84' lang='lat' dir='ltr'><strong>Martyrum.</strong></span> 
     </span>
     <span class='ocr_line' id='line_1_26' title="bbox 498 1729 662 1773; baseline 0 -10"><span class='ocrx_word' id='word_1_129' title='bbox 498 1729 662 1773; x_wconf 70' lang='lat' dir='ltr'><strong>Duplex,</strong></span> 
     </span>
    </p>

    <p class='ocr_par' dir='ltr' id='par_1_13' title="bbox 170 1787 992 1881">
     <span class='ocr_line' id='line_1_27' title="bbox 221 1787 992 1833; baseline 0 -10"><span class='ocrx_word' id='word_1_130' title='bbox 221 1788 356 1823; x_wconf 87' lang='lat' dir='ltr'><strong>Omnia</strong></span> <span class='ocrx_word' id='word_1_131' title='bbox 380 1790 426 1823; x_wconf 90' lang='lat' dir='ltr'><strong>de</strong></span> <span class='ocrx_word' id='word_1_132' title='bbox 448 1790 591 1824; x_wconf 92' lang='lat' dir='ltr'><strong>Comm.</strong></span> <span class='ocrx_word' id='word_1_133' title='bbox 617 1789 766 1833; x_wconf 82' lang='lat' dir='ltr'><strong>plurim.</strong></span> <span class='ocrx_word' id='word_1_134' title='bbox 790 1789 894 1823; x_wconf 83' lang='lat' dir='ltr'><strong>Mart.</strong></span> <span class='ocrx_word' id='word_1_135' title='bbox 924 1787 992 1831; x_wconf 87' lang='lat'>[35]</span> 
     </span>
     <span class='ocr_line' id='line_1_28' title="bbox 170 1841 437 1881; baseline 0 -10"><span class='ocrx_word' id='word_1_136' title='bbox 170 1841 308 1880; x_wconf 84' lang='lat' dir='ltr'><strong>praeter</strong></span> <span class='ocrx_word' id='word_1_137' title='bbox 332 1848 437 1881; x_wconf 84' lang='lat' dir='ltr'><strong>sequ.</strong></span> 
     </span>
    </p>

    <p class='ocr_par' dir='ltr' id='par_1_14' title="bbox 500 1888 663 1929">
     <span class='ocr_line' id='line_1_29' title="bbox 500 1888 663 1929; baseline -0.006 -1"><span class='ocrx_word' id='word_1_138' title='bbox 500 1888 663 1929; x_wconf 79' lang='lat' dir='ltr'><strong>Oratio.</strong></span> 
     </span>
    </p>

    <p class='ocr_par' dir='ltr' id='par_1_15' title="bbox 215 1942 993 1996">
     <span class='ocr_line' id='line_1_30' title="bbox 215 1942 993 1996; baseline 0.003 -14"><span class='ocrx_word' id='word_1_139' title='bbox 215 1942 496 1984; x_wconf 90' lang='lat' dir='ltr'><strong>nfirmitatem</strong></span> <span class='ocrx_word' id='word_1_140' title='bbox 519 1946 716 1984; x_wconf 91' lang='lat' dir='ltr'><strong>nostram</strong></span> <span class='ocrx_word' id='word_1_141' title='bbox 739 1943 925 1996; x_wconf 87' lang='lat' dir='ltr'><strong>respice,</strong></span> <span class='ocrx_word' id='word_1_142' title='bbox 950 1956 993 1984; x_wconf 96' lang='lat' dir='ltr'><strong>o-</strong></span> 
     </span>
    </p>

    <p class='ocr_par' dir='ltr' id='par_1_16' title="bbox 166 1999 994 2276">
     <span class='ocr_line' id='line_1_31' title="bbox 224 1999 993 2052; baseline 0.001 -13"><span class='ocrx_word' id='word_1_143' title='bbox 224 2001 474 2051; x_wconf 87' lang='lat' dir='ltr'><strong>mnipotens</strong></span> <span class='ocrx_word' id='word_1_144' title='bbox 489 1999 625 2040; x_wconf 87' lang='lat' dir='ltr'><strong>Deus:</strong></span> <span class='ocrx_word' id='word_1_145' title='bbox 645 2004 688 2041; x_wconf 88' lang='lat' dir='ltr'><strong>et</strong></span> <span class='ocrx_word' id='word_1_146' title='bbox 704 1999 805 2051; x_wconf 92' lang='lat' dir='ltr'><strong>quia</strong></span> <span class='ocrx_word' id='word_1_147' title='bbox 819 1999 993 2052; x_wconf 91' lang='lat' dir='ltr'><strong>pondus</strong></span> 
     </span>
     <span class='ocr_line' id='line_1_32' title="bbox 166 2055 994 2108; baseline 0.001 -13"><span class='ocrx_word' id='word_1_148' title='bbox 166 2055 359 2108; x_wconf 83' lang='lat' dir='ltr'><strong>propriae</strong></span> <span class='ocrx_word' id='word_1_149' title='bbox 379 2055 560 2097; x_wconf 88' lang='lat' dir='ltr'><strong>actionis</strong></span> <span class='ocrx_word' id='word_1_150' title='bbox 579 2060 746 2106; x_wconf 86' lang='lat' dir='ltr'><strong>gravat,</strong></span> <span class='ocrx_word' id='word_1_151' title='bbox 765 2055 994 2097; x_wconf 90' lang='lat' dir='ltr'><strong>beatorum</strong></span> 
     </span>
     <span class='ocr_line' id='line_1_33' title="bbox 167 2110 992 2164; baseline 0.002 -13"><span class='ocrx_word' id='word_1_152' title='bbox 167 2110 408 2164; x_wconf 90' lang='lat' dir='ltr'><strong>Martyrum</strong></span> <span class='ocrx_word' id='word_1_153' title='bbox 439 2114 615 2154; x_wconf 88' lang='lat' dir='ltr'><strong>tuorum</strong></span> <span class='ocrx_word' id='word_1_154' title='bbox 643 2111 823 2154; x_wconf 86' lang='lat' dir='ltr'><strong>Fabiani</strong></span> <span class='ocrx_word' id='word_1_155' title='bbox 852 2116 895 2153; x_wconf 90' lang='lat' dir='ltr'><strong>et</strong></span> <span class='ocrx_word' id='word_1_156' title='bbox 921 2112 992 2153; x_wconf 89' lang='lat' dir='ltr'><strong>Se-</strong></span> 
     </span>
     <span class='ocr_line' id='line_1_34' title="bbox 169 2166 993 2220; baseline 0 -11"><span class='ocrx_word' id='word_1_157' title='bbox 169 2166 355 2209; x_wconf 87' lang='lat' dir='ltr'><strong>bastiani</strong></span> <span class='ocrx_word' id='word_1_158' title='bbox 391 2168 646 2210; x_wconf 90' lang='lat' dir='ltr'><strong>intercessio</strong></span> <span class='ocrx_word' id='word_1_159' title='bbox 683 2168 874 2220; x_wconf 87' lang='lat' dir='ltr'><strong>gloriosa</strong></span> <span class='ocrx_word' id='word_1_160' title='bbox 895 2168 993 2210; x_wconf 53' lang='lat' dir='ltr'><strong>‘nos</strong></span> 
     </span>
     <span class='ocr_line' id='line_1_35' title="bbox 166 2225 760 2276; baseline 0.002 -12"><span class='ocrx_word' id='word_1_161' title='bbox 166 2225 380 2276; x_wconf 86' lang='lat' dir='ltr'><strong>protegat.</strong></span> <span class='ocrx_word' id='word_1_162' title='bbox 409 2225 493 2267; x_wconf 91' lang='lat' dir='ltr'><strong>Per</strong></span> <span class='ocrx_word' id='word_1_163' title='bbox 514 2225 760 2267; x_wconf 89' lang='lat' dir='ltr'><strong>Dominum.</strong></span> 
     </span>
    </p>

    <p class='ocr_par' dir='ltr' id='par_1_17' title="bbox 219 2290 685 2334">
     <span class='ocr_line' id='line_1_36' title="bbox 219 2290 685 2334; baseline 0.002 -10"><span class='ocrx_word' id='word_1_164' title='bbox 219 2290 266 2324; x_wconf 85' lang='lat' dir='ltr'><strong>Et</strong></span> <span class='ocrx_word' id='word_1_165' title='bbox 290 2290 330 2324; x_wconf 88' lang='lat' dir='ltr'><strong>fit</strong></span> <span class='ocrx_word' id='word_1_166' title='bbox 353 2301 547 2325; x_wconf 84' lang='lat' dir='ltr'>commem.</span> <span class='ocrx_word' id='word_1_167' title='bbox 573 2301 685 2334; x_wconf 79' lang='lat' dir='ltr'><strong>praec.</strong></span> 
     </span>
    </p>

    <p class='ocr_par' dir='ltr' id='par_1_18' title="bbox 169 2336 992 2504">
     <span class='ocr_line' id='line_1_37' title="bbox 222 2336 992 2391; baseline -0.001 -11"><span class='ocrx_word' id='word_1_168' title='bbox 222 2340 319 2381; x_wconf 87' lang='lat' dir='ltr'>Ant.</span> <span class='ocrx_word' id='word_1_169' title='bbox 358 2338 441 2390; x_wconf 90' lang='lat' dir='ltr'><strong>Qui</strong></span> <span class='ocrx_word' id='word_1_170' title='bbox 473 2336 567 2379; x_wconf 88' lang='lat' dir='ltr'><strong>vult</strong></span> <span class='ocrx_word' id='word_1_171' title='bbox 597 2340 747 2379; x_wconf 86' lang='lat' dir='ltr'><strong>venire</strong></span> <span class='ocrx_word' id='word_1_172' title='bbox 778 2343 881 2391; x_wconf 91' lang='lat' dir='ltr'><strong>post</strong></span> <span class='ocrx_word' id='word_1_173' title='bbox 911 2351 992 2388; x_wconf 91' lang='lat' dir='ltr'><strong>me,</strong></span> 
     </span>
     <span class='ocr_line' id='line_1_38' title="bbox 169 2393 991 2447; baseline 0.001 -12"><span class='ocrx_word' id='word_1_174' title='bbox 169 2393 356 2446; x_wconf 86' lang='lat' dir='ltr'><strong>abneget</strong></span> <span class='ocrx_word' id='word_1_175' title='bbox 374 2396 674 2447; x_wconf 85' lang='lat' dir='ltr'><strong>semetipsum,</strong></span> <span class='ocrx_word' id='word_1_176' title='bbox 695 2399 738 2436; x_wconf 88' lang='lat' dir='ltr'><strong>et</strong></span> <span class='ocrx_word' id='word_1_177' title='bbox 755 2394 881 2436; x_wconf 90' lang='lat' dir='ltr'><strong>tollat</strong></span> <span class='ocrx_word' id='word_1_178' title='bbox 901 2408 991 2436; x_wconf 91' lang='lat' dir='ltr'><strong>cru-</strong></span> 
     </span>
     <span class='ocr_line' id='line_1_39' title="bbox 169 2454 806 2504; baseline 0 -12"><span class='ocrx_word' id='word_1_179' title='bbox 169 2463 264 2492; x_wconf 90' lang='lat' dir='ltr'><strong>cem</strong></span> <span class='ocrx_word' id='word_1_180' title='bbox 283 2464 416 2501; x_wconf 88' lang='lat' dir='ltr'><strong>suam,</strong></span> <span class='ocrx_word' id='word_1_181' title='bbox 436 2455 480 2492; x_wconf 92' lang='lat' dir='ltr'><strong>et</strong></span> <span class='ocrx_word' id='word_1_182' title='bbox 499 2454 707 2504; x_wconf 92' lang='lat' dir='ltr'><strong>sequatur</strong></span> <span class='ocrx_word' id='word_1_183' title='bbox 725 2464 806 2493; x_wconf 90' lang='lat' dir='ltr'><strong>me.</strong></span> 
     </span>
    </p>

    <p class='ocr_par' dir='ltr' id='par_1_19' title="bbox 170 2501 992 2660">
     <span class='ocr_line' id='line_1_40' title="bbox 222 2501 992 2560; baseline -0.006 -8"><span class='ocrx_word' id='word_1_184' title='bbox 222 2501 271 2552; x_wconf 62' lang='lat' dir='ltr'><strong>V.</strong></span> <span class='ocrx_word' id='word_1_185' title='bbox 325 2507 476 2548; x_wconf 90' lang='lat' dir='ltr'><strong>Justus</strong></span> <span class='ocrx_word' id='word_1_186' title='bbox 524 2513 572 2549; x_wconf 90' lang='lat' dir='ltr'><strong>ut</strong></span> <span class='ocrx_word' id='word_1_187' title='bbox 616 2507 762 2560; x_wconf 90' lang='lat' dir='ltr'><strong>palma</strong></span> <span class='ocrx_word' id='word_1_188' title='bbox 808 2507 992 2548; x_wconf 90' lang='lat' dir='ltr'><strong>florebit.</strong></span> 
     </span>
     <span class='ocr_line' id='line_1_41' title="bbox 172 2562 991 2615; baseline 0.002 -14"><span class='ocrx_word' id='word_1_189' title='bbox 172 2563 220 2612; x_wconf 78' lang='lat' dir='ltr'><strong>R·.</strong></span> <span class='ocrx_word' id='word_1_190' title='bbox 255 2562 375 2604; x_wconf 88' lang='lat' dir='ltr'><strong>Sicut</strong></span> <span class='ocrx_word' id='word_1_191' title='bbox 411 2562 568 2605; x_wconf 84' lang='lat' dir='ltr'><strong>cedrus</strong></span> <span class='ocrx_word' id='word_1_192' title='bbox 600 2564 755 2606; x_wconf 86' lang='lat' dir='ltr'><strong>Libani</strong></span> <span class='ocrx_word' id='word_1_193' title='bbox 789 2562 991 2615; x_wconf 89' lang='lat' dir='ltr'><strong>multipli-</strong></span> 
     </span>
     <span class='ocr_line' id='line_1_42' title="bbox 170 2618 348 2660; baseline -0.006 0"><span class='ocrx_word' id='word_1_194' title='bbox 170 2618 348 2660; x_wconf 88' lang='lat' dir='ltr'><strong>cabitur.</strong></span> 
     </span>
    </p>

    <p class='ocr_par' dir='ltr' id='par_1_20' title="bbox 170 2683 990 2772">
     <span class='ocr_line' id='line_1_43' title="bbox 227 2683 990 2719; baseline 0.005 -5"><span class='ocrx_word' id='word_1_195' title='bbox 227 2683 263 2714; x_wconf 87' lang='lat' dir='ltr'><strong>ln</strong></span> <span class='ocrx_word' id='word_1_196' title='bbox 299 2683 321 2715; x_wconf 84' lang='grc' dir='ltr'><strong>Ι,</strong></span> <span class='ocrx_word' id='word_1_197' title='bbox 353 2683 548 2718; x_wconf 87' lang='lat' dir='ltr'><strong>Nocturno</strong></span> <span class='ocrx_word' id='word_1_198' title='bbox 583 2685 783 2719; x_wconf 72' lang='lat' dir='ltr'><strong>Lectiones</strong></span> <span class='ocrx_word' id='word_1_199' title='bbox 818 2686 863 2719; x_wconf 72' lang='lat' dir='ltr'><strong>dc</strong></span> <span class='ocrx_word' id='word_1_200' title='bbox 895 2686 990 2718; x_wconf 65' lang='lat' dir='ltr'><strong>Scri-</strong></span> 
     </span>
     <span class='ocr_line' id='line_1_44' title="bbox 170 2736 536 2772; baseline 0.008 -9"><span class='ocrx_word' id='word_1_201' title='bbox 170 2737 279 2772; x_wconf 77' lang='lat' dir='ltr'><strong>ptura</strong></span> <span class='ocrx_word' id='word_1_202' title='bbox 307 2736 536 2766; x_wconf 81' lang='lat' dir='ltr'><strong>oecurrente.</strong></span> 
     </span>
    </p>
   </div>
   <div class='ocr_carea' id='block_1_8' title="bbox 1169 298 1872 468">
    <p class='ocr_par' dir='ltr' id='par_1_21' title="bbox 1099 298 1872 476">
     <span class='ocr_line' id='line_1_45' title="bbox 1277 298 1652 337; baseline 0.005 -2"><span class='ocrx_word' id='word_1_203' title='bbox 1277 298 1325 335; x_wconf 90' lang='lat' dir='ltr'><strong>In</strong></span> <span class='ocrx_word' id='word_1_204' title='bbox 1354 298 1403 336; x_wconf 89' lang='grc' dir='ltr'><strong>ΙΙ.</strong></span> <span class='ocrx_word' id='word_1_205' title='bbox 1432 298 1652 337; x_wconf 79' lang='lat' dir='ltr'><strong>Nocturno.</strong></span> 
     </span>
     <span class='ocr_line' id='line_1_46' title="bbox 1352 362 1572 402; baseline -0.009 -2"><span class='ocrx_word' id='word_1_206' title='bbox 1352 362 1499 402; x_wconf 68' lang='lat' dir='ltr'><strong>Lectio</strong></span> <span class='ocrx_word' id='word_1_207' title='bbox 1522 363 1572 401; x_wconf 65' lang='lat' dir='ltr'><strong>iv.</strong></span> 
     </span>
     <span class='ocr_line' id='line_1_47' title="bbox 1169 424 1872 468; baseline 0.005 -2.638"><span class='ocrx_word' id='word_1_208' title='bbox 1169 424 1350 466; x_wconf 86' lang='lat' dir='ltr'><strong>abianus</strong></span> <span class='ocrx_word' id='word_1_209' title='bbox 1378 425 1604 466; x_wconf 90' lang='lat' dir='ltr'><strong>Romanus</strong></span> <span class='ocrx_word' id='word_1_210' title='bbox 1631 440 1655 467; x_wconf 94' lang='lat' dir='ltr'><strong>a</strong></span> <span class='ocrx_word' id='word_1_211' title='bbox 1679 427 1872 468; x_wconf 84' lang='lat' dir='ltr'><strong>Maximi-</strong></span> 
     </span>
    </p>
   </div>
   <div class='ocr_carea' id='block_1_9' title="bbox 1041 537 1874 2765">
    <p class='ocr_par' dir='ltr' id='par_1_22' title="bbox 1041 537 1874 2765">
     <span class='ocr_line' id='line_1_48' title="bbox 1184 537 1872 590; baseline 0.006 -13"><span class='ocrx_word' id='word_1_212' title='bbox 1184 537 1443 586; x_wconf 87' lang='lat' dir='ltr'><strong>Ecclesiam,</strong></span> <span class='ocrx_word' id='word_1_213' title='bbox 1475 543 1646 590; x_wconf 84' lang='lat' dir='ltr'><strong>septem</strong></span> <span class='ocrx_word' id='word_1_214' title='bbox 1677 539 1872 581; x_wconf 90' lang='lat' dir='ltr'><strong>diaconis</strong></span> 
     </span>
     <span class='ocr_line' id='line_1_49' title="bbox 1048 592 1873 648; baseline 0.006 -15"><span class='ocrx_word' id='word_1_215' title='bbox 1048 592 1248 643; x_wconf 86' lang='lat' dir='ltr'><strong>regiones</strong></span> <span class='ocrx_word' id='word_1_216' title='bbox 1269 593 1430 643; x_wconf 84' lang='lat' dir='ltr'><strong>divisit,</strong></span> <span class='ocrx_word' id='word_1_217' title='bbox 1451 594 1524 645; x_wconf 92' lang='lat' dir='ltr'><strong>qui</strong></span> <span class='ocrx_word' id='word_1_218' title='bbox 1543 599 1786 648; x_wconf 90' lang='lat' dir='ltr'><strong>pauperum</strong></span> <span class='ocrx_word' id='word_1_219' title='bbox 1804 610 1873 638; x_wconf 93' lang='lat' dir='ltr'><strong>cu-</strong></span> 
     </span>
     <span class='ocr_line' id='line_1_50' title="bbox 1048 649 1874 694; baseline 0.008 -6"><span class='ocrx_word' id='word_1_220' title='bbox 1048 661 1141 689; x_wconf 86' lang='lat' dir='ltr'><strong>ram</strong></span> <span class='ocrx_word' id='word_1_221' title='bbox 1160 649 1382 691; x_wconf 80' lang='lat' dir='ltr'><strong>haberent.</strong></span> <span class='ocrx_word' id='word_1_222' title='bbox 1414 650 1621 692; x_wconf 90' lang='lat' dir='ltr'><strong>Totidem</strong></span> <span class='ocrx_word' id='word_1_223' title='bbox 1646 652 1874 694; x_wconf 92' lang='lat' dir='ltr'><strong>subdiaco-</strong></span> 
     </span>
     <span class='ocr_line' id='line_1_51' title="bbox 1048 706 1874 761; baseline 0.004 -15"><span class='ocrx_word' id='word_1_224' title='bbox 1048 717 1129 746; x_wconf 91' lang='lat' dir='ltr'><strong>nos</strong></span> <span class='ocrx_word' id='word_1_225' title='bbox 1151 706 1331 756; x_wconf 89' lang='lat' dir='ltr'><strong>creavit,</strong></span> <span class='ocrx_word' id='word_1_226' title='bbox 1360 707 1433 759; x_wconf 91' lang='lat' dir='ltr'><strong>qui</strong></span> <span class='ocrx_word' id='word_1_227' title='bbox 1454 720 1523 748; x_wconf 91' lang='lat' dir='ltr'><strong>res</strong></span> <span class='ocrx_word' id='word_1_228' title='bbox 1549 712 1694 757; x_wconf 84' lang='lat' dir='ltr'><strong>gestas</strong></span> <span class='ocrx_word' id='word_1_229' title='bbox 1714 708 1874 761; x_wconf 92' lang='lat' dir='ltr'><strong>Marty-</strong></span> 
     </span>
     <span class='ocr_line' id='line_1_52' title="bbox 1048 763 1874 816; baseline 0.005 -14"><span class='ocrx_word' id='word_1_230' title='bbox 1048 775 1143 802; x_wconf 92' lang='lat' dir='ltr'><strong>rum</strong></span> <span class='ocrx_word' id='word_1_231' title='bbox 1163 775 1188 802; x_wconf 90' lang='lat' dir='ltr'><strong>a</strong></span> <span class='ocrx_word' id='word_1_232' title='bbox 1207 768 1375 814; x_wconf 87' lang='lat' dir='ltr'><strong>septem</strong></span> <span class='ocrx_word' id='word_1_233' title='bbox 1391 763 1572 804; x_wconf 89' lang='lat' dir='ltr'><strong>notariis</strong></span> <span class='ocrx_word' id='word_1_234' title='bbox 1587 764 1772 816; x_wconf 88' lang='lat' dir='ltr'><strong>scriptas</strong></span> <span class='ocrx_word' id='word_1_235' title='bbox 1789 765 1874 806; x_wconf 93' lang='lat' dir='ltr'><strong>col—</strong></span> 
     </span>
     <span class='ocr_line' id='line_1_53' title="bbox 1047 817 1873 872; baseline 0.004 -14"><span class='ocrx_word' id='word_1_236' title='bbox 1047 817 1240 868; x_wconf 84' lang='lat' dir='ltr'><strong>ligerent.</strong></span> <span class='ocrx_word' id='word_1_237' title='bbox 1278 819 1404 861; x_wconf 91' lang='lat' dir='ltr'><strong>Idem</strong></span> <span class='ocrx_word' id='word_1_238' title='bbox 1431 820 1598 869; x_wconf 82' lang='lat' dir='ltr'><strong>statuit,</strong></span> <span class='ocrx_word' id='word_1_239' title='bbox 1623 825 1672 862; x_wconf 91' lang='lat' dir='ltr'><strong>ut</strong></span> <span class='ocrx_word' id='word_1_240' title='bbox 1692 823 1873 872; x_wconf 89' lang='lat' dir='ltr'><strong>quotan-</strong></span> 
     </span>
     <span class='ocr_line' id='line_1_54' title="bbox 1047 874 1874 928; baseline 0.004 -14"><span class='ocrx_word' id='word_1_241' title='bbox 1047 874 1113 914; x_wconf 91' lang='lat' dir='ltr'><strong>nis</strong></span> <span class='ocrx_word' id='word_1_242' title='bbox 1141 875 1247 916; x_wconf 85' lang='lat' dir='ltr'><strong>feria</strong></span> <span class='ocrx_word' id='word_1_243' title='bbox 1276 876 1426 928; x_wconf 90' lang='lat' dir='ltr'><strong>quinta</strong></span> <span class='ocrx_word' id='word_1_244' title='bbox 1453 876 1496 916; x_wconf 90' lang='lat' dir='ltr'><strong>in</strong></span> <span class='ocrx_word' id='word_1_245' title='bbox 1524 877 1661 917; x_wconf 82' lang='lat' dir='ltr'><strong>Coena</strong></span> <span class='ocrx_word' id='word_1_246' title='bbox 1686 877 1874 927; x_wconf 83' lang='lat' dir='ltr'><strong>Domini,</strong></span> 
     </span>
     <span class='ocr_line' id='line_1_55' title="bbox 1047 932 1874 982; baseline 0.002 -10"><span class='ocrx_word' id='word_1_247' title='bbox 1047 933 1194 972; x_wconf 89' lang='lat' dir='ltr'><strong>vetere</strong></span> <span class='ocrx_word' id='word_1_248' title='bbox 1215 932 1462 982; x_wconf 87' lang='lat' dir='ltr'><strong>combusto,</strong></span> <span class='ocrx_word' id='word_1_249' title='bbox 1488 933 1675 974; x_wconf 89' lang='lat' dir='ltr'><strong>chrisma</strong></span> <span class='ocrx_word' id='word_1_250' title='bbox 1696 946 1874 975; x_wconf 89' lang='lat' dir='ltr'><strong>renova-</strong></span> 
     </span>
     <span class='ocr_line' id='line_1_56' title="bbox 1047 988 1874 1041; baseline 0.004 -14"><span class='ocrx_word' id='word_1_251' title='bbox 1047 989 1176 1028; x_wconf 81' lang='lat' dir='ltr'><strong>retur.</strong></span> <span class='ocrx_word' id='word_1_252' title='bbox 1211 988 1410 1041; x_wconf 91' lang='lat' dir='ltr'><strong>Denique</strong></span> <span class='ocrx_word' id='word_1_253' title='bbox 1437 988 1607 1030; x_wconf 92' lang='lat' dir='ltr'><strong>decimo</strong></span> <span class='ocrx_word' id='word_1_254' title='bbox 1633 990 1763 1031; x_wconf 91' lang='lat' dir='ltr'><strong>tertio</strong></span> <span class='ocrx_word' id='word_1_255' title='bbox 1788 990 1874 1030; x_wconf 86' lang='lat' dir='ltr'><strong>Ka-</strong></span> 
     </span>
     <span class='ocr_line' id='line_1_57' title="bbox 1047 1043 1874 1097; baseline 0.005 -14"><span class='ocrx_word' id='word_1_256' title='bbox 1047 1043 1200 1084; x_wconf 91' lang='lat' dir='ltr'><strong>lendas</strong></span> <span class='ocrx_word' id='word_1_257' title='bbox 1232 1044 1458 1086; x_wconf 80' lang='lat' dir='ltr'><strong>Februarii</strong></span> <span class='ocrx_word' id='word_1_258' title='bbox 1491 1045 1534 1085; x_wconf 91' lang='lat' dir='ltr'><strong>in</strong></span> <span class='ocrx_word' id='word_1_259' title='bbox 1569 1046 1874 1097; x_wconf 90' lang='lat' dir='ltr'><strong>persecutione</strong></span> 
     </span>
     <span class='ocr_line' id='line_1_58' title="bbox 1047 1100 1874 1153; baseline 0.004 -13"><span class='ocrx_word' id='word_1_260' title='bbox 1047 1100 1171 1141; x_wconf 84' lang='lat' dir='ltr'><strong>Decii</strong></span> <span class='ocrx_word' id='word_1_261' title='bbox 1198 1101 1406 1153; x_wconf 71' lang='lat' dir='ltr'><strong>martyrio</strong></span> <span class='ocrx_word' id='word_1_262' title='bbox 1436 1104 1689 1152; x_wconf 70' lang='lat' dir='ltr'><strong>coronatus,</strong></span> <span class='ocrx_word' id='word_1_263' title='bbox 1716 1102 1759 1142; x_wconf 91' lang='lat' dir='ltr'><strong>in</strong></span> <span class='ocrx_word' id='word_1_264' title='bbox 1790 1115 1874 1144; x_wconf 88' lang='lat' dir='ltr'><strong>eoe-</strong></span> 
     </span>
     <span class='ocr_line' id='line_1_59' title="bbox 1047 1157 1873 1211; baseline 0.002 -14"><span class='ocrx_word' id='word_1_265' title='bbox 1047 1157 1228 1198; x_wconf 88' lang='lat' dir='ltr'><strong>meterio</strong></span> <span class='ocrx_word' id='word_1_266' title='bbox 1256 1157 1423 1199; x_wconf 85' lang='lat' dir='ltr'><strong>Callisti</strong></span> <span class='ocrx_word' id='word_1_267' title='bbox 1450 1158 1519 1199; x_wconf 88' lang='lat' dir='ltr'><strong>via</strong></span> <span class='ocrx_word' id='word_1_268' title='bbox 1545 1158 1692 1211; x_wconf 89' lang='lat' dir='ltr'><strong>Appia</strong></span> <span class='ocrx_word' id='word_1_269' title='bbox 1720 1158 1873 1211; x_wconf 86' lang='lat' dir='ltr'><strong>sepeli-</strong></span> 
     </span>
     <span class='ocr_line' id='line_1_60' title="bbox 1047 1213 1874 1267; baseline 0.004 -14"><span class='ocrx_word' id='word_1_270' title='bbox 1047 1218 1134 1262; x_wconf 90' lang='lat' dir='ltr'><strong>tur,</strong></span> <span class='ocrx_word' id='word_1_271' title='bbox 1176 1227 1274 1254; x_wconf 90' lang='lat' dir='ltr'><strong>cum</strong></span> <span class='ocrx_word' id='word_1_272' title='bbox 1305 1213 1492 1255; x_wconf 84' lang='lat' dir='ltr'><strong>sedisset</strong></span> <span class='ocrx_word' id='word_1_273' title='bbox 1524 1227 1661 1256; x_wconf 90' lang='lat' dir='ltr'><strong>annos</strong></span> <span class='ocrx_word' id='word_1_274' title='bbox 1697 1215 1874 1267; x_wconf 84' lang='lat' dir='ltr'><strong>quinde-</strong></span> 
     </span>
     <span class='ocr_line' id='line_1_61' title="bbox 1048 1269 1872 1322; baseline 0.001 -12"><span class='ocrx_word' id='word_1_275' title='bbox 1048 1269 1145 1320; x_wconf 88' lang='lat' dir='ltr'><strong>cim,</strong></span> <span class='ocrx_word' id='word_1_276' title='bbox 1175 1269 1267 1311; x_wconf 90' lang='lat' dir='ltr'><strong>dies</strong></span> <span class='ocrx_word' id='word_1_277' title='bbox 1294 1273 1492 1322; x_wconf 89' lang='lat' dir='ltr'><strong>quatuor.</strong></span> <span class='ocrx_word' id='word_1_278' title='bbox 1528 1271 1613 1312; x_wconf 93' lang='lat' dir='ltr'><strong>Hic</strong></span> <span class='ocrx_word' id='word_1_279' title='bbox 1637 1271 1740 1312; x_wconf 88' lang='lat' dir='ltr'><strong>fecit</strong></span> <span class='ocrx_word' id='word_1_280' title='bbox 1761 1271 1872 1312; x_wconf 92' lang='lat' dir='ltr'><strong>ordi-</strong></span> 
     </span>
     <span class='ocr_line' id='line_1_62' title="bbox 1045 1326 1872 1378; baseline 0.002 -12"><span class='ocrx_word' id='word_1_281' title='bbox 1045 1326 1244 1367; x_wconf 87' lang='lat' dir='ltr'><strong>nationes</strong></span> <span class='ocrx_word' id='word_1_282' title='bbox 1287 1327 1478 1378; x_wconf 92' lang='lat' dir='ltr'><strong>quinque</strong></span> <span class='ocrx_word' id='word_1_283' title='bbox 1510 1340 1659 1368; x_wconf 89' lang='lat' dir='ltr'><strong>mense</strong></span> <span class='ocrx_word' id='word_1_284' title='bbox 1691 1328 1872 1368; x_wconf 87' lang='lat' dir='ltr'><strong>Decem-</strong></span> 
     </span>
     <span class='ocr_line' id='line_1_63' title="bbox 1045 1381 1873 1436; baseline 0.002 -14"><span class='ocrx_word' id='word_1_285' title='bbox 1045 1381 1129 1431; x_wconf 91' lang='lat' dir='ltr'><strong>bri,</strong></span> <span class='ocrx_word' id='word_1_286' title='bbox 1151 1382 1307 1434; x_wconf 92' lang='lat' dir='ltr'><strong>quibus</strong></span> <span class='ocrx_word' id='word_1_287' title='bbox 1329 1383 1494 1425; x_wconf 87' lang='lat' dir='ltr'><strong>creavit</strong></span> <span class='ocrx_word' id='word_1_288' title='bbox 1512 1383 1795 1436; x_wconf 74' lang='lat' dir='ltr'><strong>presbyteros</strong></span> <span class='ocrx_word' id='word_1_289' title='bbox 1815 1384 1873 1424; x_wconf 89' lang='lat' dir='ltr'><strong>vi-</strong></span> 
     </span>
     <span class='ocr_line' id='line_1_64' title="bbox 1044 1438 1873 1492; baseline 0.004 -14"><span class='ocrx_word' id='word_1_290' title='bbox 1044 1439 1153 1489; x_wconf 85' lang='lat' dir='ltr'><strong>ginti</strong></span> <span class='ocrx_word' id='word_1_291' title='bbox 1177 1438 1305 1488; x_wconf 92' lang='lat' dir='ltr'><strong>duos,</strong></span> <span class='ocrx_word' id='word_1_292' title='bbox 1335 1438 1546 1481; x_wconf 90' lang='lat' dir='ltr'><strong>diaconos</strong></span> <span class='ocrx_word' id='word_1_293' title='bbox 1571 1445 1757 1492; x_wconf 88' lang='lat' dir='ltr'><strong>septem,</strong></span> <span class='ocrx_word' id='word_1_294' title='bbox 1786 1442 1873 1492; x_wconf 88' lang='lat' dir='ltr'><strong>epi-</strong></span> 
     </span>
     <span class='ocr_line' id='line_1_65' title="bbox 1046 1495 1873 1547; baseline 0 -11"><span class='ocrx_word' id='word_1_295' title='bbox 1046 1507 1206 1547; x_wconf 89' lang='lat' dir='ltr'><strong>scopos</strong></span> <span class='ocrx_word' id='word_1_296' title='bbox 1232 1508 1311 1547; x_wconf 87' lang='lat' dir='ltr'><strong>per</strong></span> <span class='ocrx_word' id='word_1_297' title='bbox 1338 1496 1510 1537; x_wconf 89' lang='lat' dir='ltr'><strong>diversa</strong></span> <span class='ocrx_word' id='word_1_298' title='bbox 1535 1496 1634 1537; x_wconf 92' lang='lat' dir='ltr'><strong>loca</strong></span> <span class='ocrx_word' id='word_1_299' title='bbox 1659 1495 1873 1537; x_wconf 82' lang='lat' dir='ltr'><strong>undecim.</strong></span> 
     </span>
     <span class='ocr_line' id='line_1_66' title="bbox 1101 1556 1873 1610; baseline 0 -12"><span class='ocrx_word' id='word_1_300' title='bbox 1101 1559 1149 1610; x_wconf 64' lang='lat' dir='ltr'><strong>R.</strong></span> <span class='ocrx_word' id='word_1_301' title='bbox 1186 1556 1333 1598; x_wconf 87' lang='lat' dir='ltr'><strong>Sancti</strong></span> <span class='ocrx_word' id='word_1_302' title='bbox 1363 1557 1426 1598; x_wconf 90' lang='lat' dir='ltr'><strong>tui</strong></span> <span class='ocrx_word' id='word_1_303' title='bbox 1456 1556 1643 1598; x_wconf 80' lang='lat' dir='ltr'><strong>Domine</strong></span> <span class='ocrx_word' id='word_1_304' title='bbox 1675 1556 1873 1598; x_wconf 89' lang='lat' dir='ltr'><strong>mirabile</strong></span> 
     </span>
     <span class='ocr_line' id='line_1_67' title="bbox 1046 1613 1873 1662; baseline 0.002 -10"><span class='ocrx_word' id='word_1_305' title='bbox 1046 1613 1270 1654; x_wconf 82' lang='lat' dir='ltr'><strong>consecuti</strong></span> <span class='ocrx_word' id='word_1_306' title='bbox 1324 1618 1426 1654; x_wconf 90' lang='lat' dir='ltr'><strong>sunt</strong></span> <span class='ocrx_word' id='word_1_307' title='bbox 1477 1613 1578 1662; x_wconf 88' lang='lat' dir='ltr'><strong>iter,</strong></span> <span class='ocrx_word' id='word_1_308' title='bbox 1634 1613 1873 1654; x_wconf 90' lang='lat' dir='ltr'><strong>servientes</strong></span> 
     </span>
     <span class='ocr_line' id='line_1_68' title="bbox 1045 1669 1872 1721; baseline 0 -12"><span class='ocrx_word' id='word_1_309' title='bbox 1045 1669 1281 1721; x_wconf 84' lang='lat' dir='ltr'><strong>praeceptis</strong></span> <span class='ocrx_word' id='word_1_310' title='bbox 1309 1669 1410 1719; x_wconf 93' lang='lat' dir='ltr'><strong>tuis,</strong></span> <span class='ocrx_word' id='word_1_311' title='bbox 1438 1674 1486 1710; x_wconf 93' lang='lat' dir='ltr'><strong>ut</strong></span> <span class='ocrx_word' id='word_1_312' title='bbox 1506 1669 1802 1710; x_wconf 89' lang='lat' dir='ltr'><strong>invenirentur</strong></span> <span class='ocrx_word' id='word_1_313' title='bbox 1826 1669 1872 1710; x_wconf 94' lang='lat' dir='ltr'><strong>il-</strong></span> 
     </span>
     <span class='ocr_line' id='line_1_69' title="bbox 1044 1724 1871 1777; baseline 0.002 -13"><span class='ocrx_word' id='word_1_314' title='bbox 1044 1724 1138 1765; x_wconf 84' lang='lat' dir='ltr'><strong>laesi</strong></span> <span class='ocrx_word' id='word_1_315' title='bbox 1165 1725 1208 1765; x_wconf 91' lang='lat' dir='ltr'><strong>in</strong></span> <span class='ocrx_word' id='word_1_316' title='bbox 1236 1725 1361 1777; x_wconf 91' lang='lat' dir='ltr'><strong>aquis</strong></span> <span class='ocrx_word' id='word_1_317' title='bbox 1389 1725 1561 1767; x_wconf 88' lang='lat' dir='ltr'><strong>validis:</strong></span> <span class='ocrx_word' id='word_1_318' title='bbox 1586 1729 1607 1751; x_wconf 88' lang='lat'>*</span> <span class='ocrx_word' id='word_1_319' title='bbox 1634 1726 1771 1767; x_wconf 88' lang='lat' dir='ltr'><strong>Terra</strong></span> <span class='ocrx_word' id='word_1_320' title='bbox 1800 1738 1871 1777; x_wconf 90' lang='lat' dir='ltr'><strong>ap-</strong></span> 
     </span>
     <span class='ocr_line' id='line_1_70' title="bbox 1044 1781 1872 1833; baseline 0.001 -12"><span class='ocrx_word' id='word_1_321' title='bbox 1044 1781 1190 1833; x_wconf 90' lang='lat' dir='ltr'><strong>paruit</strong></span> <span class='ocrx_word' id='word_1_322' title='bbox 1214 1781 1350 1831; x_wconf 87' lang='lat' dir='ltr'><strong>arida,</strong></span> <span class='ocrx_word' id='word_1_323' title='bbox 1380 1787 1423 1823; x_wconf 91' lang='lat' dir='ltr'><strong>et</strong></span> <span class='ocrx_word' id='word_1_324' title='bbox 1446 1782 1489 1822; x_wconf 93' lang='lat' dir='ltr'><strong>in</strong></span> <span class='ocrx_word' id='word_1_325' title='bbox 1508 1782 1618 1823; x_wconf 90' lang='lat' dir='ltr'><strong>Mari</strong></span> <span class='ocrx_word' id='word_1_326' title='bbox 1643 1781 1775 1822; x_wconf 91' lang='lat' dir='ltr'><strong>rubro</strong></span> <span class='ocrx_word' id='word_1_327' title='bbox 1802 1782 1872 1822; x_wconf 88' lang='lat' dir='ltr'><strong>via</strong></span> 
     </span>
     <span class='ocr_line' id='line_1_71' title="bbox 1045 1834 1871 1890; baseline 0.001 -12"><span class='ocrx_word' id='word_1_328' title='bbox 1045 1838 1137 1878; x_wconf 84' lang='lat' dir='ltr'><strong>sine</strong></span> <span class='ocrx_word' id='word_1_329' title='bbox 1180 1838 1506 1890; x_wconf 89' lang='lat' dir='ltr'><strong>impedimento.</strong></span> <span class='ocrx_word' id='word_1_330' title='bbox 1560 1834 1608 1884; x_wconf 99' lang='grc' dir='ltr'><strong>Υ.</strong></span> <span class='ocrx_word' id='word_1_331' title='bbox 1655 1838 1871 1887; x_wconf 88' lang='lat' dir='ltr'><strong>Quoniam</strong></span> 
     </span>
     <span class='ocr_line' id='line_1_72' title="bbox 1044 1894 1872 1946; baseline 0 -12"><span class='ocrx_word' id='word_1_332' title='bbox 1044 1894 1261 1946; x_wconf 81' lang='lat' dir='ltr'><strong>percussit</strong></span> <span class='ocrx_word' id='word_1_333' title='bbox 1288 1898 1479 1946; x_wconf 86' lang='lat' dir='ltr'><strong>petram,</strong></span> <span class='ocrx_word' id='word_1_334' title='bbox 1512 1898 1556 1935; x_wconf 89' lang='lat' dir='ltr'><strong>et</strong></span> <span class='ocrx_word' id='word_1_335' title='bbox 1584 1894 1803 1935; x_wconf 82' lang='lat' dir='ltr'><strong>fluxerunt</strong></span> <span class='ocrx_word' id='word_1_336' title='bbox 1831 1907 1872 1934; x_wconf 89' lang='lat' dir='ltr'><strong>a·</strong></span> 
     </span>
     <span class='ocr_line' id='line_1_73' title="bbox 1046 1949 1872 2002; baseline 0 -12"><span class='ocrx_word' id='word_1_337' title='bbox 1046 1962 1163 2002; x_wconf 88' lang='lat' dir='ltr'><strong>quae,</strong></span> <span class='ocrx_word' id='word_1_338' title='bbox 1209 1954 1252 1991; x_wconf 89' lang='lat' dir='ltr'><strong>et</strong></span> <span class='ocrx_word' id='word_1_339' title='bbox 1287 1951 1506 1991; x_wconf 88' lang='lat' dir='ltr'><strong>torrentes</strong></span> <span class='ocrx_word' id='word_1_340' title='bbox 1541 1949 1872 1991; x_wconf 88' lang='lat' dir='ltr'><strong>inundaverunt.</strong></span> 
     </span>
     <span class='ocr_line' id='line_1_74' title="bbox 1044 2006 1472 2054; baseline 0 -8"><span class='ocrx_word' id='word_1_341' title='bbox 1044 2006 1191 2047; x_wconf 85' lang='lat' dir='ltr'><strong>Terra.</strong></span> <span class='ocrx_word' id='word_1_342' title='bbox 1467 2048 1472 2054; x_wconf 68' lang='grc'><em>,</em></span> 
     </span>
     <span class='ocr_line' id='line_1_75' title="bbox 1354 2049 1561 2089; baseline -0.005 -1"><span class='ocrx_word' id='word_1_343' title='bbox 1354 2049 1505 2089; x_wconf 82' lang='lat' dir='ltr'><strong>Lectlo</strong></span> <span class='ocrx_word' id='word_1_344' title='bbox 1527 2063 1561 2087; x_wconf 87' lang='lat' dir='ltr'><strong>v.</strong></span> 
     </span>
     <span class='ocr_line' id='line_1_76' title="bbox 1047 2103 1871 2210; baseline 0 -64"><span class='ocrx_word' id='word_1_345' title='bbox 1047 2103 1363 2210; x_wconf 75' lang='lat' dir='ltr'><strong>Sebastianus</strong></span> <span class='ocrx_word' id='word_1_346' title='bbox 1389 2118 1444 2147; x_wconf 83' lang='lat' dir='ltr'><strong>ex</strong></span> <span class='ocrx_word' id='word_1_347' title='bbox 1468 2110 1593 2158; x_wconf 90' lang='lat' dir='ltr'><strong>patre</strong></span> <span class='ocrx_word' id='word_1_348' title='bbox 1617 2105 1871 2147; x_wconf 89' lang='lat' dir='ltr'><strong>Narbonen-</strong></span> 
     </span>
     <span class='ocr_line' id='line_1_77' title="bbox 1144 2161 1872 2212; baseline 0.001 -10"><span class='ocrx_word' id='word_1_349' title='bbox 1144 2162 1196 2211; x_wconf 88' lang='lat' dir='ltr'><strong>si,</strong></span> <span class='ocrx_word' id='word_1_350' title='bbox 1230 2167 1368 2203; x_wconf 90' lang='lat' dir='ltr'><strong>matre</strong></span> <span class='ocrx_word' id='word_1_351' title='bbox 1394 2161 1710 2203; x_wconf 89' lang='lat' dir='ltr'><strong>Mediolanensi</strong></span> <span class='ocrx_word' id='word_1_352' title='bbox 1735 2168 1872 2212; x_wconf 90' lang='lat' dir='ltr'><strong>natus,</strong></span> 
     </span>
     <span class='ocr_line' id='line_1_78' title="bbox 1045 2217 1870 2268; baseline 0 -10"><span class='ocrx_word' id='word_1_353' title='bbox 1045 2217 1102 2259; x_wconf 92' lang='lat' dir='ltr'><strong>ob</strong></span> <span class='ocrx_word' id='word_1_354' title='bbox 1121 2218 1291 2268; x_wconf 85' lang='lat' dir='ltr'><strong>generis</strong></span> <span class='ocrx_word' id='word_1_355' title='bbox 1312 2218 1586 2260; x_wconf 88' lang='lat' dir='ltr'><strong>nobilitatem</strong></span> <span class='ocrx_word' id='word_1_356' title='bbox 1605 2223 1648 2260; x_wconf 91' lang='lat' dir='ltr'><strong>et</strong></span> <span class='ocrx_word' id='word_1_357' title='bbox 1667 2218 1870 2260; x_wconf 88' lang='lat' dir='ltr'><strong>virtutem</strong></span> 
     </span>
     <span class='ocr_line' id='line_1_79' title="bbox 1043 2273 1871 2327; baseline 0 -13"><span class='ocrx_word' id='word_1_358' title='bbox 1043 2273 1320 2315; x_wconf 88' lang='lat' dir='ltr'><strong>Diocletiano</strong></span> <span class='ocrx_word' id='word_1_359' title='bbox 1345 2287 1471 2315; x_wconf 89' lang='lat' dir='ltr'><strong>carus</strong></span> <span class='ocrx_word' id='word_1_360' title='bbox 1491 2274 1583 2325; x_wconf 84' lang='lat' dir='ltr'><strong>fuit;</strong></span> <span class='ocrx_word' id='word_1_361' title='bbox 1610 2274 1699 2315; x_wconf 85' lang='lat' dir='ltr'><strong>dux</strong></span> <span class='ocrx_word' id='word_1_362' title='bbox 1717 2275 1871 2327; x_wconf 87' lang='lat' dir='ltr'><strong>primae</strong></span> 
     </span>
     <span class='ocr_line' id='line_1_80' title="bbox 1044 2329 1871 2383; baseline -0.001 -12"><span class='ocrx_word' id='word_1_363' title='bbox 1044 2329 1253 2380; x_wconf 89' lang='lat' dir='ltr'><strong>cohortis,</strong></span> <span class='ocrx_word' id='word_1_364' title='bbox 1287 2330 1573 2381; x_wconf 88' lang='lat' dir='ltr'><strong>Christianos,</strong></span> <span class='ocrx_word' id='word_1_365' title='bbox 1608 2344 1793 2383; x_wconf 92' lang='lat' dir='ltr'><strong>quorum</strong></span> <span class='ocrx_word' id='word_1_366' title='bbox 1825 2330 1871 2370; x_wconf 92' lang='lat' dir='ltr'><strong>fi-</strong></span> 
     </span>
     <span class='ocr_line' id='line_1_81' title="bbox 1044 2385 1870 2439; baseline 0 -12"><span class='ocrx_word' id='word_1_367' title='bbox 1044 2385 1144 2427; x_wconf 93' lang='lat' dir='ltr'><strong>dem</strong></span> <span class='ocrx_word' id='word_1_368' title='bbox 1164 2386 1275 2427; x_wconf 92' lang='lat' dir='ltr'><strong>clam</strong></span> <span class='ocrx_word' id='word_1_369' title='bbox 1295 2386 1484 2437; x_wconf 89' lang='lat' dir='ltr'><strong>colebat,</strong></span> <span class='ocrx_word' id='word_1_370' title='bbox 1514 2389 1649 2439; x_wconf 88' lang='lat' dir='ltr'><strong>opera</strong></span> <span class='ocrx_word' id='word_1_371' title='bbox 1674 2392 1717 2428; x_wconf 89' lang='lat' dir='ltr'><strong>et</strong></span> <span class='ocrx_word' id='word_1_372' title='bbox 1740 2386 1870 2427; x_wconf 82' lang='lat' dir='ltr'><strong>facul-</strong></span> 
     </span>
     <span class='ocr_line' id='line_1_82' title="bbox 1042 2441 1870 2494; baseline 0 -11"><span class='ocrx_word' id='word_1_373' title='bbox 1042 2442 1206 2484; x_wconf 88' lang='lat' dir='ltr'><strong>tatibus</strong></span> <span class='ocrx_word' id='word_1_374' title='bbox 1242 2441 1490 2494; x_wconf 73' lang='lat' dir='ltr'><strong>adjuvabat,</strong></span> <span class='ocrx_word' id='word_1_375' title='bbox 1527 2448 1570 2484; x_wconf 90' lang='lat' dir='ltr'><strong>et</strong></span> <span class='ocrx_word' id='word_1_376' title='bbox 1607 2443 1681 2494; x_wconf 87' lang='lat' dir='ltr'><strong>qui</strong></span> <span class='ocrx_word' id='word_1_377' title='bbox 1717 2455 1771 2484; x_wconf 82' lang='lat' dir='ltr'><strong>ex</strong></span> <span class='ocrx_word' id='word_1_378' title='bbox 1808 2443 1870 2483; x_wconf 90' lang='lat' dir='ltr'><strong>eis</strong></span> 
     </span>
     <span class='ocr_line' id='line_1_83' title="bbox 1042 2497 1869 2540; baseline -0.001 -1"><span class='ocrx_word' id='word_1_379' title='bbox 1042 2500 1360 2540; x_wconf 90' lang='lat' dir='ltr'><strong>tormentorum</strong></span> <span class='ocrx_word' id='word_1_380' title='bbox 1384 2498 1473 2539; x_wconf 89' lang='lat' dir='ltr'><strong>vim</strong></span> <span class='ocrx_word' id='word_1_381' title='bbox 1500 2497 1784 2540; x_wconf 89' lang='lat' dir='ltr'><strong>reformidare</strong></span> <span class='ocrx_word' id='word_1_382' title='bbox 1811 2498 1869 2539; x_wconf 89' lang='lat' dir='ltr'><strong>vi-</strong></span> 
     </span>
     <span class='ocr_line' id='line_1_84' title="bbox 1044 2553 1869 2605; baseline -0.001 -10"><span class='ocrx_word' id='word_1_383' title='bbox 1044 2553 1274 2605; x_wconf 90' lang='lat' dir='ltr'><strong>debantur,</strong></span> <span class='ocrx_word' id='word_1_384' title='bbox 1301 2554 1603 2596; x_wconf 87' lang='lat' dir='ltr'><strong>cohortatione</strong></span> <span class='ocrx_word' id='word_1_385' title='bbox 1628 2555 1691 2596; x_wconf 91' lang='lat' dir='ltr'><strong>sic</strong></span> <span class='ocrx_word' id='word_1_386' title='bbox 1717 2554 1869 2595; x_wconf 92' lang='lat' dir='ltr'><strong>confir-</strong></span> 
     </span>
     <span class='ocr_line' id='line_1_85' title="bbox 1041 2609 1870 2663; baseline 0 -12"><span class='ocrx_word' id='word_1_387' title='bbox 1041 2610 1207 2661; x_wconf 88' lang='lat' dir='ltr'><strong>mabat,</strong></span> <span class='ocrx_word' id='word_1_388' title='bbox 1235 2615 1284 2652; x_wconf 92' lang='lat' dir='ltr'><strong>ut</strong></span> <span class='ocrx_word' id='word_1_389' title='bbox 1308 2623 1390 2663; x_wconf 92' lang='lat' dir='ltr'><strong>pro</strong></span> <span class='ocrx_word' id='word_1_390' title='bbox 1416 2611 1441 2651; x_wconf 87' lang='lat' dir='ltr'><strong>J</strong></span> <span class='ocrx_word' id='word_1_391' title='bbox 1444 2624 1521 2652; x_wconf 87' lang='lat' dir='ltr'><strong>esu</strong></span> <span class='ocrx_word' id='word_1_392' title='bbox 1547 2610 1719 2652; x_wconf 91' lang='lat' dir='ltr'><strong>Christo</strong></span> <span class='ocrx_word' id='word_1_393' title='bbox 1746 2609 1870 2651; x_wconf 92' lang='lat' dir='ltr'><strong>multi</strong></span> 
     </span>
     <span class='ocr_line' id='line_1_86' title="bbox 1043 2665 1868 2709; baseline -0.002 -2"><span class='ocrx_word' id='word_1_394' title='bbox 1043 2679 1090 2707; x_wconf 92' lang='lat' dir='ltr'><strong>se</strong></span> <span class='ocrx_word' id='word_1_395' title='bbox 1105 2667 1220 2709; x_wconf 87' lang='lat' dir='ltr'><strong>ultro</strong></span> <span class='ocrx_word' id='word_1_396' title='bbox 1235 2666 1476 2709; x_wconf 90' lang='lat' dir='ltr'><strong>tortoribus</strong></span> <span class='ocrx_word' id='word_1_397' title='bbox 1492 2666 1706 2708; x_wconf 87' lang='lat' dir='ltr'><strong>offerrent.</strong></span> <span class='ocrx_word' id='word_1_398' title='bbox 1725 2667 1775 2706; x_wconf 95' lang='lat' dir='ltr'><strong>In</strong></span> <span class='ocrx_word' id='word_1_399' title='bbox 1785 2665 1868 2706; x_wconf 90' lang='lat' dir='ltr'><strong>illis</strong></span> 
     </span>
     <span class='ocr_line' id='line_1_87' title="bbox 1043 2722 1868 2765; baseline -0.001 -2"><span class='ocrx_word' id='word_1_400' title='bbox 1043 2723 1163 2765; x_wconf 88' lang='lat' dir='ltr'><strong>fuere</strong></span> <span class='ocrx_word' id='word_1_401' title='bbox 1188 2723 1361 2765; x_wconf 89' lang='lat' dir='ltr'><strong>Marcus</strong></span> <span class='ocrx_word' id='word_1_402' title='bbox 1389 2728 1433 2765; x_wconf 89' lang='lat' dir='ltr'><strong>et</strong></span> <span class='ocrx_word' id='word_1_403' title='bbox 1457 2722 1760 2764; x_wconf 85' lang='lat' dir='ltr'><strong>Marcellianus</strong></span> <span class='ocrx_word' id='word_1_404' title='bbox 1788 2722 1868 2762; x_wconf 90' lang='lat' dir='ltr'><strong>fra-</strong></span> 
     </span>
    </p>
   </div>
   <div class='ocr_carea' id='block_1_10' title="bbox 111 142 1929 2833">
    <p class='ocr_par' dir='ltr' id='par_1_23' title="bbox 111 142 1929 2833">
     <span class='ocr_line' id='line_1_88' title="bbox 111 142 1929 2833; baseline 0 0"><span class='ocrx_word' id='word_1_405' title='bbox 111 142 1929 2833; x_wconf 95' lang='lat' dir='ltr'><strong> </strong></span> 
     </span>
    </p>
   </div>
  </div>
 </body>
</html>
