2080 2990
766 248 975 281 Commune
1003 246 1290 290 Apostolorum.

1815 245 1884 289 [11]

178 346 282 387 lum:
312 345 336 371 *
370 344 563 386 custodit
591 343 806 384 Dominus
839 342 1005 383 animas

179 403 430 443 sanctorum
455 403 649 450 suorum,
678 399 733 441 de
755 412 886 440 manu
906 411 1005 451 pec-

179 458 339 500 catoris
357 457 562 499 liberabit
582 469 669 498 eos.

229 514 328 556 Lux
356 519 453 555 orta
481 518 548 555 est
579 514 711 565 justo,
738 513 762 538 *
798 516 842 554 et
874 512 1005 553 rectis

180 570 313 615 corde
341 570 503 611 laetitia.

230 627 459 668 Laetamini
487 626 587 678 justi
613 626 657 666 in
683 625 891 666 Domino:
915 626 939 650 *
964 630 1007 666 et

180 684 447 726 confitemini
460 682 684 724 memoriae
700 681 1005 723 sanctificatio-

179 754 246 781 ms
267 753 368 793 ejus.

229 798 327 837 Ant.
357 797 453 837 Lux
473 800 569 837 orta
589 800 656 837 est
675 796 801 848 justo,
825 794 1006 846 alleluja,

179 853 311 895 rectis
331 851 467 894 corde
485 852 649 901 laetitia,
677 851 859 903 alleluia.

230 911 328 952 Ant.
359 907 677 952 Custodiebant
704 909 727 934 *
755 908 1006 949 testimonia

179 967 281 1018 eius,
309 970 352 1007 et
371 967 596 1018 praecepta
618 965 719 1017 ejus,
748 964 928 1017 alleluja.

450 1023 648 1064 Psalmus
668 1024 733 1063 98.

270 1079 440 1120 ominus
455 1078 663 1129 regnavit,
674 1078 917 1119 irascantur
930 1079 1006 1130 po-

290 1135 395 1188 puli:
413 1135 437 1161 *
458 1135 531 1188 qui
551 1134 676 1177 sedet
695 1147 827 1187 super
847 1134 1006 1176 Cheru-

178 1191 279 1242 bim,
306 1193 536 1234 moveatur
555 1196 684 1233 terra.

229 1249 445 1290 Dominus
475 1248 519 1288 in
547 1248 651 1289 Sion
679 1261 877 1298 magnus:
909 1247 932 1273 *
965 1252 1008 1289 et
1066 1260 1185 1318 μῆ

1136 1306 1149 1325 4.

181 1304 379 1346 excelsus
399 1317 531 1357 super
551 1317 703 1346 omnes
722 1304 923 1357 populos.

234 1361 536 1403 Confiteantur
555 1361 720 1402 nomini
739 1366 815 1402 tuo
835 1373 1007 1411 magno:
1063 1371 1064 1378 ¹

182 1418 387 1471 quoniam
406 1417 616 1467 terribile,
646 1422 688 1459 et
708 1422 907 1458 sanctum
927 1422 1008 1458 est:

179 1476 203 1500 *
223 1479 267 1516 et
284 1474 426 1516 honor
447 1475 561 1525 regis
582 1473 788 1526 iudicium
807 1473 958 1525 diligit.

232 1531 301 1572 Tu
333 1531 499 1583 parasti
535 1530 815 1572 directiones:
847 1530 870 1556 *
902 1529 1008 1582 judi-

182 1588 295 1629 cium
311 1592 355 1629 et
368 1588 574 1639 justitiam
587 1588 632 1628 in
642 1587 779 1629 Jacob
795 1592 843 1628 tu
858 1587 1008 1629 fecisti.

232 1643 433 1686 Exaltate
474 1644 710 1685 Dominum
748 1644 893 1685 Deum
934 1657 1008 1685 no-

180 1705 328 1749 strum,
340 1705 383 1742 et
396 1699 576 1742 adorate
592 1700 830 1742 scabellum
845 1700 1008 1753 pedum

181 1757 285 1809 ejus:
303 1758 327 1783 *
348 1757 554 1809 quoniam
574 1762 775 1798 sanctum
795 1763 872 1799 est.

230 1813 408 1866 Moyses
422 1818 466 1855 et
479 1814 630 1855 Aaron
644 1813 689 1854 in
704 1813 1008 1855 sacerdotibus

181 1871 286 1922 ejus:
304 1871 327 1896 *
348 1875 392 1911 et
410 1870 584 1911 Samuel
602 1870 714 1911 inter
734 1883 826 1920 eOS,
857 1871 930 1923 qui
948 1873 1008 1911 in-

179 1931 341 1968 vocant
359 1939 518 1968 nomen
538 1928 644 1978 ejus:

230 1982 502 2025 Invocabant
538 1983 772 2024 Dominum
785 2015 794 2032 ‚
836 1987 881 2024 et
914 1983 1008 2036 ipse

181 2039 443 2082 exaudiebat
458 2052 548 2081 eos:
564 2039 588 2065 *
605 2039 647 2079 in
664 2039 867 2080 columna
881 2038 1008 2081 nubis

179 2096 441 2149 loquebatur
462 2095 519 2137 ad
540 2108 629 2137 eos,

233 2152 550 2194 Custodiebant
574 2152 825 2194 testimonia
853 2153 959 2204 ejus,
984 2152 1008 2177 *

181 2213 225 2250 et
243 2211 515 2262 praeceptum
536 2209 656 2261 quod
677 2208 798 2250 dedit
816 2208 912 2250 illis.

232 2266 418 2308 Domine
434 2267 554 2308 Deus
572 2270 722 2307 noster
740 2270 788 2306 tu
807 2252 1007 2307 exaudie-

179 2322 260 2364 bas
285 2335 375 2364 eos:
394 2323 417 2348 *
437 2323 557 2364 Deus
576 2327 624 2364 tu
647 2322 863 2375 propitius
890 2322 1007 2364 fuisti

181 2379 254 2428 eis,
272 2384 316 2421 et
333 2378 579 2421 ulciscens
568 2393 613 2420 1n
633 2392 784 2420 omnes
804 2379 1008 2420 adinven—

181 2435 323 2477 tiones
343 2437 506 2477 eorum.

234 2492 436 2533 Exaltate
477 2492 714 2533 Dominum
751 2493 893 2533 Deum
934 2504 1007 2532 no-

185 2552 333 2597 strum,
362 2552 405 2589 et
423 2548 605 2590 adorate
623 2549 667 2589 in
686 2553 835 2589 monte
856 2553 1007 2589 sancto

184 2605 290 2655 ejus:
317 2604 342 2630 *
371 2604 578 2656 quoniam
597 2609 774 2646 sanctus
793 2604 1008 2645 Dominus

183 2660 304 2701 Deus
323 2665 486 2701 noster.

235 2718 335 2759 Ant.
365 2716 680 2759 Custodiebant
700 2717 950 2759 testimonia
969 2730 1008 2758 e-

182 2773 259 2823 jus,
288 2777 331 2813 et
351 2774 576 2825 praecepta
594 2775 696 2826 ejus,
724 2773 906 2826 alleluja.

1112 336 1159 387 Y.
1178 341 1318 382 Nimis
1333 340 1538 382 honorati
1557 346 1658 382 sunt
1678 342 1804 383 amici
1823 342 1886 382 tui

1058 397 1190 438 Deus.
1247 400 1294 450 Rg.
1331 397 1473 439 Nimis
1509 398 1782 440 confortatus
1820 402 1887 439 est

1057 454 1328 507 principatus
1350 455 1512 495 eorum.

1116 514 1243 552 Pater
1261 516 1421 552 noster.

1114 571 1355 612 Absolutio.
1387 572 1420 610 Α
1447 567 1642 609 vinculis.

1111 623 1159 674 Y.
1188 623 1300 666 Jube
1320 623 1492 666 domne.

1112 685 1273 726 Bened.
1304 681 1567 733 Evangelica
1585 681 1727 722 lectio.

1057 741 1212 783 Lectio
1237 742 1375 783 sancti
1398 741 1624 792 Evangelii
1647 741 1887 782 secundum

1334 798 1603 839 Matthaeum.

1136 859 1286 899 Lectio
1309 858 1375 897 vii.
1577 855 1678 906 Cap.
1698 856 1751 894 19.
1770 854 1806 894 d.

1107 925 1135 952 n
1159 911 1232 953 illo
1257 914 1472 964 tempore:
1506 911 1628 952 Dixit
1652 912 1807 953 Petrus
1832 911 1887 952 ad

1128 969 1152 1009 J
1156 982 1292 1010 esum:
1319 969 1435 1009 Ecce
1460 981 1541 1009 nos
1565 968 1819 1020 reliquimus
1844 970 1886 1009 o-

1059 1026 1186 1076 mnia,
1206 1030 1249 1067 et
1265 1026 1404 1067 sectiti
1419 1038 1568 1066 sumus
1583 1030 1641 1066 te:
1662 1025 1767 1077 quid
1783 1038 1887 1076 ergo

1060 1083 1141 1124 erit
1159 1081 1308 1124 nobis?
1337 1083 1393 1123 Et
1413 1082 1590 1134 reliqua.

1064 1143 1254 1185 Homilia
1282 1144 1321 1185 S.
1345 1143 1604 1208 Hieronymi
1627 1142 1888 1195 Presbyteri.

1222 1201 1303 1235 Lib
1320 1202 1349 1235 3
1368 1203 1406 1235 in
1423 1201 1724 1243 Matth.e1p.1›

1060 1417 1149 1459 bat
1170 1423 1213 1459 et
1230 1422 1375 1459 tamen
1395 1418 1589 1470 loquitur
1605 1417 1889 1458 confidenter:

1060 1474 1334 1527 Reliquimus
1371 1475 1527 1516 omnia.
1571 1475 1629 1515 Et
1665 1474 1765 1526 quia
1802 1487 1889 1514 non

1061 1531 1221 1573 sufficit
1253 1536 1423 1573 tantum
1454 1531 1717 1584 relinquere,
1755 1531 1890 1582 jungit

1063 1588 1182 1640 quod
1207 1589 1450 1641 perfectum
1472 1593 1552 1629 est:
1589 1588 1645 1629 Et
1665 1587 1803 1629 secuti
1823 1600 1888 1628 su-

1060 1658 1156 1686 mus
1171 1650 1225 1686 te.
1242 1646 1442 1686 Fecimus
1460 1644 1580 1697 quod
1594 1644 1769 1696 jussisti:
1786 1643 1890 1696 quid

1060 1702 1190 1753 igitur
1216 1701 1343 1743 nobis
1373 1701 1499 1743 dabis
1527 1700 1720 1754 praemii?
1762 1701 1889 1742 Jesus

1061 1764 1207 1800 autem
1227 1758 1335 1800 dixit
1354 1758 1452 1799 illis:
1480 1759 1622 1799 Amen
1638 1757 1736 1799 dico
1754 1757 1890 1806 vobis,

1062 1815 1181 1867 quod
1209 1828 1289 1857 vos
1321 1816 1394 1868 qui
1422 1815 1560 1856 secati
1589 1815 1692 1856 estis
1721 1827 1810 1861 me,
1846 1814 1888 1853 in

1061 1872 1406 1922 regeneratione,
1440 1885 1539 1912 cum
1567 1870 1730 1912 sederit
1755 1869 1890 1910 Filius

1061 1927 1248 1969 hominis
1289 1929 1332 1968 in
1370 1928 1475 1969 sede
1509 1927 1748 1979 majestatis
1785 1939 1887 1975 suae,

1061 1984 1270 2025 sedebitis
1298 1989 1342 2026 et
1367 1997 1447 2025 vos
1473 1997 1605 2036 super
1630 1982 1758 2024 sedes
1783 1982 1888 2024 duo-

1062 2040 1214 2090 decim,
1233 2040 1474 2092 judicantes
1495 2039 1729 2082 duodecim
1748 2038 1888 2080 tribus

1059 2096 1208 2138 Israel.
1248 2097 1350 2138 Non
1378 2096 1502 2138 dixit:
1541 2097 1626 2147 Qui
1652 2096 1888 2148 reliquistis

1061 2154 1220 2203 omnia;
1260 2153 1346 2195 hoc
1379 2154 1493 2195 enim
1525 2158 1569 2195 et
1602 2153 1754 2194 Crates
1787 2152 1889 2193 fecit

1019 2253 1021 2257 ,
1060 2209 1366 2262 philosophus,
1394 2215 1438 2251 et
1465 2210 1589 2252 multi
1616 2209 1689 2250 alii
1714 2209 1888 2251 divitias

1061 2268 1436 2319 contempserunt:
1481 2266 1578 2316 sed,
1625 2266 1709 2316 Qui
1750 2265 1887 2307 secuti

1061 2323 1164 2363 estis
1189 2336 1274 2364 me:
1303 2323 1424 2375 quod
1445 2324 1626 2376 proprie
1650 2321 1887 2375 Apostolo-

1060 2392 1156 2420 rum
1177 2384 1253 2429 est,
1278 2385 1411 2432 atque
1430 2380 1711 2422 credentium.

1116 2438 1165 2489 R.
1181 2437 1258 2477 Isti
1274 2442 1374 2478 sunt
1390 2438 1464 2489 qui
1478 2437 1674 2478 viventes
1689 2436 1731 2476 in
1748 2447 1887 2483 carne,

1060 2491 1366 2544 plantaverunt
1401 2493 1643 2535 Ecclesiam
1679 2492 1887 2542 sanguine

1062 2561 1156 2590 suo:
1173 2551 1195 2574 *
1210 2549 1401 2592 calicem
1419 2550 1595 2591 Domini
1614 2548 1827 2597 biberunt,
1845 2552 1888 2588 et

1061 2605 1187 2646 amici
1205 2606 1290 2647 Dei
1307 2606 1411 2648 facti
1430 2611 1540 2648 sunt.
1576 2599 1622 2650 V.
1644 2607 1694 2646 In
1714 2616 1886 2646 omnem

1061 2666 1222 2703 terram
1251 2663 1384 2704 exivit
1411 2676 1544 2704 sonus
1569 2665 1737 2711 eorum,
1774 2666 1817 2702 et
1843 2660 1887 2699 in

1061 2718 1170 2815 Ιὲῐέῗίε
1216 2719 1337 2761 orbis
1382 2724 1512 2761 terrae
1549 2718 1684 2760 verba
1725 2719 1886 2759 eorum.

1159 2788 1265 2817 cem.
