2080 2990
217 178 283 213 416

220 288 349 327 quam
383 274 543 325 lumen,
580 279 623 317 et
659 276 931 319 illuminabat
965 280 1039 330 pa-

217 331 362 380 triam,
396 335 439 372 et
471 330 688 373 clamabat
720 332 898 385 ubique:
937 334 1040 375 Nox

217 387 459 440 praecessit,
502 387 595 429 dies
627 393 773 430 autem
805 390 1039 443 appropin-

218 443 379 495 quavit.
412 443 680 495 Abjiciamus
700 458 805 496 ergo
826 448 962 498 opera
980 451 1039 487 te-

217 499 461 549 nebrarum,
481 505 524 542 et
538 500 768 543 induamur
783 514 903 543 arma
919 502 1039 551 lucis,

218 557 329 598 sicut
361 557 403 597 in
437 556 508 599 die
542 556 726 599 honeste
758 558 1039 600 ambulemus.

216 613 272 654 Et
295 613 569 655 monstrabat
593 614 795 656 omnibus
818 614 1039 656 lucernam

217 682 348 722 super
368 669 694 720 candelabrum,
719 671 978 712 annuntians
996 671 1039 712 in

216 726 332 767 omni
356 726 456 767 loco
475 726 640 776 Jesum,
665 731 708 768 et
733 726 849 768 hunc
874 728 1039 769 crucifi-

214 795 328 823 xum.
374 782 608 833 Quomodo
636 782 711 824 lux
737 783 821 823 ista
848 783 1038 836 resplen-

215 837 309 880 duit
335 851 387 880 ac
415 839 668 891 perstrinxit
695 841 951 881 cunctorum
978 840 1038 881 in-

215 896 430 937 tuentium
461 895 632 945 oculos,
667 895 842 948 quando
876 896 931 938 de
963 909 1038 939 ore

213 951 350 1000 Petri,
378 957 601 1004 tamquam
627 952 770 1003 fulgur
799 952 1038 1004 egrediens,

214 1007 360 1050 claudi
401 1010 527 1049 unius
571 1008 824 1061 corporales
865 1009 1038 1062 plantas

214 1064 419 1106 solidavit
443 1069 486 1106 et
508 1064 655 1114 bases,
682 1065 932 1130 multosque
953 1066 1037 1119 spi-

213 1121 428 1163 ritualiter
444 1133 587 1162 caecos
603 1116 885 1163 illuminavit?
904 1122 1036 1163 Num-

215 1177 320 1230 quid
344 1190 431 1218 non
456 1177 602 1228 ignem
627 1178 804 1230 sparsit,
837 1191 935 1219 cum
960 1179 1037 1220 ait:

214 1235 263 1275 In
298 1234 472 1276 nomine
501 1233 605 1275 Jesu
633 1234 793 1276 Christi
820 1234 1037 1276 Nazareni

213 1303 353 1342 surge,
373 1295 417 1332 et
437 1290 634 1332 ambula?

264 1370 314 1420 R,
344 1363 642 1405 Confiteamur
666 1364 830 1405 nomini
853 1368 930 1406 tuo
949 1377 1036 1406 ma-

212 1434 315 1472 gno,
342 1429 363 1451 *
394 1421 609 1471 Quoniam
640 1420 835 1462 terribile
868 1425 911 1463 et
943 1434 1036 1462 san-

214 1482 333 1519 ctum
352 1482 429 1519 est.
468 1479 515 1529 Υ
538 1477 598 1518 Hi
620 1477 665 1518 in
688 1477 900 1529 curribuS,
930 1482 973 1519 et
992 1478 1038 1519 hi

212 1534 255 1574 in
276 1534 409 1586 equis,
430 1546 511 1575 nos
531 1538 677 1575 autem
695 1534 738 1574 in
756 1534 931 1576 nomine
950 1534 1037 1575 Do-

212 1590 316 1631 mini
330 1590 413 1631 Dei
430 1592 569 1631 nostri
584 1590 895 1632 invocabimus.
922 1591 1036 1642 Quo-

212 1647 329 1688 niam
347 1646 552 1689 terribile.

518 1734 665 1774 Lectio
685 1734 735 1774 vi.

214 1796 357 1902 Nec
374 1803 545 1841 tantum
564 1798 640 1840 lux
659 1803 726 1841 est
743 1812 903 1841 nomen
921 1800 946 1841 J
948 1813 1036 1851 esu

314 1856 393 1898 sed
413 1860 480 1898 est
499 1860 543 1897 et
558 1854 692 1897 cibus.
719 1856 789 1896 An
803 1868 890 1897 non
904 1857 1035 1899 toties

211 1913 486 1962 confortaris,
540 1912 711 1964 quoties
763 1911 1035 1955 recordaris?

212 1970 327 2020 Quid
349 1978 475 2021 aeque
498 1973 689 2011 mentem
708 1969 942 2020 cogitantis
960 1970 1035 2011 im-

211 2025 414 2079 pinguat?
453 2025 567 2076 Quid
593 2026 654 2067 ita
682 2026 946 2068 exercitatos
971 2028 1034 2069 re-

211 2087 339 2136 parat
358 2094 526 2132 sensus,
546 2082 729 2124 virtutes
748 2082 946 2132 roborat,
966 2085 1035 2125 ve-

210 2143 331 2190 getat
348 2151 492 2180 mores
511 2137 653 2180 bonos
669 2143 800 2191 atque
814 2138 1035 2190 honestos,

212 2200 355 2237 castas
390 2194 511 2236 fovet
547 2193 822 2237 affectiones?
872 2195 1035 2238 Aridus

213 2256 281 2294 est
300 2251 440 2293 omnis
457 2251 611 2292 animae
627 2251 761 2301 cibus,
781 2252 818 2292 si
831 2264 920 2293 non
935 2252 1034 2294 oleo

211 2309 298 2350 isto
334 2307 592 2358 infunditur3
627 2307 842 2360 insipidus
879 2313 961 2360 est,
998 2309 1035 2350 si

213 2377 301 2406 non
323 2364 408 2406 hoc
434 2363 523 2405 sale
549 2363 762 2406 conditur.
795 2364 840 2406 Si
860 2364 1035 2416 scribas,

211 2434 300 2462 non
325 2420 441 2473 sapit
459 2420 580 2470 mihi,
609 2420 692 2461 nisi
717 2420 865 2471 legero
890 2421 950 2463 ibi
967 2422 1034 2463 Je-

210 2491 318 2520 sum.
346 2477 389 2518 Si
405 2476 614 2530 disputes,
632 2482 707 2518 aut
721 2477 930 2528 conferas,
946 2491 1034 2519 non

211 2534 327 2587 sapit
347 2533 469 2583 mihi,
495 2533 577 2575 nisi
601 2534 796 2575 sonuerit
815 2533 875 2575 ibi
893 2534 917 2575 J
920 2547 1032 2579 esus

209 2591 234 2632 J
236 2603 337 2633 esus
355 2590 502 2632 melin
522 2602 609 2640 ore,
628 2590 671 2631 in
693 2602 796 2631 aure
816 2590 965 2639 melos,
989 2591 1033 2631 in
1092 2614 1096 2648 ,³
1115 2639 1118 2641 μ
1141 2605 1201 2647 ,359

211 2646 345 2690 corde
365 2646 532 2699 jubilus
559 2646 647 2688 Sed
667 2651 733 2688 est
749 2651 791 2688 et
807 2646 1032 2688 medicina.
1172 2698 1189 2703 ..

179 2742 183 2743 ⁷
211 2705 430 2746 Tristatur
450 2703 605 2756 aliquis
624 2702 844 2745 nostrum?
871 2704 1033 2745 Veniat
1093 2703 1119 2716 ²
1136 2703 1142 2706 ”
1196 2713 1204 2715 >

634 186 737 219 Doni,
766 186 807 219 11.
835 192 920 229 post
950 187 1082 229 Epiph.
1109 189 1164 220 Ss.
1191 187 1366 220 Nominis
1390 187 1492 221 Jesu.

1092 278 1137 318 in
1156 290 1232 319 cor
1250 279 1340 330 ejus
1359 279 1383 323 J
1386 292 1504 330 esus,
1529 284 1572 322 et
1594 281 1696 323 inde
1720 281 1847 323 saliat
1867 282 1911 322 in

1093 346 1154 375 OS.
1200 334 1257 376 Et
1285 347 1387 378 ecce
1414 335 1471 378 ad
1499 338 1700 378 exortum
1725 339 1911 379 nominis

1092 390 1253 441 lumen,
1303 391 1499 434 nubilum
1550 405 1678 435 omne
1722 393 1912 459 diffugit,

1092 446 1206 488 redit
1224 449 1435 490 serenum.
1462 449 1645 492 Labitur
1658 451 1756 503 quis
1770 451 1814 492 in
1834 451 1911 492 cri-

1091 502 1213 545 men?
1247 505 1382 547 currit
1413 507 1591 559 insuper
1626 505 1683 548 ad
1707 507 1912 559 laqueum

1091 560 1245 602 mortis
1265 560 1565 614 desperando?
1591 562 1765 613 Nonne,
1792 563 1830 604 si
1851 565 1911 604 in-

1092 622 1221 658 vocet
1251 630 1410 660 nomen
1438 619 1558 669 vitae,
1594 619 1823 662 confestim
1849 632 1912 661 re-

1093 673 1277 726 spirabit
1297 673 1352 715 ad
1370 675 1526 716 vitam?

1142 745 1190 795 R.
1210 738 1435 781 Laetentu‘r
1455 752 1622 790 omnes,
1642 740 1716 793 qui
1734 746 1913 794 sperant

1091 795 1134 835 in
1152 799 1197 837 te
1215 795 1417 845 Domine,
1435 796 1479 837 in
1498 798 1710 838 aeternum
1727 797 1912 840 exsulta-

1091 851 1209 902 bunt,
1230 857 1274 893 et
1291 852 1509 894 habitabis
1527 853 1571 894 in
1591 854 1670 903 eis,
1695 858 1740 895 et
1757 853 1912 905 gloria-

1090 907 1252 950 buntur
1269 909 1313 950 in
1331 914 1375 950 te
1394 922 1560 960 omnes,
1579 915 1601 938 *
1626 910 1710 960 Qui
1729 909 1912 962 diligunt

1091 977 1250 1007 nomen
1267 970 1400 1007 tuum.
1431 964 1479 1015 ΥΤ.
1510 966 1699 1008 Domine
1722 967 1766 1007 in
1791 966 1912 1008 lumi-

1090 1034 1144 1063 ne
1160 1022 1305 1063 vultus
1324 1022 1389 1063 tui
1407 1022 1701 1073 ambulabunt,
1721 1027 1765 1065 et
1779 1023 1823 1064 in
1837 1025 1911 1064 no-

1089 1078 1205 1120 mine
1225 1083 1302 1120 tuo
1322 1079 1604 1121 exsultabunt
1617 1084 1713 1121 tota
1727 1079 1809 1122 die.
1829 1080 1913 1130 Qui

1090 1134 1285 1186 diligunt.
1305 1135 1458 1178 Gloria
1470 1136 1599 1178 Patri.
1621 1137 1705 1187 Qui
1719 1135 1912 1189 diligunt.

1302 1217 1350 1256 In
1377 1217 1448 1256 ΠΙ.
1476 1216 1696 1257 Nocturno.

1141 1283 1238 1322 Ant.
1273 1281 1458 1322 Cantate
1483 1279 1693 1330 Domino,
1719 1284 1762 1322 et
1784 1279 1912 1322 bene-

1089 1335 1221 1377 dicite
1248 1336 1412 1377 nomini
1439 1337 1544 1388 ejus:
1576 1336 1830 1378 annuntiate
1858 1336 1913 1379 de

1090 1391 1160 1434 die
1178 1392 1221 1433 in
1241 1391 1357 1435 diem
1375 1393 1566 1435 salutare
1586 1393 1686 1445 ejus.

1142 1456 1240 1497 Ant.
1294 1453 1543 1496 Secundum
1587 1465 1748 1495 nomen
1790 1457 1913 1495 tuum

1088 1511 1227 1560 Deus,
1255 1510 1319 1551 sic
1342 1514 1386 1552 et
1409 1510 1504 1551 laus
1530 1514 1607 1551 tua
1630 1510 1674 1551 in
1696 1509 1806 1551 fines
1829 1514 1912 1552 ter-

1089 1579 1165 1608 rae:
1183 1567 1345 1619 justitia
1362 1566 1493 1619 plena
1511 1570 1577 1608 est
1597 1565 1778 1608 dextera
1795 1570 1880 1608 tua.

1142 1629 1240 1669 Ant.
1271 1629 1454 1669 Cantate
1472 1627 1585 1677 Deo,
1609 1626 1827 1691 psalmum
1851 1626 1912 1668 di-

1089 1684 1173 1726 cite
1192 1684 1356 1725 nomini
1375 1684 1479 1735 ejus:
1506 1683 1589 1725 iter
1607 1683 1738 1725 facite
1757 1683 1813 1733 ei,
1838 1683 1913 1735 qui

1089 1739 1285 1782 ascendit
1305 1753 1437 1793 super
1456 1742 1677 1790 occasum,
1696 1739 1911 1781 Dominus

1087 1809 1247 1839 nomen
1265 1796 1336 1837 illi.

1142 1854 1191 1905 Υ.
1229 1857 1397 1900 Afferte
1428 1857 1620 1899 Domino
1651 1856 1836 1909 gloriam
1869 1862 1913 1900 et

1087 1913 1311 1956 honorem.
1347 1915 1396 1966 R.
1418 1913 1585 1955 Afferte
1606 1914 1797 1956 Domino
1820 1913 1910 1966 glo-

1087 1971 1196 2012 riam
1214 1971 1381 2012 nomini
1400 1971 1501 2023 eius.

1089 2051 1240 2093 Lectio
1264 2050 1403 2092 sancti
1422 2049 1647 2101 Evangelii
1670 2048 1911 2090 secundum

1408 2106 1583 2148 Lucam.

1194 2164 1345 2205 Lectio
1366 2165 1434 2205 vii.
1605 2164 1707 2215 Cap.
1722 2165 1758 2204 2.
1774 2178 1808 2205 c.

1086 2223 1162 2330 In
1188 2227 1264 2269 illo
1291 2229 1508 2280 tempore:
1539 2226 1782 2278 Postquam
1808 2239 1908 2268 con-

1151 2283 1354 2325 summati
1378 2287 1478 2325 sunt
1501 2282 1596 2324 dies
1620 2286 1739 2332 oct0,
1764 2287 1812 2324 ut
1830 2283 1908 2324 cir-

1087 2339 1407 2382 cumcideretur
1438 2351 1565 2392 puer,
1600 2341 1807 2381 vocatum
1842 2344 1909 2381 est

1086 2409 1245 2439 nomen
1265 2397 1355 2448 ejus
1373 2397 1398 2437 J
1400 2409 1511 2438 esus.
1538 2395 1596 2438 Et
1614 2395 1792 2447 reliqua.

1092 2474 1276 2517 Homilia
1307 2474 1446 2516 sancti
1470 2473 1685 2515 Bernardi
1709 2473 1908 2516 Abbatis.

1213 2531 1328 2565 Scrm.
1356 2530 1381 2563 1.
1405 2530 1451 2564 dc
1477 2530 1787 2564 Circumeisionc.

1229 2601 1402 2640 agnum
1447 2591 1490 2628 et
1533 2586 1732 2627 mirabile
1768 2598 1907 2627 sacra-

1275 2643 1487 2685 mentum!
1576 2641 1909 2684 Circumciditur

1276 2713 1402 2754 puer,
1455 2705 1499 2741 et
1544 2701 1727 2741 vocatur
1770 2699 1907 2740 JesuS.
