2040 2990
632 199 735 233 Infra
760 199 1056 233 Hebdomadam
1079 199 1124 233 H.
1150 200 1363 234 Adventus

485 295 646 335 Oratio.

147 347 345 452 Excita
363 351 551 392 Domine
576 351 711 393 corda
737 355 888 392 nostra
917 349 975 391 ad

227 407 542 459 praeparandas
552 407 774 458 Unigeniti
787 407 852 448 tui
866 406 974 447 vias:

144 467 193 504 ut
218 475 299 516 per
327 464 418 515 ejus
446 463 700 513 adventum,
730 462 974 516 purificatis

145 518 226 561 tibi
261 518 480 561 mentibus
517 522 682 562 servire
713 520 974 560 mereamur:

146 575 231 626 Qui
249 579 397 617 tecum
415 575 532 617 vivit.

414 645 482 680 Ad
504 644 708 681 Tertiam.

201 700 300 740 Ant.
330 699 440 742 Urbs
458 697 740 742 fortitudinis.

200 761 336 812 Capit.
357 761 547 802 Fratres:
563 761 874 812 Quaecumque.
886 762 974 801 146.

199 818 250 869 Rz.
275 817 336 857 br.
369 817 484 858 Veni
511 817 569 858 ad
591 816 868 858 liberandum
892 829 974 857 nos

147 872 170 896 *
203 873 392 915 Domine
427 873 549 914 Deus
585 873 805 914 virtutum.
850 873 974 914 Veni.

148 925 198 974 V.
224 929 421 971 Ostende
447 929 606 971 faciem
631 933 767 978 tuam,
797 933 841 970 et
864 929 975 970 salvi

145 986 316 1027 erimus.
342 985 544 1027 Domine.
574 984 735 1026 Gloria.
763 985 888 1026 Veni.

199 1036 250 1087 V.
273 1041 511 1084 Timebunt
530 1042 696 1083 Gentes
722 1053 883 1083 nomen
909 1045 973 1082 tu-

143 1111 218 1140 um
248 1098 451 1139 Domine.
493 1098 543 1148 Ru
575 1098 633 1139 Et
662 1110 814 1139 omnes
847 1110 974 1149 reges

143 1159 275 1196 terrae
293 1153 479 1205 gloriam
497 1158 628 1195 tuam.

423 1227 491 1264 Ad
516 1227 704 1264 Sextam.

198 1286 297 1325 Ant.
326 1286 441 1325 Ecce
461 1283 702 1336 apparebit.

251 1346 509 1398 Capitulum.
669 1346 794 1386 Rom.
814 1346 871 1385 15.

233 1413 310 1442 eus
331 1405 476 1442 autem
494 1399 736 1452 patientiae,
765 1404 809 1440 et
831 1399 976 1440 solatii

251 1456 327 1498 det
358 1455 487 1498 vobis
522 1455 715 1508 idipsum
748 1457 905 1507 sapere
931 1455 975 1495 in

145 1512 402 1554 alterutrum
426 1511 668 1558 secundum
686 1511 707 1552 J
713 1524 837 1552 esum
856 1510 975 1551 Chri-

144 1573 275 1610 stum:
293 1573 342 1610 ut
359 1569 586 1610 unanimes
606 1579 693 1608 uno
710 1580 787 1608 ore
801 1567 975 1608 honori-

143 1624 284 1666 ficetis
316 1625 477 1674 Deum,
515 1629 559 1666 et
593 1624 770 1664 Patrem
796 1623 976 1664 Domini

143 1681 284 1722 nostri
302 1681 328 1721 J
330 1693 407 1722 esu
428 1680 600 1722 Christi.

198 1737 249 1789 R.
277 1737 340 1777 br.
393 1736 589 1778 Ostende
624 1735 752 1778 nobis
785 1736 975 1776 Domine

147 1794 170 1818 *
197 1793 547 1834 Misericordiam
582 1797 714 1834 tuam.
769 1790 975 1832 Ostende.

145 1844 197 1896 ΥΤ.
239 1849 298 1890 Et
342 1849 534 1890 salutare
573 1853 698 1889 tuum
740 1847 797 1888 da
836 1847 975 1888 nobis.

144 1905 502 1947 Misericordiam.
531 1903 695 1945 Gloria.
724 1902 931 1944 Ostende.

199 1956 250 2006 V.
286 1961 508 2003 Memento
540 1960 681 2002 nostri
712 1959 901 2000 Domine
931 1959 975 1999 in

144 2016 422 2070 beneplacito
450 2016 606 2070 populi
633 2016 707 2057 tui.
756 2016 806 2066 Ru
831 2015 975 2056 Visita

144 2086 225 2115 nos
244 2074 288 2114 in
307 2074 487 2115 salutari
506 2078 595 2115 tuo.

425 2146 492 2182 Ad
516 2147 700 2182 Nonam.

197 2198 296 2237 Ant.
325 2198 441 2238 Ecce
468 2198 696 2238 Dominus.

224 2257 483 2308 Capitulum.
648 2259 773 2298 Rom.
792 2258 848 2297 15.
865 2270 898 2297 c.

234 2327 310 2355 eus
335 2318 481 2355 autem
512 2313 607 2365 spei
631 2312 799 2364 repleat
823 2324 903 2352 vos
931 2323 973 2352 o-

247 2370 337 2410 mni
355 2369 516 2420 gaudio
542 2374 586 2410 et
604 2381 714 2421 pace
733 2368 777 2408 in
797 2367 973 2408 ereden-

148 2424 222 2476 do;
250 2430 299 2467 ut
318 2425 551 2467 abundetis
571 2425 614 2466 in
640 2437 737 2476 spe,
764 2428 808 2464 et
831 2423 874 2463 in
892 2423 973 2463 vir-

146 2484 241 2522 tute
261 2481 449 2534 Spiritus
468 2481 619 2522 sancti.

202 2534 252 2586 Rz·
267 2533 330 2575 br·
346 2538 487 2589 Super
501 2541 544 2578 te
560 2535 803 2577 Jerusalem
821 2535 843 2557 *
855 2533 973 2574 Orie-

147 2596 218 2632 tur
238 2592 462 2634 Dominus.
494 2593 635 2644 Super
653 2597 708 2633 te.
744 2585 794 2636 V.
810 2591 867 2630 Et
885 2589 974 2639 glo-

148 2647 213 2687 ria
245 2648 335 2699 ejus
366 2649 411 2688 in
441 2653 485 2689 te
515 2647 744 2689 videbitur.
790 2645 974 2687 Orietur.

151 2703 303 2745 Gloria
320 2704 451 2745 Patri.
478 2705 618 2756 Super
637 2708 693 2744 te.

1794 197 1856 232 147

1083 290 1132 338 V·
1159 295 1348 336 Domine
1372 295 1494 336 Deus
1518 294 1728 336 virtutum
1754 307 1853 335 con-

1026 351 1149 392 verte
1176 363 1269 392 nos.
1323 351 1372 401 Ra
1401 351 1457 391 Et
1485 350 1669 391 ostende
1697 350 1853 392 faciem

1025 410 1156 456 tuam,
1177 411 1220 448 et
1239 407 1348 448 salvi
1367 407 1539 447 erimus.

1263 479 1342 519 Ad
1358 479 1621 528 vesperas.

1081 535 1168 568 Ant.
1203 535 1248 568 dc
1281 535 1414 570 Laud..
1440 535 1499 568 I's.
1526 535 1571 568 de
1598 535 1747 567 Domin.
1771 537 1852 572 108.

1030 582 1164 625 Capit,
1190 583 1328 627 Ilymn.
1355 587 1391 616 ct
1416 578 1458 622 Χ.
1485 589 1523 615 ut
1550 593 1674 625 supra.
1697 584 1767 618 143.

1082 634 1151 673 Ad
1173 634 1344 681 Magnis.
1380 634 1476 674 Ant.
1511 635 1574 675 Tu
1594 648 1641 676 es
1662 635 1736 687 qui
1754 648 1852 676 ven-

1026 697 1150 735 tarus
1171 706 1233 742 es,
1252 693 1276 718 *
1297 705 1351 733 an
1372 692 1503 733 alium
1524 690 1853 743 exspectamus?

1026 750 1170 791 Dicite
1189 750 1213 789 J
1216 749 1344 791 oanni
1371 761 1469 800 quae
1489 747 1672 788 vidistis:
1700 747 1772 788 Ad
1794 747 1853 787 lu—

1026 819 1126 847 men
1154 805 1339 847 redeunt
1367 804 1487 855 caeci,
1524 803 1687 844 mortui
1714 806 1854 844 resur-

1026 867 1148 914 gunt,
1172 865 1390 914 pauperes
1411 860 1777 911 evangelizantur,
1798 859 1854 900 al-

1026 918 1164 970 leluja.

1084 972 1177 1006 Post
1216 972 1412 1015 vesperas
1453 971 1530 1005 diei
1570 971 1749 1005 dicuntur
1790 970 1857 1003 Vc-

1032 1031 1156 1063 spera:
1181 1020 1467 1054 Dcl‘unetorum.

1234 1124 1383 1160 Feria
1410 1123 1648 1159 Secunda.

1084 1176 1146 1209 Ad
1175 1176 1412 1209 Matutinum.
1442 1175 1553 1209 Iuvit.
1585 1179 1621 1208 et
1650 1174 1786 1217 llymn.
1820 1176 1858 1206 ut

1032 1224 1069 1257 in
1094 1224 1245 1257 Domin.
1272 1224 1516 1266 praecedenti.
1537 1222 1608 1256 143.

1211 1287 1278 1326 De
1305 1286 1420 1325 Isaia
1445 1282 1678 1335 Propheta.

1135 1349 1286 1389 Lectio
1307 1350 1329 1388 i.
1579 1346 1679 1396 Cap.
1701 1346 1756 1383 13.

1033 1437 1036 1451 .
1058 1410 1091 1458 552«
1109 1418 1196 1446 nus
1216 1405 1474 1456 Babylonis,
1502 1401 1622 1454 quod.
1640 1401 1749 1442 vidit
1767 1402 1854 1441 Isa-

1035 1462 1110 1505 ¹1⁷5),
1132 1464 1197 1502 ias
1230 1462 1345 1503 filius
1374 1461 1522 1501 Amos.
1566 1458 1707 1510 Super
1736 1469 1855 1497 mon-

1027 1524 1117 1560 tem
1132 1518 1419 1569 caliginosum
1433 1516 1575 1557 levate
1590 1514 1771 1564 signum,
1787 1525 1856 1553 ex-

1029 1576 1162 1617 altate
1195 1588 1368 1624 vocem,
1404 1573 1548 1614 levate
1584 1582 1776 1618 manum,
1814 1573 1857 1609 et

1028 1633 1327 1684 ingrediantur
1363 1634 1517 1682 portas
1554 1627 1698 1668 duces.
1762 1625 1857 1675 Ego

1027 1689 1234 1730 mandavi
1261 1685 1543 1728 sanctificatis
1566 1682 1690 1731 meis,
1718 1686 1761 1722 et
1785 1692 1857 1720 vo-

1029 1746 1126 1786 cavi
1145 1745 1283 1786 fortes
1302 1755 1425 1784 meos
1443 1742 1488 1782 in
1507 1741 1571 1780 ira
1590 1750 1698 1787 mea,
1719 1735 1857 1777 exsul-

1026 1803 1172 1843 tantes
1190 1801 1235 1841 in
1253 1799 1393 1850 gloria
1410 1809 1520 1838 mea.
1552 1795 1654 1835 Vox
1668 1792 1857 1833 multitu-

1029 1857 1141 1898 dinis
1168 1857 1212 1897 in
1240 1853 1481 1902 montibus,
1519 1850 1644 1903 quasi
1670 1847 1855 1900 populo-

1027 1926 1124 1955 rum
1151 1910 1457 1963 frequentium:
1484 1919 1572 1949 vox
1597 1905 1765 1946 sonitus
1791 1915 1854 1943 re-

1026 1982 1140 2020 gum,
1163 1967 1359 2018 gentium
1378 1962 1753 2015 congregatarum.

1084 2024 1134 2073 R.
1156 2023 1338 2075 Suscipe
1357 2020 1550 2063 verbum.
1569 2018 1655 2059 138.

1342 2081 1494 2121 Lectio
1516 2080 1553 2119 ii.

1121 2141 1291 2182 ominus
1337 2139 1609 2180 exercituum
1643 2131 1856 2185 praecepit

1130 2197 1296 2238 mih'tiae
1332 2193 1452 2243 belli,
1489 2188 1762 2233 venientibus
1800 2186 1854 2228 de

1027 2259 1145 2295 terra
1184 2251 1340 2305 procul
1383 2263 1409 2290 a
1449 2246 1697 2290 summitate
1739 2242 1855 2285 coeli:

1026 2309 1259 2358 Dominus,
1288 2311 1331 2349 et
1357 2318 1463 2347 vasa
1489 2302 1647 2344 furoris
1676 2300 1780 2351 ejus,
1808 2303 1856 2339 ut

1029 2365 1254 2418 disperdat
1274 2375 1448 2405 omnem
1466 2365 1639 2401 terram.
1668 2354 1854 2402 Ululate‚
1903 2383 1907 2410 ;

1028 2421 1130 2473 quia
1148 2432 1290 2473 prope
1310 2423 1376 2460 est
1398 2417 1490 2458 dies
1509 2412 1701 2456 Domini:
1730 2412 1854 2462 quasi
1905 2414 1906 2418 ’

1027 2478 1210 2518 vastitas
1231 2489 1256 2516 a
1273 2474 1465 2516 Domino
1486 2470 1639 2512 veniet.
1666 2468 1853 2518 Propter

1027 2533 1112 2574 hoc
1131 2544 1283 2574 omnes
1302 2541 1455 2571 manus
1476 2524 1783 2570 dissolventur,
1811 2524 1854 2560 et

1028 2601 1156 2630 omne
1177 2600 1253 2628 cor
1274 2584 1464 2627 hominis
1487 2580 1781 2624 contabescet,
1810 2579 1853 2615 et

1028 2645 1288 2685 conteretur.
1329 2639 1570 2681 Torsiones
1603 2640 1646 2676 et
1678 2631 1852 2674 dolores

1028 2699 1253 2748 tenebunt3
1296 2695 1419 2748 quasi
1452 2691 1699 2746 parturiens
1735 2685 1851 2727 dole-
