2040 2990
697 228 900 262 Dominica
928 229 1275 272 Quinquagcsimzc.

185 328 257 370 Ad
280 329 453 379 Magnis.
478 330 577 369 Ant.
610 328 736 368 Pater
759 326 863 368 fidei
885 339 960 368 no-

135 386 238 423 strae
263 382 287 408 *
312 382 537 424 Abraham
563 396 774 433 summus,
803 382 961 425 Obtulit

134 437 440 480 holocaustum
459 453 590 507 super
608 439 746 481 altare
760 453 842 492 pro
857 439 960 480 filio.

215 564 340 594 reces
368 499 846 605 nostgirsaflguaesumus
871 552 959 593 Do-

231 609 358 659 mine,
378 610 614 651 clementer
633 608 805 651 exaudi:
828 613 960 660 atque

125 672 160 706 'a
189 668 474 718 peccaterum
507 666 690 708 vinculis
722 665 959 716 absolutos,

135 721 189 763 ab
218 723 336 764 omni
367 735 449 765 nos
481 723 746 765 adversitate
777 722 959 764 custodi.

133 778 218 820 Per
237 779 484 821 Deminum.

339 861 599 891 ἢ
636 876 646 877 x
690 876 744 877 j

406 943 681 994 Dominica

262 1011 313 1050 in
349 1011 829 1062 Quinquagesima.

295 1082 383 1123 Ad
410 1083 795 1125 Matutinum.

180 1146 353 1187 Invitat.
398 1145 765 1198 Praeoccupemus
802 1146 959 1188 faciem

131 1199 327 1266 Demini:
363 1203 385 1227 *
423 1202 480 1243 Et
515 1202 559 1242 in
594 1203 775 1255 psalmis
811 1203 958 1255 jubile-

131 1269 441 1365 mssss.eY}emte,
462 1315 740 1357 exsultemus.
758 1318 795 1357 2.

182 1375 224 1409 In
236 1376 361 1419 primo
370 1377 493 1411 Versu
504 1377 647 1411 Psalmi
661 1378 847 1411 omittitur
857 1378 958 1414 Prae-

132 1425 363 1468 occupemus
376 1424 514 1459 faciem
530 1426 622 1469 eius,
640 1430 708 1460 etc.
721 1432 756 1460 ct
774 1427 855 1468 cius
869 1426 955 1460 loco

130 1472 315 1515 repetitur
339 1483 359 1506 a
386 1473 514 1508 Choro
539 1473 816 1509 Invitatorium.

183 1522 391 1573 Hymnus.
428 1524 568 1565 Primo
588 1523 669 1566 die.
696 1526 733 1566 2.

181 1583 351 1626 Antiph.,
368 1583 428 1618 Ps.
445 1590 481 1618 et
500 1580 583 1626 YY.
600 1585 709 1620 Noct.
729 1586 775 1619 dc
793 1585 908 1619 psalt.
927 1590 957 1623 3

364 1656 412 1694 In
440 1655 469 1694 I.
498 1656 719 1696 Nocturno.

319 1724 386 1764 De
421 1723 534 1766 libro
574 1725 770 1768 Genesis.

235 1787 385 1829 Lectio
414 1790 437 1829 i.
675 1790 777 1842 Cap.
798 1792 854 1830 12.

203 1856 255 1911 fx,
264 1850 343 1892 ixit
379 1857 526 1893 autem
559 1853 776 1895 Dominus
813 1854 870 1896 ad
900 1855 956 1896 A·

252 1937 255 1945 ,
279 1906 655 1959 braszgredere
671 1909 726 1951 de
740 1915 858 1951 terra
871 1916 957 1961 tua,

210 1969 249 1987 -22
281 1968 325 2005 et
348 1963 403 2005 de
430 1966 691 2016 cognatione
715 1971 805 2017 tua,
834 1972 878 2008 et
902 1968 956 2010 de

132 2017 264 2061 domo
283 2021 421 2072 patris
440 2022 517 2071 tui,
543 2027 586 2063 et
604 2023 704 2064 veni
721 2023 765 2064 in
784 2028 956 2074 terram,

132 2087 263 2127 quam
285 2077 541 2120 monstrabo
564 2078 654 2120 tibi.
693 2080 956 2132 Faciamque

130 2135 175 2173 te
199 2132 243 2172 in
268 2138 444 2183 gentem
468 2148 686 2186 magnam,
715 2141 758 2178 et
782 2136 956 2178 benedi-

131 2200 227 2229 cam
261 2189 360 2239 tibi,
398 2195 441 2232 et
476 2192 766 2242 magnificabo
798 2206 956 2235 nomen

130 2248 263 2295 tuum,
283 2248 456 2299 erisque
475 2247 742 2290 benedictus.
773 2249 956 2292 Benedi-

132 2314 228 2342 cam
252 2301 613 2346 benedicentibus
637 2305 730 2356 tibi,
760 2311 803 2348 et
827 2306 955 2348 male-

131 2356 274 2399 dicam
299 2359 662 2403 maledicentibus
691 2362 789 2412 tibi,
824 2368 955 2415 atque

130 2413 175 2454 in
201 2419 245 2456 te
271 2414 585 2458 benedicentur
613 2419 828 2459 universae
857 2432 955 2470 cog-

130 2470 329 2513 natienes
355 2477 498 2515 terrae.
542 2473 757 2525 Egressus
786 2480 853 2516 est
879 2477 955 2516 ita-

132 2538 218 2577 que
253 2527 419 2570 Abram
458 2530 570 2571 sicut
606 2533 879 2583 praeceperat
916 2532 955 2572 ei

131 2581 360 2634 Deminus,
385 2590 429 2626 et
453 2586 531 2628 ivit
556 2600 655 2628 cum
679 2600 731 2628 eo
751 2587 848 2629 Lot.
883 2588 954 2629 Se-

130 2641 357 2690 ptuaginta
391 2642 583 2695 quinque
617 2645 829 2685 annerum
863 2649 956 2685 erat

131 2694 316 2744 Abram,
353 2709 452 2738 cum
479 2698 759 2749 egrederetur
786 2699 840 2741 de
868 2700 954 2740 Ha-

131 2763 220 2791 ran.
257 2751 463 2804 Tulitque
481 2754 602 2796 Sarai
619 2758 803 2797 uxorem
822 2768 955 2806 suam,

1014 331 1058 367 et
1083 326 1168 368 Lot
1200 327 1338 368 filium
1369 328 1512 369 fratris
1549 328 1634 378 sui,
1669 330 1836 371 univer-

1013 389 1194 440 samque
1222 388 1508 430 substantiam
1534 402 1663 442 quam
1688 393 1836 442 posse-

1014 443 1182 494 derant,
1207 449 1251 485 et
1270 445 1434 486 animas
1455 459 1562 497 quas
1581 446 1774 488 fecerant
1792 447 1836 487 in

1012 501 1178 541 Haran:
1206 506 1250 542 et
1275 502 1438 552 egressi
1463 507 1562 543 sunt
1587 507 1633 543 ut
1658 503 1770 544 irent
1793 504 1835 544 in

1011 562 1173 598 terram
1202 557 1418 599 Chanaan.
1472 558 1667 610 Cumque
1698 562 1835 601 venis-

1013 618 1110 655 sent
1137 614 1179 654 in
1211 627 1325 664 eam,
1362 615 1643 667 pertransivit
1670 616 1836 657 Abram

1012 674 1174 711 terram
1210 684 1349 723 usque
1387 671 1443 712 ad
1479 670 1624 712 locum
1654 671 1835 723 Sichem‚

1012 740 1151 779 usque
1203 727 1260 768 ad
1312 727 1555 769 convallem
1606 728 1836 770 illlistrem:

1014 782 1284 825 Chanana'eus
1326 789 1472 826 autem
1514 789 1617 825 tunc
1661 790 1753 826 erat
1794 786 1836 826 in

1012 844 1139 881 terra.

1062 898 1113 949 R.
1141 897 1337 938 Locutus
1366 902 1433 938 est
1457 898 1671 939 Dominus
1700 898 1755 940 ad
1781 899 1836 939 A·

1010 953 1153 1003 bram,
1184 954 1351 995 dicens:
1386 954 1608 1006 Egredere
1637 954 1692 996 de
1720 960 1836 996 terra

1011 1014 1102 1060 tua,
1127 1015 1170 1051 et
1194 1010 1248 1052 de
1273 1011 1533 1062 cognatiene
1557 1015 1647 1060 tua,
1673 1016 1715 1053 et
1738 1012 1836 1053 veni
1880 1062 1881 1065 Ἴ

1011 1066 1055 1106 in
1078 1071 1241 1108 terram
1262 1080 1391 1119 quam
1414 1070 1716 1109 monstravero
1741 1068 1836 1109 tibi:

1012 1122 1033 1146 *
1052 1123 1109 1164 Et
1128 1123 1286 1165 faciam
1304 1128 1348 1165 te
1367 1124 1411 1164 in
1432 1129 1606 1175 gentem
1624 1137 1835 1175 magnam.

1012 1173 1062 1224 V.
1089 1180 1360 1222 Benedicens
1388 1180 1644 1222 benedicam
1671 1181 1764 1230 tibi,
1794 1186 1836 1222 et

1009 1237 1300 1288 magnificabo
1322 1250 1482 1278 nomen
1503 1243 1638 1288 tuum,
1663 1240 1835 1289 erisque

1010 1293 1278 1336 benedictus.
1306 1294 1362 1335 Et
1380 1294 1546 1335 faciam.

1319 1347 1471 1388 Lectio
1492 1347 1529 1386 ii.

1088 1408 1265 1460 pparuit
1277 1411 1422 1448 autem
1434 1407 1647 1447 Deminus
1659 1406 1834 1456 Abram,

1125 1469 1167 1505 et
1197 1464 1305 1505 dixit
1334 1464 1390 1504 ei:
1427 1463 1588 1504 semini
1614 1467 1690 1504 tuo
1719 1462 1834 1505 dabo

1009 1579 1102 1618 tare
1134 1577 1344 1625 D6mino,
1383 1576 1457 1628 qui
1489 1578 1755 1628 apparuerat
1787 1576 1836 1616 ei.

1009 1633 1065 1674 Et
1086 1633 1187 1675 inde
1211 1632 1537 1683 transgrediens
1557 1631 1613 1673 ad
1631 1636 1835 1682 montem,

1010 1690 1085 1742 qui
1113 1695 1205 1731 erat
1236 1695 1389 1731 contra
1417 1689 1639 1730 Orientem
1668 1687 1834 1738 Bethel,

1008 1746 1194 1788 tetendit
1208 1746 1268 1788 ibi
1282 1745 1611 1787 tabernaculum
1626 1758 1761 1793 suum,
1778 1743 1834 1785 ab

1010 1802 1249 1844 Occidente
1286 1801 1452 1843 habens
1487 1800 1662 1850 Bethel,
1700 1805 1742 1841 et
1778 1800 1834 1841 ab

1010 1859 1186 1900 Oriente
1205 1858 1305 1899 Hai:
1326 1857 1560 1898 aedificavit
1581 1869 1755 1908 quoque
1774 1856 1834 1898 ibi

1008 1915 1146 1956 altare
1160 1914 1361 1963 DeminO,
1382 1919 1426 1955 et
1439 1913 1659 1954 invocavit
1674 1925 1833 1954 nomen

1009 1972 1110 2023 ejus.
1150 1971 1436 2021 Perrexitque
1465 1969 1631 2010 Abram
1657 1969 1833 2019 vadens,

1009 2032 1052 2069 et
1074 2027 1188 2068 ultra
1210 2025 1496 2079 progrediens
1521 2025 1578 2067 ad
1596 2025 1833 2067 meridiem.

1007 2083 1143 2125 Facta
1175 2088 1241 2125 est
1277 2087 1423 2123 autem
1454 2082 1591 2123 fames
1625 2082 1670 2122 in
1701 2086 1833 2123 terra:

1009 2138 1323 2192 descenditque
1339 2138 1505 2180 Abram
1522 2138 1567 2179 in
1580 2139 1832 2190 AEgyptum‚

1006 2202 1054 2237 ut
1073 2196 1423 2248 peregrinaretur
1442 2194 1518 2236 ibi:
1543 2194 1833 2247 praevaluerat

1007 2253 1121 2293 enim
1139 2252 1275 2293 fames
1294 2252 1338 2292 in
1356 2257 1483 2293 terra.
1518 2251 1713 2303 Cumque
1733 2263 1831 2302 pro-

1006 2321 1062 2360 pe
1076 2313 1192 2349 esset
1205 2313 1252 2349 ut
1267 2308 1569 2360 ingrederetur
1580 2308 1831 2359 AEgyptum‚

1008 2363 1116 2405 dixit
1139 2365 1262 2406 Sarai
1285 2365 1413 2405 uxeri
1439 2376 1546 2404 suae:
1572 2363 1688 2404 Novi
1713 2361 1831 2414 quod

1005 2420 1188 2472 pulchra
1217 2422 1275 2462 sis
1302 2421 1477 2469 mulier,
1513 2425 1556 2461 et
1585 2418 1704 2472 quod
1733 2431 1830 2459 cum

1007 2476 1195 2518 viderint
1221 2482 1265 2518 te
1289 2476 1505 2528 AEgyptii,
1534 2475 1692 2517 dicturi
1715 2479 1830 2515 sunt:

1006 2532 1127 2574 Uxor
1146 2533 1284 2585 ipsius
1303 2538 1386 2574 est:
1410 2537 1453 2573 et
1471 2532 1732 2573 interficient
1750 2543 1829 2579 me,

1007 2594 1051 2630 et
1069 2594 1113 2630 te
1133 2589 1427 2631 reservabunt.
1463 2588 1546 2629 Dic
1565 2600 1683 2638 ergo,
1707 2586 1827 2627 obse-

1007 2657 1081 2686 cro
1099 2650 1155 2694 te,
1176 2645 1295 2697 quod
1310 2657 1436 2686 soror
1450 2657 1548 2686 mea
1563 2644 1637 2684 sis:
1655 2648 1703 2684 ut
1718 2642 1827 2683 bene

1006 2701 1063 2742 sit
1082 2701 1187 2742 mihi
1205 2706 1389 2753 propter
1407 2706 1466 2749 te,
1489 2705 1532 2741 et
1550 2700 1668 2740 vivat
1686 2698 1828 2739 anima

1005 2769 1103 2798 mea
1123 2757 1180 2799 ob
1199 2757 1384 2807 gratiam
1402 2757 1476 2797 tui.
