2040 2990
613 213 680 247 Dic
706 215 762 247 33⁴⁴).
791 216 891 256 Nox:¹
931 219 964 250 S.
993 218 1155 252 Andreae
1181 220 1369 262 Apostoli.

199 309 453 351 Conturbati
472 316 570 352 sunt
589 324 738 353 omnes
760 313 831 364 qui
847 313 961 354 vide-

145 364 250 407 bant
274 378 364 407 eos:
383 366 407 392 *
427 371 470 408 et
493 368 634 408 timuit
657 369 795 409 omnis
819 368 962 411 homo.

196 421 253 462 Et
277 423 635 464 annuntiaverunt
663 426 796 476 epera
818 425 915 475 Dei,
938 426 962 451 *

146 482 190 518 et
208 478 322 519 facta
342 479 431 530 ejus
450 479 761 521 intellexerunt.

195 533 434 576 Laetabitur
458 536 594 586 justus
618 536 662 576 in
684 536 890 587 Domino,
919 542 962 579 et

145 589 338 642 sperabit
356 591 399 631 in
419 604 486 640 eo,
505 592 528 617 *
549 597 591 632 et
610 591 900 634 laudabuntur
919 606 961 634 o-

143 659 266 688 mnes
285 647 391 689 recti
411 647 554 698 corde.

198 712 294 752 Aut.
334 711 469 754 Biduo
496 713 645 755 vivens
672 713 891 766 pendebat
917 715 961 756 in

144 780 271 809 cruce
295 768 449 810 beatus
473 769 672 811 Andreas
697 782 777 822 pro
805 769 962 813 Christi

143 825 327 874 nemine,
347 830 390 866 et
409 825 597 867 docebat
614 826 836 878 populum.

196 882 245 934 V.
274 889 523 932 Constitues
548 903 625 932 eos
648 891 869 944 principes
894 905 960 934 su-

142 957 221 997 per
248 958 421 987 omnem
449 951 619 988 terram.
660 948 708 999 R.
744 947 960 990 Memores

143 1006 268 1043 erunt
286 1003 472 1044 neminis
491 1003 555 1044 tui
572 1004 769 1045 Domine.

440 1087 588 1128 Lectio
610 1090 659 1128 iv.

154 1165 278 1205 cs*
295 1153 959 1206 ndreasApestolusBethsaidae

153 1204 280 1281 s
312 1214 453 1260 natus,
487 1210 560 1261 qui
587 1215 654 1251 est
681 1210 876 1252 Galilaeae
901 1213 959 1253 vi-

312 1278 399 1315 cus,
418 1266 550 1308 frater
568 1266 697 1317 Petri,
722 1267 959 1320 discipulus

139 1320 316 1362 Joannis
354 1322 582 1374 Baptistae,
625 1336 723 1364 cum
765 1336 862 1365 eum
904 1325 958 1366 de

138 1376 312 1419 Christo
349 1378 564 1420 dicentem
601 1379 808 1421 audisset:
844 1381 958 1423 Ecce

137 1433 289 1484 Agnus
304 1434 402 1486 Dei3
419 1439 593 1477 secutus
607 1435 632 1476 J
633 1448 765 1486 esum,
782 1436 959 1478 fratrem

139 1501 314 1542 quoque
339 1504 464 1533 suum
493 1491 550 1533 ad
575 1491 776 1533 eumdem
801 1493 957 1545 perdu-

136 1545 215 1587 xit:
251 1559 350 1588 cum
385 1550 542 1600 postea
579 1561 665 1589 una
696 1561 793 1590 cum
825 1549 957 1591 fratre

136 1602 381 1655 piscaretur
399 1605 443 1645 in
461 1605 570 1646 mari
589 1604 802 1654 Galilaeae,
827 1605 956 1647 ambo

137 1671 163 1700 a
205 1664 499 1712 praetereunte
549 1660 723 1702 Christo
769 1662 955 1703 Demino

137 1721 236 1758 ante
273 1716 380 1758 alios
417 1717 658 1769 Apestolos
694 1718 839 1758 vocati
872 1717 956 1759 illis

135 1772 295 1814 verbis:
313 1773 472 1814 Venite
491 1778 592 1826 post
605 1786 686 1823 me,
705 1773 860 1815 faciam
877 1787 956 1816 vos

134 1828 228 1870 fieri
255 1829 500 1882 piscatores
527 1829 768 1879 hominum3
795 1829 956 1871 nullam

134 1884 459 1938 interponentes
496 1898 679 1935 moram,
717 1891 760 1927 et
795 1886 956 1928 relictis

134 1940 299 1983 retibus
315 1942 453 1983 secuti
469 1947 568 1983 sunt
585 1954 694 1983 eum.
714 1942 822 1983 Post
837 1943 955 1993 cujus

133 1997 382 2049 passionem
402 2003 445 2039 et
463 1998 843 2047 resurrectionem,
869 1999 954 2038 An-

134 2051 277 2103 dreas,
310 2067 409 2095 cum
436 2055 479 2094 in
506 2054 727 2106 Scythiam
753 2054 953 2106 Europae,

135 2121 232 2160 quae
257 2110 296 2151 ei
319 2110 545 2163 provincia
568 2109 625 2151 ad
645 2110 803 2151 Christi
822 2109 954 2151 fidem

134 2163 499 2208 disseminandam
512 2166 738 2218 obtigerat,
754 2168 952 2215 venisset,

133 2221 290 2264 deinde
311 2223 493 2276 Epirum
518 2236 569 2264 ac
594 2223 827 2264 Threiciam
858 2235 952 2274 per-

132 2280 343 2330 agrasset;
368 2279 565 2321 doctrina
589 2285 632 2320 et
654 2279 874 2320 miraculis
892 2279 952 2319 in-

130 2334 421 2377 numerabiles
439 2336 638 2377 homines
658 2335 714 2376 ad
735 2334 952 2376 Christum

133 2391 360 2433 convertit.
379 2392 487 2433 Post
500 2392 655 2433 Patras
666 2391 842 2442 Achajae
853 2403 950 2443 pro-

132 2445 290 2496 fectus,
318 2452 363 2488 et
389 2448 434 2488 in
462 2461 514 2489 ea
539 2448 647 2489 urbe
672 2447 870 2500 plurimis
896 2446 952 2488 ad

131 2502 360 2544 veritatem
393 2504 686 2555 evangelicam
717 2502 950 2556 perductis,

132 2558 316 2608 AEgeam
334 2561 659 2611 procunsulem,
678 2558 950 2612 praedicatio-

131 2615 176 2654 ni
196 2615 457 2665 evangelicae
475 2617 764 2665 resistentem,
788 2615 949 2656 liberri-

131 2682 201 2711 me
217 2670 468 2723 increpavit,
489 2672 617 2724 quod,
639 2673 712 2724 qui
730 2670 858 2723 judex
876 2670 950 2711 he-

131 2726 295 2766 minum
308 2725 458 2768 haberi
471 2728 613 2777 vellet,
634 2727 852 2769 Christum
866 2727 949 2767 De-

285 2867 348 2892 Pnrs
363 2867 494 2892 Hiemalis.

1766 225 1828 260 361

1013 327 1086 354 um
1106 316 1296 357 omnium
1314 318 1498 369 judicem
1516 332 1541 360 a
1560 319 1829 362 daem6nibus

1015 370 1158 412 elusus
1177 385 1264 413 non
1284 376 1550 424 agnosceret.

1069 437 1119 488 Rz.
1141 437 1287 478 Homo
1306 438 1389 479 Dei
1414 438 1652 481 ducebatur
1670 445 1718 482 ut
1737 454 1828 482 cru-

1014 492 1238 543 cifigerent
1257 506 1369 535 eum:
1388 496 1574 547 pepulus
1590 501 1733 538 autem
1747 497 1828 538 cla-

1013 548 1160 590 mabat
1178 562 1286 591 voce
1305 564 1470 602 magna,
1491 551 1652 593 dicens:
1668 556 1689 578 *
1705 554 1827 595 Inno-

1014 617 1117 646 cens
1151 606 1239 657 eJus
1274 607 1447 658 sanguis
1481 608 1573 649 sine
1601 621 1730 650 causa
1757 609 1828 650 da-

1012 663 1194 702 mnatur.
1228 658 1272 707 δ”.
1292 663 1485 716 Cumque
1506 664 1713 706 ducerent
1732 678 1829 706 eum

1012 722 1061 758 ut
1088 718 1426 769 crucifigeretur,
1463 720 1603 762 factus
1638 727 1704 762 est
1732 734 1828 763 con-

1013 776 1166 814 cursus
1185 775 1450 827 populorum
1470 777 1761 827 clamantium,
1788 783 1830 819 et

1014 828 1256 872 dicentium.
1285 831 1510 873 Innocens.

1321 912 1468 952 Lectio
1491 926 1524 951 v.

1014 972 1161 1078 Tum
1187 978 1349 1029 AEgeas
1376 979 1526 1029 iratus,
1560 980 1737 1031 Desine,
1769 981 1827 1022 in-

1102 1034 1209 1085 quit,
1236 1034 1453 1076 Christum
1479 1036 1655 1086 jactare,
1682 1038 1750 1078 cui
1775 1039 1827 1078 si-

1011 1089 1128 1130 milia
1153 1090 1286 1132 verba
1310 1091 1415 1131 nihil
1439 1092 1711 1143 profuerunt,
1740 1107 1826 1145 quo

1010 1146 1150 1187 minus
1170 1159 1195 1187 a
1211 1147 1235 1187 J
1238 1147 1374 1188 udaeis
1390 1148 1722 1199 crucifigeretur.
1742 1150 1826 1190 An-

1012 1201 1160 1243 dream
1192 1213 1295 1244 vero
1328 1203 1383 1244 de
1413 1203 1584 1246 Christo
1617 1205 1826 1246 nihilomi-

1010 1271 1090 1299 nus
1113 1258 1248 1300 libere
1274 1259 1585 1311 praedicantem
1611 1261 1727 1312 quod
1746 1275 1825 1314 pro

1011 1315 1150 1357 salute
1182 1316 1358 1357 humani
1388 1317 1557 1368 generis
1590 1330 1636 1358 se
1662 1318 1825 1359 crucifi-

1009 1371 1198 1421 gendum
1218 1372 1457 1422 obtulisset,
1478 1373 1610 1425 impia
1630 1374 1825 1415 oratione

1008 1428 1266 1481 interpellat,
1288 1441 1339 1470 ac
1358 1428 1531 1470 demum
1550 1429 1758 1479 hortatur,
1777 1436 1826 1471 ut

1009 1484 1091 1525 sibi
1110 1484 1350 1534 consulens,
1371 1484 1453 1526 diis
1468 1485 1572 1526 velit
1590 1485 1825 1527 immolare.

1009 1540 1088 1581 Cui
1133 1540 1347 1582 Andreas:
1394 1541 1487 1592 Ego
1538 1541 1825 1593 omnipotenti

1007 1596 1114 1646 Deo,
1135 1597 1209 1648 qui
1224 1610 1334 1638 unus
1351 1602 1393 1638 et
1408 1610 1535 1638 verus
1552 1603 1628 1647 est,
1646 1598 1824 1639 immolo

1009 1651 1218 1705 quotidie,
1262 1666 1349 1694 non
1393 1655 1617 1694 taurorum
1663 1666 1824 1703 carnes,

1008 1722 1087 1750 nec
1111 1709 1330 1750 hircorum
1354 1710 1622 1761 sanguinem,
1654 1709 1731 1750 sed
1749 1710 1824 1750 im-

1007 1765 1269 1806 maculatum
1289 1766 1462 1816 Agnum
1481 1766 1524 1805 in
1544 1765 1685 1806 altari:
1705 1766 1824 1817 cujus

1007 1834 1179 1862 carnem
1210 1823 1497 1873 posteaquam
1522 1821 1660 1862 omnis
1686 1823 1821 1873 popu-

1005 1877 1072 1917 lus
1100 1876 1369 1918 credentium
1396 1876 1737 1926 manducaverit,
1765 1878 1821 1918 A-

1004 1946 1130 1983 gnus,
1160 1933 1233 1984 qui
1257 1933 1525 1973 sacrificatus
1546 1937 1628 1981 est,
1655 1934 1821 1984 integer

1005 1991 1257 2040 perseverat
1285 1993 1328 2030 et
1355 1989 1489 2029 vivus.
1530 1988 1821 2038 Quamobrem

1004 2045 1067 2085 ira
1091 2046 1298 2085 accensus
1316 2045 1494 2095 AEgeaS,
1522 2043 1638 2095 jubet
1662 2057 1759 2086 eum
1778 2045 1820 2085 in

1005 2103 1225 2141 carcerem
1261 2099 1450 2141 detrudi:
1484 2100 1599 2141 unde
1631 2100 1819 2152 papulus

1003 2156 1224 2198 Andream
1239 2156 1365 2197 facile
1378 2155 1618 2206 liberasset,
1632 2156 1713 2196 nisi
1726 2157 1819 2208 ipse

1003 2212 1201 2254 sedasset
1228 2211 1563 2261 multitudinem,
1594 2212 1818 2253 vehemen-

1002 2269 1086 2310 tius
1106 2281 1275 2319 rogans,
1294 2281 1348 2310 ne
1367 2281 1414 2309 se
1433 2267 1488 2309 ad
1504 2268 1818 2320 optatissimam

1002 2325 1194 2376 martyrii
1209 2326 1414 2366 coronam
1428 2326 1733 2376 properantem
1743 2324 1816 2364 im·

1002 2380 1213 2432 pedirent.

1058 2443 1107 2494 R
1134 2445 1171 2486 O
1195 2445 1310 2486 bona
1335 2457 1455 2494 crux,
1489 2456 1585 2496 quae
1614 2443 1815 2485 decerem

1002 2505 1045 2542 et
1062 2500 1430 2553 pulchritudinem
1445 2500 1499 2541 de
1513 2499 1716 2540 membris
1729 2499 1815 2539 Do-

1000 2557 1105 2597 mini
1128 2557 1372 2609 suscepisti3
1399 2556 1548 2608 accipe
1572 2568 1641 2596 me
1664 2555 1718 2595 ab
1741 2554 1814 2595 ho-

1000 2613 1204 2662 minibus,
1249 2618 1292 2654 et
1332 2611 1466 2653 redde
1506 2624 1576 2652 me
1609 2613 1813 2662 magistro

998 2682 1114 2712 meo:
1140 2669 1161 2690 *
1176 2669 1235 2710 Ut
1260 2681 1339 2720 per
1359 2673 1403 2709 te
1426 2680 1495 2709 me
1519 2667 1712 2718 recipiat,
1741 2665 1813 2716 qui

999 2738 1079 2777 per
1101 2730 1145 2766 te
1167 2737 1236 2765 me
1254 2723 1447 2765 redemit.
1487 2718 1533 2767 v.
1548 2723 1708 2763 Beatus
1727 2721 1811 2760 An-

1547 2850 1589 2881 24
