2040 2990
597 227 663 261 Die
686 229 716 260 Γ).
745 228 830 261 Dec.
879 229 912 261 S.
939 229 1078 262 sabbae
1105 228 1268 261 Abbatis
1294 228 1499 261 Commem.

200 321 323 362 rima:
348 320 422 362 ubi
445 321 558 363 inter
581 322 665 363 alia
687 323 795 364 illud
814 323 1025 376 praeclare

200 377 323 419 dixit:
347 378 431 428 Qui
454 378 589 430 jocari
607 379 796 421 voluerit
819 392 918 421 cum
937 378 1024 420 dia-

199 433 314 483 bolo,
325 447 412 475 non
423 435 585 487 poterit
595 435 786 485 gaudere
797 449 896 477 cum
907 435 1025 476 Chri-

201 495 281 531 sto.
301 491 326 531 J
328 503 433 532 ussu
452 491 591 532 sancti
609 491 770 533 Leonis
788 493 922 545 Papae
941 492 1025 544 pri—

200 547 258 587 mi
295 547 471 599 scripsit
506 549 664 599 postea
700 547 757 589 ad
789 547 1025 589 Chalcedo-

200 604 333 644 nense
349 603 580 644 concilium
597 602 807 645 adversus
822 604 1026 645 haeresim

200 659 465 711 Eutychetis.
519 659 766 713 Respondit
810 662 1026 713 praeterea

201 715 257 757 ad
276 715 506 768 Eutychen
530 716 674 769 ipsum
699 721 742 758 et
761 716 846 758 alia
866 719 1025 769 episto-

201 772 259 822 la,
300 786 398 825 quae
432 772 574 814 eidem
606 773 793 815 concilio
826 774 870 814 in
902 774 1026 815 novis

201 829 468 871 editic'mibus
487 830 685 882 praefixa,
713 836 757 872 et
780 831 823 871 in
847 830 1026 872 annales

201 886 523 928 ecclesiasticos
543 886 679 928 relata
697 887 788 928 fuit.

254 945 303 984 R.
336 944 470 984 Pesui
499 943 764 995 adjutorium
792 957 924 997 super
950 956 1025 996 po-

202 1002 387 1049 tentem,
433 1005 477 1041 et
517 1000 706 1042 exaltavi
746 1001 933 1042 electum
972 1000 1027 1042 de

201 1056 331 1109 plebe
368 1069 484 1098 mea:
516 1058 538 1079 *
580 1057 736 1098 Manus
775 1058 891 1099 enim
930 1070 1028 1099 mea

202 1113 483 1154 auxiliabitur
516 1113 566 1154 ei.
615 1107 662 1158 V.
697 1115 850 1155 Inveni
882 1113 1028 1155 David

202 1182 377 1211 servum
408 1183 571 1219 meum,
609 1170 707 1212 oleo
741 1176 895 1212 sancto
927 1183 1027 1212 meo

202 1226 308 1267 unxi
336 1239 445 1268 eum.
485 1226 652 1267 Manus.

502 1282 652 1322 Lectio
675 1282 724 1320 vi.

286 1353 360 1381 um
387 1340 564 1392 pablice
593 1343 819 1382 sermones
846 1340 1028 1383 haberet

310 1396 366 1438 ad
398 1397 629 1450 pepulum,
659 1396 770 1439 adeo
794 1397 1028 1439 vehemens

201 1458 294 1495 erat
315 1453 359 1493 in
379 1453 583 1503 dicendo,
609 1459 657 1495 ut
682 1467 776 1506 prae
802 1455 936 1495 nimio
962 1467 1026 1495 ar—

201 1509 309 1551 dere
341 1522 428 1551 vox
460 1510 521 1550 illi
552 1510 771 1552 interdum
804 1511 1028 1553 defecerit:

200 1567 313 1607 sicut
336 1567 519 1617 contigit
537 1567 580 1607 in
605 1567 817 1608 conciene
835 1567 1028 1609 mulieris

200 1621 565 1664 haemorrhoissae.
602 1623 729 1665 Unde
748 1624 1028 1665 Ravennates

201 1678 421 1728 commeti,
441 1683 508 1720 tot
524 1678 732 1729 lacrimis,
753 1679 1027 1729 clamoribus,

202 1740 245 1776 et
273 1734 544 1776 orationibus
568 1734 715 1776 locum
738 1735 1027 1788 repleverunt,

201 1796 250 1832 ut
273 1793 430 1844 pestea
455 1791 550 1844 ipse
569 1792 734 1843 gratias
752 1794 902 1843 ageret
919 1793 1028 1842 Deo,

203 1847 322 1898 quod
362 1848 406 1888 in
445 1847 613 1889 lucrum
651 1849 812 1889 amoris
848 1849 1028 1890 verterit

201 1903 407 1945 damnum
433 1904 628 1956 ejusdem
653 1905 876 1946 sermonis.
919 1905 1028 1946 Cum

201 1960 378 2002 tandem
414 1974 553 2002 annos
590 1962 762 2003 circiter
799 1962 953 2004 decem
986 1967 1028 2003 et

202 2022 304 2058 octo
347 2030 443 2058 eam
484 2018 714 2060 ecclesiam
756 2019 1028 2060 sanctissime

202 2075 403 2122 rexisset,
444 2074 645 2116 laborum
682 2077 860 2116 suorum
896 2075 1027 2116 finem

202 2129 358 2171 adesse
395 2129 600 2172 divinitus
642 2133 942 2184 praenoscens,
984 2132 1028 2172 in

201 2186 390 2239 patriam
426 2199 473 2228 se
510 2187 704 2229 contulit.
764 2188 849 2230 Ubi
889 2188 1029 2229 sancti

204 2242 399 2283 Cassiani
431 2242 642 2295 templum
674 2244 910 2296 ingressus,
942 2257 1028 2285 ma-

203 2311 335 2349 gnum
371 2298 571 2340 diadema
607 2303 802 2351 aureum,
847 2301 1029 2351 gemmis

204 2355 457 2397 distinctum
477 2356 804 2408 pretiosissimis
830 2357 1029 2406 offerens,

204 2424 336 2464 super
355 2412 493 2453 altare
509 2413 646 2464 majus
666 2414 831 2465 posuit,
858 2426 1029 2455 necnon

204 2471 385 2509 aureum
411 2470 641 2518 craterem,
670 2474 714 2511 et
738 2471 942 2521 patenam
966 2483 1029 2511 ar-

204 2526 422 2575 genteam,
455 2537 586 2576 quam
617 2530 710 2566 tum
741 2526 883 2567 rabidi
911 2527 1029 2567 canis

205 2593 396 2630 morsuS,
420 2586 513 2622 tum
533 2580 676 2622 febres
696 2584 849 2623 sanare
863 2582 1028 2635 'saepius

207 2638 438 2689 expertum
462 2642 543 2686 est,
568 2650 682 2689 aqua
705 2638 805 2679 inde
829 2638 1028 2680 demissa.

206 2694 273 2734 Ex
291 2698 395 2735 tunc
414 2694 709 2743 Ravennates,
736 2695 808 2746 qui
829 2695 1029 2736 eumdem

206 2749 345 2791 secuti
363 2749 549 2799 fuerant,
575 2749 754 2799 dimisit,
780 2750 1030 2801 admonens,

1075 327 1124 363 ut
1151 323 1194 363 in
1221 322 1420 375 eligendo
1446 323 1614 376 Optimo
1637 324 1816 376 pastore
1839 322 1898 363 in-

1076 379 1305 429 vigilarent
1327 380 1504 421 attente.
1535 379 1641 421 Mox
1658 379 1801 420 Deum
1823 378 1898 420 hu-

1076 435 1235 476 militer
1258 438 1482 488 precatuS‚
1510 440 1554 477 et
1577 440 1774 478 sanctum
1799 435 1899 477 Cas-

1077 492 1246 533 sianum
1264 493 1514 545 patronum,
1539 497 1588 534 ut
1606 491 1793 543 benigne
1813 492 1899 532 ani-

1076 561 1192 589 mam
1217 549 1307 600 ejus
1332 551 1571 601 exciperet,
1598 548 1728 590 tertio
1750 547 1900 589 Nonas

1077 604 1335 646 Decembris
1354 605 1527 658 placide
1548 618 1603 646 ex
1620 604 1703 646 hac
1719 605 1808 646 vita
1825 604 1900 645 mi-

1076 661 1235 712 gravit,
1263 674 1376 703 anno
1400 662 1578 703 Demini
1603 661 1774 703 circiter
1800 673 1901 714 qua-

1078 717 1418 769 dringentesimo
1437 718 1806 771 quinquagesimo.
1829 717 1901 759 Sa-

1078 787 1201 815 crum
1218 774 1332 815 illius
1353 787 1514 828 corpus
1534 774 1754 816 communi
1766 775 1903 816 totius

1078 831 1266 872 civitatis
1281 831 1387 873 fletu
1402 844 1453 873 ac
1466 832 1641 884 pietate,
1658 843 1798 884 prope
1813 842 1903 872 cor-

1078 901 1161 940 pus
1181 887 1376 940 ejusdem
1395 888 1535 930 sancti
1553 887 1750 929 Cassiani
1768 887 1902 928 hono-

1079 944 1199 986 rffice
1219 943 1443 986 conditum
1463 947 1624 986 nostris
1649 944 1780 986 etiam
1796 948 1902 985 tem-

1078 1000 1260 1053 poribus
1283 1001 1485 1052 religi6se
1509 1001 1679 1043 celitur·
1704 1002 1824 1052 cujus
1842 1004 1903 1041 ta-

1079 1071 1178 1099 men
1212 1057 1455 1108 brachium,
1492 1070 1599 1099 auro
1640 1063 1684 1099 et
1722 1056 1904 1108 gemmis

1081 1117 1297 1166 ornatum,
1330 1115 1584 1156 Ravennam
1617 1114 1903 1164 delatum,m
1863 1113 1871 1121 '

1079 1170 1264 1212 Ursiana
1283 1171 1380 1213 aede
1399 1173 1644 1214 veneratur.

1132 1234 1181 1285 R.
1207 1233 1297 1274 Iste
1317 1237 1385 1274 est
1403 1233 1486 1285 qui.
1511 1232 1595 1285 [54]

1131 1294 1172 1328 In
1195 1293 1256 1327 m.
1282 1293 1391 1327 Noct.
1408 1291 1577 1326 Homilia
1604 1291 1641 1324 in
1658 1290 1802 1332 Evang.
1826 1289 1903 1326 Vos

1081 1340 1185 1376 estis.
1202 1342 1247 1375 de
1266 1340 1469 1375 Communi
1485 1340 1593 1374 Doct.
1617 1339 1643 1372 1.
1663 1339 1760 1372 loco.
1785 1339 1854 1384 [64]

1132 1402 1174 1436 In
1193 1402 1310 1436 Laud.
1330 1401 1369 1436 fit
1387 1403 1481 1436 com.
1499 1400 1579 1434 Fer.
1603 1403 1640 1433 ct
1656 1398 1691 1433 S.
1708 1398 1901 1433 Barbarae.

1133 1455 1230 1494 Ant.
1248 1452 1396 1494 Simile
1416 1457 1483 1494 est
1497 1465 1679 1504 regnum
1692 1452 1905 1495 coelorum

1080 1510 1244 1551 homini
1263 1509 1527 1561 negotiatori
1541 1510 1754 1562 quaerenti
1767 1509 1905 1552 bonas

1080 1569 1354 1618 margaritas:
1385 1567 1562 1608 inventa
1590 1580 1675 1608 una
1701 1567 1905 1620 pretiosa,

1082 1623 1205 1665 dedit
1237 1624 1383 1665 emnia
1414 1636 1510 1673 sua,
1553 1628 1596 1665 et
1634 1624 1906 1677 comparavit

1081 1692 1189 1721 eam.

1131 1732 1182 1784 V.
1223 1735 1392 1777 Diffusa
1432 1740 1499 1777 est
1533 1735 1674 1786 gratia
1702 1736 1747 1777 in
1778 1735 1905 1777 labiis

1080 1793 1177 1834 tuis.
1241 1794 1289 1845 R.
1327 1792 1568 1844 Propterea
1604 1792 1827 1835 benedixit
1862 1797 1906 1834 te

1080 1850 1201 1891 Deus
1219 1849 1263 1890 in
1282 1850 1504 1891 aeternum.

1133 1907 1295 1947 Oratio.
1326 1908 1457 1955 DeUS,
1478 1906 1552 1958 qui
1569 1906 1692 1947 inter.
1714 1906 1800 1947 371.

1134 1968 1172 2002 In
1202 1968 1313 2010 Vesp.
1339 1977 1534 2002 commem.
1560 1964 1682 1999 Feriae
1707 1968 1742 1998 et
1767 1973 1871 2006 sequ.

1282 2049 1366 2091 Die
1384 2050 1422 2090 5.
1441 2049 1709 2092 Decembris.

1082 2118 1125 2159 S.
1151 2117 1331 2159 Sabbae
1361 2115 1543 2156 Abbatis
1570 2111 1902 2155 Cornemoratio.

1133 2182 1180 2222 In
1202 2182 1338 2244 Vesp..
1369 2181 1467 2220 Ant.
1498 2179 1706 2221 Similabo
1728 2192 1827 2221 eum
1846 2179 1904 2221 vi-

1082 2248 1131 2276 ro
1155 2234 1356 2287 sapienti,
1381 2236 1455 2288 qui
1474 2235 1708 2278 aedificavit
1726 2235 1906 2278 domum

1082 2305 1205 2333 suam
1223 2305 1357 2345 supra
1375 2299 1556 2346 petram.

1134 2343 1183 2395 V.
1208 2347 1385 2391 Amavit
1409 2362 1507 2391 eum
1529 2350 1639 2399 Dns,
1666 2355 1710 2391 et
1734 2349 1906 2391 ornavit

1084 2416 1192 2445 eum.
1212 2406 1261 2457 Ru
1283 2406 1450 2447 Stolam
1467 2405 1619 2456 gloriae
1637 2406 1777 2448 induit
1796 2419 1906 2448 eum.

1416 2463 1578 2503 Oratio.

1130 2523 1369 2564 ntercessio
1406 2535 1502 2573 nos,
1539 2525 1788 2575 quaesumus
1818 2524 1905 2565 Do-

1147 2579 1273 2628 mine,
1292 2579 1409 2620 beati
1423 2579 1580 2620 Sabbae
1595 2580 1782 2622 Abbatis
1799 2593 1907 2622 com-

1082 2634 1272 2676 mendet:
1309 2641 1357 2677 ut
1394 2635 1514 2688 quod
1547 2638 1706 2678 nostris
1741 2637 1905 2679 meritis

1082 2704 1169 2732 non
1189 2691 1398 2741 valemus,
1418 2693 1508 2743 ejus
1527 2694 1771 2745 patrocinio
1791 2706 1904 2735 asse-

1085 2749 1278 2799 quamur.
1306 2750 1390 2791 Per
1407 2749 1654 2791 Deminum.
