2080 2990
239 230 284 265 2*
833 222 888 253 ὃς.
916 220 1068 263 Septem
1096 220 1357 254 Fundanorum

295 326 342 370 Χ.
388 324 447 365 Ηί
482 323 564 364 viri
598 322 916 364 misericordiae
953 327 1067 372 sunt,

242 394 428 435 quorum
469 381 658 433 pietates
701 392 789 421 non
826 379 1067 422 defuerunt.

245 438 292 488 lx‘g.
316 438 474 479 Semen
494 439 662 486 eorum,
691 440 734 478 et
756 435 896 487 gloria
915 438 1067 478 eorum

241 506 328 536 non
348 493 689 546 derelinquetur.

295 553 363 593 Ad
398 554 571 601 Magnis.
614 554 712 594 Ant.
758 554 857 596 Non
889 553 1067 596 recedet

240 612 334 653 laus
353 617 443 663 tua,
473 612 612 663 Virgo
631 610 786 661 Maria,
816 611 870 652 de
894 623 971 652 ore
990 609 1065 651 ho-

239 668 418 718 minum,
451 669 524 722 qui
550 670 768 710 memores
796 667 955 708 fuerint
982 667 1065 708 vir-

239 725 344 766 tutis
363 725 540 767 Domini
559 726 603 766 in
623 727 847 774 aeternum,
872 736 952 777 pro
974 723 1063 776 qui-

240 781 322 823 bus
341 794 428 823 non
447 782 685 835 pepercisti
705 781 860 822 animae
879 786 978 822 tuae.

574 833 736 874 Oratio.

328 895 472 937 omine
491 895 515 935 J
517 907 594 937 esu
614 894 802 944 Christe,
829 894 903 946 qui
925 893 983 935 ad
1001 906 1064 935 re-

341 951 569 993 colendam
587 952 842 993 memoriam
862 949 1065 992 dolorum

241 1008 528 1049 sanctissimae
566 1008 801 1050 Genitricis
837 1013 941 1057 tuae,
984 1019 1064 1060 per

240 1064 417 1117 Septem
435 1064 591 1107 beatos
606 1065 761 1106 Patres
782 1077 897 1106 nova
912 1064 1064 1106 Servo-

241 1134 336 1162 rum
360 1122 450 1173 ejus
475 1121 656 1163 Familia
676 1121 921 1163 Ecclesiam
944 1126 1065 1162 tuam

240 1176 516 1219 foecundasti:
535 1177 730 1220 concede
748 1178 982 1231 propitius3
1004 1177 1065 1219 ita

240 1246 320 1275 nos
348 1236 501 1275 eorum
529 1235 772 1276 consociari
797 1234 988 1284 fletibus,
1017 1239 1065 1275 ut

243 1290 516 1343 perfruamur
547 1297 590 1334 et
621 1292 805 1343 gaudiis:
839 1291 923 1342 Qui
954 1291 1065 1332 vivis

240 1352 284 1389 et
302 1360 459 1399 regnas
479 1362 578 1390 cum
595 1349 693 1391 Deo
712 1350 853 1392 Patre.

295 1411 334 1444 In
361 1411 550 1453 Quadrag.
578 1412 772 1446 commcmss
796 1412 929 1446 Furiae.

401 1483 488 1524 Ad
513 1483 901 1525 matutinum.

292 1546 460 1587 Invitat.
484 1547 643 1597 Regem
654 1545 967 1588 Confessorum
976 1545 1063 1586 Do-

239 1600 402 1642 minum
420 1606 440 1626 *
463 1603 622 1645 Venite
641 1603 886 1645 adoremus.

292 1659 356 1698 Ps.
384 1659 534 1702 Venite
555 1661 832 1703 exsultemus.

547 1722 757 1773 Hymnus.

241 1770 349 1877 Sic
398 1783 546 1830 patres
590 1779 725 1821 vitam
765 1780 980 1832 peragunt
1021 1779 1065 1820 in

547 1835 712 1886 umbra,

290 1889 401 1931 Lilia
421 1896 468 1933 ut
487 1897 659 1944 septem
676 1892 793 1934 nivei
812 1891 997 1942 decoris

291 1946 462 1998 Virgini
482 1948 668 1990 excelsae
690 1948 803 1991 bene
822 1954 963 2000 grata,
987 1949 1064 1991 Pe-

548 2010 618 2046 tro

394 2060 503 2102 Visa
520 2061 669 2104 nitere.

246 2126 426 2177 Jamque
446 2125 592 2169 divina
610 2128 808 2182 rapiente
828 2129 1013 2179 flamma,

295 2181 515 2224 Cursitant
551 2184 700 2234 urbes,
742 2184 842 2227 loca
879 2197 1067 2238 quaeque

551 2240 765 2292 oberrant,

293 2294 338 2335 Si
370 2300 533 2347 queant
565 2298 731 2339 cunctis
761 2298 915 2339 animis
945 2297 1065 2340 dolo-

396 2365 733 2459 Figerersslsatris.

247 2472 358 2514 llinc
375 2472 522 2514 valent
539 2473 627 2515 iras
646 2474 870 2517 domuisse
889 2490 1040 2527 caecas

293 2527 454 2570 Nescia
482 2534 525 2570 et
551 2530 675 2583 pacis
702 2531 795 2573 fera
822 2532 954 2574 corda
980 2535 1068 2584 jun-

295 2640 479 2691 Erigunt
510 2592 714 2693 mansistis,
754 2645 964 2687 revocant
994 2659 1067 2687 no-

552 2701 701 2741 centes

398 2753 528 2796 Dicta
545 2755 729 2807 piorum.

1126 322 1180 362 At
1199 333 1303 362 suos
1322 320 1460 372 Virgo
1481 321 1689 363 comitata
1707 334 1861 364 servos

1168 376 1326 419 Evehit
1344 375 1523 419 tandem
1548 380 1733 431 superas
1753 377 1810 420 ad
1829 391 1944 420 oras:

1167 433 1391 475 Gemmeis
1417 433 1545 476 sertis
1573 432 1754 476 decorat
1783 448 1862 488 per
1889 448 1943 477 ae-

1273 548 1413 590 Omne
1427 504 1600 590 {leffios

1123 622 1197 674 Eja
1214 635 1330 663 nunc
1347 627 1489 664 coetus
1501 622 1711 673 gemitum
1724 621 1945 676 precantis

1168 678 1379 730 Audiam,
1405 679 1539 721 duros
1559 678 1737 722 videant
1755 679 1945 722 labores:

1167 736 1351 788 Semper
1375 741 1419 778 et
1441 736 1604 778 nostris
1627 736 1803 778 faveant
1825 735 1945 778 beni-

1270 806 1600 892 Lumingnsotis.

1119 923 1181 965 Sit
1201 923 1335 965 decus
1353 924 1484 974 Patri,
1503 924 1749 976 genitaeque
1766 923 1897 974 Proli,

1168 980 1225 1021 Et
1239 980 1331 1031 tibi,
1351 994 1532 1034 compar
1546 980 1777 1033 utriusque
1791 980 1945 1022 Virtus

1168 1037 1355 1090 Spiritus
1384 1050 1574 1104 semper,
1610 1039 1733 1079 Deus
1760 1050 1872 1079 unus
1901 1049 1945 1078 o·

1271 1109 1631 1205 Tempdlssilslaevo.

1428 1209 1584 1251 Amen.

1172 1290 1408 1333 Antiphonae
1434 1295 1469 1324 ct
1488 1290 1629 1324 Psalmi
1653 1290 1766 1324 trium
1783 1290 1945 1325 Noctur-

1119 1348 1254 1371 norum
1285 1338 1330 1371 dc
1355 1338 1557 1373 Communi
1577 1338 1684 1373 Conf.
1709 1349 1786 1373 non
1804 1338 1944 1373 Pontis.

1174 1398 1214 1431 In
1248 1399 1272 1432 Ι,
1302 1399 1500 1433 Nocturno
1535 1399 1739 1435 Lectiones
1771 1400 1818 1434 de
1848 1399 1945 1435 Scri-

1118 1451 1229 1489 ptura
1256 1453 1487 1484 occurrente.

1169 1508 1210 1541 In
1238 1509 1541 1553 Quadragcsima
1567 1520 1660 1545 vero
1684 1510 1786 1545 Lect.
1811 1521 1916 1554 sequ.

1265 1593 1332 1633 De
1355 1591 1468 1633 libro
1488 1591 1799 1635 Ecclesiastici.

1220 1662 1371 1704 Lectio
1392 1663 1415 1703 i.
1678 1663 1781 1715 Cap.
1799 1663 1867 1703 44.

1124 1737 1125 1793 ἐ
1164 1729 1448 1795 fggfifimidemm
1479 1729 1598 1771 viros
1629 1728 1868 1780 glorioSOS‚
1903 1734 1947 1772 et

1164 1804 1233 1845 e)
1254 1788 1459 1839 parentes
1491 1790 1670 1828 nostros
1696 1785 1742 1827 in
1768 1798 1946 1838 genera-

1253 1843 1374 1885 tione
1406 1856 1494 1884 sua.
1546 1842 1731 1884 Multam
1762 1841 1948 1894 gloriam

1118 1899 1221 1941 fecit
1239 1899 1456 1942 Dominus
1478 1898 1903 1950 magnificentia-sua
1921 1911 1947 1941 a

1119 1956 1295 1998 saeculo.
1330 1956 1621 1998 Dominantes
1648 1956 1693 1997 in
1718 1955 1945 2008 potestati-

1118 2009 1201 2056 bus
1234 2013 1340 2062 suis,
1375 2012 1577 2055 homines
1602 2012 1749 2065 magni
1774 2013 1946 2063 virtute,

1120 2075 1164 2112 et
1182 2068 1417 2123 prudentia
1435 2082 1516 2111 sua
1533 2069 1725 2123 praediti,
1749 2069 1946 2111 nuntian-

1118 2132 1187 2169 tes
1218 2126 1262 2167 in
1289 2126 1524 2179 Prophetis
1555 2126 1814 2177 dignitatem
1840 2125 1945 2167 Pro-

1119 2184 1365 2238 phetarum,
1399 2189 1443 2226 et
1469 2183 1738 2238 imperantes
1764 2183 1810 2224 in
1835 2196 1946 2236 prae-

1120 2242 1231 2284 senti
1250 2241 1435 2295 populo,
1454 2246 1499 2283 et
1517 2241 1680 2283 virtute
1698 2239 1947 2294 prudentiae

1119 2298 1297 2353 populis
1321 2298 1598 2340 sanctissima
1615 2297 1762 2340 verba.
1798 2299 1850 2340 In
1872 2310 1946 2351 pe-

1118 2356 1218 2397 ritia
1244 2367 1323 2397 sua
1347 2355 1621 2407 requirentes
1639 2355 1798 2397 modos
1816 2354 1945 2396 musi-

1120 2425 1213 2462 008,
1242 2417 1286 2454 et
1303 2413 1532 2453 narrantes
1552 2411 1745 2453 carmina
1764 2411 1947 2463 scriptu-

1119 2471 1278 2510 rerum.

1167 2536 1215 2587 R».
1256 2534 1380 2584 Euge
1412 2545 1538 2575 serve
1571 2532 1687 2575 bone
1722 2537 1765 2574 et
1793 2531 1946 2582 fidelis,

1122 2590 1223 2643 quia
1250 2591 1294 2631 in
1321 2602 1462 2643 pauca
1489 2589 1608 2631 fuisti
1629 2588 1786 2639 fidelis,
1814 2600 1947 2641 supra

1120 2647 1258 2688 multa
1293 2651 1337 2689 te
1373 2647 1656 2688 constituam:
1683 2650 1705 2673 *
1747 2646 1868 2686 Intra
1902 2644 1947 2685 in

1121 2703 1328 2754 gaudium
1357 2702 1522 2744 domini
1549 2702 1624 2743 tui.
1670 2694 1721 2745 V.
1759 2700 1947 2742 Domine

1123 2760 1315 2812 quinque
1358 2758 1523 2800 talenta
1565 2756 1785 2800 tradidisti
1830 2755 1947 2806 mihi,
