<?xml version="1.0" encoding="UTF-8"?>
<!DOCTYPE html PUBLIC "-//W3C//DTD XHTML 1.0 Transitional//EN"
    "http://www.w3.org/TR/xhtml1/DTD/xhtml1-transitional.dtd">
<html xmlns="http://www.w3.org/1999/xhtml" xml:lang="en" lang="en">
 <head>
  <title>
</title>
<meta http-equiv="Content-Type" content="text/html;charset=utf-8" />
  <meta name='ocr-system' content='tesseract 3.04.00' />
  <meta name='ocr-capabilities' content='ocr_page ocr_carea ocr_par ocr_line ocrx_word'/>
</head>
<body>
  <div class='ocr_page' id='page_1' title='image "./p1breviariumroma00cathuoft_0468.png"; bbox 0 0 2080 2990; ppageno 0'>
   <div class='ocr_carea' id='block_1_1' title="bbox 214 189 279 224">
    <p class='ocr_par' dir='ltr' id='par_1_1' title="bbox 214 189 279 224">
     <span class='ocr_line' id='line_1_1' title="bbox 214 189 279 224; baseline 0 0"><span class='ocrx_word' id='word_1_1' title='bbox 214 189 279 224; x_wconf 83' lang='lat'>414</span> 
     </span>
    </p>
   </div>
   <div class='ocr_carea' id='block_1_2' title="bbox 214 288 1045 2746">
    <p class='ocr_par' dir='ltr' id='par_1_2' title="bbox 453 288 805 329">
     <span class='ocr_line' id='line_1_2' title="bbox 453 288 805 329; baseline 0.009 -3"><span class='ocrx_word' id='word_1_2' title='bbox 453 288 501 326; x_wconf 90' lang='lat' dir='ltr'>In</span> <span class='ocrx_word' id='word_1_3' title='bbox 529 289 557 327; x_wconf 94' lang='grc' dir='ltr'>Ι.</span> <span class='ocrx_word' id='word_1_4' title='bbox 586 290 805 329; x_wconf 80' lang='lat' dir='ltr'>Nocturno.</span> 
     </span>
    </p>

    <p class='ocr_par' dir='ltr' id='par_1_3' title="bbox 216 345 1040 499">
     <span class='ocr_line' id='line_1_3' title="bbox 275 345 1039 394; baseline -0.001 -8"><span class='ocrx_word' id='word_1_5' title='bbox 275 349 370 388; x_wconf 66' lang='lat' dir='ltr'>Ant.</span> <span class='ocrx_word' id='word_1_6' title='bbox 414 345 597 386; x_wconf 88' lang='lat' dir='ltr'>Domine</span> <span class='ocrx_word' id='word_1_7' title='bbox 629 345 843 386; x_wconf 91' lang='lat' dir='ltr'>Dominus</span> <span class='ocrx_word' id='word_1_8' title='bbox 876 349 1039 394; x_wconf 91' lang='lat' dir='ltr'>noster,</span> 
     </span>
     <span class='ocr_line' id='line_1_4' title="bbox 218 400 1040 452; baseline -0.001 -11"><span class='ocrx_word' id='word_1_9' title='bbox 218 413 349 452; x_wconf 89' lang='lat' dir='ltr'>quam</span> <span class='ocrx_word' id='word_1_10' title='bbox 372 400 627 443; x_wconf 91' lang='lat' dir='ltr'>admirabile</span> <span class='ocrx_word' id='word_1_11' title='bbox 652 406 718 443; x_wconf 89' lang='lat' dir='ltr'>est</span> <span class='ocrx_word' id='word_1_12' title='bbox 735 414 894 443; x_wconf 91' lang='lat' dir='ltr'>nomen</span> <span class='ocrx_word' id='word_1_13' title='bbox 917 406 1040 443; x_wconf 90' lang='lat' dir='ltr'>tuum</span> 
     </span>
     <span class='ocr_line' id='line_1_5' title="bbox 216 456 631 499; baseline 0.002 -3"><span class='ocrx_word' id='word_1_14' title='bbox 216 456 259 496; x_wconf 93' lang='lat' dir='ltr'>in</span> <span class='ocrx_word' id='word_1_15' title='bbox 278 456 479 498; x_wconf 86' lang='lat' dir='ltr'>universa</span> <span class='ocrx_word' id='word_1_16' title='bbox 498 457 631 499; x_wconf 91' lang='lat' dir='ltr'>terra!</span> 
     </span>
    </p>

    <p class='ocr_par' dir='ltr' id='par_1_4' title="bbox 216 519 1041 657">
     <span class='ocr_line' id='line_1_6' title="bbox 278 519 1039 557; baseline 0.008 -6"><span class='ocrx_word' id='word_1_17' title='bbox 278 519 333 552; x_wconf 63' lang='lat' dir='ltr'>l‘s.</span> <span class='ocrx_word' id='word_1_18' title='bbox 353 520 465 554; x_wconf 83' lang='lat' dir='ltr'>trium</span> <span class='ocrx_word' id='word_1_19' title='bbox 485 521 591 555; x_wconf 77' lang='lat' dir='ltr'>Noct.</span> <span class='ocrx_word' id='word_1_20' title='bbox 619 528 655 555; x_wconf 82' lang='lat' dir='ltr'>ut</span> <span class='ocrx_word' id='word_1_21' title='bbox 681 523 714 555; x_wconf 81' lang='lat' dir='ltr'>in</span> <span class='ocrx_word' id='word_1_22' title='bbox 735 523 858 556; x_wconf 63' lang='lat' dir='ltr'>Pestis</span> <span class='ocrx_word' id='word_1_23' title='bbox 880 524 915 556; x_wconf 72' lang='grc' dir='ltr'>ΒΔ</span> <span class='ocrx_word' id='word_1_24' title='bbox 936 525 979 557; x_wconf 78' lang='lat' dir='ltr'>M.</span> <span class='ocrx_word' id='word_1_25' title='bbox 1002 524 1039 557; x_wconf 63' lang='grc' dir='ltr'>Υ.</span> 
     </span>
     <span class='ocr_line' id='line_1_7' title="bbox 216 562 1041 613; baseline 0.008 -15"><span class='ocrx_word' id='word_1_26' title='bbox 216 562 306 606; x_wconf 86' lang='grc'>[136]</span> <span class='ocrx_word' id='word_1_27' title='bbox 350 567 524 602; x_wconf 65' lang='lat' dir='ltr'>I‘salmus</span> <span class='ocrx_word' id='word_1_28' title='bbox 555 570 700 612; x_wconf 67' lang='lat' dir='ltr'>primus</span> <span class='ocrx_word' id='word_1_29' title='bbox 733 571 911 613; x_wconf 78' lang='lat' dir='ltr'>incipitur</span> <span class='ocrx_word' id='word_1_30' title='bbox 940 584 958 605; x_wconf 68' lang='lat' dir='ltr'>a</span> <span class='ocrx_word' id='word_1_31' title='bbox 987 584 1041 605; x_wconf 67' lang='lat' dir='ltr'>sc-</span> 
     </span>
     <span class='ocr_line' id='line_1_8' title="bbox 221 613 985 657; baseline -0.001 -9"><span class='ocrx_word' id='word_1_32' title='bbox 221 615 346 649; x_wconf 63' lang='lat' dir='ltr'>cundo</span> <span class='ocrx_word' id='word_1_33' title='bbox 375 616 508 650; x_wconf 56' lang='lat' dir='ltr'>versu:</span> <span class='ocrx_word' id='word_1_34' title='bbox 536 613 722 657; x_wconf 73' lang='lat' dir='ltr'>Quoniam</span> <span class='ocrx_word' id='word_1_35' title='bbox 746 613 895 648; x_wconf 85' lang='lat' dir='ltr'>elevata</span> <span class='ocrx_word' id='word_1_36' title='bbox 919 617 985 647; x_wconf 91' lang='lat' dir='ltr'>est.</span> 
     </span>
    </p>

    <p class='ocr_par' dir='ltr' id='par_1_5' title="bbox 215 665 1040 819">
     <span class='ocr_line' id='line_1_9' title="bbox 272 665 1040 715; baseline -0.001 -9"><span class='ocrx_word' id='word_1_37' title='bbox 272 667 367 706; x_wconf 80' lang='lat' dir='ltr'>Ant.</span> <span class='ocrx_word' id='word_1_38' title='bbox 401 667 446 705; x_wconf 92' lang='lat' dir='ltr'>ln</span> <span class='ocrx_word' id='word_1_39' title='bbox 464 665 640 707; x_wconf 93' lang='lat' dir='ltr'>nomine</span> <span class='ocrx_word' id='word_1_40' title='bbox 659 666 683 706; x_wconf 91' lang='lat' dir='ltr'><strong>J</strong></span> <span class='ocrx_word' id='word_1_41' title='bbox 687 678 762 706; x_wconf 89' lang='lat' dir='ltr'>esu</span> <span class='ocrx_word' id='word_1_42' title='bbox 781 677 909 706; x_wconf 90' lang='lat' dir='ltr'>omne</span> <span class='ocrx_word' id='word_1_43' title='bbox 927 677 1040 715; x_wconf 86' lang='lat' dir='ltr'>genu</span> 
     </span>
     <span class='ocr_line' id='line_1_10' title="bbox 215 719 1039 771; baseline 0.001 -11"><span class='ocrx_word' id='word_1_44' title='bbox 215 719 416 762; x_wconf 90' lang='lat' dir='ltr'>flectatur</span> <span class='ocrx_word' id='word_1_45' title='bbox 453 721 712 771; x_wconf 91' lang='lat' dir='ltr'>coelestium,</span> <span class='ocrx_word' id='word_1_46' title='bbox 757 721 1039 770; x_wconf 88' lang='lat' dir='ltr'>terrestrium,</span> 
     </span>
     <span class='ocr_line' id='line_1_11' title="bbox 216 776 556 819; baseline 0.006 -2"><span class='ocrx_word' id='word_1_47' title='bbox 216 781 259 818; x_wconf 92' lang='lat' dir='ltr'>et</span> <span class='ocrx_word' id='word_1_48' title='bbox 278 776 556 819; x_wconf 91' lang='lat' dir='ltr'>infernorum.</span> 
     </span>
    </p>

    <p class='ocr_par' dir='ltr' id='par_1_6' title="bbox 215 834 1039 999">
     <span class='ocr_line' id='line_1_12' title="bbox 272 834 1039 884; baseline -0.003 -7"><span class='ocrx_word' id='word_1_49' title='bbox 272 839 304 877; x_wconf 79' lang='grc' dir='ltr'>Α</span> <span class='ocrx_word' id='word_1_50' title='bbox 314 844 369 877; x_wconf 84' lang='lat' dir='ltr'>nt.</span> <span class='ocrx_word' id='word_1_51' title='bbox 401 834 675 876; x_wconf 76' lang='lat' dir='ltr'>(Ionfitemini</span> <span class='ocrx_word' id='word_1_52' title='bbox 693 834 898 884; x_wconf 79' lang='lat' dir='ltr'>Domino,</span> <span class='ocrx_word' id='word_1_53' title='bbox 919 838 962 876; x_wconf 91' lang='lat' dir='ltr'>et</span> <span class='ocrx_word' id='word_1_54' title='bbox 979 835 1039 875; x_wconf 93' lang='lat' dir='ltr'>in-</span> 
     </span>
     <span class='ocr_line' id='line_1_13' title="bbox 215 891 1039 943; baseline 0.002 -13"><span class='ocrx_word' id='word_1_55' title='bbox 215 891 371 931; x_wconf 89' lang='lat' dir='ltr'>vocate</span> <span class='ocrx_word' id='word_1_56' title='bbox 407 903 566 932; x_wconf 92' lang='lat' dir='ltr'>nomen</span> <span class='ocrx_word' id='word_1_57' title='bbox 611 892 714 943; x_wconf 91' lang='lat' dir='ltr'>ejus:</span> <span class='ocrx_word' id='word_1_58' title='bbox 756 893 1039 941; x_wconf 90' lang='lat' dir='ltr'>mementote,</span> 
     </span>
     <span class='ocr_line' id='line_1_14' title="bbox 216 946 1038 999; baseline -0.001 -11"><span class='ocrx_word' id='word_1_59' title='bbox 216 946 421 999; x_wconf 89' lang='lat' dir='ltr'>quoniam</span> <span class='ocrx_word' id='word_1_60' title='bbox 441 947 661 989; x_wconf 89' lang='lat' dir='ltr'>excelsum</span> <span class='ocrx_word' id='word_1_61' title='bbox 681 953 748 989; x_wconf 91' lang='lat' dir='ltr'>est</span> <span class='ocrx_word' id='word_1_62' title='bbox 762 960 922 989; x_wconf 91' lang='lat' dir='ltr'>nomen</span> <span class='ocrx_word' id='word_1_63' title='bbox 937 948 1038 999; x_wconf 92' lang='lat' dir='ltr'>ejus.</span> 
     </span>
    </p>

    <p class='ocr_par' dir='ltr' id='par_1_7' title="bbox 215 999 1039 1169">
     <span class='ocr_line' id='line_1_15' title="bbox 271 999 1038 1056; baseline 0.001 -13"><span class='ocrx_word' id='word_1_64' title='bbox 271 999 317 1050; x_wconf 59' lang='lat' dir='ltr'>Y.</span> <span class='ocrx_word' id='word_1_65' title='bbox 345 1003 535 1056; x_wconf 84' lang='lat' dir='ltr'>Propter</span> <span class='ocrx_word' id='word_1_66' title='bbox 559 1017 719 1046; x_wconf 92' lang='lat' dir='ltr'>nomen</span> <span class='ocrx_word' id='word_1_67' title='bbox 744 1009 868 1046; x_wconf 92' lang='lat' dir='ltr'>tuum</span> <span class='ocrx_word' id='word_1_68' title='bbox 892 1004 1038 1045; x_wconf 92' lang='lat' dir='ltr'>Domi-</span> 
     </span>
     <span class='ocr_line' id='line_1_16' title="bbox 215 1060 1039 1114; baseline 0.001 -15"><span class='ocrx_word' id='word_1_69' title='bbox 215 1071 269 1100; x_wconf 91' lang='lat' dir='ltr'>ne</span> <span class='ocrx_word' id='word_1_70' title='bbox 323 1060 634 1112; x_wconf 64' lang='lat' dir='ltr'>propitiaberis</span> <span class='ocrx_word' id='word_1_71' title='bbox 690 1062 874 1114; x_wconf 91' lang='lat' dir='ltr'>peccato</span> <span class='ocrx_word' id='word_1_72' title='bbox 929 1073 1039 1102; x_wconf 88' lang='lat' dir='ltr'>meo.</span> 
     </span>
     <span class='ocr_line' id='line_1_17' title="bbox 220 1115 718 1169; baseline 0.004 -13"><span class='ocrx_word' id='word_1_73' title='bbox 220 1118 265 1169; x_wconf 51' lang='lat' dir='ltr'>Ra</span> <span class='ocrx_word' id='word_1_74' title='bbox 292 1115 477 1157; x_wconf 91' lang='lat' dir='ltr'>Multum</span> <span class='ocrx_word' id='word_1_75' title='bbox 502 1122 569 1158; x_wconf 89' lang='lat' dir='ltr'>est</span> <span class='ocrx_word' id='word_1_76' title='bbox 593 1117 718 1158; x_wconf 90' lang='lat' dir='ltr'>enim.</span> 
     </span>
    </p>

    <p class='ocr_par' dir='ltr' id='par_1_8' title="bbox 314 1177 949 1231">
     <span class='ocr_line' id='line_1_18' title="bbox 314 1177 949 1231; baseline 0 -13"><span class='ocrx_word' id='word_1_77' title='bbox 314 1179 375 1219; x_wconf 89' lang='lat' dir='ltr'>De</span> <span class='ocrx_word' id='word_1_78' title='bbox 403 1177 589 1219; x_wconf 92' lang='lat' dir='ltr'>Actibus</span> <span class='ocrx_word' id='word_1_79' title='bbox 617 1178 949 1231; x_wconf 90' lang='lat' dir='ltr'>Apostolorum.</span> 
     </span>
    </p>

    <p class='ocr_par' dir='ltr' id='par_1_9' title="bbox 214 1239 1045 2746">
     <span class='ocr_line' id='line_1_19' title="bbox 345 1239 911 1292; baseline 0 -13"><span class='ocrx_word' id='word_1_80' title='bbox 345 1239 496 1281; x_wconf 83' lang='lat' dir='ltr'>Lectio</span> <span class='ocrx_word' id='word_1_81' title='bbox 518 1242 539 1280; x_wconf 87' lang='lat' dir='ltr'>i.</span> <span class='ocrx_word' id='word_1_82' title='bbox 754 1241 855 1292; x_wconf 83' lang='lat' dir='ltr'>Cap.</span> <span class='ocrx_word' id='word_1_83' title='bbox 876 1243 911 1280; x_wconf 76' lang='lat'>3.</span> 
     </span>
     <span class='ocr_line' id='line_1_20' title="bbox 223 1295 1040 1337; baseline 0.001 -3"><span class='ocrx_word' id='word_1_84' title='bbox 223 1297 229 1321; x_wconf 80' lang='grc' dir='ltr'>ῖ-</span> <span class='ocrx_word' id='word_1_85' title='bbox 307 1298 447 1336; x_wconf 90' lang='lat' dir='ltr'>etrus</span> <span class='ocrx_word' id='word_1_86' title='bbox 467 1300 612 1337; x_wconf 91' lang='lat' dir='ltr'>autem</span> <span class='ocrx_word' id='word_1_87' title='bbox 629 1300 672 1337; x_wconf 93' lang='lat' dir='ltr'>et</span> <span class='ocrx_word' id='word_1_88' title='bbox 686 1295 711 1336; x_wconf 90' lang='lat' dir='ltr'><strong>J</strong></span> <span class='ocrx_word' id='word_1_89' title='bbox 713 1297 877 1337; x_wconf 86' lang='lat' dir='ltr'>oannes</span> <span class='ocrx_word' id='word_1_90' title='bbox 894 1308 1040 1337; x_wconf 92' lang='lat' dir='ltr'>ascen-</span> 
     </span>
     <span class='ocr_line' id='line_1_21' title="bbox 222 1350 1041 1416; baseline 0.001 -24"><span class='ocrx_word' id='word_1_91' title='bbox 222 1367 229 1403; x_wconf 51' lang='grc' dir='ltr'><em>ῃ</em></span> <span class='ocrx_word' id='word_1_92' title='bbox 257 1375 319 1416; x_wconf 47' lang='lat'>4(</span> <span class='ocrx_word' id='word_1_93' title='bbox 345 1350 507 1392; x_wconf 91' lang='lat' dir='ltr'>debant</span> <span class='ocrx_word' id='word_1_94' title='bbox 526 1352 570 1392; x_wconf 93' lang='lat' dir='ltr'>in</span> <span class='ocrx_word' id='word_1_95' title='bbox 587 1351 801 1404; x_wconf 81' lang='lat' dir='ltr'>templum</span> <span class='ocrx_word' id='word_1_96' title='bbox 817 1352 873 1393; x_wconf 91' lang='lat' dir='ltr'>ad</span> <span class='ocrx_word' id='word_1_97' title='bbox 887 1352 1041 1393; x_wconf 94' lang='lat' dir='ltr'>horam</span> 
     </span>
     <span class='ocr_line' id='line_1_22' title="bbox 235 1383 1042 1461; baseline 0.004 -14"><span class='ocrx_word' id='word_1_98' title='bbox 235 1383 323 1429; x_wconf 48' lang='lat'>÷=²²¹</span> <span class='ocrx_word' id='word_1_99' title='bbox 345 1408 555 1449; x_wconf 92' lang='lat' dir='ltr'>orationis</span> <span class='ocrx_word' id='word_1_100' title='bbox 578 1421 749 1449; x_wconf 89' lang='lat' dir='ltr'>nonam.</span> <span class='ocrx_word' id='word_1_101' title='bbox 782 1409 839 1450; x_wconf 91' lang='lat' dir='ltr'>Et</span> <span class='ocrx_word' id='word_1_102' title='bbox 864 1408 1042 1461; x_wconf 89' lang='lat' dir='ltr'>quidam</span> 
     </span>
     <span class='ocr_line' id='line_1_23' title="bbox 214 1463 1040 1515; baseline 0.004 -12"><span class='ocrx_word' id='word_1_103' title='bbox 214 1463 295 1513; x_wconf 92' lang='lat' dir='ltr'>vir,</span> <span class='ocrx_word' id='word_1_104' title='bbox 322 1463 395 1515; x_wconf 91' lang='lat' dir='ltr'>qui</span> <span class='ocrx_word' id='word_1_105' title='bbox 416 1468 508 1505; x_wconf 92' lang='lat' dir='ltr'>erat</span> <span class='ocrx_word' id='word_1_106' title='bbox 529 1464 711 1506; x_wconf 91' lang='lat' dir='ltr'>claudus</span> <span class='ocrx_word' id='word_1_107' title='bbox 732 1478 786 1506; x_wconf 90' lang='lat' dir='ltr'>ex</span> <span class='ocrx_word' id='word_1_108' title='bbox 805 1468 933 1506; x_wconf 80' lang='lat' dir='ltr'>utero</span> <span class='ocrx_word' id='word_1_109' title='bbox 954 1478 1040 1506; x_wconf 92' lang='lat' dir='ltr'>ma-</span> 
     </span>
     <span class='ocr_line' id='line_1_24' title="bbox 214 1519 1040 1575; baseline 0.002 -14"><span class='ocrx_word' id='word_1_110' title='bbox 214 1520 292 1561; x_wconf 88' lang='lat' dir='ltr'>tris</span> <span class='ocrx_word' id='word_1_111' title='bbox 312 1532 418 1569; x_wconf 89' lang='lat' dir='ltr'>suae,</span> <span class='ocrx_word' id='word_1_112' title='bbox 443 1519 732 1571; x_wconf 87' lang='lat' dir='ltr'>bajulabatur:</span> <span class='ocrx_word' id='word_1_113' title='bbox 759 1534 888 1574; x_wconf 90' lang='lat' dir='ltr'>quem</span> <span class='ocrx_word' id='word_1_114' title='bbox 907 1524 1040 1575; x_wconf 92' lang='lat' dir='ltr'>pone-</span> 
     </span>
     <span class='ocr_line' id='line_1_25' title="bbox 214 1575 1040 1631; baseline 0.001 -14"><span class='ocrx_word' id='word_1_115' title='bbox 214 1575 321 1618; x_wconf 87' lang='lat' dir='ltr'>bant</span> <span class='ocrx_word' id='word_1_116' title='bbox 355 1575 549 1628; x_wconf 82' lang='lat' dir='ltr'>quotidie</span> <span class='ocrx_word' id='word_1_117' title='bbox 582 1577 638 1618; x_wconf 90' lang='lat' dir='ltr'>ad</span> <span class='ocrx_word' id='word_1_118' title='bbox 670 1582 846 1630; x_wconf 89' lang='lat' dir='ltr'>portam</span> <span class='ocrx_word' id='word_1_119' title='bbox 878 1578 1040 1631; x_wconf 90' lang='lat' dir='ltr'>templi,</span> 
     </span>
     <span class='ocr_line' id='line_1_26' title="bbox 217 1632 1042 1687; baseline 0.004 -14"><span class='ocrx_word' id='word_1_120' title='bbox 217 1645 314 1684; x_wconf 87' lang='lat' dir='ltr'>quae</span> <span class='ocrx_word' id='word_1_121' title='bbox 343 1632 500 1674; x_wconf 90' lang='lat' dir='ltr'>dicitur</span> <span class='ocrx_word' id='word_1_122' title='bbox 527 1633 753 1685; x_wconf 81' lang='lat' dir='ltr'>Speciosa,</span> <span class='ocrx_word' id='word_1_123' title='bbox 790 1639 839 1675; x_wconf 88' lang='lat' dir='ltr'>ut</span> <span class='ocrx_word' id='word_1_124' title='bbox 871 1636 1042 1687; x_wconf 89' lang='lat' dir='ltr'>peteret</span> 
     </span>
     <span class='ocr_line' id='line_1_27' title="bbox 216 1689 1041 1741; baseline 0.002 -11"><span class='ocrx_word' id='word_1_125' title='bbox 216 1689 540 1741; x_wconf 82' lang='lat' dir='ltr'>eleemosynam</span> <span class='ocrx_word' id='word_1_126' title='bbox 565 1689 620 1731; x_wconf 91' lang='lat' dir='ltr'>ab</span> <span class='ocrx_word' id='word_1_127' title='bbox 648 1691 971 1732; x_wconf 79' lang='lat' dir='ltr'>introeuntibus</span> <span class='ocrx_word' id='word_1_128' title='bbox 998 1692 1041 1731; x_wconf 94' lang='lat' dir='ltr'>in</span> 
     </span>
     <span class='ocr_line' id='line_1_28' title="bbox 215 1745 1041 1797; baseline 0.004 -11"><span class='ocrx_word' id='word_1_129' title='bbox 215 1745 436 1797; x_wconf 90' lang='lat' dir='ltr'>templum.</span> <span class='ocrx_word' id='word_1_130' title='bbox 469 1746 514 1787; x_wconf 92' lang='lat' dir='ltr'>Is</span> <span class='ocrx_word' id='word_1_131' title='bbox 534 1759 633 1788; x_wconf 92' lang='lat' dir='ltr'>cum</span> <span class='ocrx_word' id='word_1_132' title='bbox 651 1747 833 1789; x_wconf 89' lang='lat' dir='ltr'>vidisset</span> <span class='ocrx_word' id='word_1_133' title='bbox 851 1748 1041 1796; x_wconf 89' lang='lat' dir='ltr'>Petrum,</span> 
     </span>
     <span class='ocr_line' id='line_1_29' title="bbox 217 1802 1042 1856; baseline 0.002 -14"><span class='ocrx_word' id='word_1_134' title='bbox 217 1806 260 1843; x_wconf 89' lang='lat' dir='ltr'>et</span> <span class='ocrx_word' id='word_1_135' title='bbox 300 1802 325 1843; x_wconf 86' lang='lat' dir='ltr'>J</span> <span class='ocrx_word' id='word_1_136' title='bbox 328 1804 514 1844; x_wconf 88' lang='lat' dir='ltr'>oannem</span> <span class='ocrx_word' id='word_1_137' title='bbox 560 1804 818 1856; x_wconf 75' lang='lat' dir='ltr'>incipientes</span> <span class='ocrx_word' id='word_1_138' title='bbox 862 1804 1042 1845; x_wconf 91' lang='lat' dir='ltr'>introire</span> 
     </span>
     <span class='ocr_line' id='line_1_30' title="bbox 216 1858 1042 1912; baseline 0.004 -13"><span class='ocrx_word' id='word_1_139' title='bbox 216 1858 260 1899; x_wconf 91' lang='lat' dir='ltr'>in</span> <span class='ocrx_word' id='word_1_140' title='bbox 278 1859 507 1911; x_wconf 91' lang='lat' dir='ltr'>templum,</span> <span class='ocrx_word' id='word_1_141' title='bbox 532 1860 719 1912; x_wconf 88' lang='lat' dir='ltr'>rogabat</span> <span class='ocrx_word' id='word_1_142' title='bbox 738 1865 786 1902; x_wconf 93' lang='lat' dir='ltr'>ut</span> <span class='ocrx_word' id='word_1_143' title='bbox 807 1860 1042 1912; x_wconf 89' lang='lat' dir='ltr'>eleemosy-</span> 
     </span>
     <span class='ocr_line' id='line_1_31' title="bbox 216 1917 1043 1968; baseline 0.004 -13"><span class='ocrx_word' id='word_1_144' title='bbox 216 1927 317 1955; x_wconf 91' lang='lat' dir='ltr'>nam</span> <span class='ocrx_word' id='word_1_145' title='bbox 342 1918 572 1968; x_wconf 88' lang='lat' dir='ltr'>acciperet.</span> <span class='ocrx_word' id='word_1_146' title='bbox 611 1917 792 1958; x_wconf 92' lang='lat' dir='ltr'>Intuens</span> <span class='ocrx_word' id='word_1_147' title='bbox 825 1921 970 1958; x_wconf 88' lang='lat' dir='ltr'>autem</span> <span class='ocrx_word' id='word_1_148' title='bbox 1000 1917 1043 1957; x_wconf 91' lang='lat' dir='ltr'>in</span> 
     </span>
     <span class='ocr_line' id='line_1_32' title="bbox 218 1972 1042 2023; baseline 0.002 -11"><span class='ocrx_word' id='word_1_149' title='bbox 218 1984 318 2012; x_wconf 92' lang='lat' dir='ltr'>eum</span> <span class='ocrx_word' id='word_1_150' title='bbox 331 1972 487 2013; x_wconf 91' lang='lat' dir='ltr'>Petrus</span> <span class='ocrx_word' id='word_1_151' title='bbox 507 1985 606 2013; x_wconf 91' lang='lat' dir='ltr'>cum</span> <span class='ocrx_word' id='word_1_152' title='bbox 619 1973 644 2014; x_wconf 91' lang='lat' dir='ltr'><strong>J</strong></span> <span class='ocrx_word' id='word_1_153' title='bbox 647 1975 798 2023; x_wconf 92' lang='lat' dir='ltr'>oanne,</span> <span class='ocrx_word' id='word_1_154' title='bbox 819 1973 941 2015; x_wconf 84' lang='lat' dir='ltr'>dixit:</span> <span class='ocrx_word' id='word_1_155' title='bbox 960 1973 1042 2014; x_wconf 90' lang='lat' dir='ltr'>Re-</span> 
     </span>
     <span class='ocr_line' id='line_1_33' title="bbox 219 2027 1044 2079; baseline 0.002 -11"><span class='ocrx_word' id='word_1_156' title='bbox 219 2027 338 2079; x_wconf 87' lang='lat' dir='ltr'>spice</span> <span class='ocrx_word' id='word_1_157' title='bbox 357 2028 401 2068; x_wconf 91' lang='lat' dir='ltr'>in</span> <span class='ocrx_word' id='word_1_158' title='bbox 420 2041 512 2069; x_wconf 92' lang='lat' dir='ltr'>nos.</span> <span class='ocrx_word' id='word_1_159' title='bbox 546 2029 607 2070; x_wconf 93' lang='lat' dir='ltr'>At</span> <span class='ocrx_word' id='word_1_160' title='bbox 631 2029 703 2071; x_wconf 91' lang='lat' dir='ltr'>ille</span> <span class='ocrx_word' id='word_1_161' title='bbox 726 2029 982 2072; x_wconf 77' lang='lat' dir='ltr'>intendebat</span> <span class='ocrx_word' id='word_1_162' title='bbox 1001 2030 1044 2070; x_wconf 90' lang='lat' dir='ltr'>in</span> 
     </span>
     <span class='ocr_line' id='line_1_34' title="bbox 219 2086 1043 2139; baseline 0.005 -15"><span class='ocrx_word' id='word_1_163' title='bbox 219 2096 314 2133; x_wconf 85' lang='lat' dir='ltr'>eos,</span> <span class='ocrx_word' id='word_1_164' title='bbox 348 2097 529 2136; x_wconf 91' lang='lat' dir='ltr'>sperans</span> <span class='ocrx_word' id='word_1_165' title='bbox 562 2098 609 2127; x_wconf 93' lang='lat' dir='ltr'>se</span> <span class='ocrx_word' id='word_1_166' title='bbox 645 2086 811 2138; x_wconf 91' lang='lat' dir='ltr'>aliquid</span> <span class='ocrx_word' id='word_1_167' title='bbox 843 2089 1043 2139; x_wconf 84' lang='lat' dir='ltr'>acceptu-</span> 
     </span>
     <span class='ocr_line' id='line_1_35' title="bbox 219 2140 1045 2185; baseline 0.005 -6"><span class='ocrx_word' id='word_1_168' title='bbox 219 2152 314 2180; x_wconf 91' lang='lat' dir='ltr'>rum</span> <span class='ocrx_word' id='word_1_169' title='bbox 347 2140 401 2181; x_wconf 92' lang='lat' dir='ltr'>ab</span> <span class='ocrx_word' id='word_1_170' title='bbox 435 2141 509 2182; x_wconf 75' lang='lat' dir='ltr'>eis·</span> <span class='ocrx_word' id='word_1_171' title='bbox 553 2142 710 2183; x_wconf 91' lang='lat' dir='ltr'>Petrus</span> <span class='ocrx_word' id='word_1_172' title='bbox 742 2148 888 2185; x_wconf 90' lang='lat' dir='ltr'>autem</span> <span class='ocrx_word' id='word_1_173' title='bbox 919 2142 1045 2184; x_wconf 88' lang='lat' dir='ltr'>dixit:</span> 
     </span>
     <span class='ocr_line' id='line_1_36' title="bbox 220 2197 1044 2247; baseline 0.002 -11"><span class='ocrx_word' id='word_1_174' title='bbox 220 2197 461 2247; x_wconf 79' lang='lat' dir='ltr'>Argentum</span> <span class='ocrx_word' id='word_1_175' title='bbox 486 2201 529 2238; x_wconf 92' lang='lat' dir='ltr'>et</span> <span class='ocrx_word' id='word_1_176' title='bbox 553 2210 706 2239; x_wconf 91' lang='lat' dir='ltr'>aurum</span> <span class='ocrx_word' id='word_1_177' title='bbox 728 2211 816 2239; x_wconf 91' lang='lat' dir='ltr'>non</span> <span class='ocrx_word' id='word_1_178' title='bbox 839 2203 906 2240; x_wconf 90' lang='lat' dir='ltr'>est</span> <span class='ocrx_word' id='word_1_179' title='bbox 924 2198 1044 2240; x_wconf 85' lang='lat' dir='ltr'>mihi:</span> 
     </span>
     <span class='ocr_line' id='line_1_37' title="bbox 222 2252 1045 2305; baseline 0.002 -12"><span class='ocrx_word' id='word_1_180' title='bbox 222 2252 341 2305; x_wconf 91' lang='lat' dir='ltr'>quod</span> <span class='ocrx_word' id='word_1_181' title='bbox 372 2258 517 2295; x_wconf 91' lang='lat' dir='ltr'>autem</span> <span class='ocrx_word' id='word_1_182' title='bbox 548 2253 708 2304; x_wconf 89' lang='lat' dir='ltr'>habeo,</span> <span class='ocrx_word' id='word_1_183' title='bbox 739 2254 825 2296; x_wconf 92' lang='lat' dir='ltr'>hoc</span> <span class='ocrx_word' id='word_1_184' title='bbox 858 2255 938 2297; x_wconf 92' lang='lat' dir='ltr'>tibi</span> <span class='ocrx_word' id='word_1_185' title='bbox 971 2255 1045 2297; x_wconf 82' lang='lat' dir='ltr'>do:</span> 
     </span>
     <span class='ocr_line' id='line_1_38' title="bbox 220 2309 1044 2353; baseline 0.004 -3"><span class='ocrx_word' id='word_1_186' title='bbox 220 2310 271 2350; x_wconf 94' lang='lat' dir='ltr'>In</span> <span class='ocrx_word' id='word_1_187' title='bbox 302 2309 475 2351; x_wconf 89' lang='lat' dir='ltr'>nomine</span> <span class='ocrx_word' id='word_1_188' title='bbox 502 2309 607 2351; x_wconf 84' lang='lat' dir='ltr'>Jesu</span> <span class='ocrx_word' id='word_1_189' title='bbox 639 2310 800 2353; x_wconf 89' lang='lat' dir='ltr'>Christi</span> <span class='ocrx_word' id='word_1_190' title='bbox 827 2312 1044 2353; x_wconf 89' lang='lat' dir='ltr'>Nazareni</span> 
     </span>
     <span class='ocr_line' id='line_1_39' title="bbox 221 2366 1044 2420; baseline 0.002 -14"><span class='ocrx_word' id='word_1_191' title='bbox 221 2378 362 2417; x_wconf 88' lang='lat' dir='ltr'>surge,</span> <span class='ocrx_word' id='word_1_192' title='bbox 390 2370 433 2407; x_wconf 89' lang='lat' dir='ltr'>et</span> <span class='ocrx_word' id='word_1_193' title='bbox 461 2366 645 2407; x_wconf 84' lang='lat' dir='ltr'>ambula.</span> <span class='ocrx_word' id='word_1_194' title='bbox 685 2367 742 2409; x_wconf 91' lang='lat' dir='ltr'>Et</span> <span class='ocrx_word' id='word_1_195' title='bbox 770 2368 1044 2420; x_wconf 90' lang='lat' dir='ltr'>apprehensa</span> 
     </span>
     <span class='ocr_line' id='line_1_40' title="bbox 220 2422 1043 2474; baseline 0.002 -12"><span class='ocrx_word' id='word_1_196' title='bbox 220 2434 351 2463; x_wconf 89' lang='lat' dir='ltr'>manu</span> <span class='ocrx_word' id='word_1_197' title='bbox 371 2423 460 2474; x_wconf 90' lang='lat' dir='ltr'>ejus</span> <span class='ocrx_word' id='word_1_198' title='bbox 481 2422 678 2472; x_wconf 87' lang='lat' dir='ltr'>dextera,</span> <span class='ocrx_word' id='word_1_199' title='bbox 706 2424 910 2466; x_wconf 79' lang='lat' dir='ltr'>allevavit</span> <span class='ocrx_word' id='word_1_200' title='bbox 935 2437 1043 2474; x_wconf 91' lang='lat' dir='ltr'>eum,</span> 
     </span>
     <span class='ocr_line' id='line_1_41' title="bbox 222 2478 1044 2531; baseline 0.004 -12"><span class='ocrx_word' id='word_1_201' title='bbox 222 2482 265 2519; x_wconf 90' lang='lat' dir='ltr'>et</span> <span class='ocrx_word' id='word_1_202' title='bbox 283 2479 484 2531; x_wconf 89' lang='lat' dir='ltr'>protinus</span> <span class='ocrx_word' id='word_1_203' title='bbox 501 2478 786 2521; x_wconf 80' lang='lat' dir='ltr'>consolidatae</span> <span class='ocrx_word' id='word_1_204' title='bbox 802 2485 901 2522; x_wconf 92' lang='lat' dir='ltr'>sunt</span> <span class='ocrx_word' id='word_1_205' title='bbox 915 2480 1044 2523; x_wconf 92' lang='lat' dir='ltr'>bases</span> 
     </span>
     <span class='ocr_line' id='line_1_42' title="bbox 222 2535 1044 2587; baseline 0.004 -11"><span class='ocrx_word' id='word_1_206' title='bbox 222 2535 327 2587; x_wconf 81' lang='lat' dir='ltr'>ejuS,</span> <span class='ocrx_word' id='word_1_207' title='bbox 348 2540 392 2576; x_wconf 93' lang='lat' dir='ltr'>et</span> <span class='ocrx_word' id='word_1_208' title='bbox 410 2535 585 2587; x_wconf 83' lang='lat' dir='ltr'>plantae.</span> <span class='ocrx_word' id='word_1_209' title='bbox 613 2535 670 2577; x_wconf 90' lang='lat' dir='ltr'>Et</span> <span class='ocrx_word' id='word_1_210' title='bbox 689 2536 892 2578; x_wconf 79' lang='lat' dir='ltr'>exsiliens</span> <span class='ocrx_word' id='word_1_211' title='bbox 912 2538 1044 2587; x_wconf 89' lang='lat' dir='ltr'>stetit,</span> 
     </span>
     <span class='ocr_line' id='line_1_43' title="bbox 222 2590 1044 2635; baseline 0.002 -2"><span class='ocrx_word' id='word_1_212' title='bbox 222 2596 266 2633; x_wconf 91' lang='lat' dir='ltr'>et</span> <span class='ocrx_word' id='word_1_213' title='bbox 284 2590 548 2633; x_wconf 77' lang='lat' dir='ltr'>ambulabat:</span> <span class='ocrx_word' id='word_1_214' title='bbox 574 2596 618 2633; x_wconf 92' lang='lat' dir='ltr'>et</span> <span class='ocrx_word' id='word_1_215' title='bbox 642 2592 818 2635; x_wconf 91' lang='lat' dir='ltr'>intravit</span> <span class='ocrx_word' id='word_1_216' title='bbox 843 2606 941 2635; x_wconf 91' lang='lat' dir='ltr'>cum</span> <span class='ocrx_word' id='word_1_217' title='bbox 960 2593 1044 2635; x_wconf 89' lang='lat' dir='ltr'>illis</span> 
     </span>
     <span class='ocr_line' id='line_1_44' title="bbox 221 2647 1044 2700; baseline 0.004 -12"><span class='ocrx_word' id='word_1_218' title='bbox 221 2648 265 2688; x_wconf 91' lang='lat' dir='ltr'>in</span> <span class='ocrx_word' id='word_1_219' title='bbox 284 2647 495 2700; x_wconf 88' lang='lat' dir='ltr'>templum</span> <span class='ocrx_word' id='word_1_220' title='bbox 514 2647 750 2700; x_wconf 85' lang='lat' dir='ltr'>ambulans,</span> <span class='ocrx_word' id='word_1_221' title='bbox 771 2655 814 2691; x_wconf 92' lang='lat' dir='ltr'>et</span> <span class='ocrx_word' id='word_1_222' title='bbox 832 2649 1044 2700; x_wconf 85' lang='lat' dir='ltr'>exsiliens,</span> 
     </span>
     <span class='ocr_line' id='line_1_45' title="bbox 223 2703 637 2746; baseline 0 -1"><span class='ocrx_word' id='word_1_223' title='bbox 223 2709 266 2745; x_wconf 93' lang='lat' dir='ltr'>et</span> <span class='ocrx_word' id='word_1_224' title='bbox 283 2703 465 2745; x_wconf 92' lang='lat' dir='ltr'>laudans</span> <span class='ocrx_word' id='word_1_225' title='bbox 484 2705 637 2746; x_wconf 88' lang='lat' dir='ltr'>Deum.</span> 
     </span>
    </p>
   </div>
   <div class='ocr_carea' id='block_1_3' title="bbox 641 191 1497 235">
    <p class='ocr_par' dir='ltr' id='par_1_10' title="bbox 641 191 1497 235">
     <span class='ocr_line' id='line_1_46' title="bbox 641 191 1497 235; baseline 0.004 -12"><span class='ocrx_word' id='word_1_226' title='bbox 641 191 744 225; x_wconf 63' lang='lat' dir='ltr'>Dum.</span> <span class='ocrx_word' id='word_1_227' title='bbox 771 192 812 225; x_wconf 87' lang='lat'>11.</span> <span class='ocrx_word' id='word_1_228' title='bbox 841 199 924 235; x_wconf 66' lang='lat' dir='ltr'>post</span> <span class='ocrx_word' id='word_1_229' title='bbox 956 194 1087 235; x_wconf 74' lang='lat' dir='ltr'>Epipli.</span> <span class='ocrx_word' id='word_1_230' title='bbox 1115 196 1168 225; x_wconf 49' lang='grc' dir='ltr'>ὃς.</span> <span class='ocrx_word' id='word_1_231' title='bbox 1196 193 1370 226; x_wconf 63' lang='lat' dir='ltr'>Nominis</span> <span class='ocrx_word' id='word_1_232' title='bbox 1396 194 1497 227; x_wconf 63' lang='lat' dir='ltr'>desti.</span> 
     </span>
    </p>
   </div>
   <div class='ocr_carea' id='block_1_4' title="bbox 1091 284 1922 2760">
    <p class='ocr_par' dir='ltr' id='par_1_11' title="bbox 1092 284 1917 675">
     <span class='ocr_line' id='line_1_47' title="bbox 1153 284 1915 340; baseline 0 -12"><span class='ocrx_word' id='word_1_233' title='bbox 1153 290 1198 340; x_wconf 51' lang='lat' dir='ltr'>Ra</span> <span class='ocrx_word' id='word_1_234' title='bbox 1220 284 1335 326; x_wconf 86' lang='lat' dir='ltr'>Ecce</span> <span class='ocrx_word' id='word_1_235' title='bbox 1364 285 1603 338; x_wconf 83' lang='lat' dir='ltr'>concipies,</span> <span class='ocrx_word' id='word_1_236' title='bbox 1631 290 1675 327; x_wconf 91' lang='lat' dir='ltr'>et</span> <span class='ocrx_word' id='word_1_237' title='bbox 1697 286 1843 339; x_wconf 88' lang='lat' dir='ltr'>paries</span> <span class='ocrx_word' id='word_1_238' title='bbox 1869 287 1915 328; x_wconf 86' lang='lat' dir='ltr'>fi-</span> 
     </span>
     <span class='ocr_line' id='line_1_48' title="bbox 1092 340 1916 394; baseline 0.006 -14"><span class='ocrx_word' id='word_1_239' title='bbox 1092 340 1207 390; x_wconf 86' lang='lat' dir='ltr'>lium,</span> <span class='ocrx_word' id='word_1_240' title='bbox 1224 345 1267 381; x_wconf 91' lang='lat' dir='ltr'>et</span> <span class='ocrx_word' id='word_1_241' title='bbox 1281 341 1460 382; x_wconf 89' lang='lat' dir='ltr'>vocabis</span> <span class='ocrx_word' id='word_1_242' title='bbox 1475 354 1634 383; x_wconf 92' lang='lat' dir='ltr'>nomen</span> <span class='ocrx_word' id='word_1_243' title='bbox 1649 343 1739 394; x_wconf 86' lang='lat' dir='ltr'>ejus</span> <span class='ocrx_word' id='word_1_244' title='bbox 1752 342 1777 384; x_wconf 91' lang='lat' dir='ltr'>J</span> <span class='ocrx_word' id='word_1_245' title='bbox 1779 356 1916 385; x_wconf 90' lang='lat' dir='ltr'>esum:</span> 
     </span>
     <span class='ocr_line' id='line_1_49' title="bbox 1098 396 1915 452; baseline 0.007 -16"><span class='ocrx_word' id='word_1_246' title='bbox 1098 403 1118 425; x_wconf 80' lang='grc'><em>*</em></span> <span class='ocrx_word' id='word_1_247' title='bbox 1141 396 1244 449; x_wconf 89' lang='lat' dir='ltr'>Ipse</span> <span class='ocrx_word' id='word_1_248' title='bbox 1277 397 1391 438; x_wconf 88' lang='lat' dir='ltr'>enim</span> <span class='ocrx_word' id='word_1_249' title='bbox 1422 397 1590 439; x_wconf 87' lang='lat' dir='ltr'>salvum</span> <span class='ocrx_word' id='word_1_250' title='bbox 1621 398 1751 441; x_wconf 85' lang='lat' dir='ltr'>faciet</span> <span class='ocrx_word' id='word_1_251' title='bbox 1778 401 1915 452; x_wconf 91' lang='lat' dir='ltr'>popu-</span> 
     </span>
     <span class='ocr_line' id='line_1_50' title="bbox 1093 452 1915 506; baseline 0.005 -13"><span class='ocrx_word' id='word_1_252' title='bbox 1093 452 1182 493; x_wconf 90' lang='lat' dir='ltr'>lum</span> <span class='ocrx_word' id='word_1_253' title='bbox 1197 465 1322 494; x_wconf 91' lang='lat' dir='ltr'>suum</span> <span class='ocrx_word' id='word_1_254' title='bbox 1338 466 1363 494; x_wconf 91' lang='lat' dir='ltr'>a</span> <span class='ocrx_word' id='word_1_255' title='bbox 1377 454 1571 505; x_wconf 89' lang='lat' dir='ltr'>peccatis</span> <span class='ocrx_word' id='word_1_256' title='bbox 1586 456 1748 495; x_wconf 90' lang='lat' dir='ltr'>eorum.</span> <span class='ocrx_word' id='word_1_257' title='bbox 1771 456 1817 506; x_wconf 60' lang='lat' dir='ltr'>v,</span> <span class='ocrx_word' id='word_1_258' title='bbox 1827 456 1915 497; x_wconf 90' lang='lat' dir='ltr'>Vo-</span> 
     </span>
     <span class='ocr_line' id='line_1_51' title="bbox 1094 510 1916 565; baseline 0.005 -16"><span class='ocrx_word' id='word_1_259' title='bbox 1094 510 1239 549; x_wconf 89' lang='lat' dir='ltr'>catum</span> <span class='ocrx_word' id='word_1_260' title='bbox 1259 514 1325 551; x_wconf 90' lang='lat' dir='ltr'>est</span> <span class='ocrx_word' id='word_1_261' title='bbox 1343 522 1502 551; x_wconf 92' lang='lat' dir='ltr'>nomen</span> <span class='ocrx_word' id='word_1_262' title='bbox 1522 510 1613 562; x_wconf 86' lang='lat' dir='ltr'>ejus</span> <span class='ocrx_word' id='word_1_263' title='bbox 1632 510 1657 551; x_wconf 87' lang='lat' dir='ltr'><strong>J</strong></span> <span class='ocrx_word' id='word_1_264' title='bbox 1660 522 1775 562; x_wconf 90' lang='lat' dir='ltr'>esus,</span> <span class='ocrx_word' id='word_1_265' title='bbox 1796 512 1916 565; x_wconf 90' lang='lat' dir='ltr'>quod</span> 
     </span>
     <span class='ocr_line' id='line_1_52' title="bbox 1093 564 1917 620; baseline 0.004 -14"><span class='ocrx_word' id='word_1_266' title='bbox 1093 567 1298 607; x_wconf 89' lang='lat' dir='ltr'>vocatum</span> <span class='ocrx_word' id='word_1_267' title='bbox 1314 570 1381 607; x_wconf 90' lang='lat' dir='ltr'>est</span> <span class='ocrx_word' id='word_1_268' title='bbox 1395 564 1450 607; x_wconf 90' lang='lat' dir='ltr'>ab</span> <span class='ocrx_word' id='word_1_269' title='bbox 1465 566 1647 617; x_wconf 88' lang='lat' dir='ltr'>Angelo,</span> <span class='ocrx_word' id='word_1_270' title='bbox 1662 567 1917 620; x_wconf 78' lang='lat' dir='ltr'>priusquam</span> 
     </span>
     <span class='ocr_line' id='line_1_53' title="bbox 1092 620 1756 675; baseline 0.005 -14"><span class='ocrx_word' id='word_1_271' title='bbox 1092 620 1137 661; x_wconf 92' lang='lat' dir='ltr'>in</span> <span class='ocrx_word' id='word_1_272' title='bbox 1155 624 1281 663; x_wconf 81' lang='lat' dir='ltr'>utero</span> <span class='ocrx_word' id='word_1_273' title='bbox 1301 622 1617 674; x_wconf 77' lang='lat' dir='ltr'>conciperetur.</span> <span class='ocrx_word' id='word_1_274' title='bbox 1644 623 1756 675; x_wconf 88' lang='lat' dir='ltr'>Ipse.</span> 
     </span>
    </p>

    <p class='ocr_par' dir='ltr' id='par_1_12' title="bbox 1404 684 1610 724">
     <span class='ocr_line' id='line_1_54' title="bbox 1404 684 1610 724; baseline 0 -2"><span class='ocrx_word' id='word_1_275' title='bbox 1404 684 1553 724; x_wconf 82' lang='lat' dir='ltr'>Lectio</span> <span class='ocrx_word' id='word_1_276' title='bbox 1575 684 1610 722; x_wconf 91' lang='lat' dir='ltr'>ii.</span> 
     </span>
    </p>

    <p class='ocr_par' dir='ltr' id='par_1_13' title="bbox 1176 734 1916 788">
     <span class='ocr_line' id='line_1_55' title="bbox 1176 734 1916 788; baseline 0.004 -13"><span class='ocrx_word' id='word_1_277' title='bbox 1176 738 1194 775; x_wconf 94' lang='lat' dir='ltr'>t</span> <span class='ocrx_word' id='word_1_278' title='bbox 1217 734 1326 776; x_wconf 92' lang='lat' dir='ltr'>vidit</span> <span class='ocrx_word' id='word_1_279' title='bbox 1347 735 1486 776; x_wconf 91' lang='lat' dir='ltr'>omnis</span> <span class='ocrx_word' id='word_1_280' title='bbox 1505 735 1694 788; x_wconf 91' lang='lat' dir='ltr'>populus</span> <span class='ocrx_word' id='word_1_281' title='bbox 1714 748 1813 778; x_wconf 92' lang='lat' dir='ltr'>eum</span> <span class='ocrx_word' id='word_1_282' title='bbox 1831 748 1916 777; x_wconf 91' lang='lat' dir='ltr'>am—</span> 
     </span>
    </p>

    <p class='ocr_par' dir='ltr' id='par_1_14' title="bbox 1091 790 1922 2524">
     <span class='ocr_line' id='line_1_56' title="bbox 1183 790 1916 841; baseline 0.004 -10"><span class='ocrx_word' id='word_1_283' title='bbox 1183 790 1417 841; x_wconf 89' lang='lat' dir='ltr'>bulantem,</span> <span class='ocrx_word' id='word_1_284' title='bbox 1437 796 1480 833; x_wconf 90' lang='lat' dir='ltr'>et</span> <span class='ocrx_word' id='word_1_285' title='bbox 1499 791 1750 833; x_wconf 87' lang='lat' dir='ltr'>laudantem</span> <span class='ocrx_word' id='word_1_286' title='bbox 1764 793 1916 834; x_wconf 90' lang='lat' dir='ltr'>Deum.</span> 
     </span>
     <span class='ocr_line' id='line_1_57' title="bbox 1094 846 1917 901; baseline 0.004 -14"><span class='ocrx_word' id='word_1_287' title='bbox 1094 846 1430 898; x_wconf 87' lang='lat' dir='ltr'>Cognoscebant</span> <span class='ocrx_word' id='word_1_288' title='bbox 1459 852 1606 889; x_wconf 91' lang='lat' dir='ltr'>autem</span> <span class='ocrx_word' id='word_1_289' title='bbox 1631 847 1768 899; x_wconf 90' lang='lat' dir='ltr'>illum,</span> <span class='ocrx_word' id='word_1_290' title='bbox 1798 848 1917 901; x_wconf 92' lang='lat' dir='ltr'>quod</span> 
     </span>
     <span class='ocr_line' id='line_1_58' title="bbox 1091 902 1916 957; baseline 0.004 -14"><span class='ocrx_word' id='word_1_291' title='bbox 1091 902 1188 955; x_wconf 90' lang='lat' dir='ltr'>ipse</span> <span class='ocrx_word' id='word_1_292' title='bbox 1207 907 1317 953; x_wconf 90' lang='lat' dir='ltr'>erat,</span> <span class='ocrx_word' id='word_1_293' title='bbox 1344 904 1417 956; x_wconf 80' lang='lat' dir='ltr'>qui</span> <span class='ocrx_word' id='word_1_294' title='bbox 1437 903 1494 945; x_wconf 87' lang='lat' dir='ltr'>ad.</span> <span class='ocrx_word' id='word_1_295' title='bbox 1513 903 1835 957; x_wconf 77' lang='lat' dir='ltr'>eleemesynam</span> <span class='ocrx_word' id='word_1_296' title='bbox 1854 917 1916 947; x_wconf 87' lang='lat' dir='ltr'>se-</span> 
     </span>
     <span class='ocr_line' id='line_1_59' title="bbox 1094 959 1917 1013; baseline 0.004 -13"><span class='ocrx_word' id='word_1_297' title='bbox 1094 959 1226 1001; x_wconf 87' lang='lat' dir='ltr'>debat</span> <span class='ocrx_word' id='word_1_298' title='bbox 1252 959 1308 1001; x_wconf 90' lang='lat' dir='ltr'>ad</span> <span class='ocrx_word' id='word_1_299' title='bbox 1331 960 1588 1013; x_wconf 86' lang='lat' dir='ltr'>Speciosam</span> <span class='ocrx_word' id='word_1_300' title='bbox 1613 966 1788 1013; x_wconf 89' lang='lat' dir='ltr'>portam</span> <span class='ocrx_word' id='word_1_301' title='bbox 1811 965 1917 1003; x_wconf 90' lang='lat' dir='ltr'>tem·</span> 
     </span>
     <span class='ocr_line' id='line_1_60' title="bbox 1092 1015 1916 1069; baseline 0.004 -13"><span class='ocrx_word' id='word_1_302' title='bbox 1092 1015 1168 1068; x_wconf 90' lang='lat' dir='ltr'>pli:</span> <span class='ocrx_word' id='word_1_303' title='bbox 1198 1020 1241 1057; x_wconf 92' lang='lat' dir='ltr'>et</span> <span class='ocrx_word' id='word_1_304' title='bbox 1266 1016 1434 1069; x_wconf 91' lang='lat' dir='ltr'>impleti</span> <span class='ocrx_word' id='word_1_305' title='bbox 1459 1022 1558 1058; x_wconf 89' lang='lat' dir='ltr'>sunt</span> <span class='ocrx_word' id='word_1_306' title='bbox 1581 1019 1763 1069; x_wconf 87' lang='lat' dir='ltr'>stupore</span> <span class='ocrx_word' id='word_1_307' title='bbox 1783 1021 1827 1059; x_wconf 89' lang='lat' dir='ltr'>et</span> <span class='ocrx_word' id='word_1_308' title='bbox 1846 1019 1916 1058; x_wconf 90' lang='lat' dir='ltr'>ex-</span> 
     </span>
     <span class='ocr_line' id='line_1_61' title="bbox 1092 1072 1916 1125; baseline 0.002 -13"><span class='ocrx_word' id='word_1_309' title='bbox 1092 1072 1176 1113; x_wconf 91' lang='lat' dir='ltr'>tasi</span> <span class='ocrx_word' id='word_1_310' title='bbox 1191 1072 1234 1112; x_wconf 91' lang='lat' dir='ltr'>in</span> <span class='ocrx_word' id='word_1_311' title='bbox 1250 1085 1314 1122; x_wconf 93' lang='lat' dir='ltr'>eo,</span> <span class='ocrx_word' id='word_1_312' title='bbox 1332 1072 1450 1125; x_wconf 93' lang='lat' dir='ltr'>quod</span> <span class='ocrx_word' id='word_1_313' title='bbox 1463 1075 1706 1124; x_wconf 86' lang='lat' dir='ltr'>contigerat</span> <span class='ocrx_word' id='word_1_314' title='bbox 1716 1073 1787 1114; x_wconf 91' lang='lat' dir='ltr'>illi.</span> <span class='ocrx_word' id='word_1_315' title='bbox 1809 1073 1916 1115; x_wconf 93' lang='lat' dir='ltr'>Cum</span> 
     </span>
     <span class='ocr_line' id='line_1_62' title="bbox 1092 1129 1917 1179; baseline 0.002 -11"><span class='ocrx_word' id='word_1_316' title='bbox 1092 1129 1260 1170; x_wconf 91' lang='lat' dir='ltr'>teneret</span> <span class='ocrx_word' id='word_1_317' title='bbox 1277 1133 1424 1170; x_wconf 91' lang='lat' dir='ltr'>autem</span> <span class='ocrx_word' id='word_1_318' title='bbox 1439 1129 1619 1171; x_wconf 90' lang='lat' dir='ltr'>Petrum</span> <span class='ocrx_word' id='word_1_319' title='bbox 1635 1134 1678 1171; x_wconf 94' lang='lat' dir='ltr'>et</span> <span class='ocrx_word' id='word_1_320' title='bbox 1692 1129 1715 1170; x_wconf 89' lang='lat' dir='ltr'><strong>J</strong></span> <span class='ocrx_word' id='word_1_321' title='bbox 1719 1131 1917 1179; x_wconf 89' lang='lat' dir='ltr'>oannem,</span> 
     </span>
     <span class='ocr_line' id='line_1_63' title="bbox 1093 1184 1918 1238; baseline 0.002 -13"><span class='ocrx_word' id='word_1_322' title='bbox 1093 1185 1286 1227; x_wconf 83' lang='lat' dir='ltr'>cucurrit</span> <span class='ocrx_word' id='word_1_323' title='bbox 1309 1185 1451 1226; x_wconf 92' lang='lat' dir='ltr'>omnis</span> <span class='ocrx_word' id='word_1_324' title='bbox 1473 1184 1664 1238; x_wconf 92' lang='lat' dir='ltr'>populus</span> <span class='ocrx_word' id='word_1_325' title='bbox 1689 1185 1746 1227; x_wconf 92' lang='lat' dir='ltr'>ad</span> <span class='ocrx_word' id='word_1_326' title='bbox 1766 1198 1842 1227; x_wconf 91' lang='lat' dir='ltr'>eos</span> <span class='ocrx_word' id='word_1_327' title='bbox 1861 1185 1918 1227; x_wconf 90' lang='lat' dir='ltr'>ad</span> 
     </span>
     <span class='ocr_line' id='line_1_64' title="bbox 1092 1241 1919 1294; baseline 0.002 -13"><span class='ocrx_word' id='word_1_328' title='bbox 1092 1241 1322 1293; x_wconf 92' lang='lat' dir='ltr'>porticum,</span> <span class='ocrx_word' id='word_1_329' title='bbox 1343 1254 1442 1294; x_wconf 86' lang='lat' dir='ltr'>quae</span> <span class='ocrx_word' id='word_1_330' title='bbox 1461 1241 1707 1294; x_wconf 86' lang='lat' dir='ltr'>appellatur</span> <span class='ocrx_word' id='word_1_331' title='bbox 1726 1241 1919 1283; x_wconf 90' lang='lat' dir='ltr'>Salomo-</span> 
     </span>
     <span class='ocr_line' id='line_1_65' title="bbox 1093 1297 1919 1350; baseline 0.004 -13"><span class='ocrx_word' id='word_1_332' title='bbox 1093 1297 1177 1345; x_wconf 91' lang='lat' dir='ltr'>nis,</span> <span class='ocrx_word' id='word_1_333' title='bbox 1203 1299 1440 1350; x_wconf 89' lang='lat' dir='ltr'>stupentes.</span> <span class='ocrx_word' id='word_1_334' title='bbox 1474 1297 1643 1339; x_wconf 88' lang='lat' dir='ltr'>Videns</span> <span class='ocrx_word' id='word_1_335' title='bbox 1672 1302 1817 1340; x_wconf 91' lang='lat' dir='ltr'>autem</span> <span class='ocrx_word' id='word_1_336' title='bbox 1841 1298 1919 1340; x_wconf 90' lang='lat' dir='ltr'>Pe-</span> 
     </span>
     <span class='ocr_line' id='line_1_66' title="bbox 1093 1353 1921 1407; baseline 0.001 -13"><span class='ocrx_word' id='word_1_337' title='bbox 1093 1358 1203 1403; x_wconf 91' lang='lat' dir='ltr'>trus,</span> <span class='ocrx_word' id='word_1_338' title='bbox 1231 1353 1459 1406; x_wconf 91' lang='lat' dir='ltr'>respondit</span> <span class='ocrx_word' id='word_1_339' title='bbox 1484 1353 1541 1395; x_wconf 92' lang='lat' dir='ltr'>ad</span> <span class='ocrx_word' id='word_1_340' title='bbox 1565 1354 1794 1407; x_wconf 90' lang='lat' dir='ltr'>populum:</span> <span class='ocrx_word' id='word_1_341' title='bbox 1824 1354 1921 1396; x_wconf 89' lang='lat' dir='ltr'>Viri</span> 
     </span>
     <span class='ocr_line' id='line_1_67' title="bbox 1094 1409 1919 1462; baseline 0.001 -12"><span class='ocrx_word' id='word_1_342' title='bbox 1094 1409 1306 1451; x_wconf 80' lang='lat' dir='ltr'>Israelitae</span> <span class='ocrx_word' id='word_1_343' title='bbox 1345 1409 1450 1462; x_wconf 93' lang='lat' dir='ltr'>quid</span> <span class='ocrx_word' id='word_1_344' title='bbox 1488 1410 1706 1451; x_wconf 88' lang='lat' dir='ltr'>miramini</span> <span class='ocrx_word' id='word_1_345' title='bbox 1740 1411 1785 1451; x_wconf 88' lang='lat' dir='ltr'>in</span> <span class='ocrx_word' id='word_1_346' title='bbox 1820 1410 1919 1461; x_wconf 92' lang='lat' dir='ltr'>hoc,</span> 
     </span>
     <span class='ocr_line' id='line_1_68' title="bbox 1094 1465 1920 1520; baseline 0.004 -14"><span class='ocrx_word' id='word_1_347' title='bbox 1094 1470 1169 1507; x_wconf 91' lang='lat' dir='ltr'>aut</span> <span class='ocrx_word' id='word_1_348' title='bbox 1191 1479 1273 1507; x_wconf 93' lang='lat' dir='ltr'>nos</span> <span class='ocrx_word' id='word_1_349' title='bbox 1298 1465 1404 1518; x_wconf 88' lang='lat' dir='ltr'>quid</span> <span class='ocrx_word' id='word_1_350' title='bbox 1425 1467 1668 1517; x_wconf 89' lang='lat' dir='ltr'>intuemini,</span> <span class='ocrx_word' id='word_1_351' title='bbox 1697 1467 1822 1520; x_wconf 90' lang='lat' dir='ltr'>quasi</span> <span class='ocrx_word' id='word_1_352' title='bbox 1845 1480 1920 1509; x_wconf 91' lang='lat'>110-</span> 
     </span>
     <span class='ocr_line' id='line_1_69' title="bbox 1094 1523 1919 1576; baseline 0.002 -13"><span class='ocrx_word' id='word_1_353' title='bbox 1094 1526 1185 1563; x_wconf 89' lang='lat' dir='ltr'>stra</span> <span class='ocrx_word' id='word_1_354' title='bbox 1215 1523 1378 1565; x_wconf 83' lang='lat' dir='ltr'>virtute</span> <span class='ocrx_word' id='word_1_355' title='bbox 1412 1528 1488 1565; x_wconf 90' lang='lat' dir='ltr'>aut</span> <span class='ocrx_word' id='word_1_356' title='bbox 1517 1525 1742 1576; x_wconf 87' lang='lat' dir='ltr'>potestate</span> <span class='ocrx_word' id='word_1_357' title='bbox 1770 1523 1919 1565; x_wconf 89' lang='lat' dir='ltr'>feceri-</span> 
     </span>
     <span class='ocr_line' id='line_1_70' title="bbox 1093 1578 1920 1622; baseline 0.002 -2"><span class='ocrx_word' id='word_1_358' title='bbox 1093 1592 1189 1620; x_wconf 89' lang='lat' dir='ltr'>mus</span> <span class='ocrx_word' id='word_1_359' title='bbox 1214 1578 1330 1620; x_wconf 89' lang='lat' dir='ltr'>hunc</span> <span class='ocrx_word' id='word_1_360' title='bbox 1355 1578 1602 1621; x_wconf 88' lang='lat' dir='ltr'>ambulare?</span> <span class='ocrx_word' id='word_1_361' title='bbox 1638 1580 1760 1621; x_wconf 91' lang='lat' dir='ltr'>Deus</span> <span class='ocrx_word' id='word_1_362' title='bbox 1783 1579 1920 1622; x_wconf 90' lang='lat' dir='ltr'>Abra-</span> 
     </span>
     <span class='ocr_line' id='line_1_71' title="bbox 1093 1635 1920 1686; baseline 0.004 -11"><span class='ocrx_word' id='word_1_363' title='bbox 1093 1635 1205 1685; x_wconf 89' lang='lat' dir='ltr'>ham,</span> <span class='ocrx_word' id='word_1_364' title='bbox 1226 1640 1268 1677; x_wconf 92' lang='lat' dir='ltr'>et</span> <span class='ocrx_word' id='word_1_365' title='bbox 1284 1636 1406 1678; x_wconf 92' lang='lat' dir='ltr'>Deus</span> <span class='ocrx_word' id='word_1_366' title='bbox 1420 1637 1555 1686; x_wconf 90' lang='lat' dir='ltr'>Isaac,</span> <span class='ocrx_word' id='word_1_367' title='bbox 1575 1641 1620 1678; x_wconf 92' lang='lat' dir='ltr'>et</span> <span class='ocrx_word' id='word_1_368' title='bbox 1634 1636 1757 1678; x_wconf 91' lang='lat' dir='ltr'>Deus</span> <span class='ocrx_word' id='word_1_369' title='bbox 1771 1636 1920 1686; x_wconf 90' lang='lat' dir='ltr'>Jacob,</span> 
     </span>
     <span class='ocr_line' id='line_1_72' title="bbox 1094 1692 1919 1744; baseline 0.002 -12"><span class='ocrx_word' id='word_1_370' title='bbox 1094 1692 1214 1733; x_wconf 91' lang='lat' dir='ltr'>Deus</span> <span class='ocrx_word' id='word_1_371' title='bbox 1234 1696 1409 1744; x_wconf 90' lang='lat' dir='ltr'>patrum</span> <span class='ocrx_word' id='word_1_372' title='bbox 1433 1694 1684 1734; x_wconf 91' lang='lat' dir='ltr'>nostrorum</span> <span class='ocrx_word' id='word_1_373' title='bbox 1707 1692 1919 1743; x_wconf 85' lang='lat' dir='ltr'>glorifica-</span> 
     </span>
     <span class='ocr_line' id='line_1_73' title="bbox 1094 1748 1920 1801; baseline 0.002 -13"><span class='ocrx_word' id='word_1_374' title='bbox 1094 1748 1157 1789; x_wconf 90' lang='lat' dir='ltr'>vit</span> <span class='ocrx_word' id='word_1_375' title='bbox 1174 1748 1333 1789; x_wconf 89' lang='lat' dir='ltr'>Filium</span> <span class='ocrx_word' id='word_1_376' title='bbox 1357 1762 1483 1790; x_wconf 90' lang='lat' dir='ltr'>suum</span> <span class='ocrx_word' id='word_1_377' title='bbox 1501 1749 1526 1789; x_wconf 84' lang='lat' dir='ltr'>J</span> <span class='ocrx_word' id='word_1_378' title='bbox 1528 1761 1665 1798; x_wconf 90' lang='lat' dir='ltr'>esum,</span> <span class='ocrx_word' id='word_1_379' title='bbox 1691 1761 1822 1801; x_wconf 91' lang='lat' dir='ltr'>quem</span> <span class='ocrx_word' id='word_1_380' title='bbox 1839 1761 1920 1790; x_wconf 94' lang='lat' dir='ltr'>vos</span> 
     </span>
     <span class='ocr_line' id='line_1_74' title="bbox 1096 1804 1919 1856; baseline 0.002 -11"><span class='ocrx_word' id='word_1_381' title='bbox 1096 1804 1274 1856; x_wconf 90' lang='lat' dir='ltr'>quidem</span> <span class='ocrx_word' id='word_1_382' title='bbox 1291 1805 1550 1855; x_wconf 88' lang='lat' dir='ltr'>tradidistis,</span> <span class='ocrx_word' id='word_1_383' title='bbox 1575 1810 1620 1847; x_wconf 88' lang='lat' dir='ltr'>et</span> <span class='ocrx_word' id='word_1_384' title='bbox 1637 1806 1830 1856; x_wconf 88' lang='lat' dir='ltr'>negastis</span> <span class='ocrx_word' id='word_1_385' title='bbox 1849 1818 1919 1847; x_wconf 91' lang='lat' dir='ltr'>an-</span> 
     </span>
     <span class='ocr_line' id='line_1_75' title="bbox 1094 1861 1920 1914; baseline 0.001 -12"><span class='ocrx_word' id='word_1_386' title='bbox 1094 1866 1138 1902; x_wconf 92' lang='lat' dir='ltr'>te</span> <span class='ocrx_word' id='word_1_387' title='bbox 1165 1861 1322 1903; x_wconf 89' lang='lat' dir='ltr'>faciem</span> <span class='ocrx_word' id='word_1_388' title='bbox 1343 1862 1489 1912; x_wconf 92' lang='lat' dir='ltr'>Pilati,</span> <span class='ocrx_word' id='word_1_389' title='bbox 1516 1861 1735 1914; x_wconf 88' lang='lat' dir='ltr'>judicante</span> <span class='ocrx_word' id='word_1_390' title='bbox 1757 1862 1834 1903; x_wconf 91' lang='lat' dir='ltr'>illo</span> <span class='ocrx_word' id='word_1_391' title='bbox 1859 1861 1920 1903; x_wconf 91' lang='lat' dir='ltr'>di-</span> 
     </span>
     <span class='ocr_line' id='line_1_76' title="bbox 1095 1918 1920 1971; baseline 0.002 -13"><span class='ocrx_word' id='word_1_392' title='bbox 1095 1918 1219 1959; x_wconf 90' lang='lat' dir='ltr'>mitti.</span> <span class='ocrx_word' id='word_1_393' title='bbox 1252 1918 1347 1960; x_wconf 92' lang='lat' dir='ltr'>Vos</span> <span class='ocrx_word' id='word_1_394' title='bbox 1375 1923 1522 1960; x_wconf 90' lang='lat' dir='ltr'>autem</span> <span class='ocrx_word' id='word_1_395' title='bbox 1549 1923 1764 1969; x_wconf 90' lang='lat' dir='ltr'>sanctum,</span> <span class='ocrx_word' id='word_1_396' title='bbox 1792 1922 1836 1960; x_wconf 87' lang='lat' dir='ltr'>et</span> <span class='ocrx_word' id='word_1_397' title='bbox 1861 1919 1920 1971; x_wconf 90' lang='lat' dir='ltr'>ju-</span> 
     </span>
     <span class='ocr_line' id='line_1_77' title="bbox 1096 1975 1921 2028; baseline 0 -13"><span class='ocrx_word' id='word_1_398' title='bbox 1096 1978 1211 2016; x_wconf 90' lang='lat' dir='ltr'>stum</span> <span class='ocrx_word' id='word_1_399' title='bbox 1246 1975 1473 2026; x_wconf 81' lang='lat' dir='ltr'>negastiS,.</span> <span class='ocrx_word' id='word_1_400' title='bbox 1493 1979 1537 2017; x_wconf 89' lang='lat' dir='ltr'>et</span> <span class='ocrx_word' id='word_1_401' title='bbox 1573 1975 1744 2028; x_wconf 87' lang='lat' dir='ltr'>petistis</span> <span class='ocrx_word' id='word_1_402' title='bbox 1780 1975 1921 2016; x_wconf 91' lang='lat' dir='ltr'>virum</span> 
     </span>
     <span class='ocr_line' id='line_1_78' title="bbox 1095 2030 1920 2073; baseline 0 -1"><span class='ocrx_word' id='word_1_403' title='bbox 1095 2031 1361 2073; x_wconf 88' lang='lat' dir='ltr'>homicidam</span> <span class='ocrx_word' id='word_1_404' title='bbox 1397 2031 1554 2073; x_wconf 90' lang='lat' dir='ltr'>donari</span> <span class='ocrx_word' id='word_1_405' title='bbox 1585 2030 1731 2073; x_wconf 89' lang='lat' dir='ltr'>vobis:</span> <span class='ocrx_word' id='word_1_406' title='bbox 1775 2033 1920 2073; x_wconf 89' lang='lat' dir='ltr'>aucto-</span> 
     </span>
     <span class='ocr_line' id='line_1_79' title="bbox 1096 2087 1921 2140; baseline 0.001 -12"><span class='ocrx_word' id='word_1_407' title='bbox 1096 2100 1189 2129; x_wconf 92' lang='lat' dir='ltr'>rem</span> <span class='ocrx_word' id='word_1_408' title='bbox 1207 2100 1313 2129; x_wconf 92' lang='lat' dir='ltr'>vero</span> <span class='ocrx_word' id='word_1_409' title='bbox 1338 2088 1441 2129; x_wconf 89' lang='lat' dir='ltr'>vitae</span> <span class='ocrx_word' id='word_1_410' title='bbox 1464 2087 1762 2137; x_wconf 89' lang='lat' dir='ltr'>interfecistis,</span> <span class='ocrx_word' id='word_1_411' title='bbox 1791 2100 1921 2140; x_wconf 91' lang='lat' dir='ltr'>quem</span> 
     </span>
     <span class='ocr_line' id='line_1_80' title="bbox 1096 2144 1921 2196; baseline 0.002 -12"><span class='ocrx_word' id='word_1_412' title='bbox 1096 2144 1217 2185; x_wconf 91' lang='lat' dir='ltr'>Deus</span> <span class='ocrx_word' id='word_1_413' title='bbox 1250 2144 1476 2186; x_wconf 87' lang='lat' dir='ltr'>suscitavit</span> <span class='ocrx_word' id='word_1_414' title='bbox 1507 2157 1534 2185; x_wconf 89' lang='lat' dir='ltr'>a</span> <span class='ocrx_word' id='word_1_415' title='bbox 1564 2144 1768 2194; x_wconf 86' lang='lat' dir='ltr'>mortuis,</span> <span class='ocrx_word' id='word_1_416' title='bbox 1801 2144 1921 2196; x_wconf 84' lang='lat' dir='ltr'>cujus</span> 
     </span>
     <span class='ocr_line' id='line_1_81' title="bbox 1095 2199 1920 2243; baseline 0.002 -3"><span class='ocrx_word' id='word_1_417' title='bbox 1095 2212 1178 2241; x_wconf 91' lang='lat' dir='ltr'>nos</span> <span class='ocrx_word' id='word_1_418' title='bbox 1196 2204 1332 2243; x_wconf 85' lang='lat' dir='ltr'>testes</span> <span class='ocrx_word' id='word_1_419' title='bbox 1352 2213 1512 2242; x_wconf 88' lang='lat' dir='ltr'>sumus.</span> <span class='ocrx_word' id='word_1_420' title='bbox 1539 2200 1596 2241; x_wconf 86' lang='lat' dir='ltr'>Et</span> <span class='ocrx_word' id='word_1_421' title='bbox 1614 2200 1658 2241; x_wconf 92' lang='lat' dir='ltr'>in</span> <span class='ocrx_word' id='word_1_422' title='bbox 1678 2199 1766 2242; x_wconf 91' lang='lat' dir='ltr'>fide</span> <span class='ocrx_word' id='word_1_423' title='bbox 1784 2200 1920 2242; x_wconf 89' lang='lat' dir='ltr'>nomi-</span> 
     </span>
     <span class='ocr_line' id='line_1_82' title="bbox 1095 2256 1921 2309; baseline 0.001 -12"><span class='ocrx_word' id='word_1_424' title='bbox 1095 2256 1163 2297; x_wconf 89' lang='lat' dir='ltr'>nis</span> <span class='ocrx_word' id='word_1_425' title='bbox 1183 2256 1274 2307; x_wconf 89' lang='lat' dir='ltr'>ejus</span> <span class='ocrx_word' id='word_1_426' title='bbox 1291 2256 1418 2307; x_wconf 93' lang='lat' dir='ltr'>hunc,</span> <span class='ocrx_word' id='word_1_427' title='bbox 1437 2269 1568 2309; x_wconf 91' lang='lat' dir='ltr'>quem</span> <span class='ocrx_word' id='word_1_428' title='bbox 1587 2269 1668 2298; x_wconf 87' lang='lat' dir='ltr'>vos</span> <span class='ocrx_word' id='word_1_429' title='bbox 1687 2256 1858 2298; x_wconf 89' lang='lat' dir='ltr'>vidistis</span> <span class='ocrx_word' id='word_1_430' title='bbox 1878 2262 1921 2299; x_wconf 89' lang='lat' dir='ltr'>et</span> 
     </span>
     <span class='ocr_line' id='line_1_83' title="bbox 1096 2312 1922 2364; baseline 0.001 -10"><span class='ocrx_word' id='word_1_431' title='bbox 1096 2313 1250 2363; x_wconf 81' lang='lat' dir='ltr'>nostiS,</span> <span class='ocrx_word' id='word_1_432' title='bbox 1275 2312 1551 2354; x_wconf 91' lang='lat' dir='ltr'>confirmavit</span> <span class='ocrx_word' id='word_1_433' title='bbox 1569 2325 1729 2355; x_wconf 91' lang='lat' dir='ltr'>nomen</span> <span class='ocrx_word' id='word_1_434' title='bbox 1748 2313 1852 2364; x_wconf 90' lang='lat' dir='ltr'>ejus:</span> <span class='ocrx_word' id='word_1_435' title='bbox 1878 2318 1922 2355; x_wconf 89' lang='lat' dir='ltr'>et</span> 
     </span>
     <span class='ocr_line' id='line_1_84' title="bbox 1096 2368 1920 2422; baseline 0 -11"><span class='ocrx_word' id='word_1_436' title='bbox 1096 2368 1218 2419; x_wconf 83' lang='lat' dir='ltr'>fides,</span> <span class='ocrx_word' id='word_1_437' title='bbox 1239 2382 1337 2422; x_wconf 88' lang='lat' dir='ltr'>quae</span> <span class='ocrx_word' id='word_1_438' title='bbox 1355 2382 1435 2422; x_wconf 90' lang='lat' dir='ltr'>per</span> <span class='ocrx_word' id='word_1_439' title='bbox 1455 2382 1554 2411; x_wconf 93' lang='lat' dir='ltr'>eum</span> <span class='ocrx_word' id='word_1_440' title='bbox 1573 2373 1650 2419; x_wconf 89' lang='lat' dir='ltr'>est,</span> <span class='ocrx_word' id='word_1_441' title='bbox 1674 2368 1796 2411; x_wconf 90' lang='lat' dir='ltr'>dedit</span> <span class='ocrx_word' id='word_1_442' title='bbox 1814 2371 1920 2411; x_wconf 90' lang='lat' dir='ltr'>inte-</span> 
     </span>
     <span class='ocr_line' id='line_1_85' title="bbox 1096 2426 1922 2479; baseline 0.002 -13"><span class='ocrx_word' id='word_1_443' title='bbox 1096 2438 1217 2476; x_wconf 89' lang='lat' dir='ltr'>gram</span> <span class='ocrx_word' id='word_1_444' title='bbox 1233 2426 1464 2467; x_wconf 90' lang='lat' dir='ltr'>sanitatem</span> <span class='ocrx_word' id='word_1_445' title='bbox 1478 2426 1608 2467; x_wconf 90' lang='lat' dir='ltr'>istam</span> <span class='ocrx_word' id='word_1_446' title='bbox 1622 2426 1665 2466; x_wconf 91' lang='lat' dir='ltr'>in</span> <span class='ocrx_word' id='word_1_447' title='bbox 1680 2427 1922 2479; x_wconf 89' lang='lat' dir='ltr'>conspectu</span> 
     </span>
     <span class='ocr_line' id='line_1_86' title="bbox 1097 2482 1514 2524; baseline 0 -1"><span class='ocrx_word' id='word_1_448' title='bbox 1097 2482 1291 2523; x_wconf 87' lang='lat' dir='ltr'>omnium</span> <span class='ocrx_word' id='word_1_449' title='bbox 1310 2486 1514 2524; x_wconf 90' lang='lat' dir='ltr'>vestrum.</span> 
     </span>
    </p>

    <p class='ocr_par' dir='ltr' id='par_1_15' title="bbox 1096 2538 1922 2760">
     <span class='ocr_line' id='line_1_87' title="bbox 1147 2538 1921 2591; baseline 0 -12"><span class='ocrx_word' id='word_1_450' title='bbox 1147 2540 1197 2591; x_wconf 74' lang='lat' dir='ltr'>Rt·</span> <span class='ocrx_word' id='word_1_451' title='bbox 1216 2538 1504 2580; x_wconf 88' lang='lat' dir='ltr'>Benedictum</span> <span class='ocrx_word' id='word_1_452' title='bbox 1523 2543 1591 2580; x_wconf 91' lang='lat' dir='ltr'>est</span> <span class='ocrx_word' id='word_1_453' title='bbox 1610 2551 1770 2580; x_wconf 91' lang='lat' dir='ltr'>nomen</span> <span class='ocrx_word' id='word_1_454' title='bbox 1788 2542 1921 2587; x_wconf 91' lang='lat' dir='ltr'>tuum,</span> 
     </span>
     <span class='ocr_line' id='line_1_88' title="bbox 1096 2595 1922 2647; baseline 0 -11"><span class='ocrx_word' id='word_1_455' title='bbox 1096 2595 1218 2636; x_wconf 91' lang='lat' dir='ltr'>Deus</span> <span class='ocrx_word' id='word_1_456' title='bbox 1242 2598 1415 2647; x_wconf 87' lang='lat' dir='ltr'>patrum</span> <span class='ocrx_word' id='word_1_457' title='bbox 1438 2597 1704 2645; x_wconf 89' lang='lat' dir='ltr'>nostrorum,</span> <span class='ocrx_word' id='word_1_458' title='bbox 1730 2595 1922 2647; x_wconf 92' lang='lat' dir='ltr'>quicum</span> 
     </span>
     <span class='ocr_line' id='line_1_89' title="bbox 1097 2650 1920 2701; baseline 0 -10"><span class='ocrx_word' id='word_1_459' title='bbox 1097 2651 1232 2692; x_wconf 88' lang='lat' dir='ltr'>iratus</span> <span class='ocrx_word' id='word_1_460' title='bbox 1259 2650 1409 2701; x_wconf 83' lang='lat' dir='ltr'>fueris,</span> <span class='ocrx_word' id='word_1_461' title='bbox 1437 2651 1753 2693; x_wconf 85' lang='lat' dir='ltr'>misericordiae</span> <span class='ocrx_word' id='word_1_462' title='bbox 1780 2662 1920 2693; x_wconf 89' lang='lat' dir='ltr'>recor-</span> 
     </span>
     <span class='ocr_line' id='line_1_90' title="bbox 1098 2706 1920 2760; baseline 0 -12"><span class='ocrx_word' id='word_1_463' title='bbox 1098 2706 1287 2757; x_wconf 86' lang='lat' dir='ltr'>daberis,</span> <span class='ocrx_word' id='word_1_464' title='bbox 1310 2709 1330 2731; x_wconf 82' lang='lat'>*</span> <span class='ocrx_word' id='word_1_465' title='bbox 1362 2707 1419 2749; x_wconf 88' lang='lat' dir='ltr'>Et</span> <span class='ocrx_word' id='word_1_466' title='bbox 1446 2707 1490 2748; x_wconf 92' lang='lat' dir='ltr'>in</span> <span class='ocrx_word' id='word_1_467' title='bbox 1517 2709 1717 2760; x_wconf 91' lang='lat' dir='ltr'>tempore</span> <span class='ocrx_word' id='word_1_468' title='bbox 1745 2706 1920 2749; x_wconf 90' lang='lat' dir='ltr'>tribula-</span> 
     </span>
    </p>
   </div>
   <div class='ocr_carea' id='block_1_5' title="bbox 151 134 1981 2807">
    <p class='ocr_par' dir='ltr' id='par_1_16' title="bbox 151 134 1981 2807">
     <span class='ocr_line' id='line_1_91' title="bbox 151 134 1981 2807; baseline 0 0"><span class='ocrx_word' id='word_1_469' title='bbox 151 134 1981 2807; x_wconf 95' lang='lat' dir='ltr'> </span> 
     </span>
    </p>
   </div>
  </div>
 </body>
</html>
