<?xml version="1.0" encoding="UTF-8"?>
<!DOCTYPE html PUBLIC "-//W3C//DTD XHTML 1.0 Transitional//EN"
    "http://www.w3.org/TR/xhtml1/DTD/xhtml1-transitional.dtd">
<html xmlns="http://www.w3.org/1999/xhtml" xml:lang="en" lang="en">
 <head>
  <title>
</title>
<meta http-equiv="Content-Type" content="text/html;charset=utf-8" />
  <meta name='ocr-system' content='tesseract 3.04.00' />
  <meta name='ocr-capabilities' content='ocr_page ocr_carea ocr_par ocr_line ocrx_word'/>
</head>
<body>
  <div class='ocr_page' id='page_1' title='image "./p1breviariumroma00cathuoft_0463.png"; bbox 0 0 2080 2990; ppageno 0'>
   <div class='ocr_carea' id='block_1_1' title="bbox 708 867 1343 1013">
    <p class='ocr_par' dir='ltr' id='par_1_1' title="bbox 708 867 1343 1013">
     <span class='ocr_line' id='line_1_1' title="bbox 796 867 1260 909; baseline 0 -1"><span class='ocrx_word' id='word_1_1' title='bbox 796 867 879 908; x_wconf 91' lang='lat' dir='ltr'>Die</span> <span class='ocrx_word' id='word_1_2' title='bbox 907 868 964 908; x_wconf 88' lang='grc'>21.</span> <span class='ocrx_word' id='word_1_3' title='bbox 993 867 1260 909; x_wconf 81' lang='lat' dir='ltr'><strong>Decembris.</strong></span> 
     </span>
     <span class='ocr_line' id='line_1_2' title="bbox 708 958 1343 1013; baseline 0.003 -13"><span class='ocrx_word' id='word_1_4' title='bbox 708 958 878 1000; x_wconf 85' lang='lat' dir='ltr'><strong>Sancti</strong></span> <span class='ocrx_word' id='word_1_5' title='bbox 904 959 1106 1000; x_wconf 85' lang='lat' dir='ltr'>Thomae</span> <span class='ocrx_word' id='word_1_6' title='bbox 1128 962 1343 1013; x_wconf 33' lang='lat' dir='ltr'>Apo-stoli.</span> 
     </span>
    </p>
   </div>
   <div class='ocr_carea' id='block_1_2' title="bbox 840 1043 1217 1087">
    <p class='ocr_par' dir='ltr' id='par_1_2' title="bbox 840 1043 1217 1087">
     <span class='ocr_line' id='line_1_3' title="bbox 840 1043 1217 1087; baseline 0.005 -10"><span class='ocrx_word' id='word_1_7' title='bbox 840 1043 989 1087; x_wconf 75' lang='lat' dir='ltr'>Duplex</span> <span class='ocrx_word' id='word_1_8' title='bbox 1015 1046 1043 1078; x_wconf 76' lang='lat'>2.</span> <span class='ocrx_word' id='word_1_9' title='bbox 1071 1046 1217 1079; x_wconf 58' lang='lat' dir='ltr'>classis.</span> 
     </span>
    </p>
   </div>
   <div class='ocr_carea' id='block_1_3' title="bbox 178 1111 1003 1876">
    <p class='ocr_par' dir='ltr' id='par_1_3' title="bbox 178 1111 998 1203">
     <span class='ocr_line' id='line_1_4' title="bbox 230 1111 998 1157; baseline 0.003 -12"><span class='ocrx_word' id='word_1_10' title='bbox 230 1111 366 1146; x_wconf 77' lang='lat' dir='ltr'>Omnia</span> <span class='ocrx_word' id='word_1_11' title='bbox 388 1112 433 1145; x_wconf 84' lang='lat' dir='ltr'>dc</span> <span class='ocrx_word' id='word_1_12' title='bbox 455 1112 655 1145; x_wconf 79' lang='lat' dir='ltr'>Communi</span> <span class='ocrx_word' id='word_1_13' title='bbox 678 1114 812 1155; x_wconf 74' lang='lat' dir='ltr'>Apost.</span> <span class='ocrx_word' id='word_1_14' title='bbox 837 1111 883 1154; x_wconf 85' lang='lat'>[2]</span> <span class='ocrx_word' id='word_1_15' title='bbox 905 1125 998 1157; x_wconf 59' lang='lat' dir='ltr'>pric-</span> 
     </span>
     <span class='ocr_line' id='line_1_5' title="bbox 178 1161 466 1203; baseline -0.007 -8"><span class='ocrx_word' id='word_1_16' title='bbox 178 1166 234 1195; x_wconf 86' lang='lat' dir='ltr'>ter</span> <span class='ocrx_word' id='word_1_17' title='bbox 258 1161 466 1203; x_wconf 79' lang='lat' dir='ltr'>sequentia.</span> 
     </span>
    </p>

    <p class='ocr_par' dir='ltr' id='par_1_4' title="bbox 178 1212 1001 1295">
     <span class='ocr_line' id='line_1_6' title="bbox 228 1212 1001 1257; baseline 0.003 -11"><span class='ocrx_word' id='word_1_18' title='bbox 228 1212 291 1246; x_wconf 76' lang='lat' dir='ltr'>Ad</span> <span class='ocrx_word' id='word_1_19' title='bbox 315 1212 533 1255; x_wconf 70' lang='lat' dir='ltr'>Magnificat</span> <span class='ocrx_word' id='word_1_20' title='bbox 563 1214 598 1246; x_wconf 89' lang='lat' dir='ltr'>in</span> <span class='ocrx_word' id='word_1_21' title='bbox 629 1214 800 1256; x_wconf 79' lang='lat' dir='ltr'>utrisque</span> <span class='ocrx_word' id='word_1_22' title='bbox 826 1214 939 1257; x_wconf 58' lang='lat' dir='ltr'>X&#39;esp.</span> <span class='ocrx_word' id='word_1_23' title='bbox 965 1220 1001 1248; x_wconf 83' lang='lat' dir='ltr'>ct</span> 
     </span>
     <span class='ocr_line' id='line_1_7' title="bbox 178 1260 595 1295; baseline -0.002 0"><span class='ocrx_word' id='word_1_24' title='bbox 178 1261 227 1295; x_wconf 81' lang='lat' dir='ltr'>acl</span> <span class='ocrx_word' id='word_1_25' title='bbox 250 1260 390 1294; x_wconf 82' lang='lat' dir='ltr'>Bened.</span> <span class='ocrx_word' id='word_1_26' title='bbox 417 1261 454 1294; x_wconf 88' lang='lat' dir='ltr'>in</span> <span class='ocrx_word' id='word_1_27' title='bbox 479 1261 595 1294; x_wconf 76' lang='lat' dir='ltr'>Laud.</span> 
     </span>
    </p>

    <p class='ocr_par' dir='ltr' id='par_1_5' title="bbox 180 1310 1002 1476">
     <span class='ocr_line' id='line_1_8' title="bbox 230 1310 1002 1362; baseline -0.003 -9"><span class='ocrx_word' id='word_1_28' title='bbox 230 1314 327 1354; x_wconf 81' lang='lat' dir='ltr'>Ant.</span> <span class='ocrx_word' id='word_1_29' title='bbox 370 1313 481 1362; x_wconf 87' lang='lat' dir='ltr'>Quia</span> <span class='ocrx_word' id='word_1_30' title='bbox 517 1311 665 1353; x_wconf 88' lang='lat' dir='ltr'>vidisti</span> <span class='ocrx_word' id='word_1_31' title='bbox 699 1324 788 1360; x_wconf 89' lang='lat' dir='ltr'>me,</span> <span class='ocrx_word' id='word_1_32' title='bbox 821 1310 1002 1360; x_wconf 89' lang='lat' dir='ltr'>Thoma,</span> 
     </span>
     <span class='ocr_line' id='line_1_9' title="bbox 181 1367 1002 1419; baseline -0.004 -7"><span class='ocrx_word' id='word_1_33' title='bbox 181 1369 418 1412; x_wconf 78' lang='lat' dir='ltr'>credidisti:</span> <span class='ocrx_word' id='word_1_34' title='bbox 444 1369 561 1411; x_wconf 79' lang='lat' dir='ltr'>beati</span> <span class='ocrx_word' id='word_1_35' title='bbox 586 1369 658 1419; x_wconf 91' lang='lat' dir='ltr'>qui</span> <span class='ocrx_word' id='word_1_36' title='bbox 681 1381 768 1409; x_wconf 90' lang='lat' dir='ltr'>non</span> <span class='ocrx_word' id='word_1_37' title='bbox 792 1367 1002 1417; x_wconf 90' lang='lat' dir='ltr'>viderunt,</span> 
     </span>
     <span class='ocr_line' id='line_1_10' title="bbox 180 1425 730 1476; baseline -0.005 -8"><span class='ocrx_word' id='word_1_38' title='bbox 180 1432 223 1469; x_wconf 90' lang='lat' dir='ltr'>et</span> <span class='ocrx_word' id='word_1_39' title='bbox 243 1425 531 1474; x_wconf 88' lang='lat' dir='ltr'>crediderunt,</span> <span class='ocrx_word' id='word_1_40' title='bbox 551 1425 730 1476; x_wconf 86' lang='lat' dir='ltr'>alleluja.</span> 
     </span>
    </p>

    <p class='ocr_par' dir='ltr' id='par_1_6' title="bbox 188 1491 677 1539">
     <span class='ocr_line' id='line_1_11' title="bbox 517 1491 677 1531; baseline 0.022 -2.599"><span class='ocrx_word' id='word_1_41' title='bbox 517 1491 677 1531; x_wconf 82' lang='lat' dir='ltr'>Oratio.</span> 
     </span>
    </p>

    <p class='ocr_par' dir='ltr' id='par_1_7' title="bbox 178 1534 1003 1876">
     <span class='ocr_line' id='line_1_12' title="bbox 189 1534 1001 1598; baseline -0.006 -12"><span class='ocrx_word' id='word_1_42' title='bbox 189 1537 217 1598; x_wconf 58' lang='lat' dir='ltr'>gi}</span> <span class='ocrx_word' id='word_1_43' title='bbox 247 1546 300 1594; x_wconf 47' lang='lat' dir='ltr'>&amp;a</span> <span class='ocrx_word' id='word_1_44' title='bbox 316 1534 398 1596; x_wconf 81' lang='grc' dir='ltr'>’[ξᾶ</span> <span class='ocrx_word' id='word_1_45' title='bbox 421 1542 557 1592; x_wconf 91' lang='lat' dir='ltr'>nobis,</span> <span class='ocrx_word' id='word_1_46' title='bbox 582 1543 831 1593; x_wconf 66' lang='lat' dir='ltr'>quaesumus</span> <span class='ocrx_word' id='word_1_47' title='bbox 854 1541 1001 1582; x_wconf 91' lang='lat' dir='ltr'>Domi-</span> 
     </span>
     <span class='ocr_line' id='line_1_13' title="bbox 188 1595 1003 1658; baseline -0.006 -15"><span class='ocrx_word' id='word_1_48' title='bbox 188 1612 213 1658; x_wconf 71' lang='grc' dir='ltr'>,ῑζ</span> <span class='ocrx_word' id='word_1_49' title='bbox 257 1595 319 1655; x_wconf 34' lang='grc' dir='ltr'>...ψ’</span> <span class='ocrx_word' id='word_1_50' title='bbox 397 1612 470 1648; x_wconf 92' lang='lat' dir='ltr'>ne,</span> <span class='ocrx_word' id='word_1_51' title='bbox 519 1597 637 1639; x_wconf 74' lang='lat' dir='ltr'>beati</span> <span class='ocrx_word' id='word_1_52' title='bbox 686 1598 891 1650; x_wconf 86' lang='lat' dir='ltr'>Apostoli</span> <span class='ocrx_word' id='word_1_53' title='bbox 940 1599 1003 1639; x_wconf 91' lang='lat' dir='ltr'>tui</span> 
     </span>
     <span class='ocr_line' id='line_1_14' title="bbox 185 1652 1003 1699; baseline 0 -4"><span class='ocrx_word' id='word_1_54' title='bbox 185 1656 219 1696; x_wconf 47' lang='lat'>,32³</span> <span class='ocrx_word' id='word_1_55' title='bbox 252 1652 265 1665; x_wconf 74' lang='lat'><em>⁹</em></span> <span class='ocrx_word' id='word_1_56' title='bbox 311 1653 364 1699; x_wconf 43' lang='grc' dir='ltr'>Λὶι«ἐξ</span> <span class='ocrx_word' id='word_1_57' title='bbox 398 1655 581 1696; x_wconf 86' lang='lat' dir='ltr'>Thomae</span> <span class='ocrx_word' id='word_1_58' title='bbox 657 1654 1003 1696; x_wconf 64' lang='lat' dir='ltr'>solemnitatibus</span> 
     </span>
     <span class='ocr_line' id='line_1_15' title="bbox 178 1712 1000 1764; baseline -0.002 -10"><span class='ocrx_word' id='word_1_59' title='bbox 178 1712 373 1763; x_wconf 81' lang='lat' dir='ltr'>gloriari:</span> <span class='ocrx_word' id='word_1_60' title='bbox 399 1717 447 1753; x_wconf 90' lang='lat' dir='ltr'>ut</span> <span class='ocrx_word' id='word_1_61' title='bbox 473 1712 562 1763; x_wconf 88' lang='lat' dir='ltr'>ejus</span> <span class='ocrx_word' id='word_1_62' title='bbox 590 1724 762 1764; x_wconf 82' lang='lat' dir='ltr'>semper</span> <span class='ocrx_word' id='word_1_63' title='bbox 789 1717 831 1752; x_wconf 89' lang='lat' dir='ltr'>et</span> <span class='ocrx_word' id='word_1_64' title='bbox 856 1717 1000 1764; x_wconf 88' lang='lat' dir='ltr'>patro-</span> 
     </span>
     <span class='ocr_line' id='line_1_16' title="bbox 180 1766 1000 1817; baseline -0.001 -7"><span class='ocrx_word' id='word_1_65' title='bbox 180 1769 301 1810; x_wconf 85' lang='lat' dir='ltr'>ciniis</span> <span class='ocrx_word' id='word_1_66' title='bbox 334 1768 626 1817; x_wconf 83' lang='lat' dir='ltr'>sublevemur,</span> <span class='ocrx_word' id='word_1_67' title='bbox 662 1774 705 1809; x_wconf 88' lang='lat' dir='ltr'>et</span> <span class='ocrx_word' id='word_1_68' title='bbox 737 1766 870 1809; x_wconf 91' lang='lat' dir='ltr'>fidem</span> <span class='ocrx_word' id='word_1_69' title='bbox 903 1770 1000 1809; x_wconf 91' lang='lat' dir='ltr'>con-</span> 
     </span>
     <span class='ocr_line' id='line_1_17' title="bbox 178 1824 1000 1876; baseline -0.002 -10"><span class='ocrx_word' id='word_1_70' title='bbox 178 1838 285 1876; x_wconf 84' lang='lat' dir='ltr'>grua</span> <span class='ocrx_word' id='word_1_71' title='bbox 305 1824 538 1866; x_wconf 85' lang='lat' dir='ltr'>devotione</span> <span class='ocrx_word' id='word_1_72' title='bbox 559 1826 784 1865; x_wconf 84' lang='lat' dir='ltr'>sectemur.</span> <span class='ocrx_word' id='word_1_73' title='bbox 811 1824 894 1865; x_wconf 87' lang='lat' dir='ltr'>Per</span> <span class='ocrx_word' id='word_1_74' title='bbox 913 1825 1000 1865; x_wconf 91' lang='lat' dir='ltr'>Do-</span> 
     </span>
    </p>
   </div>
   <div class='ocr_carea' id='block_1_4' title="bbox 178 1881 575 1922">
    <p class='ocr_par' dir='ltr' id='par_1_8' title="bbox 178 1881 575 1922">
     <span class='ocr_line' id='line_1_18' title="bbox 178 1881 575 1922; baseline -0.003 0"><span class='ocrx_word' id='word_1_75' title='bbox 178 1881 342 1922; x_wconf 93' lang='lat' dir='ltr'>minum</span> <span class='ocrx_word' id='word_1_76' title='bbox 367 1886 575 1922; x_wconf 91' lang='lat' dir='ltr'>nostrum.</span> 
     </span>
    </p>
   </div>
   <div class='ocr_carea' id='block_1_5' title="bbox 230 1939 997 1976">
    <p class='ocr_par' dir='ltr' id='par_1_9' title="bbox 230 1939 997 1976">
     <span class='ocr_line' id='line_1_19' title="bbox 230 1939 997 1976; baseline -0.003 -1"><span class='ocrx_word' id='word_1_77' title='bbox 230 1941 303 1975; x_wconf 88' lang='lat' dir='ltr'>Pro</span> <span class='ocrx_word' id='word_1_78' title='bbox 350 1951 543 1976; x_wconf 83' lang='lat' dir='ltr'>commem.</span> <span class='ocrx_word' id='word_1_79' title='bbox 584 1941 794 1974; x_wconf 73' lang='lat' dir='ltr'>Adventus.</span> <span class='ocrx_word' id='word_1_80' title='bbox 842 1941 927 1973; x_wconf 82' lang='lat' dir='ltr'>Ant.</span> <span class='ocrx_word' id='word_1_81' title='bbox 968 1939 997 1973; x_wconf 96' lang='lat' dir='ltr'>O</span> 
     </span>
    </p>
   </div>
   <div class='ocr_carea' id='block_1_6' title="bbox 179 1988 997 2076">
    <p class='ocr_par' dir='ltr' id='par_1_10' title="bbox 179 1988 997 2076">
     <span class='ocr_line' id='line_1_20' title="bbox 180 1988 997 2026; baseline -0.006 -1"><span class='ocrx_word' id='word_1_82' title='bbox 180 1989 313 2026; x_wconf 84' lang='lat' dir='ltr'>clavis.</span> <span class='ocrx_word' id='word_1_83' title='bbox 343 1990 415 2026; x_wconf 84' lang='lat'><strong>156.</strong></span> <span class='ocrx_word' id='word_1_84' title='bbox 457 1990 497 2023; x_wconf 71' lang='lat' dir='ltr'>Si</span> <span class='ocrx_word' id='word_1_85' title='bbox 528 1995 652 2023; x_wconf 86' lang='lat' dir='ltr'>autem</span> <span class='ocrx_word' id='word_1_86' title='bbox 682 1988 932 2022; x_wconf 69' lang='lat' dir='ltr'>transferatur</span> <span class='ocrx_word' id='word_1_87' title='bbox 962 1988 997 2020; x_wconf 87' lang='lat' dir='ltr'>in</span> 
     </span>
     <span class='ocr_line' id='line_1_21' title="bbox 179 2036 862 2076; baseline -0.001 -6"><span class='ocrx_word' id='word_1_88' title='bbox 179 2036 223 2071; x_wconf 90' lang='lat'>11.</span> <span class='ocrx_word' id='word_1_89' title='bbox 250 2037 409 2076; x_wconf 78' lang='lat' dir='ltr'>Feriam,</span> <span class='ocrx_word' id='word_1_90' title='bbox 435 2038 520 2072; x_wconf 77' lang='lat' dir='ltr'>Ant.</span> <span class='ocrx_word' id='word_1_91' title='bbox 547 2037 576 2071; x_wconf 88' lang='lat' dir='ltr'>O</span> <span class='ocrx_word' id='word_1_92' title='bbox 602 2036 747 2072; x_wconf 88' lang='lat' dir='ltr'>Oriens.</span> <span class='ocrx_word' id='word_1_93' title='bbox 773 2036 862 2070; x_wconf 85' lang='lat' dir='ltr'>ibid.</span> 
     </span>
    </p>
   </div>
   <div class='ocr_carea' id='block_1_7' title="bbox 180 2092 1000 2796">
    <p class='ocr_par' dir='ltr' id='par_1_11' title="bbox 230 2092 1000 2128">
     <span class='ocr_line' id='line_1_22' title="bbox 230 2092 1000 2128; baseline -0.001 0"><span class='ocrx_word' id='word_1_94' title='bbox 230 2094 273 2128; x_wconf 89' lang='lat' dir='ltr'>In</span> <span class='ocrx_word' id='word_1_95' title='bbox 305 2094 330 2128; x_wconf 87' lang='lat'>1.</span> <span class='ocrx_word' id='word_1_96' title='bbox 366 2094 563 2128; x_wconf 80' lang='lat' dir='ltr'>Nocturno</span> <span class='ocrx_word' id='word_1_97' title='bbox 600 2094 801 2128; x_wconf 76' lang='lat' dir='ltr'>Lectiones</span> <span class='ocrx_word' id='word_1_98' title='bbox 835 2092 898 2127; x_wconf 83' lang='lat' dir='ltr'>Sic</span> <span class='ocrx_word' id='word_1_99' title='bbox 928 2102 1000 2127; x_wconf 92' lang='lat' dir='ltr'>nos</span> 
     </span>
    </p>

    <p class='ocr_par' dir='ltr' id='par_1_12' title="bbox 180 2142 769 2320">
     <span class='ocr_line' id='line_1_23' title="bbox 180 2142 451 2186; baseline -0.007 -8"><span class='ocrx_word' id='word_1_100' title='bbox 180 2143 380 2178; x_wconf 83' lang='lat' dir='ltr'>existimet.</span> <span class='ocrx_word' id='word_1_101' title='bbox 405 2142 451 2186; x_wconf 92' lang='lat'>[7]</span> 
     </span>
     <span class='ocr_line' id='line_1_24' title="bbox 411 2216 769 2254; baseline -0.003 0"><span class='ocrx_word' id='word_1_102' title='bbox 411 2216 459 2254; x_wconf 86' lang='lat' dir='ltr'>In</span> <span class='ocrx_word' id='word_1_103' title='bbox 477 2216 527 2254; x_wconf 89' lang='lat'>11.</span> <span class='ocrx_word' id='word_1_104' title='bbox 548 2216 769 2254; x_wconf 79' lang='lat' dir='ltr'>Nocturno.</span> 
     </span>
     <span class='ocr_line' id='line_1_25' title="bbox 478 2280 703 2320; baseline -0.009 0"><span class='ocrx_word' id='word_1_105' title='bbox 478 2280 628 2320; x_wconf 83' lang='lat' dir='ltr'>Lectio</span> <span class='ocrx_word' id='word_1_106' title='bbox 651 2280 703 2319; x_wconf 83' lang='lat' dir='ltr'>iv.</span> 
     </span>
    </p>

    <p class='ocr_par' dir='ltr' id='par_1_13' title="bbox 180 2347 1000 2796">
     <span class='ocr_line' id='line_1_26' title="bbox 253 2347 999 2411; baseline -0.005 -20.316"><span class='ocrx_word' id='word_1_107' title='bbox 253 2370 284 2411; x_wconf 56' lang='lat'>{3</span> <span class='ocrx_word' id='word_1_108' title='bbox 303 2349 456 2392; x_wconf 89' lang='lat' dir='ltr'>homas</span> <span class='ocrx_word' id='word_1_109' title='bbox 481 2349 738 2402; x_wconf 89' lang='lat' dir='ltr'>Apostolus,</span> <span class='ocrx_word' id='word_1_110' title='bbox 763 2348 835 2400; x_wconf 91' lang='lat' dir='ltr'>qui</span> <span class='ocrx_word' id='word_1_111' title='bbox 860 2353 903 2389; x_wconf 88' lang='lat' dir='ltr'>et</span> <span class='ocrx_word' id='word_1_112' title='bbox 926 2347 999 2387; x_wconf 92' lang='lat' dir='ltr'>Di-</span> 
     </span>
     <span class='ocr_line' id='line_1_27' title="bbox 258 2405 998 2459; baseline -0.005 -11.368"><span class='ocrx_word' id='word_1_113' title='bbox 258 2426 295 2455; x_wconf 38' lang='lat' dir='ltr'>,ss</span> <span class='ocrx_word' id='word_1_114' title='bbox 322 2405 487 2459; x_wconf 90' lang='lat' dir='ltr'>dymus,</span> <span class='ocrx_word' id='word_1_115' title='bbox 509 2405 730 2454; x_wconf 74' lang='lat' dir='ltr'>Galila‘eus,</span> <span class='ocrx_word' id='word_1_116' title='bbox 755 2410 858 2457; x_wconf 93' lang='lat' dir='ltr'>post</span> <span class='ocrx_word' id='word_1_117' title='bbox 880 2405 998 2445; x_wconf 85' lang='lat' dir='ltr'>acce-</span> 
     </span>
     <span class='ocr_line' id='line_1_28' title="bbox 264 2460 999 2515; baseline -0.005 -11.357"><span class='ocrx_word' id='word_1_118' title='bbox 264 2463 272 2479; x_wconf 75' lang='grc'>”</span> <span class='ocrx_word' id='word_1_119' title='bbox 321 2468 445 2515; x_wconf 92' lang='lat' dir='ltr'>ptum</span> <span class='ocrx_word' id='word_1_120' title='bbox 480 2462 688 2515; x_wconf 89' lang='lat' dir='ltr'>Spiritum</span> <span class='ocrx_word' id='word_1_121' title='bbox 724 2467 919 2502; x_wconf 86' lang='lat' dir='ltr'>sanctum</span> <span class='ocrx_word' id='word_1_122' title='bbox 958 2460 999 2500; x_wconf 90' lang='lat' dir='ltr'>in</span> 
     </span>
     <span class='ocr_line' id='line_1_29' title="bbox 180 2515 1000 2571; baseline -0.002 -13"><span class='ocrx_word' id='word_1_123' title='bbox 180 2517 336 2559; x_wconf 89' lang='lat' dir='ltr'>multas</span> <span class='ocrx_word' id='word_1_124' title='bbox 354 2518 602 2571; x_wconf 87' lang='lat' dir='ltr'>provincias</span> <span class='ocrx_word' id='word_1_125' title='bbox 620 2517 842 2570; x_wconf 90' lang='lat' dir='ltr'>profectus</span> <span class='ocrx_word' id='word_1_126' title='bbox 863 2522 927 2557; x_wconf 87' lang='lat' dir='ltr'>est</span> <span class='ocrx_word' id='word_1_127' title='bbox 945 2515 1000 2557; x_wconf 86' lang='lat' dir='ltr'>ad</span> 
     </span>
     <span class='ocr_line' id='line_1_30' title="bbox 180 2572 1000 2626; baseline -0.005 -11"><span class='ocrx_word' id='word_1_128' title='bbox 180 2573 507 2626; x_wconf 69' lang='lat' dir='ltr'>praedicandum</span> <span class='ocrx_word' id='word_1_129' title='bbox 528 2574 687 2616; x_wconf 86' lang='lat' dir='ltr'>Christi</span> <span class='ocrx_word' id='word_1_130' title='bbox 705 2572 1000 2623; x_wconf 86' lang='lat' dir='ltr'>Evangelium:</span> 
     </span>
     <span class='ocr_line' id='line_1_31' title="bbox 181 2628 1000 2682; baseline -0.004 -11"><span class='ocrx_word' id='word_1_131' title='bbox 181 2630 366 2680; x_wconf 88' lang='lat' dir='ltr'>Parthis,</span> <span class='ocrx_word' id='word_1_132' title='bbox 396 2630 551 2680; x_wconf 90' lang='lat' dir='ltr'>Medis,</span> <span class='ocrx_word' id='word_1_133' title='bbox 582 2631 742 2681; x_wconf 90' lang='lat' dir='ltr'>Persis,</span> <span class='ocrx_word' id='word_1_134' title='bbox 774 2628 1000 2682; x_wconf 76' lang='lat' dir='ltr'>Hyrcanis,</span> 
     </span>
     <span class='ocr_line' id='line_1_32' title="bbox 181 2685 1000 2728; baseline -0.005 0"><span class='ocrx_word' id='word_1_135' title='bbox 181 2693 224 2728; x_wconf 89' lang='lat' dir='ltr'>et</span> <span class='ocrx_word' id='word_1_136' title='bbox 249 2687 418 2728; x_wconf 85' lang='lat' dir='ltr'>Bactris</span> <span class='ocrx_word' id='word_1_137' title='bbox 442 2686 685 2728; x_wconf 75' lang='lat' dir='ltr'>christianae</span> <span class='ocrx_word' id='word_1_138' title='bbox 708 2685 810 2727; x_wconf 87' lang='lat' dir='ltr'>fidei</span> <span class='ocrx_word' id='word_1_139' title='bbox 835 2691 877 2726; x_wconf 91' lang='lat' dir='ltr'>et</span> <span class='ocrx_word' id='word_1_140' title='bbox 900 2685 1000 2725; x_wconf 84' lang='lat' dir='ltr'>vitae</span> 
     </span>
     <span class='ocr_line' id='line_1_33' title="bbox 180 2739 1000 2796; baseline -0.004 -12"><span class='ocrx_word' id='word_1_141' title='bbox 180 2745 403 2796; x_wconf 86' lang='lat' dir='ltr'>praecepta</span> <span class='ocrx_word' id='word_1_142' title='bbox 439 2742 628 2785; x_wconf 77' lang='lat' dir='ltr'>tradidit.</span> <span class='ocrx_word' id='word_1_143' title='bbox 678 2743 907 2783; x_wconf 89' lang='lat' dir='ltr'>Postremo</span> <span class='ocrx_word' id='word_1_144' title='bbox 946 2739 1000 2781; x_wconf 85' lang='lat' dir='ltr'>ad</span> 
     </span>
    </p>
   </div>
   <div class='ocr_carea' id='block_1_8' title="bbox 176 2351 306 2493">
    <p class='ocr_par' dir='ltr' id='par_1_14' title="bbox 176 2351 306 2493">
     <span class='ocr_line' id='line_1_34' title="bbox 176 2351 306 2493; baseline 0 497"><span class='ocrx_word' id='word_1_145' title='bbox 176 2351 306 2493; x_wconf 95' lang='lat' dir='ltr'> </span> 
     </span>
    </p>
   </div>
   <div class='ocr_carea' id='block_1_9' title="bbox 332 2886 544 2911">
    <p class='ocr_par' dir='ltr' id='par_1_15' title="bbox 332 2886 544 2911">
     <span class='ocr_line' id='line_1_35' title="bbox 332 2886 544 2911; baseline 0 -1"><span class='ocrx_word' id='word_1_146' title='bbox 332 2886 396 2911; x_wconf 83' lang='lat' dir='ltr'>Pars</span> <span class='ocrx_word' id='word_1_147' title='bbox 412 2886 544 2910; x_wconf 75' lang='lat' dir='ltr'>Hiemalis.</span> 
     </span>
    </p>
   </div>
   <div class='ocr_carea' id='block_1_10' title="bbox 1052 1110 1877 2230">
    <p class='ocr_par' dir='ltr' id='par_1_16' title="bbox 1052 1110 1877 1782">
     <span class='ocr_line' id='line_1_36' title="bbox 1052 1110 1875 1160; baseline -0.001 -8"><span class='ocrx_word' id='word_1_148' title='bbox 1052 1111 1188 1153; x_wconf 90' lang='lat' dir='ltr'>Indos</span> <span class='ocrx_word' id='word_1_149' title='bbox 1225 1124 1271 1152; x_wconf 92' lang='lat' dir='ltr'>se</span> <span class='ocrx_word' id='word_1_150' title='bbox 1305 1112 1546 1160; x_wconf 86' lang='lat' dir='ltr'>conferens,</span> <span class='ocrx_word' id='word_1_151' title='bbox 1584 1124 1660 1152; x_wconf 92' lang='lat' dir='ltr'>eos</span> <span class='ocrx_word' id='word_1_152' title='bbox 1692 1111 1734 1151; x_wconf 91' lang='lat' dir='ltr'>in</span> <span class='ocrx_word' id='word_1_153' title='bbox 1768 1110 1875 1152; x_wconf 92' lang='lat' dir='ltr'>chri-</span> 
     </span>
     <span class='ocr_line' id='line_1_37' title="bbox 1054 1167 1876 1218; baseline 0.001 -10"><span class='ocrx_word' id='word_1_154' title='bbox 1054 1168 1193 1209; x_wconf 79' lang='lat' dir='ltr'>stiana</span> <span class='ocrx_word' id='word_1_155' title='bbox 1224 1167 1430 1218; x_wconf 86' lang='lat' dir='ltr'>religione</span> <span class='ocrx_word' id='word_1_156' title='bbox 1464 1167 1660 1209; x_wconf 87' lang='lat' dir='ltr'>erudivit.</span> <span class='ocrx_word' id='word_1_157' title='bbox 1706 1168 1789 1217; x_wconf 93' lang='lat' dir='ltr'>Qui</span> <span class='ocrx_word' id='word_1_158' title='bbox 1820 1167 1876 1209; x_wconf 86' lang='lat' dir='ltr'>ad</span> 
     </span>
     <span class='ocr_line' id='line_1_38' title="bbox 1055 1223 1875 1275; baseline 0 -11"><span class='ocrx_word' id='word_1_159' title='bbox 1055 1226 1313 1274; x_wconf 77' lang='lat' dir='ltr'>extremum,</span> <span class='ocrx_word' id='word_1_160' title='bbox 1332 1224 1434 1265; x_wconf 88' lang='lat' dir='ltr'>vitae</span> <span class='ocrx_word' id='word_1_161' title='bbox 1459 1223 1757 1275; x_wconf 68' lang='lat' dir='ltr'>doctrinaeque</span> <span class='ocrx_word' id='word_1_162' title='bbox 1782 1236 1875 1264; x_wconf 87' lang='lat' dir='ltr'>san-</span> 
     </span>
     <span class='ocr_line' id='line_1_39' title="bbox 1055 1280 1875 1330; baseline -0.001 -9"><span class='ocrx_word' id='word_1_163' title='bbox 1055 1281 1219 1330; x_wconf 79' lang='lat' dir='ltr'>ctitate,</span> <span class='ocrx_word' id='word_1_164' title='bbox 1266 1286 1309 1322; x_wconf 91' lang='lat' dir='ltr'>et</span> <span class='ocrx_word' id='word_1_165' title='bbox 1358 1280 1666 1322; x_wconf 71' lang='lat' dir='ltr'>miraculorum</span> <span class='ocrx_word' id='word_1_166' title='bbox 1715 1280 1875 1330; x_wconf 86' lang='lat' dir='ltr'>magni-</span> 
     </span>
     <span class='ocr_line' id='line_1_40' title="bbox 1053 1336 1877 1386; baseline -0.002 -8"><span class='ocrx_word' id='word_1_167' title='bbox 1053 1336 1222 1386; x_wconf 81' lang='lat' dir='ltr'>tudine,</span> <span class='ocrx_word' id='word_1_168' title='bbox 1260 1350 1357 1378; x_wconf 90' lang='lat' dir='ltr'>cum</span> <span class='ocrx_word' id='word_1_169' title='bbox 1390 1337 1545 1378; x_wconf 91' lang='lat' dir='ltr'>ceteris</span> <span class='ocrx_word' id='word_1_170' title='bbox 1579 1336 1778 1378; x_wconf 91' lang='lat' dir='ltr'>omnibus</span> <span class='ocrx_word' id='word_1_171' title='bbox 1811 1336 1877 1376; x_wconf 89' lang='lat' dir='ltr'>sui</span> 
     </span>
     <span class='ocr_line' id='line_1_41' title="bbox 1054 1392 1875 1443; baseline -0.001 -10"><span class='ocrx_word' id='word_1_172' title='bbox 1054 1392 1394 1443; x_wconf 82' lang='lat' dir='ltr'>admirationem,</span> <span class='ocrx_word' id='word_1_173' title='bbox 1411 1399 1453 1434; x_wconf 89' lang='lat' dir='ltr'>et</span> <span class='ocrx_word' id='word_1_174' title='bbox 1468 1394 1490 1434; x_wconf 91' lang='lat' dir='ltr'><strong>J</strong></span> <span class='ocrx_word' id='word_1_175' title='bbox 1495 1406 1571 1434; x_wconf 88' lang='lat' dir='ltr'>esu</span> <span class='ocrx_word' id='word_1_176' title='bbox 1588 1392 1746 1434; x_wconf 87' lang='lat' dir='ltr'>Christi</span> <span class='ocrx_word' id='word_1_177' title='bbox 1761 1394 1875 1433; x_wconf 85' lang='lat' dir='ltr'>amo-</span> 
     </span>
     <span class='ocr_line' id='line_1_42' title="bbox 1054 1449 1875 1500; baseline 0 -11"><span class='ocrx_word' id='word_1_178' title='bbox 1054 1462 1146 1490; x_wconf 89' lang='lat' dir='ltr'>rem</span> <span class='ocrx_word' id='word_1_179' title='bbox 1166 1452 1492 1499; x_wconf 86' lang='lat' dir='ltr'>commovisset;</span> <span class='ocrx_word' id='word_1_180' title='bbox 1516 1449 1629 1490; x_wconf 87' lang='lat' dir='ltr'>illius</span> <span class='ocrx_word' id='word_1_181' title='bbox 1654 1449 1792 1500; x_wconf 87' lang='lat' dir='ltr'>gentis</span> <span class='ocrx_word' id='word_1_182' title='bbox 1813 1461 1875 1489; x_wconf 90' lang='lat' dir='ltr'>re-</span> 
     </span>
     <span class='ocr_line' id='line_1_43' title="bbox 1054 1503 1877 1555; baseline 0 -9"><span class='ocrx_word' id='word_1_183' title='bbox 1054 1518 1162 1555; x_wconf 84' lang='lat' dir='ltr'>gem,</span> <span class='ocrx_word' id='word_1_184' title='bbox 1182 1505 1400 1547; x_wconf 89' lang='lat' dir='ltr'>idolorum</span> <span class='ocrx_word' id='word_1_185' title='bbox 1420 1505 1646 1554; x_wconf 91' lang='lat' dir='ltr'>cultorem,</span> <span class='ocrx_word' id='word_1_186' title='bbox 1665 1505 1802 1555; x_wconf 84' lang='lat' dir='ltr'>magis</span> <span class='ocrx_word' id='word_1_187' title='bbox 1822 1503 1877 1546; x_wconf 90' lang='lat' dir='ltr'>ad</span> 
     </span>
     <span class='ocr_line' id='line_1_44' title="bbox 1054 1561 1876 1614; baseline 0 -13"><span class='ocrx_word' id='word_1_188' title='bbox 1054 1562 1161 1602; x_wconf 84' lang='lat' dir='ltr'>iram</span> <span class='ocrx_word' id='word_1_189' title='bbox 1181 1561 1393 1603; x_wconf 79' lang='lat' dir='ltr'>accendit:</span> <span class='ocrx_word' id='word_1_190' title='bbox 1414 1563 1532 1614; x_wconf 92' lang='lat' dir='ltr'>cujus</span> <span class='ocrx_word' id='word_1_191' title='bbox 1552 1562 1763 1603; x_wconf 89' lang='lat' dir='ltr'>sententia</span> <span class='ocrx_word' id='word_1_192' title='bbox 1778 1573 1876 1601; x_wconf 95' lang='lat' dir='ltr'>con-</span> 
     </span>
     <span class='ocr_line' id='line_1_45' title="bbox 1055 1617 1876 1670; baseline -0.001 -11"><span class='ocrx_word' id='word_1_193' title='bbox 1055 1617 1298 1667; x_wconf 80' lang='lat' dir='ltr'>demnatus,</span> <span class='ocrx_word' id='word_1_194' title='bbox 1322 1619 1508 1670; x_wconf 91' lang='lat' dir='ltr'>telisque</span> <span class='ocrx_word' id='word_1_195' title='bbox 1533 1618 1774 1667; x_wconf 90' lang='lat' dir='ltr'>confossus,</span> <span class='ocrx_word' id='word_1_196' title='bbox 1800 1618 1876 1659; x_wconf 89' lang='lat' dir='ltr'>Ca-</span> 
     </span>
     <span class='ocr_line' id='line_1_46' title="bbox 1053 1674 1876 1728; baseline -0.001 -14"><span class='ocrx_word' id='word_1_197' title='bbox 1053 1674 1224 1716; x_wconf 74' lang='lat' dir='ltr'>laminae</span> <span class='ocrx_word' id='word_1_198' title='bbox 1244 1675 1517 1728; x_wconf 80' lang='lat' dir='ltr'>apostolatus</span> <span class='ocrx_word' id='word_1_199' title='bbox 1536 1674 1747 1715; x_wconf 89' lang='lat' dir='ltr'>honorem</span> <span class='ocrx_word' id='word_1_200' title='bbox 1767 1686 1876 1714; x_wconf 90' lang='lat' dir='ltr'>mar-</span> 
     </span>
     <span class='ocr_line' id='line_1_47' title="bbox 1053 1731 1590 1782; baseline 0 -11"><span class='ocrx_word' id='word_1_201' title='bbox 1053 1731 1152 1782; x_wconf 75' lang='lat' dir='ltr'>tyrii</span> <span class='ocrx_word' id='word_1_202' title='bbox 1172 1734 1334 1772; x_wconf 85' lang='lat' dir='ltr'>corona</span> <span class='ocrx_word' id='word_1_203' title='bbox 1355 1731 1590 1773; x_wconf 77' lang='lat' dir='ltr'>decoravit.</span> 
     </span>
    </p>

    <p class='ocr_par' dir='ltr' id='par_1_17' title="bbox 1052 1794 1875 2230">
     <span class='ocr_line' id='line_1_48' title="bbox 1109 1794 1875 1850; baseline -0.004 -13"><span class='ocrx_word' id='word_1_204' title='bbox 1109 1800 1156 1850; x_wconf 59' lang='lat' dir='ltr'>Rg.</span> <span class='ocrx_word' id='word_1_205' title='bbox 1180 1796 1284 1837; x_wconf 87' lang='lat' dir='ltr'>Vidi</span> <span class='ocrx_word' id='word_1_206' title='bbox 1305 1797 1558 1848; x_wconf 79' lang='lat' dir='ltr'>conjunctos</span> <span class='ocrx_word' id='word_1_207' title='bbox 1575 1795 1703 1843; x_wconf 85' lang='lat' dir='ltr'>viros,</span> <span class='ocrx_word' id='word_1_208' title='bbox 1719 1794 1875 1836; x_wconf 89' lang='lat' dir='ltr'>haben-</span> 
     </span>
     <span class='ocr_line' id='line_1_49' title="bbox 1053 1850 1875 1904; baseline -0.004 -11"><span class='ocrx_word' id='word_1_209' title='bbox 1053 1857 1119 1893; x_wconf 90' lang='lat' dir='ltr'>tes</span> <span class='ocrx_word' id='word_1_210' title='bbox 1148 1851 1399 1904; x_wconf 86' lang='lat' dir='ltr'>splendidas</span> <span class='ocrx_word' id='word_1_211' title='bbox 1428 1857 1586 1900; x_wconf 85' lang='lat' dir='ltr'>vestes,</span> <span class='ocrx_word' id='word_1_212' title='bbox 1615 1857 1657 1892; x_wconf 91' lang='lat' dir='ltr'>et</span> <span class='ocrx_word' id='word_1_213' title='bbox 1683 1850 1875 1901; x_wconf 87' lang='lat' dir='ltr'>Angelus</span> 
     </span>
     <span class='ocr_line' id='line_1_50' title="bbox 1053 1906 1875 1956; baseline -0.002 -8"><span class='ocrx_word' id='word_1_214' title='bbox 1053 1908 1227 1949; x_wconf 82' lang='lat' dir='ltr'>Domini</span> <span class='ocrx_word' id='word_1_215' title='bbox 1246 1908 1418 1949; x_wconf 76' lang='lat' dir='ltr'>locutus</span> <span class='ocrx_word' id='word_1_216' title='bbox 1439 1913 1504 1949; x_wconf 89' lang='lat' dir='ltr'>est</span> <span class='ocrx_word' id='word_1_217' title='bbox 1524 1907 1579 1948; x_wconf 89' lang='lat' dir='ltr'>ad</span> <span class='ocrx_word' id='word_1_218' title='bbox 1602 1920 1685 1956; x_wconf 89' lang='lat' dir='ltr'>me,</span> <span class='ocrx_word' id='word_1_219' title='bbox 1713 1906 1875 1947; x_wconf 89' lang='lat' dir='ltr'>dicens:</span> 
     </span>
     <span class='ocr_line' id='line_1_51' title="bbox 1056 1962 1875 2006; baseline -0.002 -2"><span class='ocrx_word' id='word_1_220' title='bbox 1056 1966 1078 1989; x_wconf 86' lang='lat'>*</span> <span class='ocrx_word' id='word_1_221' title='bbox 1104 1965 1181 2006; x_wconf 92' lang='lat' dir='ltr'>Isti</span> <span class='ocrx_word' id='word_1_222' title='bbox 1210 1969 1308 2005; x_wconf 93' lang='lat' dir='ltr'>sunt</span> <span class='ocrx_word' id='word_1_223' title='bbox 1335 1964 1415 2005; x_wconf 86' lang='lat' dir='ltr'>viri</span> <span class='ocrx_word' id='word_1_224' title='bbox 1448 1963 1584 2005; x_wconf 90' lang='lat' dir='ltr'>sancti</span> <span class='ocrx_word' id='word_1_225' title='bbox 1616 1962 1717 2004; x_wconf 88' lang='lat' dir='ltr'>facti</span> <span class='ocrx_word' id='word_1_226' title='bbox 1750 1962 1875 2003; x_wconf 87' lang='lat' dir='ltr'>amici</span> 
     </span>
     <span class='ocr_line' id='line_1_52' title="bbox 1052 2015 1875 2070; baseline -0.001 -10"><span class='ocrx_word' id='word_1_227' title='bbox 1052 2020 1145 2061; x_wconf 88' lang='lat' dir='ltr'>Dei.</span> <span class='ocrx_word' id='word_1_228' title='bbox 1178 2015 1225 2066; x_wconf 63' lang='lat' dir='ltr'>Y.</span> <span class='ocrx_word' id='word_1_229' title='bbox 1250 2019 1354 2062; x_wconf 88' lang='lat' dir='ltr'>Vidi</span> <span class='ocrx_word' id='word_1_230' title='bbox 1373 2019 1587 2070; x_wconf 87' lang='lat' dir='ltr'>Angelum</span> <span class='ocrx_word' id='word_1_231' title='bbox 1607 2019 1690 2060; x_wconf 87' lang='lat' dir='ltr'>Dei</span> <span class='ocrx_word' id='word_1_232' title='bbox 1707 2019 1875 2067; x_wconf 90' lang='lat' dir='ltr'>fortem,</span> 
     </span>
     <span class='ocr_line' id='line_1_53' title="bbox 1052 2075 1874 2129; baseline -0.002 -12"><span class='ocrx_word' id='word_1_233' title='bbox 1052 2076 1272 2118; x_wconf 75' lang='lat' dir='ltr'>volantem</span> <span class='ocrx_word' id='word_1_234' title='bbox 1286 2089 1365 2129; x_wconf 90' lang='lat' dir='ltr'>per</span> <span class='ocrx_word' id='word_1_235' title='bbox 1380 2075 1570 2117; x_wconf 91' lang='lat' dir='ltr'>medium</span> <span class='ocrx_word' id='word_1_236' title='bbox 1586 2075 1755 2124; x_wconf 87' lang='lat' dir='ltr'>eoelum,</span> <span class='ocrx_word' id='word_1_237' title='bbox 1766 2087 1874 2116; x_wconf 88' lang='lat' dir='ltr'>voce</span> 
     </span>
     <span class='ocr_line' id='line_1_54' title="bbox 1052 2131 1874 2183; baseline -0.001 -11"><span class='ocrx_word' id='word_1_238' title='bbox 1052 2145 1207 2183; x_wconf 85' lang='lat' dir='ltr'>magna</span> <span class='ocrx_word' id='word_1_239' title='bbox 1253 2132 1511 2174; x_wconf 77' lang='lat' dir='ltr'>clamantem</span> <span class='ocrx_word' id='word_1_240' title='bbox 1561 2137 1604 2174; x_wconf 90' lang='lat' dir='ltr'>et</span> <span class='ocrx_word' id='word_1_241' title='bbox 1649 2131 1874 2172; x_wconf 89' lang='lat' dir='ltr'>dicentem.</span> 
     </span>
     <span class='ocr_line' id='line_1_55' title="bbox 1052 2189 1357 2230; baseline 0 -1"><span class='ocrx_word' id='word_1_242' title='bbox 1052 2189 1130 2230; x_wconf 89' lang='lat' dir='ltr'>Isti</span> <span class='ocrx_word' id='word_1_243' title='bbox 1150 2194 1248 2230; x_wconf 90' lang='lat' dir='ltr'>sunt</span> <span class='ocrx_word' id='word_1_244' title='bbox 1266 2189 1357 2230; x_wconf 86' lang='lat' dir='ltr'>viri.</span> 
     </span>
    </p>
   </div>
   <div class='ocr_carea' id='block_1_11' title="bbox 1052 2270 1875 2791">
    <p class='ocr_par' dir='ltr' id='par_1_18' title="bbox 1058 2270 1875 2433">
     <span class='ocr_line' id='line_1_56' title="bbox 1118 2270 1809 2321; baseline -0.004 -9"><span class='ocrx_word' id='word_1_245' title='bbox 1118 2271 1268 2312; x_wconf 75' lang='lat' dir='ltr'>Sermo</span> <span class='ocrx_word' id='word_1_246' title='bbox 1288 2271 1427 2312; x_wconf 86' lang='lat' dir='ltr'>sancti</span> <span class='ocrx_word' id='word_1_247' title='bbox 1447 2270 1648 2321; x_wconf 85' lang='lat' dir='ltr'>Gregorii</span> <span class='ocrx_word' id='word_1_248' title='bbox 1666 2270 1809 2321; x_wconf 86' lang='lat' dir='ltr'>Papae.</span> 
     </span>
     <span class='ocr_line' id='line_1_57' title="bbox 1058 2336 1875 2378; baseline 0 -10"><span class='ocrx_word' id='word_1_249' title='bbox 1058 2336 1227 2369; x_wconf 79' lang='lat' dir='ltr'>Homilia</span> <span class='ocrx_word' id='word_1_250' title='bbox 1251 2336 1309 2371; x_wconf 80' lang='lat' dir='ltr'>3o.</span> <span class='ocrx_word' id='word_1_251' title='bbox 1335 2337 1373 2369; x_wconf 89' lang='lat' dir='ltr'>in</span> <span class='ocrx_word' id='word_1_252' title='bbox 1401 2336 1557 2378; x_wconf 53' lang='lat' dir='ltr'>Emmg„</span> <span class='ocrx_word' id='word_1_253' title='bbox 1589 2341 1675 2378; x_wconf 76' lang='lat' dir='ltr'>post</span> <span class='ocrx_word' id='word_1_254' title='bbox 1699 2336 1875 2368; x_wconf 81' lang='lat' dir='ltr'>medium.</span> 
     </span>
     <span class='ocr_line' id='line_1_58' title="bbox 1364 2392 1571 2433; baseline 0 -2"><span class='ocrx_word' id='word_1_255' title='bbox 1364 2392 1513 2433; x_wconf 85' lang='lat' dir='ltr'>Lectio</span> <span class='ocrx_word' id='word_1_256' title='bbox 1536 2407 1571 2431; x_wconf 86' lang='lat' dir='ltr'>v.</span> 
     </span>
    </p>

    <p class='ocr_par' dir='ltr' id='par_1_19' title="bbox 1056 2448 1871 2555">
     <span class='ocr_line' id='line_1_59' title="bbox 1056 2448 1871 2555; baseline -0.002 -56"><span class='ocrx_word' id='word_1_257' title='bbox 1056 2448 1310 2555; x_wconf 83' lang='lat' dir='ltr'>Scriptum</span> <span class='ocrx_word' id='word_1_258' title='bbox 1326 2463 1405 2499; x_wconf 89' lang='lat' dir='ltr'>est:</span> <span class='ocrx_word' id='word_1_259' title='bbox 1421 2458 1605 2510; x_wconf 89' lang='lat' dir='ltr'>Spiritus</span> <span class='ocrx_word' id='word_1_260' title='bbox 1616 2457 1791 2498; x_wconf 84' lang='lat' dir='ltr'>Domini</span> <span class='ocrx_word' id='word_1_261' title='bbox 1806 2469 1871 2498; x_wconf 93' lang='lat' dir='ltr'>or-</span> 
     </span>
    </p>

    <p class='ocr_par' dir='ltr' id='par_1_20' title="bbox 1052 2513 1871 2791">
     <span class='ocr_line' id='line_1_60' title="bbox 1146 2513 1871 2556; baseline -0.004 0"><span class='ocrx_word' id='word_1_262' title='bbox 1146 2515 1265 2556; x_wconf 77' lang='lat' dir='ltr'>navit</span> <span class='ocrx_word' id='word_1_263' title='bbox 1289 2514 1436 2556; x_wconf 88' lang='lat' dir='ltr'>coelos.</span> <span class='ocrx_word' id='word_1_264' title='bbox 1473 2514 1737 2555; x_wconf 88' lang='lat' dir='ltr'>Ornamenta</span> <span class='ocrx_word' id='word_1_265' title='bbox 1760 2513 1871 2554; x_wconf 92' lang='lat' dir='ltr'>enim</span> 
     </span>
     <span class='ocr_line' id='line_1_61' title="bbox 1054 2568 1870 2622; baseline -0.004 -10"><span class='ocrx_word' id='word_1_266' title='bbox 1054 2570 1265 2612; x_wconf 87' lang='lat' dir='ltr'>coelorum</span> <span class='ocrx_word' id='word_1_267' title='bbox 1298 2576 1396 2612; x_wconf 87' lang='lat' dir='ltr'>sunt</span> <span class='ocrx_word' id='word_1_268' title='bbox 1423 2570 1604 2611; x_wconf 79' lang='lat' dir='ltr'>virt1&#39;1tes</span> <span class='ocrx_word' id='word_1_269' title='bbox 1634 2568 1870 2622; x_wconf 80' lang='lat' dir='ltr'>praedican-</span> 
     </span>
     <span class='ocr_line' id='line_1_62' title="bbox 1053 2626 1871 2678; baseline -0.004 -10"><span class='ocrx_word' id='word_1_270' title='bbox 1053 2627 1170 2669; x_wconf 91' lang='lat' dir='ltr'>tium.</span> <span class='ocrx_word' id='word_1_271' title='bbox 1224 2627 1331 2678; x_wconf 86' lang='lat' dir='ltr'>Quae</span> <span class='ocrx_word' id='word_1_272' title='bbox 1375 2626 1577 2667; x_wconf 88' lang='lat' dir='ltr'>videlicet</span> <span class='ocrx_word' id='word_1_273' title='bbox 1622 2626 1871 2667; x_wconf 88' lang='lat' dir='ltr'>ornamenta</span> 
     </span>
     <span class='ocr_line' id='line_1_63' title="bbox 1053 2679 1869 2731; baseline -0.005 -7"><span class='ocrx_word' id='word_1_274' title='bbox 1053 2683 1212 2724; x_wconf 88' lang='lat' dir='ltr'>Paulus</span> <span class='ocrx_word' id='word_1_275' title='bbox 1237 2687 1474 2731; x_wconf 81' lang='lat' dir='ltr'>enumerat,</span> <span class='ocrx_word' id='word_1_276' title='bbox 1499 2682 1663 2723; x_wconf 88' lang='lat' dir='ltr'>dicens:</span> <span class='ocrx_word' id='word_1_277' title='bbox 1690 2681 1775 2721; x_wconf 86' lang='lat' dir='ltr'>Alii</span> <span class='ocrx_word' id='word_1_278' title='bbox 1799 2679 1869 2721; x_wconf 85' lang='lat' dir='ltr'>da-</span> 
     </span>
     <span class='ocr_line' id='line_1_64' title="bbox 1052 2735 1870 2791; baseline -0.005 -11"><span class='ocrx_word' id='word_1_279' title='bbox 1052 2744 1122 2781; x_wconf 92' lang='lat' dir='ltr'>tur</span> <span class='ocrx_word' id='word_1_280' title='bbox 1145 2752 1223 2791; x_wconf 89' lang='lat' dir='ltr'>per</span> <span class='ocrx_word' id='word_1_281' title='bbox 1242 2739 1449 2791; x_wconf 88' lang='lat' dir='ltr'>Spiritum</span> <span class='ocrx_word' id='word_1_282' title='bbox 1473 2750 1615 2779; x_wconf 88' lang='lat' dir='ltr'>sermo</span> <span class='ocrx_word' id='word_1_283' title='bbox 1637 2735 1870 2789; x_wconf 77' lang='lat' dir='ltr'>sapientiae,</span> 
     </span>
    </p>
   </div>
   <div class='ocr_carea' id='block_1_12' title="bbox 121 162 1933 2846">
    <p class='ocr_par' dir='ltr' id='par_1_21' title="bbox 121 162 1933 2846">
     <span class='ocr_line' id='line_1_65' title="bbox 121 162 1933 2846; baseline 0 0"><span class='ocrx_word' id='word_1_284' title='bbox 121 162 1933 2846; x_wconf 95' lang='lat' dir='ltr'> </span> 
     </span>
    </p>
   </div>
   <div class='ocr_carea' id='block_1_13' title="bbox 1606 2869 1646 2901">
    <p class='ocr_par' dir='ltr' id='par_1_22' title="bbox 1606 2869 1646 2901">
     <span class='ocr_line' id='line_1_66' title="bbox 1606 2869 1646 2901; baseline -0.025 0"><span class='ocrx_word' id='word_1_285' title='bbox 1606 2869 1646 2901; x_wconf 83' lang='lat'>27</span> 
     </span>
    </p>
   </div>
  </div>
 </body>
</html>
