2040 2990
699 189 810 223 Feria
836 189 968 233 quinta
995 190 1042 223 ad
1068 189 1306 224 Matutinum.

161 296 316 326 carnes
345 286 600 325 sanctorum
627 286 805 325 tuorum
834 283 990 326 bestiis

161 346 303 382 terrae.

213 396 474 438 Effuderunt
527 398 784 449 sanguinem
838 399 991 438 eorum

161 459 386 506 tamquam
410 466 568 505 aquam
593 454 637 494 in
664 454 850 495 circuitu
869 454 893 494 J
896 457 989 495 eru-

162 511 315 552 salem:
335 513 359 538 *
379 515 423 552 et
441 523 530 552 non
551 515 645 552 erat
672 511 747 562 qui
772 511 989 563 sepeliret.

212 568 337 609 Facti
375 581 525 608 sumus
564 567 855 620 oppr6brium
889 568 989 609 vici-

162 625 230 666 nis
258 624 436 666 nostris:
464 626 488 651 *
508 623 794 665 subsannatio
824 629 867 665 et
895 624 988 665 illu-

162 682 228 722 sio
246 680 325 730 his,
347 681 421 733 qui
441 681 485 721 in
504 681 691 722 circuitu
705 685 859 722 nostro
878 686 989 722 sunt.

214 738 454 789 Usquequo
486 738 676 778 Demine
710 737 913 778 irasceris
945 738 989 778 in

161 795 312 836 finem:
348 796 372 821 *
410 794 675 835 accendetur
717 794 837 835 velut
877 794 988 846 ignis

161 851 281 892 zelus
308 850 437 892 tuus?

212 907 401 949 Effunde
435 908 546 949 iram
578 912 700 949 tuam
732 908 776 948 in
811 908 987 958 Gentes,

163 977 262 1016 quae
302 970 348 1006 te
389 977 478 1006 non
519 966 759 1005 noverunt:
802 966 826 991 *
863 969 906 1005 et
945 965 988 1005 in

161 1034 306 1072 regna,
327 1034 426 1073 quae
444 1034 604 1062 nomen
623 1026 748 1062 tuum
763 1033 850 1062 non
868 1022 988 1062 invo-

161 1080 380 1119 caverunt:

151 1135 156 1138 '
215 1135 327 1184 Quia
347 1134 634 1176 comederunt
653 1134 806 1176 Jacob:
826 1136 849 1161 *
864 1140 907 1176 et
926 1135 987 1175 lo-

160 1204 260 1233 cum
289 1192 379 1244 ejus
409 1191 730 1233 desolaverunt.

210 1248 279 1290 Ne
312 1248 562 1289 memineris
599 1248 880 1299 iniquitatum
912 1261 986 1289 no-

159 1307 350 1346 strarum
384 1305 678 1356 antiquarum,
713 1305 802 1345 cito
837 1305 986 1346 antici-

158 1366 265 1414 pent
284 1374 365 1402 nos
385 1360 702 1402 misericerdiae
722 1366 828 1402 tuae:
844 1363 868 1388 *
884 1362 986 1413 quia

158 1421 377 1470 pauperes
406 1417 510 1458 facti
539 1430 688 1458 sumus
717 1418 856 1458 nimis.

210 1474 383 1526 Adjuva
417 1486 500 1515 nos
528 1474 650 1515 Deus
679 1474 884 1515 salutaris
911 1487 984 1515 no-

159 1535 265 1572 ster:
290 1535 334 1572 et
359 1535 543 1583 propter
577 1530 763 1581 gloriam
796 1531 984 1572 nominis

158 1587 223 1628 tui
250 1588 439 1628 Domine
467 1587 606 1628 libera
633 1599 731 1628 nos:
760 1589 783 1615 *
816 1593 858 1628 et
885 1601 984 1640 pro-

156 1644 292 1696 pitius
326 1649 420 1685 esto
453 1644 648 1696 peccatis
679 1645 860 1694 nostris,
893 1658 985 1697 pro-

156 1705 256 1753 pter
284 1713 444 1742 nomen
472 1705 611 1741 tuum:

207 1757 276 1798 Ne
295 1757 408 1799 forte
427 1757 575 1799 dicant
594 1757 637 1797 in
651 1757 882 1798 Gentibus:
897 1757 983 1799 Ubi

158 1818 226 1855 est
251 1814 373 1855 Deus
409 1812 586 1855 eorum?
616 1816 640 1841 *
668 1819 712 1855 et
738 1814 984 1856 innotescat

156 1870 201 1911 in
217 1870 468 1912 nati6nibus
484 1883 634 1911 coram
651 1870 790 1911 oculis
808 1871 983 1912 nostris.

208 1927 329 1969 Ultio
367 1927 590 1977 sanguinis
626 1929 853 1968 servorum
887 1930 981 1968 tuo-

156 1997 269 2034 rum,
307 1984 381 2035 qui
417 1983 580 2025 effusus
616 1988 701 2024 est:
734 1985 757 2010 *
792 1984 982 2025 introeat

155 2040 200 2081 in
228 2043 470 2093 conspectu
496 2045 573 2082 tuo
593 2040 779 2090 gemitus
809 2052 980 2092 compe-

157 2095 358 2138 ditorum.

208 2153 411 2195 Secundu
438 2153 784 2204 magnitudinem
812 2153 981 2194 brachii

155 2210 456 2263 tui,*p6sside
473 2210 588 2251 filios
605 2210 980 2251 mortificatorum.

207 2267 264 2308 Et
290 2266 428 2308 redde
457 2267 611 2308 vicinis
639 2267 804 2308 nostris
836 2268 980 2318 septu-

155 2322 278 2375 plum
311 2324 355 2364 in
389 2324 484 2364 sinu
518 2325 685 2364 eorum:
713 2325 736 2350 *
763 2324 980 2376 imprope-

156 2379 268 2420 rium
294 2379 509 2432 ipsorum,
542 2379 662 2432 quod
689 2379 979 2432 exprobrave-

155 2441 258 2477 runt
283 2435 365 2477 tibi
391 2436 592 2477 Domine.

206 2491 302 2533 Nos
319 2497 466 2533 autem
481 2492 673 2545 populus
690 2498 801 2542 tuus,
819 2497 862 2533 et
874 2504 979 2533 oves

155 2549 333 2599 pascuae
353 2553 453 2599 tuae,
473 2551 496 2576 *
516 2549 822 2591 confitebimur
838 2548 917 2589 tibi
935 2548 979 2588 in

157 2604 378 2645 saeculum.

207 2660 258 2700 In
293 2662 618 2710 generationem
661 2667 703 2703 et
737 2661 995 2712 generatio--

155 2729 255 2758 nem
271 2718 295 2743 *
311 2718 632 2759 anuntiabimus
652 2717 828 2759 laudem
846 2722 977 2760 tuam.

1300 283 1499 323 Psalmus
1528 285 1591 324 79.

1120 342 1165 383 ui
1202 342 1317 393 regis
1346 341 1494 391 Israel,
1522 341 1714 382 intende:
1742 342 1766 368 *
1795 342 1869 393 qui

1146 398 1328 440 deducis
1355 398 1476 440 velut
1506 411 1633 439 ovem
1660 398 1839 450 Joseph.

1094 455 1180 505 Qui
1215 455 1344 496 sedes
1388 467 1520 507 super
1558 454 1810 504 Cherubim,
1845 457 1868 482 *

1040 512 1321 553 manifestare
1346 524 1495 553 coram
1516 511 1737 564 Ephraim,
1758 511 1867 552 Ben-

1041 569 1171 620 iamin
1201 574 1244 610 et
1272 569 1487 609 Manasse.

1092 626 1248 667 Excita
1258 626 1501 678 potentiam
1516 630 1646 675 tuam,
1664 629 1707 666 et
1722 625 1831 675 veni,
1843 627 1867 652 *

1041 688 1088 724 ut
1117 682 1264 724 salvos
1293 682 1427 723 facias
1452 695 1545 723 nos.

1092 739 1213 780 Deus
1234 740 1444 780 converte
1463 751 1557 779 nos:
1577 740 1600 765 *
1619 744 1662 780 et
1682 738 1866 779 ostende

1040 796 1198 837 faciem
1226 801 1358 846 tuam,
1387 800 1431 837 et
1460 795 1570 835 salvi
1592 795 1763 836 erimus.

1091 852 1282 893 Domine
1311 853 1431 893 Deus
1460 852 1684 902 virtutum7
1710 854 1733 878 *
1763 864 1866 903 quo-

1039 912 1180 960 usque
1215 909 1418 950 irasceris
1452 921 1585 961 super
1620 908 1866 949 orationem

1040 966 1157 1006 servi
1183 964 1273 1007 tui?

1092 1021 1271 1063 Cibabis
1291 1035 1372 1063 nos
1392 1035 1506 1074 pane
1530 1021 1822 1062 lacrimarum:
1843 1022 1865 1047 *

1041 1084 1084 1120 et
1112 1084 1266 1132 potum
1295 1079 1421 1120 dabis
1447 1078 1576 1119 nobis
1604 1078 1647 1117 in
1675 1077 1865 1118 lacrimis

1040 1137 1082 1176 in
1111 1134 1340 1177 mensura?

1090 1193 1284 1234 Posuisti
1304 1205 1385 1233 nos
1405 1193 1449 1233 in
1469 1192 1865 1234 contradictionem

1039 1249 1193 1290 vicinis
1234 1250 1413 1290 nostris:
1446 1251 1469 1276 *
1506 1254 1549 1290 et
1587 1248 1751 1289 inimici
1791 1260 1865 1288 no—

1039 1306 1119 1347 stri
1147 1305 1526 1347 subsannaverunt
1552 1318 1643 1346 nos.

1089 1363 1210 1403 Deus
1239 1362 1451 1403 virtutum
1481 1364 1689 1403 converte
1717 1374 1812 1402 nos:
1841 1364 1865 1388 *

1039 1423 1082 1460 et
1112 1418 1297 1460 ostende
1325 1419 1482 1460 faciem
1510 1424 1646 1467 tuam,
1682 1423 1725 1459 et
1754 1418 1864 1459 salvi

1038 1476 1210 1516 erimus.

1088 1532 1276 1573 Vineam
1296 1531 1350 1573 de
1365 1533 1563 1584 AEgypto
1585 1532 1864 1573 transtulisti:

1037 1590 1060 1615 *
1081 1589 1245 1641 ejecisti
1265 1588 1443 1639 Gentes,
1464 1594 1507 1630 et
1527 1588 1736 1641 plantasti
1757 1601 1863 1629 eam.

1088 1645 1190 1686 Dux
1214 1646 1382 1687 itineris
1407 1645 1528 1686 fuisti
1553 1645 1597 1685 in
1622 1647 1862 1697 conspectu

1038 1703 1144 1754 ejus:
1177 1705 1200 1729 *
1228 1702 1439 1755 plantasti
1471 1701 1642 1743 radices
1677 1703 1783 1754 ejus,
1817 1706 1860 1742 et

1036 1758 1235 1811 implevit
1263 1764 1436 1800 terram.

1089 1815 1274 1867 Operuit
1306 1820 1480 1856 montes
1515 1814 1669 1855 umbra
1702 1814 1807 1865 ejus:
1836 1815 1860 1840 *

1036 1876 1080 1913 et
1104 1871 1284 1912 arbusta
1313 1872 1402 1923 ejus
1432 1871 1589 1912 cedros
1616 1870 1711 1911 Dei.

1087 1927 1297 1969 Extendit
1335 1927 1539 1980 palmites
1577 1940 1681 1968 suos
1721 1939 1859 1978 usque

1035 1984 1091 2025 ad
1127 1997 1264 2025 mare:
1295 1986 1318 2011 *
1354 1989 1397 2025 et
1434 1996 1573 2036 usque
1611 1983 1667 2025 ad
1699 1984 1859 2024 flumen

1034 2041 1300 2093 propagines
1329 2042 1429 2093 ejus.
1488 2055 1492 2059 ’

1085 2097 1144 2139 Ut
1182 2097 1288 2149 quid
1326 2097 1583 2139 destruxisti
1624 2096 1857 2137 maceriam

1034 2155 1139 2206 ejus:
1159 2155 1182 2182 *
1205 2159 1248 2196 et
1273 2154 1542 2195 vindemiant
1571 2166 1666 2194 eam
1695 2165 1857 2201 omnes,

1033 2211 1108 2262 qui
1135 2210 1558 2262 praetergrediuntur
1586 2209 1725 2251 viam?

1084 2267 1405 2308 Exterminavit
1421 2270 1517 2308 eam
1537 2278 1642 2318 aper
1658 2265 1713 2306 de
1730 2265 1853 2305 silva:

1032 2325 1056 2351 *
1074 2328 1117 2365 et
1145 2323 1376 2374 singularis
1404 2323 1521 2364 ferus
1550 2322 1759 2374 depastus
1789 2326 1855 2363 est

1034 2393 1140 2421 eam.

1083 2437 1204 2477 Deus
1234 2436 1444 2477 virtutum
1466 2436 1738 2477 convertere:
1753 2435 1777 2460 *
1791 2435 1853 2474 re-

1032 2493 1152 2545 spice
1181 2492 1236 2534 de
1265 2492 1397 2542 coelo,
1434 2497 1477 2533 et
1505 2491 1621 2540 vide,
1654 2495 1698 2532 et
1726 2490 1853 2531 visita

1031 2551 1203 2590 vineam
1231 2549 1371 2589 istam.

1084 2605 1139 2646 Et
1160 2605 1323 2657 perfice
1352 2617 1459 2653 eam,
1484 2616 1613 2655 quam
1638 2602 1851 2655 plantavit

1032 2660 1213 2702 dextera
1241 2663 1365 2702 tua:*
1382 2665 1424 2701 et
1452 2672 1583 2712 super
1611 2659 1748 2699 filium
1776 2657 1849 2698 ho-

1029 2718 1170 2766 minis,
1199 2730 1329 2770 quem
1356 2715 1625 2758 confirmasti
1652 2714 1742 2755 tibi.
