2040 2990
612 230 682 264 Dic
707 231 764 263 530.
788 231 885 265 Nov.
932 231 966 265 S.
989 231 1155 265 Δηὼ-010
1182 232 1371 275 Apostoli.

149 325 216 365 De
242 324 442 376 Epistola
472 325 589 367 beati
615 326 739 367 Pauli
765 326 972 379 Apostoli

405 381 461 423 ad
480 382 716 423 Romanos.

249 451 401 492 Lectio
423 452 445 491 i.
684 452 785 503 Cap.
804 453 867 491 lo.

190 554 205 569 ,A
222 516 348 557 inis
373 516 499 568 legis,
528 517 743 568 Christus,
772 517 829 558 ad
854 518 969 569 justi-

218 576 259 625 [βι
283 573 389 614 tiam
413 574 531 615 omni
555 574 759 616 credenti.
793 574 969 626 Moyses

156 561 223 656 11‘2‘

165 608 259 657 ὲ]
284 630 398 670 enim
417 630 608 683 scripsit,
631 630 835 684 quoniam
854 631 969 682 justi-

146 684 268 735 tiam,
299 699 397 738 quae
421 699 475 728 ex
494 687 590 738 lege
611 693 695 738 est,
723 687 796 739 qui
818 687 970 728 fecerit

146 740 295 791 homo,
322 743 439 784 vivet
457 743 500 784 in
525 756 586 785 ea.
621 745 729 794 Quae
752 748 897 785 autem
916 757 970 785 ex

146 797 234 839 fide
254 803 320 840 est
338 800 515 851 justitia,
535 801 598 842 sic
621 800 741 842 dicit:
764 801 831 842 Ne
852 800 968 842 dixe-

145 850 204 890 ris
223 850 267 891 in
287 851 421 893 corde
440 857 533 893 tuo:
562 853 669 903 Quis
694 852 901 894 ascendet
925 853 968 893 in

145 906 328 948 coelum?
347 907 393 950 id
407 913 485 958 est,
503 909 722 951 Christum
740 909 968 951 deducere.

144 962 235 1004 Aut
271 964 367 1016 quis
401 965 639 1008 descendet
666 967 710 1007 in
738 965 967 1019 abyssum?

143 1018 227 1061 1100
247 1026 331 1070 est,
358 1021 579 1063 Christum
599 1035 624 1063 a
642 1023 825 1065 mortuis
845 1035 967 1065 revo-

144 1078 255 1118 care.
306 1077 394 1119 Sed
438 1078 545 1130 quid
580 1079 685 1120 dicit
720 1079 967 1132 Scriptura?

142 1132 289 1186 Prope
310 1138 376 1176 est
394 1135 575 1177 verbum
594 1136 638 1176 in
658 1149 734 1178 ore
752 1141 840 1187 tuo,
863 1141 906 1178 et
923 1137 967 1177 in

143 1189 278 1232 corde
305 1195 399 1233 tuo:
431 1191 516 1234 hoc
544 1197 610 1234 est
637 1193 820 1235 verbum
846 1193 967 1244 fidei,

144 1245 264 1298 quod
290 1247 594 1300 praedicamus.
631 1249 743 1300 Quia
770 1250 807 1291 si
836 1250 966 1291 confi-

142 1303 275 1343 tearis
296 1303 340 1344 in
360 1316 436 1346 ore
455 1309 532 1346 tuo
552 1306 789 1347 Dominum
808 1307 832 1347 J
834 1319 966 1356 esum,

144 1363 188 1400 et
218 1359 263 1399 in
297 1360 431 1402 corde
462 1366 539 1403 tuo
575 1362 813 1404 credideris
848 1363 967 1416 quod

142 1414 263 1456 Deus
294 1416 417 1458 illum
449 1418 678 1460 suscitavit
710 1432 735 1460 a
766 1420 966 1471 mortuiS,

143 1471 290 1513 salvus
311 1473 406 1514 eris.

196 1537 246 1589 R.
273 1537 382 1579 Cum
404 1539 729 1591 perambularet
752 1541 966 1583 Dominus

142 1594 262 1646 juxta
283 1607 404 1637 mare
423 1595 635 1647 Galilaeae,
660 1597 769 1639 vidit
788 1598 967 1640 Petrum

143 1655 187 1692 et
204 1650 430 1692 Andream
447 1652 557 1694 retia
575 1653 797 1696 mittentes
817 1655 860 1696 in
879 1668 966 1696 ma-

142 1720 200 1759 re,
219 1712 263 1749 et
280 1708 457 1750 vocavit
477 1721 563 1759 005,
583 1709 749 1752 dicens:
772 1710 794 1733 *
806 1712 966 1754 Venite

142 1769 246 1816 post
264 1777 352 1814 me,
376 1765 534 1806 faciam
552 1779 632 1809 vos
660 1768 755 1809 fieri
778 1769 966 1821 piscato-

143 1832 214 1862 res
228 1820 464 1863 hominum.
486 1815 535 1867 Y.
546 1823 683 1866 Erant
698 1825 812 1866 enim
828 1826 965 1878 pisca—

141 1878 272 1927 tores,
292 1882 335 1919 et
352 1877 413 1919 ait
431 1878 527 1920 illis.
553 1879 724 1922 Venite.

454 1951 606 1991 Lectio
628 1952 666 1992 ii.

146 2008 215 2116 C
226 2022 333 2064 orde
345 2023 459 2065 enim
467 2023 658 2065 creditur
674 2023 730 2066 ad
743 2025 964 2076 justitiam:

232 2091 308 2120 ore
332 2085 478 2122 autem
504 2081 722 2122 confessio
747 2082 797 2123 fit
820 2081 876 2123 ad
900 2095 963 2122 sa-

141 2133 287 2176 lutem.
299 2136 419 2178 Dicit
430 2137 543 2178 enim
551 2138 790 2190 Scriptura:
801 2138 964 2188 Omnis,

143 2191 217 2242 qui
236 2192 375 2234 credit
394 2193 438 2234 in
457 2193 593 2244 illum,
618 2207 705 2235 non
730 2194 963 2236 confunde-

142 2251 223 2288 tur.
245 2248 347 2290 Non
367 2250 481 2291 enim
501 2255 568 2292 est
587 2250 808 2292 distinctio
822 2252 847 2292 J
849 2251 964 2292 uda'ei

143 2308 186 2344 et
214 2304 374 2346 Graeci:
411 2319 510 2347 nam
541 2307 658 2348 idem
679 2307 892 2349 Dominus
920 2310 963 2349 0-

141 2361 320 2411 mnium,
348 2361 470 2404 dives
498 2363 542 2403 in
569 2376 721 2405 omnes
748 2364 822 2416 qui
846 2367 962 2405 invo-

143 2420 243 2457 cant
266 2416 398 2459 illum.
435 2419 586 2461 Omnis
613 2420 743 2470 enim,
773 2421 962 2472 quicum-

144 2483 228 2523 que
268 2472 538 2516 invocaverit
578 2488 735 2518 nomen
771 2477 962 2526 Domini,

143 2526 289 2569 salvus
319 2530 411 2571 erit.
449 2532 682 2581 Quomodo
713 2545 815 2584 ergo
844 2533 962 2574 invo-

144 2582 319 2634 cabunt,
343 2586 388 2626 in
407 2599 537 2639 quem
555 2601 643 2630 non
663 2587 961 2630 crediderunt?

143 2639 234 2680 Aut
271 2643 493 2692 quomodo
531 2644 711 2686 credent
742 2646 797 2695 ei,
834 2658 962 2698 quem

143 2707 231 2736 non
262 2696 511 2740 audierunt?
554 2701 788 2750 Quomodo
818 2707 963 2742 autem

1025 326 1083 368 do
1107 340 1213 369 vero
1238 329 1541 381 praedicabunt
1567 332 1648 373 nisi
1674 333 1843 375 mittan-

1022 383 1114 424 tur?
1133 384 1246 426 sicut
1265 386 1475 438 scriptum
1495 393 1574 429 est:
1594 389 1732 438 Quam
1747 403 1842 443 spe-

1023 439 1132 481 ciosi
1167 441 1304 493 pedes
1347 444 1734 494 evangelizantium
1769 461 1842 500 pa-

1023 508 1128 546 cem,
1148 498 1539 549 evangelizantium
1556 500 1687 542 bona!

1077 564 1127 604 R.
1156 563 1260 604 Mox
1283 569 1332 605 ut
1355 577 1507 606 vocem
1532 566 1708 608 Domini
1733 582 1841 621 prae-

1023 617 1208 660 dicantis
1245 620 1411 662 audivit
1445 621 1599 664 beatus
1632 624 1842 674 Andreas,

1021 675 1183 716 relictis
1208 676 1388 727 retibus,
1414 691 1598 730 quorum
1622 693 1702 721 usu
1726 685 1841 722 actu-

1023 744 1107 782 que
1126 732 1315 783 vivebat‚
1338 736 1359 757 *
1377 735 1573 776 AEternae
1598 737 1699 778 vitae
1724 741 1841 779 secu-

1021 791 1091 828 tus
1112 793 1178 830 est
1196 791 1378 842 praemia
1397 791 1662 842 largientem.
1689 787 1738 837 Y.
1758 794 1842 835 Hic

1022 849 1089 885 est
1115 845 1188 896 qui
1212 859 1294 898 pro
1321 850 1469 889 amore
1496 848 1657 890 Christi
1682 852 1841 902 pepen-

1021 899 1085 941 dit
1103 901 1147 941 in
1166 915 1312 953 cruce,
1332 908 1376 945 et
1394 917 1475 956 pro
1495 904 1590 956 lege
1610 906 1699 957 ejus
1719 909 1841 948 susti-

1021 958 1114 998 nuit
1132 959 1394 1010 passionem.
1421 962 1627 1003 AEternae.

1326 1043 1476 1083 Lectio
1500 1044 1552 1082 iii.

1022 1102 1145 1209 Sed
1172 1125 1260 1154 non
1286 1125 1437 1154 omnes
1466 1113 1676 1155 obediunt
1701 1115 1840 1156 Evan-

1104 1169 1230 1219 gelio.
1276 1169 1415 1211 Isaias
1448 1170 1562 1211 enim
1596 1170 1717 1212 dicit:
1753 1172 1840 1213 Do-

1019 1226 1133 1267 mine
1154 1226 1250 1278 quis
1270 1225 1456 1268 credidit
1478 1226 1644 1268 auditui
1666 1227 1839 1270 nostro?

1018 1283 1136 1333 Ergo
1161 1282 1270 1324 fides
1299 1295 1351 1324 ex
1377 1283 1542 1333 auditu,
1572 1284 1745 1325 auditus
1770 1298 1839 1326 au-

1018 1343 1107 1380 tem
1125 1351 1205 1392 per
1224 1339 1405 1381 verbum
1426 1339 1594 1381 Christi.
1618 1341 1704 1382 Sed
1724 1341 1840 1383 dico:

1018 1395 1244 1448 Numquid
1270 1408 1358 1437 non
1387 1396 1637 1438 audierunt?
1670 1398 1726 1439 Et
1751 1399 1840 1450 qui-

1019 1452 1120 1494 dem
1137 1453 1181 1493 in
1196 1465 1368 1494 omnem
1385 1458 1546 1495 terram
1561 1454 1693 1495 exivit
1707 1467 1841 1496 sonus

1020 1511 1185 1559 eorum,
1210 1514 1252 1551 et
1271 1510 1314 1550 in
1332 1510 1441 1551 fines
1462 1510 1580 1552 orbis
1600 1515 1729 1552 terrae
1748 1524 1840 1553 ver·
1890 1520 1891 1523 ’

1019 1565 1076 1607 ba
1101 1568 1262 1607 eorum.
1295 1566 1380 1607 Sed
1402 1566 1516 1608 dico:
1538 1567 1763 1619 Numquid
1781 1568 1841 1608 Is-

1018 1622 1110 1663 rael
1127 1635 1215 1664 non
1234 1621 1461 1674 cognovit?
1480 1623 1650 1665 Primus
1666 1624 1841 1676 Moyses

1020 1678 1138 1720 dicit:
1156 1679 1250 1730 Ego
1268 1679 1324 1720 ad
1339 1679 1660 1721 aemulationem
1675 1693 1754 1721 vos
1769 1679 1840 1721 ad-

1019 1734 1177 1776 ducam
1201 1736 1245 1776 in
1269 1748 1357 1776 non
1380 1740 1569 1786 gentem:
1601 1736 1645 1776 in
1668 1740 1841 1786 gentem

1018 1791 1309 1843 insipientem,
1341 1791 1385 1831 in
1416 1792 1525 1832 iram
1552 1804 1632 1833 vos
1659 1792 1840 1833 mittam.

1017 1848 1154 1888 Isaias
1173 1852 1319 1889 autem
1333 1847 1474 1897 audet,
1494 1852 1537 1889 et
1552 1847 1670 1889 dicit:
1689 1848 1840 1889 Inven—

1017 1907 1087 1944 tus
1103 1916 1198 1944 sum
1215 1916 1240 1944 a
1253 1916 1340 1944 non
1357 1903 1650 1956 quaerentibus
1663 1916 1748 1945 me:
1766 1917 1838 1957 pa-

1016 1959 1103 2000 lam
1122 1960 1304 2012 apparui
1322 1960 1390 2011 iis,
1419 1960 1493 2012 qui
1515 1973 1585 2001 me
1604 1973 1691 2001 non
1709 1961 1837 2002 inter-

1016 2015 1241 2067 rogabant.
1283 2015 1356 2057 Ad
1383 2016 1519 2057 Israel
1546 2021 1691 2058 autem
1719 2016 1838 2058 dicit:

1015 2071 1131 2113 Tota
1156 2072 1225 2113 die
1250 2072 1439 2125 expandi
1461 2086 1614 2114 manus
1638 2086 1758 2115 meas
1782 2072 1837 2115 ad

1014 2128 1229 2180 populum
1260 2142 1347 2170 non
1379 2129 1630 2171 credentem
1662 2134 1705 2171 et
1737 2142 1836 2171 con-

1015 2184 1310 2227 tradicentem.

1072 2250 1122 2301 R.
1142 2251 1310 2292 Doctor
1328 2251 1484 2302 bonus,
1507 2255 1550 2292 et
1572 2253 1736 2292 amicus
1753 2250 1836 2291 Dei

1015 2307 1214 2349 Andreas
1235 2308 1408 2349 ducitur
1427 2307 1483 2349 ad
1502 2320 1686 2356 crucem,
1706 2319 1835 2358 quam

1015 2377 1040 2405 a
1058 2364 1187 2415 longe
1207 2365 1421 2417 aspiciens
1437 2364 1560 2406 dixit:
1579 2363 1705 2404 Salve
1719 2376 1834 2411 crux,

1019 2418 1041 2440 *
1057 2421 1240 2473 suscipe
1260 2420 1521 2473 discipulum
1541 2421 1646 2471 ejus,
1672 2420 1744 2470 qui
1762 2431 1833 2471 pe-

1014 2476 1166 2528 pendit
1181 2477 1235 2532 =in
1263 2482 1308 2518 te
1334 2479 1541 2528 magister
1567 2488 1690 2516 meus
1716 2474 1834 2515 Chri-

1015 2538 1119 2574 stus.
1163 2529 1211 2574 Y-
1242 2533 1370 2575 salve
1397 2546 1519 2582 cruX,
1552 2545 1649 2584 quae
1674 2532 1717 2572 in
1742 2533 1832 2572 cor-

1013 2602 1123 2642 pore
1159 2589 1318 2631 Christi
1354 2589 1555 2631 dedicata
1591 2601 1654 2632 es:
1696 2593 1739 2629 et
1780 2599 1832 2627 ex

1013 2645 1220 2687 membris
1253 2647 1343 2697 ejus
1375 2651 1596 2696 tamquam
1630 2644 1831 2693 margari-

998 2702 1070 2742 'tis
1098 2703 1262 2743 ornata.
1301 2702 1493 2753 suscipe.
1535 2698 1686 2740 Gloria
1705 2698 1831 2739 Patri.

144 2751 322 2793 audient
344 2753 436 2796 sine
458 2756 750 2807 praedicante?
774 2758 961 2807 Quomo-
1013 2757 1204 2810 suscipe.

1778 239 1897 274 359
