2080 2990
194 225 269 264 490

488 325 639 365 Lectio
663 325 743 363 viii.

279 384 297 420 t
317 391 414 429 ego,
434 378 589 430 inquit,
609 379 709 421 dico
728 379 824 421 tibi:
847 379 934 421 hoc
953 385 1030 429 est,

305 435 418 476 sicut
436 435 567 477 Pater
590 448 714 477 meus
743 436 825 477 tibi
851 436 1029 477 manife-

196 491 330 533 stavit
349 491 623 533 divinitatem
640 505 794 541 meam,
812 492 873 533 ita
889 497 932 533 et
947 504 1029 543 ego

195 546 275 588 tibi
289 553 439 589 notam
454 548 567 589 facio
584 548 888 590 excellentiam
897 553 1029 596 tuam,

196 603 299 654 quia
318 610 366 645 tu
386 616 433 645 es
452 604 625 645 Petrus:
651 603 697 645 id
718 609 800 654 est,
827 617 926 645 cum
946 617 1029 654 ego

194 659 282 700 sim>
294 660 559 701 inviolabilis
575 665 711 712 petra,
732 669 814 711 ego
829 660 941 712 lapis
957 674 1027 701 an-

193 716 373 766 gularis,
413 716 488 768 qui
519 717 632 758 facio
666 720 852 768 Utraque
884 730 1028 767 unum,

195 784 278 822 ego
323 772 654 814 fundamentum
698 778 861 825 praeter
908 773 1028 825 quod

193 840 324 869 nemo
350 834 500 880 potest
526 828 645 870 {aliud
671 830 852 881 penere:
879 834 1028 870 tamen

193 889 243 926 tu
264 897 441 936 quoque
460 891 587 936 petra
611 897 675 934 es,
706 885 807 935 quia
830 898 928 926 mea
946 886 1028 926 vir-

193 943 288 982 tute
315 940 536 991 solidaris,
570 947 618 982 ut
648 954 747 993 quae
775 941 881 981 mihi
906 947 1029 994 pote-

194 998 308 1038 state
328 1002 429 1038 sunt
445 998 637 1049 pfflpria,
658 997 745 1038 sint
763 997 842 1038 tibi
856 1010 1030 1039 mecum

192 1053 531 1105 participatiene
565 1053 825 1095 communia.
871 1054 929 1095 Et
961 1067 1027 1095 su-

192 1121 273 1161 per
298 1109 411 1150 hanc
435 1115 608 1162 petram
628 1109 860 1150 aedificabo
880 1110 1029 1151 Eccle-

193 1165 304 1207 siam
335 1178 496 1215 meam,
529 1171 572 1207 et
604 1170 749 1218 portae
782 1166 909 1207 inferi
940 1179 1029 1207 non

191 1222 498 1274 praevalebunt
517 1222 728 1263 adversus
749 1235 855 1263 eam.
887 1223 1029 1275 Super

191 1277 315 1328 hanc,
330 1279 484 1330 inquit,
498 1278 801 1320 fortitudinem
817 1281 1029 1320 aeternum

193 1335 417 1376 exstruam
457 1335 685 1387 templum:
732 1340 776 1376 et
815 1335 1027 1376 Ecclesiae

190 1403 302 1432 meae
322 1391 436 1433 coelo
455 1391 690 1433 inserenda
710 1391 965 1442 sublimitas,
984 1392 1029 1432 in

191 1447 317 1499 hujus
337 1447 443 1489 fidei
461 1448 671 1489 firmitate
692 1451 941 1499 consurget.

247 1509 295 1558 Κ.
329 1504 475 1554 Elegit
505 1509 550 1546 te
577 1504 796 1545 Deminus
824 1504 1026 1546 sacerdo-

190 1564 281 1601 tem
300 1560 394 1610 sibi,
414 1560 471 1602 ad
488 1560 828 1602 sacrificandum
846 1561 919 1602 ei*
936 1562 1026 1602 Ηό-

191 1616 320 1657 stiam
346 1615 500 1658 laudis.
548 1614 594 1663 ,vt
621 1616 808 1658 Immola
831 1617 930 1658 Deo
959 1630 1024 1658 sa-

191 1672 404 1713 crificium
431 1671 589 1721 laudis,
619 1678 662 1714 et
689 1671 827 1714 redde
854 1673 1024 1714 Altissi-

189 1741 263 1769 mo
283 1734 388 1770 vota
407 1734 494 1770 tua.
522 1729 739 1770 Hostiam.
776 1729 927 1770 Gloria
945 1729 1025 1770 Pa-

189 1784 257 1826 tri.
284 1785 502 1826 Hostiam.

244 1847 283 1879 Si
307 1847 378 1880 hoc
403 1848 539 1880 festum
559 1851 645 1880 imte
666 1846 857 1887 Quadrag.
876 1844 1025 1878 venerit

193 1895 228 1926 in
249 1895 434 1928 Sabinum.
462 1896 519 1928 vel
546 1895 799 1928 transferatur
818 1894 854 1926 in
872 1893 1024 1927 Feriam

193 1942 236 1975 11.
264 1948 296 1975 et
324 1954 446 1976 amuis
472 1953 547 1976 non
574 1943 686 1976 fuerit
712 1942 945 1976 bissextilis.
975 1941 1023 1974 le-

192 1990 292 2027 gitur
329 1991 375 2023 ix.
413 1991 541 2023 Lectio
582 1991 627 2024 de
665 1990 834 2024 Iiomilia
869 1989 1024 2031 X'igilize

192 2038 226 2070 S.
255 2037 425 2076 Mathiae,
462 2044 495 2071 et
527 2039 572 2072 (ie
604 2050 646 2072 ea
679 2039 717 2072 fit
747 2048 943 2071 commem.
975 2037 1024 2070 ad

193 2085 344 2118 Laudes
376 2091 465 2127 post
504 2096 699 2120 commem.
735 2086 768 2119 S.
803 2086 924 2119 Pauli.
981 2085 1023 2118 In

192 2134 382 2174 Ouadrag.
410 2140 534 2167 autem
563 2135 609 2167 ix.
637 2134 764 2167 Lectio
790 2135 861 2167 erit
881 2134 927 2167 de
948 2134 1023 2167 Ho-

192 2180 296 2213 miliu
317 2181 436 2214 Feriae
457 2193 611 2217 occurr..
636 2192 720 2215 cum
739 2192 873 2215 comm.
893 2182 939 2215 de
964 2191 1022 2214 ea:

191 2234 226 2261 ct
253 2229 348 2261 nihil
377 2230 415 2262 tit
441 2230 486 2262 de
514 2230 670 2269 Vigilia,
698 2230 771 2262 nisi
793 2230 828 2263 in
849 2230 977 2262 Missa.

500 2286 647 2325 Lectio
669 2287 718 2325 ix.

192 2337 368 2440 Hanc
391 2336 713 2378 confessit'mem
737 2342 879 2389 portae
899 2338 1025 2380 inferi

302 2404 390 2433 non
416 2392 641 2442 tenebunt,
670 2393 823 2434 mortis
852 2395 1025 2436 vincula

190 2459 278 2488 non
310 2447 522 2498 ligabunt:
557 2461 645 2490 vox
678 2449 793 2490 enim
824 2450 908 2491 ista
936 2464 1024 2493 vox

189 2503 292 2545 vitae
312 2510 389 2545 est.
418 2505 475 2546 Et
494 2505 606 2546 sicut
625 2505 901 2547 confessores
920 2520 1024 2549 suos

188 2557 233 2599 in
252 2559 450 2601 coelestia
469 2560 689 2613 prevehit‚
709 2561 770 2602 ita
790 2564 1024 2613 negatores

189 2614 247 2656 ad
263 2615 430 2656 inferna
447 2616 671 2667 demergit.
699 2617 887 2669 Propter
904 2619 1023 2669 quod

189 2669 297 2711 dicit
321 2670 576 2713 beatissimo
602 2673 751 2714 Petro:
779 2672 880 2713 Tibi
906 2673 1022 2715 dabo

189 2726 335 2768 claves
350 2727 472 2778 regni
488 2727 716 2769 coelerum:
732 2728 788 2770 Et
804 2732 1021 2780 quaeci'1m-

463 239 529 272 Die
555 238 605 270 213.
634 237 739 270 Febr.
789 239 822 269 S.
852 237 950 270 l'etri
980 236 1155 269 imminui
1187 235 1309 278 Episc.
1336 235 1444 268 (lons.
1472 240 1507 268 et
1531 235 1637 269 Doct.

1084 336 1169 375 que
1193 323 1399 374 ligaveris
1426 338 1559 378 super
1582 330 1762 375 terram,
1790 330 1917 368 erunt

1082 379 1217 430 ligata
1244 384 1287 421 et
1312 380 1356 421 in
1382 381 1522 422 coelis:
1555 386 1600 422 et
1625 385 1916 433 quaecumque

1084 435 1267 477 solveris
1287 449 1420 488 super
1436 442 1610 486 terram,
1629 442 1755 479 erunt
1771 438 1917 479 soluta

1084 491 1183 532 etin
1199 492 1333 533 coelis.
1353 492 1575 534 Transivit
1592 492 1769 545 quidem
1784 494 1916 535 etiam

1082 547 1126 587 in
1158 548 1268 590 illios
1300 549 1546 601 Apostolos
1578 550 1644 591 vis
1680 550 1916 602 potestatis

1082 604 1224 654 istius,
1249 610 1293 646 et
1316 604 1373 646 ad
1397 618 1549 647 omnes
1568 605 1781 647 Ecclesiae
1800 608 1916 658 prin-

1084 660 1204 712 cipes
1259 660 1425 703 decreti
1478 661 1604 714 hujus
1660 661 1915 704 constitutio

1083 718 1363 758 commeavit:
1408 716 1488 759 sed
1525 730 1613 759 non
1650 718 1812 759 frustra
1843 718 1917 759 uni

1083 773 1432 824 commendetur,
1458 774 1580 825 quod
1600 774 1802 815 Omnibus
1821 774 1915 815 inti-

1082 831 1237 871 matur.
1258 830 1391 871 Petro
1413 830 1527 872 enim
1546 830 1648 872 ideo
1669 830 1754 872 hoc
1774 830 1916 882 singu-

1081 885 1233 927 lariter
1261 885 1468 936 creditur,
1503 887 1605 939 quia
1637 887 1806 928 cunctis
1833 886 1914 928 Ec-

1083 942 1229 983 clesiae
1247 942 1494 984 rect6ribus
1509 943 1629 984 Petri
1647 943 1789 984 forma
1804 955 1914 995 prae-

1082 998 1270 1050 ponitur.
1303 998 1452 1040 Manet
1474 1011 1581 1049 ergo
1601 999 1721 1041 Petri
1743 998 1916 1051 privile-

1081 1054 1215 1104 gium,
1246 1053 1514 1107 ubicumque
1538 1068 1593 1096 ex
1617 1055 1755 1107 ipsius
1779 1054 1918 1096 fertur

1082 1111 1289 1162 aequiteite
1314 1110 1531 1162 judicium.
1572 1111 1668 1153 Nec
1693 1111 1826 1152 nimia
1849 1114 1917 1152 est

1081 1166 1152 1207 vel
1179 1167 1393 1208 severitas
1413 1167 1484 1209 vel
1508 1168 1728 1217 remissio,
1755 1167 1831 1208 ubi
1854 1166 1915 1207 ni-

1081 1222 1141 1262 hil
1161 1223 1244 1264 erit
1263 1223 1457 1274 ligatum,
1477 1223 1585 1264 nihil
1604 1224 1814 1273 solutum,
1831 1222 1916 1264 nisi

1082 1278 1203 1330 quod
1234 1278 1392 1320 beatus
1420 1279 1579 1321 Petrus
1612 1284 1687 1321 aut
1719 1279 1915 1329 selverit‚

1081 1340 1156 1376 aut
1176 1335 1387 1387 ligaverit.
1458 1338 1522 1377 Te
1541 1336 1697 1377 Deum.
1725 1337 1785 1376 14.

1136 1396 1175 1429 In
1191 1396 1234 1430 II.
1250 1397 1363 1440 Vesp.
1380 1399 1419 1432 iit
1434 1409 1567 1432 comm.
1583 1398 1617 1433 S.
1631 1398 1741 1433 Pauli
1756 1404 1792 1434 et
1806 1409 1911 1443 sequ.

1284 1478 1369 1519 Die
1387 1479 1452 1519 23.
1470 1478 1711 1519 Februarii.

1106 1542 1150 1583 S.
1169 1541 1307 1582 Petri
1330 1541 1569 1583 Damiani
1592 1542 1738 1593 Episc.
1765 1541 1886 1582 Conf.

1335 1605 1377 1638 et
1398 1598 1513 1638 Eccl.
1533 1598 1661 1639 Doct.

1418 1663 1579 1706 Duplex.

1134 1720 1270 1753 Omnia
1302 1720 1349 1753 de
1380 1720 1524 1754 Comm.
1559 1720 1667 1754 Conf.
1697 1719 1806 1755 Pont.
1841 1719 1912 1763 [49]

1082 1774 1222 1809 praeter
1247 1778 1351 1811 sequ.

1135 1819 1176 1852 In
1201 1819 1375 1861 utrisque
1404 1819 1517 1862 Vesp.
1545 1820 1594 1853 ad
1622 1820 1774 1862 Magnis.

1134 1867 1233 1906 Ant.
1255 1868 1292 1905 ()
1309 1867 1481 1908 Doctor
1501 1867 1681 1920 Optime,
1699 1866 1913 1908 Ecclesiae

1079 1928 1243 1965 sanctae
1262 1923 1423 1973 lumen,
1442 1923 1573 1965 beate
1591 1923 1733 1974 Petre,
1752 1922 1913 1965 divinae

1077 1980 1186 2032 legis
1206 1982 1394 2030 amator,
1421 1979 1662 2033 deprecare
1681 1992 1764 2032 pro
1783 1979 1912 2022 nobis

1078 2037 1236 2078 Filium
1253 2037 1350 2079 Dei.

1136 2089 1183 2138 Y.
1205 2094 1385 2135 Amavit
1405 2106 1506 2135 eum
1524 2093 1757 2143 Dominus,
1781 2097 1825 2134 et
1844 2105 1911 2134 or-

1077 2149 1198 2190 navit
1231 2163 1342 2191 eum.
1388 2152 1434 2202 1³3.
1465 2148 1634 2191 Stolam
1664 2148 1817 2200 gloriae
1850 2151 1911 2190 in-

1078 2205 1173 2246 duit
1192 2218 1303 2247 eum.
1529 2249 1535 2256 ,

1415 2250 1579 2289 Oratio.

1081 2300 1325 2407 Concede
1357 2316 1455 2353 nos,
1488 2306 1741 2356 quaesumus
1775 2307 1910 2345 omni-

1178 2364 1337 2412 potens
1356 2360 1489 2409 Deus,
1514 2359 1634 2401 beati
1651 2359 1773 2401 Petri
1799 2360 1910 2402 Con-

1076 2415 1257 2457 fesseris
1275 2416 1339 2457 tui
1354 2420 1487 2468 atque
1501 2415 1728 2457 Pontificis
1744 2416 1911 2457 monita

1078 2476 1122 2512 et
1150 2471 1351 2524 exempla
1379 2471 1553 2521 sectarh
1586 2476 1634 2512 ut
1665 2484 1745 2523 per
1776 2474 1910 2514 terre-

1076 2527 1232 2569 strium
1255 2539 1403 2568 rerum
1422 2529 1727 2579 contemptum
1746 2530 1911 2569 aeterna
1943 2537 1952 2543 ·

1076 2582 1237 2634 gaudia
1256 2585 1590 2635 consequemur.
1619 2583 1703 2624 Per
1719 2583 1848 2624 Dfim.

1133 2645 1173 2677 In
1200 2643 1391 2684 Quadrag.
1418 2652 1614 2677 commem.
1642 2642 1773 2676 Feriae.

1132 2692 1172 2725 In
1203 2691 1228 2725 Ι.
1261 2691 1460 2725 Nocturno
1496 2690 1699 2724 Lectiones
1734 2690 1781 2723 de
1812 2687 1910 2723 Scri-

1079 2746 1190 2783 ptura
1217 2744 1449 2773 oecurrente.
