2040 2990
803 191 999 224 Dominica
1031 190 1052 223 1.
1081 189 1291 222 Adventus

198 298 328 326 unum
349 283 471 325 dives
491 288 535 325 et
551 296 730 344 pauper.
769 286 832 325 Ite
849 283 1021 325 obviarn

198 342 255 389 ei,
284 345 327 382 et
355 339 495 382 dicite.
536 340 581 386 λ’.
622 340 705 390 Qui
733 340 847 391 regis
874 339 1023 385 Israel,

198 396 393 445 intende,
427 397 498 449 qui
533 396 715 438 deducis
746 396 864 438 velut
896 409 1022 438 ovem

196 454 221 494 J
223 452 372 506 oseph.
408 454 563 495 Nuntia
582 453 721 502 nobis,
742 454 778 494 si
794 458 842 495 tu
857 466 904 495 es
919 453 1023 505 ipse.

203 509 244 558 Χῖ
266 509 428 551 Tellite
442 515 595 562 portas
611 510 831 563 principes
842 515 1023 552 vestras.

197 572 240 608 et
273 566 502 608 elevamini
528 572 669 619 portae
698 566 947 616 aeternales,
981 572 1024 607 et

197 622 393 664 introibit
411 624 508 665 Rex
527 623 689 674 gleriae.
720 623 800 673 Qui
823 626 1023 674 regnatu·

199 693 273 720 rus
293 693 340 721 es
360 680 402 720 in
422 680 589 732 pepulo
609 680 756 721 Israel.
788 675 833 726 Υ.
872 679 1022 721 Glaria

198 736 336 781 Patri,
365 742 408 778 et
433 736 561 786 Filio,
590 741 633 778 et
656 736 835 789 Spiritui
859 741 1022 778 sancto.

253 795 416 835 Deinde
443 796 650 846 repetitur
680 796 724 845 lxffa
747 793 978 846 Aspiciens
998 806 1022 834 a

196 849 342 898 longe,
377 866 511 902 usque
541 851 595 891 ad
630 846 673 896 δ”.
704 850 874 902 Quique
902 852 1022 892 terri-

197 919 332 956 genae.

253 972 331 1004 1100
362 972 401 1014 ἶς’.
437 982 508 1004 non
538 971 677 1005 (licitur
710 980 776 1011 per
804 968 1019 1001 Hebdoma-

198 1016 1018 1060 dauns-cdcius1‹›t·‹›dicitur1{v.i.Fcriaell.

198 1068 402 1109 sequentis.

508 1117 655 1156 Lectio
680 1116 713 1154 ii.

279 1183 317 1212 ae
331 1171 450 1222 genti
462 1171 708 1223 peccatrici,
723 1171 889 1224 populo
901 1173 1023 1223 gravi

290 1228 534 1280 iniquitate,
567 1228 721 1269 semini
744 1241 949 1281 nequam,
977 1229 1022 1270 fi-

196 1284 263 1325 liis
279 1284 517 1326 sceleratis:
536 1283 861 1337 dereliquerunt
874 1286 1023 1327 Demi·

197 1354 320 1390 num,
364 1340 780 1394 blasphemaverunt
825 1347 1023 1384 sanctum

196 1398 351 1448 Israel,
384 1397 617 1439 abalienati
644 1403 744 1440 sunt
772 1401 1023 1441 retrersum.

195 1454 335 1506 Super
355 1467 441 1507 quo
455 1456 699 1507 percutiam
713 1468 792 1497 vos
807 1455 931 1506 ultra,
950 1456 1023 1499 ad·
1083 1479 1087 1484 -

198 1510 351 1553 dentes
366 1511 796 1564 praevaricatianem?
812 1525 941 1555 omne
956 1526 1022 1555 ca-

197 1573 276 1618 put
294 1567 566 1619 languidum,
595 1574 638 1610 et
663 1581 792 1611 omne
817 1581 894 1611 cor
917 1583 1023 1612 moe-

198 1637 308 1666 rens.
332 1624 371 1665 A
392 1624 541 1677 planta
557 1625 684 1678 pedis
704 1639 843 1678 usque
859 1626 916 1668 ad
930 1629 1023 1668 ver-

197 1681 327 1722 ticem
346 1694 433 1723 non
449 1686 516 1723 est
530 1682 573 1722 in
588 1694 642 1724 eo
659 1683 837 1724 sanitas:
856 1683 1022 1733 vulnus,
1082 1703 1101 1724 ι·

198 1742 241 1779 et
259 1737 385 1786 livor,
414 1743 458 1780 et
478 1738 608 1791 plaga
626 1743 814 1789 tumens,
843 1753 930 1781 non
957 1747 1023 1782 est

197 1794 513 1846 circumligata,
546 1808 626 1837 nec
657 1798 808 1838 curata
835 1796 1022 1838 medica-

197 1851 322 1900 mine,
342 1864 483 1904 neque
504 1852 595 1894 fota
614 1852 725 1894 eleo.

254 1916 301 1965 lxffu
328 1912 610 1965 Aspiciebam
628 1914 671 1955 in
690 1914 786 1955 visu
806 1915 959 1965 noctis,
980 1921 1023 1957 et

198 1980 301 2010 ecce
326 1969 368 2010 in
393 1968 581 2011 nubibus
606 1970 707 2012 coeli
729 1970 863 2012 Filius
887 1971 1023 2014 hemi-

198 2025 265 2065 nis
293 2025 511 2067 veniebat:
544 2030 587 2068 et
620 2026 769 2068 datum
798 2033 865 2069 est
892 2029 931 2070 ei
959 2042 1023 2071 re·

199 2093 342 2131 gnum,
362 2086 405 2123 et
424 2081 580 2123 honor:
605 2088 623 2107 *
651 2083 708 2125 Et
726 2084 866 2126 omnis
886 2087 1023 2139 pepu-

200 2137 286 2199 lus,
315 2137 473 2187 tribus,
501 2144 544 2180 et
571 2139 729 2190 linguae
757 2142 947 2184 servient
975 2143 1023 2185 ei.

205 2195 238 2239 λ’
278 2194 479 2235 Potestas
500 2196 605 2246 ejuS,
628 2198 827 2248 potestas
850 2201 1023 2249 aeterna,

202 2263 300 2303 quae
315 2263 401 2292 non
417 2251 650 2294 auferetur:
667 2258 711 2294 et
725 2266 906 2306 regnum
923 2257 1023 2308 ejus,

202 2306 320 2359 quod
340 2320 426 2348 non
447 2311 760 2362 corrumpetur.
787 2311 853 2353 Et.

505 2373 651 2413 Lectio
677 2374 725 2413 iii.

201 2421 383 2526 Terra
418 2431 563 2468 vestra
596 2426 788 2478 deserta,
826 2430 1024 2473 civitates

297 2487 455 2524 vestrae
487 2486 709 2526 succensae
742 2486 847 2536 igni:
888 2489 1024 2538 regio-

202 2551 301 2581 nem
333 2544 523 2581 vestram
560 2553 708 2582 coram
741 2542 866 2584 vobis
898 2543 1023 2585 alieni

202 2595 433 2645 devorant,
467 2602 510 2638 et
542 2596 812 2639 desolabitur
844 2599 955 2640 sicut
983 2602 1023 2641 in

204 2653 407 2694 vastitate
430 2652 587 2694 hostili.
621 2655 676 2695 Et
701 2654 1024 2708 derelinquetur

203 2709 291 2751 filia
309 2709 413 2750 Sion
438 2715 484 2751 ut
504 2710 803 2752 umbraculum
828 2713 869 2753 in
891 2715 1024 2763 vinea,

190 2807 208 2814 .-

1076 287 1120 324 et
1144 282 1257 324 sicut
1279 283 1501 334 tugurium
1524 283 1568 323 in
1592 282 1903 331 cucumerario,

1076 344 1119 381 et
1139 339 1252 381 sicut
1271 339 1435 389 civitas,
1457 351 1555 392 quae
1574 340 1781 380 vastatur.
1807 339 1902 381 Nisi

1076 395 1290 437 Deminus
1337 398 1607 438 exercituum
1656 395 1905 448 reliquisset

1076 452 1201 493 nobis
1221 465 1381 501 semen,
1403 453 1526 504 quasi
1541 451 1735 494 Sodoma
1754 451 1903 493 fuisse-

1076 522 1192 558 mus,
1226 514 1269 551 et
1303 509 1427 562 quasi
1457 508 1708 551 Gomorrha
1740 508 1903 551 similes

1077 567 1283 607 essemus.

1131 627 1178 665 1·.
1209 623 1370 664 Missus
1398 627 1466 664 est
1500 621 1681 664 Gabriel
1708 621 1903 673 Angelus

1076 678 1133 720 ad
1198 681 1335 721 ariam
1346 679 1573 730 Virginem
1590 678 1904 731 desponsatam

1074 735 1099 776 J
1101 734 1252 788 oseph,
1271 736 1475 777 nuntians
1495 736 1534 777 ei
1552 735 1750 786 verbum3
1770 739 1815 777 et
1833 748 1903 777 ex-

1075 793 1274 845 pavescit
1299 793 1439 843 Virgo
1471 792 1527 835 de
1558 792 1735 834 lumine:
1766 804 1821 833 ne
1853 793 1903 834 ti-

1075 862 1207 899 meas,
1217 849 1366 899 Maria,
1378 849 1581 891 invenisti
1589 849 1775 901 gratiam
1786 847 1905 901 apud

1075 906 1327 947 Deminum:
1348 910 1368 931 ‘⁸
1389 906 1506 948 Ecce
1525 906 1748 958 concipies
1767 910 1812 948 et
1829 906 1904 958 pa-

1075 963 1177 1012 ries,
1203 967 1246 1004 et
1271 962 1502 1004 vocabitur
1520 962 1737 1004 Altissimi
1758 962 1904 1004 Filius.

1080 1017 1124 1067 ἶς’.
1153 1018 1289 1062 Dabit
1313 1019 1353 1062 ei
1375 1019 1592 1062 Deminus
1610 1019 1733 1062 Deus
1753 1018 1905 1062 sedem

1075 1075 1236 1126 David,
1264 1076 1403 1129 patris
1427 1077 1534 1129 ejus,
1563 1081 1606 1118 et
1633 1075 1834 1128 regnabit
1859 1075 1903 1117 in

1076 1133 1209 1175 domo
1246 1133 1384 1176 Jacob
1420 1133 1465 1174 in
1501 1135 1724 1175 aeternum.
1777 1133 1903 1175 Ecce.

1079 1191 1231 1232 (iloria
1247 1191 1378 1232 Patri.
1405 1190 1532 1232 Ecce.

1128 1259 1190 1292 Sic
1217 1268 1369 1301 semper
1396 1258 1536 1291 dicitur
1561 1256 1695 1292 Gleria
1717 1254 1834 1292 Patri.
1866 1257 1902 1290 in

1077 1308 1148 1340 tine
1173 1307 1292 1340 ultimi
1316 1307 1355 1350 Ixffa
1378 1306 1583 1349 cujuslibet
1599 1306 1803 1344 Nocturni,
1828 1305 1902 1338 nisi

1077 1355 1188 1389 aliter
1203 1360 1363 1389 notetur.

1309 1434 1357 1472 In
1376 1433 1427 1472 II.
1446 1433 1669 1472 Noeturno.

1163 1506 1317 1544 Sermo
1338 1501 1477 1543 sancti
1494 1500 1662 1554 Leonis,
1674 1500 1818 1552 Papae.

1120 1575 1236 1607 Serm.
1251 1576 1285 1607 S.
1298 1574 1343 1607 de
1364 1574 1419 1613 ici.
1435 1572 1482 1606 X.
1498 1583 1615 1606 mens.
1632 1578 1668 1607 et
1682 1573 1859 1606 eleemos.

1378 1630 1529 1671 Lectio
1549 1629 1600 1669 iv.

1079 1722 1091 1747 ·‘
1288 1689 1455 1788 35133?
1459 1690 1563 1788 {¹1¹3
1572 1701 1633 1787 ἐξ
1634 1688 1905 1798 ῗὲἷηξὲἷῐηῗ

1082 1792 1183 1833 Q*
1210 1803 1450 1857 discipulos
1483 1815 1587 1844 suos
1613 1802 1816 1844 Salvator
1843 1777 1903 1843 ins

1076 1865 1284 1911 strueret,
1311 1861 1541 1912 totamque
1563 1858 1808 1900 Ecclesiam
1836 1871 1903 1900 su-

1076 1932 1147 1960 am
1171 1918 1214 1959 in
1238 1916 1469 1971 Apestolis
1493 1915 1701 1958 erudiret:
1730 1915 1903 1965 Cavete,

1076 1975 1235 2028 inquit,
1266 1987 1322 2016 ne
1353 1974 1467 2015 forte
1499 1974 1735 2024 graventur
1767 1971 1904 2014 corda

1077 2037 1224 2074 vestra
1247 2031 1291 2072 in
1315 2029 1511 2083 crapula,
1540 2034 1584 2071 et
1608 2029 1835 2079 ebrietate,
1860 2034 1904 2071 et

1077 2086 1415 2140 cogitationibus
1441 2085 1736 2128 saecularibus.
1773 2085 1904 2136 Quod

1077 2146 1227 2198 utique
1276 2145 1572 2197 praeceptum,
1623 2142 1903 2192 dilectissimi,

1077 2202 1134 2244 ad
1151 2214 1234 2243 nos
1254 2198 1486 2254 specialius
1504 2199 1723 2252 pertinere
1744 2201 1903 2249 cogne-

1078 2259 1258 2307 scimus,
1297 2255 1454 2309 quibus
1487 2255 1766 2297 denuntiatus
1799 2254 1904 2305 dies,

1078 2314 1248 2357 etiamsi
1262 2318 1330 2356 est
1343 2311 1555 2363 occultus,
1574 2324 1663 2354 non
1680 2311 1904 2354 dubitatur

1078 2384 1175 2415 esse
1194 2371 1373 2412 vicinus.

1134 2436 1178 2486 Ιςι.
1207 2433 1303 2473 Ave
1322 2431 1470 2480 Maria,
1493 2429 1634 2482 gratia
1650 2428 1792 2482 plena,
1815 2429 1902 2470 De-

1077 2489 1219 2530 minus
1250 2493 1414 2530 tecum:
1450 2491 1469 2513 *
1507 2485 1694 2539 Spiritus
1726 2490 1902 2526 sanctus

1078 2545 1355 2598 superveniet
1374 2543 1418 2584 in
1436 2548 1496 2592 te,
1516 2547 1561 2584 et
1579 2542 1715 2584 virtus
1735 2541 1903 2583 Altissi-

1077 2603 1134 2643 mi
1154 2599 1435 2643 obumbrabit
1452 2598 1546 2641 tibi:
1575 2598 1694 2651 quod
1715 2598 1829 2640 enim
1849 2611 1903 2640 ex

1078 2664 1120 2700 te
1141 2659 1343 2699 nascetur
1357 2657 1575 2705 Sanctum,
1592 2655 1823 2697 vocabitur
1836 2655 1903 2696 Fi-

1078 2715 1159 2756 lius
1184 2714 1277 2755 Dei.
1317 2707 1365 2759 Y
1402 2711 1635 2763 Quomodo
1668 2712 1744 2754 fiet
1775 2710 1902 2759 istud,
