2040 2990
762 205 806 239 111
831 205 976 239 Octava
1000 205 1035 240 S.
1056 206 1229 239 Joannis.

146 297 301 338 minus:
338 304 361 329 *
391 299 448 340 Et
484 299 672 341 scribam
706 312 836 352 super
869 313 968 342 eum

146 366 305 396 nomen
330 367 493 405 meum,
522 360 565 397 et
592 368 751 398 nomen
779 356 966 398 civitatis

146 422 272 452 novae
297 411 549 453 Jerusalem.
586 411 635 463 V.
660 413 866 454 Vincenti
895 413 966 454 da-

146 466 204 508 bo
230 467 359 509 edere
385 468 439 509 de
463 468 581 519 ligno
606 469 725 519 vitae,
755 469 874 521 quod
902 474 968 510 est

146 523 190 564 in
208 523 413 576 paradiso
433 525 516 566 Dei
534 526 630 567 mei.
657 526 723 567 Et.

457 585 608 627 Lectio
629 600 664 625 v.

150 637 311 743 Huic
335 641 467 678 tantae
491 637 747 679 sublimitati
767 638 968 691 principii

245 694 375 735 etiam
406 698 551 737 cetera
584 697 775 746 congrua
811 695 968 746 praedi-

149 751 274 801 cavit,
294 756 337 793 et
352 752 406 794 de
419 752 597 793 Domini
612 751 848 802 divinitate,
865 755 967 804 quo-

147 807 281 849 modo
301 808 443 850 nullus
459 808 579 859 alius,
600 813 665 850 est
679 808 866 849 locutus:
885 807 969 849 hoc

147 864 362 915 ructabat,
387 864 505 917 quod
523 864 703 907 biberat.
735 864 835 905 Non
856 865 968 906 enim

148 921 239 962 sine
266 934 397 962 causa
423 921 477 963 de
501 921 576 962 illo
601 922 644 962 in
667 921 752 963 isto
771 921 867 973 ipso
887 922 968 962 Ev-

148 977 317 1028 angelio
336 980 551 1028 narratur,
581 978 681 1030 quia
701 982 743 1019 et
762 978 805 1018 in
824 980 968 1019 convi-

148 1035 219 1075 vio
245 1047 376 1087 super
404 1039 558 1088 pectus
581 1034 759 1076 Domini
785 1034 968 1075 discum-

147 1090 289 1133 bebat.
322 1091 389 1133 De
412 1092 488 1133 illo
515 1104 620 1142 ergo
642 1093 823 1144 pectore
842 1091 886 1131 in
906 1103 968 1132 se-

150 1150 269 1189 creto
288 1147 480 1199 bibebat,
500 1149 579 1190 sed
599 1148 719 1201 quod
736 1148 780 1188 in
800 1149 968 1189 secreto

148 1203 274 1254 bibit,
310 1205 353 1245 in
388 1205 616 1246 manifesto
653 1205 878 1246 eructavit:
923 1209 970 1245 ut

148 1261 374 1313 perveniat
413 1261 470 1303 ad
510 1274 661 1303 omnes
694 1265 847 1312 gentes
883 1273 969 1302 non

149 1317 292 1359 solum
308 1317 548 1359 incarnatio
568 1317 666 1358 Filii
683 1317 782 1367 Dei,
809 1318 969 1370 passio,

150 1379 194 1416 et
230 1375 510 1424 resurrectio,
556 1374 635 1416 sed
682 1375 813 1415 etiam
851 1374 970 1426 quod

150 1436 244 1473 erat
288 1436 388 1473 ante
431 1431 774 1472 incarnationem
817 1430 969 1471 unicus

149 1487 285 1538 Patri,
312 1488 511 1530 Verbum
537 1488 696 1537 Patris,
725 1489 969 1530 coaeternus

149 1545 384 1595 generanti,
406 1543 587 1596 aequalis
607 1544 647 1586 ei
666 1557 691 1585 a
709 1556 795 1596 quo
813 1544 969 1585 missus

151 1605 228 1642 est.

199 1658 250 1710 Rz.
286 1657 507 1709 Diligebat
534 1661 680 1698 autem
707 1669 806 1698 eum
832 1656 969 1706 Jesus,

152 1713 357 1766 quoniam
375 1713 578 1766 specialis
596 1715 889 1766 praerogativa
904 1726 969 1754 ca-

150 1770 308 1812 stitatis
332 1770 534 1823 ampliori
557 1769 790 1812 dilectione
808 1770 971 1811 fecerat

150 1826 342 1892 dignum:
366 1829 389 1853 *
421 1827 532 1877 Quia
558 1827 680 1877 virgo
717 1826 882 1868 electus
915 1826 969 1867 ab
1025 1828 1092 1878 ῑξῗὲζζ,

150 1883 262 1936 ipso,
302 1883 425 1935 virgo
462 1883 504 1924 in
544 1895 687 1924 aevum
721 1883 971 1935 permansit.

149 1938 286 1987 V.1n
329 1952 456 1982 011100
493 1940 680 1992 denique
716 1939 969 1989 moriturus,

150 1995 250 2037 huic
280 2001 463 2038 matrem
496 2009 618 2038 suam
648 1996 859 2047 virginem
888 1997 969 2036 vir-

151 2053 238 2103 gini
263 2052 594 2095 commendavit.
635 2053 756 2103 Quia,

446 2112 596 2153 Lectio
616 2113 668 2152 vi.

231 2166 347 2218 quila
382 2166 476 2218 ipse
508 2169 575 2207 est
601 2165 809 2215 Joannes,
843 2165 970 2207 subli-

258 2223 392 2264 mium
410 2222 691 2275 praedicator,
716 2226 760 2263 et
783 2221 892 2263 lucis
911 2222 970 2262 in-

151 2281 288 2320 ternae
324 2283 454 2331 atque
491 2279 667 2319 aeternae
703 2278 801 2319 fixis
834 2278 970 2319 oculis

152 2335 479 2387 contemplator.
532 2335 748 2376 Dicuntur
780 2335 894 2376 enim
928 2339 971 2376 et

151 2391 260 2443 pulli
291 2391 533 2444 aquilarum
564 2404 590 2432 a
621 2390 875 2443 parentibus
908 2391 970 2431 sic

152 2447 344 2499 probari,
368 2447 504 2500 patris
529 2446 695 2488 scilicet
713 2460 857 2498 ungue
881 2460 969 2487 5115-

153 2503 294 2555 pendi,
319 2508 362 2545 et
384 2503 517 2545 radiis
542 2503 647 2544 solis
672 2503 847 2556 opponi.
888 2503 970 2552 Qui

154 2559 276 2600 firme
313 2559 632 2612 contemplatus
668 2559 814 2609 faerit,
858 2558 971 2599 filius

155 2615 418 2665 agnoscitur:
462 2617 499 2657 si
543 2617 635 2657 acie
680 2615 971 2668 palpitaverit,

154 2676 376 2722 tamquam
420 2671 687 2713 adulterinus
729 2672 784 2713 ab
829 2683 971 2721 ungue
1013 2717 1015 2721 ¹

156 2727 394 2768 dimittitur.
421 2727 445 2768 J
446 2740 517 2768 am
535 2741 639 2780 ergo
658 2727 819 2778 videte,
842 2739 971 2779 quam

1773 207 1839 243 239

1020 299 1220 341 sublimia
1234 300 1354 352 loqui
1369 300 1529 351 debuit,
1550 303 1623 354 qui
1638 307 1704 344 est
1721 304 1838 355 aqui-

1019 355 1074 397 1ae
1111 359 1406 408 comparatus:
1450 363 1492 399 et
1526 364 1670 400 tamen
1708 359 1839 401 etiam

1019 425 1099 454 nos
1117 412 1237 454 humi
1256 415 1474 465 repentes,
1500 415 1674 465 infirmi,
1705 421 1748 457 et
1766 417 1839 458 vix

1020 469 1147 510 ullius
1166 470 1376 511 momenti
1402 470 1514 512 inter
1532 471 1742 523 homines,
1768 485 1837 513 au-

1022 525 1172 567 demus
1195 529 1382 568 tractare
1406 527 1503 577 ista,
1537 533 1580 569 et
1603 529 1685 569 ista
1708 531 1838 581 expo-

1020 595 1140 623 nere:
1173 589 1216 624 et
1244 586 1448 635 putamus
1476 597 1556 625 nos
1584 589 1657 625 aut
1684 587 1838 637 capere

1020 651 1151 691 posse
1191 652 1290 680 cum
1328 639 1588 690 cogitamus,
1631 645 1704 682 aut
1745 642 1841 694 capi

1022 694 1124 736 dum
1143 695 1337 736 dicimus.

1075 754 1126 805 R.
1144 752 1194 792 111
1212 753 1356 794 medio
1376 753 1584 795 Ecclesiae
1604 755 1772 806 aperuit
1791 767 1840 795 os

1022 810 1128 861 ejus,
1148 811 1170 835 *
1196 810 1251 850 Et
1281 810 1478 862 implevit
1506 822 1605 851 eum
1630 810 1840 851 Dominus

1022 866 1176 918 spiritu
1223 866 1447 918 sapientiae
1501 871 1543 907 et
1587 866 1841 908 intellectus.

1023 924 1073 971 V.
1098 922 1422 964 Jucunditatem
1444 927 1487 964 et
1509 923 1842 964 exsultationem

1021 979 1333 1021 thesaurizavit
1352 993 1483 1032 super
1503 992 1610 1021 eum.
1641 980 1706 1021 Et.
1740 979 1841 1020 Glo-

1022 1037 1084 1077 ria
1104 1036 1234 1078 Patri.
1262 1037 1328 1078 Et.

1237 1112 1285 1150 In
1312 1111 1382 1150 111.
1409 1110 1629 1149 Nocturno.

1021 1175 1172 1217 Lectio
1199 1176 1336 1217 sancti
1356 1176 1580 1226 Evangelii
1603 1176 1841 1217 secandum

1320 1233 1344 1272 J
1348 1234 1543 1273 oannem.

1100 1293 1251 1334 Lectio
1273 1293 1341 1333 vii.
1537 1292 1637 1344 Cap.
1653 1293 1708 1332 21.
1726 1292 1763 1333 d.

1069 1366 1097 1393 n
1122 1353 1196 1394 illo
1226 1355 1438 1406 tempore:
1470 1353 1591 1394 Dixit
1616 1353 1640 1393 J
1643 1365 1740 1394 esus
1765 1353 1841 1394 Pe-

1086 1414 1168 1451 tro:
1188 1410 1378 1462 Sequere
1396 1423 1476 1451 me.
1505 1410 1750 1451 Conversus
1765 1409 1840 1450 Pe-

1021 1470 1129 1515 trus,
1152 1466 1261 1507 vidit
1278 1466 1398 1507 illum
1418 1466 1692 1518 discipulum,
1714 1478 1842 1517 quem

1023 1522 1230 1573 diligebat
1248 1523 1272 1563 J
1275 1536 1384 1572 esus,
1404 1525 1669 1575 sequentem.
1705 1522 1761 1562 Et
1780 1523 1841 1562 re-

1023 1579 1150 1630 liqua.

1151 1652 1340 1693 Homilia
1368 1653 1508 1694 sancti
1535 1652 1559 1692 J
1562 1652 1713 1693 oannis

1277 1709 1588 1761 Chrysostomi.

1098 1768 1207 1803 Hom.
1232 1770 1286 1803 87.
1311 1770 1349 1803 in
1373 1770 1520 1812 ι1031111,
1546 1770 1646 1804 circa
1670 1772 1764 1805 med.

1082 1828 1211 1870 ’0
1258 1833 1414 1871 magna
1463 1819 1660 1861 Christus
1708 1820 1839 1861 Petro

1030 1920 1122 1942 V
1157 1877 1537 1925 communicasset,
1564 1875 1682 1917 orbis
1709 1877 1841 1917 terra-

1028 1954 1112 1961 Α
1108 1921 1133 1960 31
1156 1948 1250 1975 111111
1313 1946 1460 1975 01113111
1523 1908 1841 1982 demandasset,

1022 1952 1275 2043 martyrium
1305 1989 1599 2043 praedixisset,
1638 1993 1681 2030 et
1712 1990 1841 2041 majo-

1023 2061 1114 2089 rem
1143 2060 1246 2098 erga
1274 2059 1372 2088 eum
1400 2045 1679 2087 dilectionem
1712 2047 1841 2086 testa-

1021 2109 1091 2146 tus
1116 2108 1244 2145 esset:
1271 2116 1370 2144 cum
1392 2102 1523 2144 vellet
1541 2103 1697 2144 Petrus
1715 2102 1739 2142 J
1742 2103 1841 2142 oan-

1022 2173 1121 2202 nem
1150 2161 1316 2201 socium
1349 2164 1392 2201 et
1425 2159 1657 2210 collegam,
1689 2157 1842 2209 inquit:

1022 2217 1107 2257 Hic
1134 2221 1279 2258 autem
1308 2214 1436 2268 quid?
1473 2213 1697 2267 Numquid
1729 2215 1840 2255 eam-

1024 2273 1124 2315 dem
1148 2273 1262 2314 viam
1288 2271 1584 2324 aggredietur?
1619 2271 1674 2312 Et
1698 2282 1840 2322 quem-

1023 2329 1259 2371 admodum
1273 2329 1317 2370 in
1332 2341 1457 2370 coena
1471 2329 1738 2377 interrogare
1754 2338 1841 2366 non

1023 2398 1168 2436 ausus,
1195 2385 1406 2426 Joannem
1433 2383 1615 2433 suffecit3
1643 2383 1703 2423 ita
1728 2394 1841 2422 nune

1022 2442 1163 2483 vicem
1177 2441 1331 2491 reddit,
1352 2441 1587 2482 arbitratus
1607 2452 1705 2480 eum
1719 2437 1840 2487 velle,

1023 2498 1102 2539 sed
1133 2510 1221 2539 non
1257 2497 1418 2539 audere
1450 2496 1504 2537 de
1537 2508 1583 2537 se
1619 2493 1840 2536 sciscitari.

1023 2555 1136 2595 Tum
1148 2554 1357 2596 Christus:
1374 2553 1418 2595 Si
1438 2565 1536 2594 eum
1551 2551 1652 2592 volo
1667 2551 1839 2591 manere

1023 2609 1163 2652 donee
1182 2610 1364 2660 veniam,
1384 2608 1488 2661 quid
1506 2607 1562 2649 ad
1579 2606 1645 2649 te?

1071 2671 1210 2723 31111
1242 2670 1361 2711 illum
1393 2669 1509 2711 diem
1536 2667 1768 2729 suscipiam
1794 2669 1838 2705 te

1023 2739 1195 2768 servum
1218 2739 1377 2775 meum,
1406 2730 1448 2766 et
1474 2736 1634 2777 ponam
1658 2728 1701 2763 te
1728 2721 1836 2761 sicut
