2080 2990
460 244 532 278 Die
559 245 610 278 18.
636 246 724 279 Dec.
772 246 814 279 In
840 246 1138 288 Exspectatione
1165 248 1301 281 Partus
1326 248 1365 281 Β.
1394 250 1437 282 M.
1464 249 1505 282 V.

182 346 280 386 Ant.
310 345 402 384 Dfis
422 342 544 384 dabit
566 343 890 394 benignitatem,
915 348 958 384 et

127 405 246 442 terra
262 404 415 441 nostra
434 398 556 440 dabit
574 398 764 440 fructum
785 412 920 439 suum.

182 457 280 496 Ant.
311 456 426 496 Ecce
451 454 596 495 veniet
615 454 736 495 Deus
762 459 806 495 et
823 454 956 495 homo

130 511 186 552 de
213 510 346 552 domo
370 509 516 551 David
540 509 694 551 sedere
719 511 763 550 in
786 510 957 559 throno,

128 566 312 618 alleluja.

400 619 599 659 Psalmus
621 621 685 660 86.

218 676 483 719 undamenta
519 678 610 728 ejus
650 677 695 717 in
735 675 957 717 montibus

241 734 419 775 sanctis:
434 735 458 761 *
473 733 616 783 diligit
629 732 845 773 Deminus
859 744 958 783 por-

128 794 196 831 tas
219 789 323 830 Sion
347 802 480 842 super
505 789 650 830 omnia
674 787 958 829 tabernacula

128 845 277 886 Jacob.

181 900 388 942 Gloriosa
406 900 524 941 dicta
543 904 644 941 sunt
665 899 720 940 de
739 904 795 948 te,
814 899 837 924 *
858 898 957 940 civi-

127 961 196 998 tas
216 956 311 997 Dei.

180 1012 350 1053 Memor
369 1024 445 1053 ero
467 1011 634 1061 Rahab,
657 1015 701 1052 et
717 1010 957 1062 Baby16nis

129 1068 152 1094 *
172 1068 401 1109 scientium
419 1080 501 1108 me.

180 1124 297 1164 Ecce
328 1123 601 1173 alienigenae,
638 1127 682 1163 et
714 1122 878 1173 Tyrus,
914 1125 958 1162 et

128 1179 320 1232 pupulus
346 1178 624 1231 AEthiopum,
653 1179 676 1204 *
703 1178 749 1218 hi
781 1178 957 1218 fuerunt

127 1235 227 1276 illic.

178 1290 406 1343 Numquid
429 1290 534 1331 Sion
558 1290 694 1331 dicet:
721 1290 886 1338 Homo,
914 1294 958 1330 et

126 1346 260 1387 homo
280 1350 407 1387 natus
428 1350 496 1387 est
514 1346 558 1386 in
578 1358 643 1387 ea:
657 1346 680 1371 *
698 1345 849 1396 etipse
865 1345 955 1385 fun-

127 1401 249 1443 davit
267 1414 366 1443 eam
383 1400 658 1442 Altissimus?

179 1457 396 1498 Deminus
428 1456 623 1498 narrabit
653 1457 697 1496 in
729 1455 956 1507 scripturis

126 1512 405 1564 populorum,
425 1517 469 1554 et
483 1512 743 1564 principum:
754 1512 777 1537 *
788 1511 956 1559 horum,

128 1569 203 1620 qui
221 1568 397 1609 fuerunt
416 1568 461 1608 in
480 1580 541 1609 ea.

177 1624 298 1665 Sicut
315 1623 561 1665 laetantium
583 1623 778 1664 emnium
795 1624 819 1649 *
838 1621 955 1663 habi-

126 1680 236 1721 tatio
257 1684 324 1721 est
342 1680 387 1720 in
405 1684 461 1721 te.

179 1736 278 1776 Ant.
306 1737 423 1776 Ecce
447 1735 592 1776 veniet
609 1735 731 1775 Deus
756 1738 799 1774 et
822 1733 955 1774 homo

127 1789 183 1832 de
208 1790 341 1832 domo
366 1790 513 1832 David
538 1790 693 1832 sedere
719 1790 763 1830 in
785 1789 956 1837 throno,

126 1846 309 1898 alleluja.

182 1902 282 1942 Ant.
298 1902 534 1943 Afiuntiate
548 1901 738 1954 papulis,
754 1905 797 1942 et
810 1899 956 1941 dicite:

125 1958 242 1999 Ecce
262 1958 384 1999 Deus
403 1958 605 1999 Salvator
627 1962 778 1997 noster
801 1955 957 1997 veniet.

400 2014 599 2053 Psalmus
618 2015 684 2053 95.

204 2070 351 2110 antate
372 2069 472 2110 Dfio
493 2069 711 2110 canticum
727 2079 908 2108 novum:
933 2067 957 2093 *

231 2127 405 2166 cantate
424 2124 616 2165 Domino
636 2124 776 2165 omnis
794 2128 923 2164 terra.

182 2181 366 2222 Cantate
394 2180 601 2229 Domino,
635 2185 679 2221 et
711 2178 957 2221 benedicite

130 2237 293 2277 nomini
313 2237 418 2287 ejus:
434 2238 458 2263 *
478 2236 730 2277 annuntiate
750 2234 804 2276 de
825 2233 895 2276 die
914 2234 958 2274 in

131 2292 247 2333 diem
265 2292 455 2333 salutare
474 2293 575 2343 ejus.

182 2348 449 2389 Annuntiate
467 2348 580 2388 inter
596 2347 760 2388 Gentes
774 2346 958 2396 gloriam

130 2404 237 2499 fiius,
255 2404 279 2429 *
298 2404 343 2444 in
367 2403 568 2444 amnibus
591 2402 768 2455 papulis
786 2401 956 2442 mirabi-

162 2471 187 2499 a
206 2471 309 2509 ejus.

183 2514 400 2563 Quoniam
432 2526 614 2564 magnus
646 2513 877 2564 Deminus,
915 2519 958 2555 et

130 2567 362 2610 laudabilis
381 2569 521 2610 nimis:
536 2571 560 2597 *
578 2569 783 2611 terribilis
804 2575 870 2611 est
890 2583 957 2610 su-

131 2637 211 2676 per
230 2636 381 2665 omnes
401 2623 520 2666 deos,

184 2679 399 2728 Quoniam
414 2693 565 2721 omnes
582 2680 642 2721 dii
653 2680 858 2721 Gentium
871 2680 956 2720 dae-

131 2735 294 2776 menia:
312 2735 336 2761 *
354 2735 448 2776 Dfis
468 2741 614 2777 autem
633 2736 771 2778 coelos
790 2735 901 2777 fecit.

1064 343 1304 392 Confessio,
1324 349 1367 385 et
1385 343 1666 395 pulchritudo
1681 345 1724 384 in
1739 357 1838 385 con-

1011 401 1166 451 spectu
1195 400 1299 450 ejus:
1318 400 1341 424 *
1366 400 1652 440 sanctimonia
1681 406 1724 441 et
1751 413 1838 441 ma-

1010 454 1258 505 gnificentia
1276 455 1320 494 in
1340 456 1685 497 sanctificatione
1705 458 1807 508 ejus.

1062 509 1231 551 Asterte
1246 510 1436 551 Demino
1451 511 1607 562 patriae
1623 511 1839 560 Gentium,

1011 565 1163 607 afferte
1191 566 1383 607 Domino
1418 567 1602 616 gleriam
1635 572 1678 607 et
1703 566 1839 608 hono-

1011 635 1117 662 rem:
1137 622 1160 647 *
1178 621 1330 662 afferte
1350 622 1540 663 Domino
1561 622 1745 673 glutiam
1764 625 1838 663 no-

1010 678 1115 718 mini
1135 678 1236 728 ejus.

1063 733 1226 774 Tollite
1236 733 1413 782 hostias,
1429 739 1472 774 et
1487 733 1664 774 introite
1675 734 1719 773 in
1729 733 1840 774 atria

1012 790 1116 840 ejus:
1141 790 1164 814 *
1189 789 1372 830 adorate
1395 789 1632 829 Deminum
1658 789 1701 829 in
1727 789 1838 830 atrio

1012 850 1164 886 sancto
1184 846 1285 896 ejus.

1065 901 1404 942 Commoveatur
1436 915 1462 943 a
1492 901 1602 942 facie
1632 901 1722 952 ejus
1750 900 1838 940 uni-

1010 958 1137 997 versa
1169 961 1299 997 terra:
1326 957 1350 982 *
1379 955 1510 998 dicite
1544 957 1589 996 in
1624 955 1838 997 Gentibus

1012 1012 1113 1063 quia
1132 1012 1346 1053 Deminus
1365 1013 1573 1063 regnavit.

1062 1068 1234 1108 Etenim
1282 1069 1471 1109 correxit
1518 1068 1670 1109 orbem
1709 1072 1839 1108 terrae

1012 1124 1085 1175 qui
1103 1136 1191 1164 non
1211 1124 1573 1165 commovebitur:
1588 1125 1611 1149 *
1632 1121 1839 1174 judicabit

1010 1179 1200 1231 pupulos
1219 1180 1263 1219 in
1283 1179 1501 1231 aequitate.

1061 1235 1285 1275 Laetentur
1304 1234 1421 1284 coeli,
1441 1240 1484 1276 et
1503 1235 1693 1275 exsultet
1711 1238 1838 1281 terra,

1011 1292 1341 1331 commoveatur
1367 1303 1503 1340 mare,
1541 1295 1584 1331 et
1610 1287 1837 1341 plenitudo

1011 1347 1115 1396 ejus:
1134 1346 1158 1371 *
1178 1344 1430 1396 gaudebunt
1450 1345 1609 1398 campi,
1630 1349 1674 1385 et
1694 1343 1838 1385 emnia

1011 1415 1109 1452 quae
1128 1402 1172 1441 in
1191 1402 1253 1442 eis
1273 1406 1384 1442 sunt.

1061 1457 1186 1498 Tunc
1228 1456 1507 1498 exsultabunt
1544 1455 1689 1497 emnia
1721 1454 1838 1504 ligna

1009 1512 1217 1553 silvarum
1241 1525 1267 1553 a
1290 1513 1401 1553 facie
1420 1512 1523 1561 Dfii,
1545 1511 1646 1563 quia
1664 1510 1796 1551 venit:
1815 1511 1839 1536 *

1010 1568 1217 1620 quoniam
1234 1569 1352 1609 venit
1372 1567 1564 1620 judicare
1582 1572 1755 1608 terram.

1060 1625 1083 1664 J
1087 1623 1282 1665 udicabit
1311 1624 1463 1665 orbem
1489 1629 1619 1665 terrae
1643 1622 1687 1662 in
1707 1620 1839 1672 aequi·

1008 1683 1110 1729 tate,
1130 1682 1153 1707 *
1173 1685 1216 1721 et
1234 1679 1426 1732 pupulos
1447 1680 1491 1720 in
1509 1679 1693 1720 veritate
1713 1689 1802 1718 sua.

1066 1742 1163 1780 Ant.
1186 1740 1421 1781 Afiuntiate
1435 1739 1623 1792 populis,
1637 1744 1679 1780 et
1695 1737 1840 1779 dicite:

1009 1798 1124 1838 Ecce
1144 1796 1265 1836 Deus
1284 1796 1485 1836 Salvator
1507 1799 1658 1835 noster
1682 1793 1838 1835 veniet.

1065 1850 1115 1898 V.
1138 1851 1400 1901 Egredietur
1419 1851 1633 1891 Deminus
1658 1849 1713 1891 de
1736 1849 1836 1889 loco

1010 1912 1162 1948 sancto
1196 1919 1287 1947 suo.
1340 1908 1389 1946 R·.
1421 1906 1581 1947 Veniet
1618 1910 1667 1946 ut
1700 1904 1838 1945 salvet

1009 1962 1222 2015 populum
1242 1975 1378 2003 suum.

1065 2035 1103 2069 Si
1130 2036 1202 2069 hoc
1228 2036 1382 2069 Festum
1409 2036 1556 2069 venerit
1582 2036 1619 2067 in
1644 2035 1753 2068 Fcriu
1778 2035 1836 2067 IV.

1012 2083 1184 2122 Quatuor
1207 2083 1339 2125 Temp.
1372 2083 1585 2118 Adventus.
1617 2083 1703 2115 loco
1733 2093 1837 2124 sequ.

1012 2130 1163 2170 Homil„
1182 2131 1359 2171 leguntur
1375 2135 1451 2163 tres
1470 2130 1570 2163 Lcct.
1588 2130 1725 2162 llomil.
1743 2131 1838 2167 cius-

1013 2177 1097 2210 dem
1124 2178 1246 2210 Feriae
1271 2177 1332 2211 IV.
1359 2187 1444 2211 cum
1472 2177 1549 2220 ΙῆΙέ.
1576 2177 1836 2219 sequentibus.

1013 2235 1164 2276 Lectio
1190 2234 1330 2276 sancti
1349 2232 1576 2283 Evangelii
1598 2228 1838 2272 secundum

1333 2289 1509 2330 Lucam.

1115 2346 1266 2387 Lectio
1286 2348 1353 2387 vii.
1539 2346 1641 2396 Cap.
1660 2347 1685 2384 Ι.
1701 2358 1734 2384 c.

1056 2417 1084 2443 n
1102 2402 1177 2443 illo
1198 2403 1412 2452 tempore:
1431 2399 1591 2439 Missus
1611 2402 1679 2438 est
1693 2397 1836 2446 Ange-

1074 2458 1142 2498 lus
1167 2456 1346 2498 Gabriel
1375 2469 1401 2496 a
1418 2456 1515 2495 Deo
1543 2454 1587 2493 in
1615 2453 1836 2494 civitatem

1010 2513 1222 2563 Galilaeae,
1248 2512 1317 2553 cui
1335 2522 1494 2552 nomen
1512 2507 1751 2557 Nazareth,
1779 2506 1836 2548 ad

1008 2569 1234 2619 Virginem
1271 2566 1584 2618 desponsatam
1618 2563 1728 2611 viro,
1766 2563 1836 2603 cui

1008 2637 1167 2666 nomen
1191 2628 1284 2664 erat
1306 2620 1489 2673 Joseph,
1518 2619 1573 2661 de
1598 2619 1730 2660 domo
1750 2618 1835 2658 Da-

1009 2679 1096 2721 vid:
1125 2684 1169 2720 et
1194 2690 1352 2719 nomen
1375 2676 1566 2727 Virginis
1591 2674 1738 2715 Maria.
1777 2673 1835 2713 Et

1008 2735 1187 2787 reliqua.
