2040 2990
180 204 252 240 210

188 311 221 336 ct
238 303 273 335 in
290 301 456 342 Ilm-sp.
468 299 576 333 Dom.
593 299 631 332 fit
646 298 787 332 Corum,
803 298 837 331 S.
850 296 1010 330 Thomu:

187 358 221 384 ct
247 350 486 383 (numu-um.

239 398 277 430 In
311 396 354 429 11.
381 394 563 438 vesperis
594 395 627 428 S.
652 393 828 429 Thomae,
861 392 946 424 Ant.
976 396 1011 423 ct

187 446 244 479 l's.
271 445 316 477 dc
342 443 563 477 Nativitatc.
585 444 667 487 190,
701 451 786 484 quac
814 438 1010 482 duplican-

186 500 259 527 tur:
287 491 420 534 Capit..
439 496 474 524 et
493 490 567 523 alia
588 489 633 522 dc
652 488 686 522 S.
705 488 902 525 silvestro,
926 496 1009 519 cum

186 550 380 575 commem.
406 540 440 573 S.
466 538 626 572 Thomae
651 542 687 571 ct
711 536 951 570 Oct-avarum.

339 611 721 637 ffffl—Q-j
732 622 832 625 —
848 623 851 624 a

366 682 450 723 Die
468 682 533 722 29.
552 680 821 722 Decembris.

190 748 233 786 In
251 746 382 785 Festo
395 746 437 786 S.
449 745 651 786 Thomae
669 742 812 793 Episc.
829 746 871 781 et
886 740 1010 779 Mart.

472 804 729 846 Scmiduplcx.

240 858 375 892 Omnia
407 857 452 890 dc
484 856 627 890 Comm.
658 855 769 888 unius
801 853 906 886 Mart.
939 852 1008 896 [21]

187 914 326 950 przctcr
352 910 560 949 sequentia.

522 954 684 995 Oratio.

188 1010 367 1115 Deus,
391 1023 473 1063 pro
496 1010 616 1062 eujus
634 1009 832 1051 Ecclesia
853 1009 1010 1060 glorio-

292 1080 366 1108 sus
398 1066 601 1108 Pontifex
629 1066 822 1108 Thomas
854 1065 1010 1117 gladiis

184 1125 417 1177 impiorum
448 1123 671 1164 occubuit:
704 1127 867 1175 praesta
896 1124 1010 1175 quae-

185 1194 350 1230 sumus3
377 1184 425 1221 ut
449 1192 617 1229 omnes,
647 1180 721 1232 qui
746 1180 835 1231 ejus
859 1179 1011 1231 implo-

185 1243 283 1279 rant
303 1236 520 1286 auxilium,
543 1236 767 1289 petitionis
787 1249 879 1277 suae
901 1236 1011 1277 salu-

185 1296 325 1335 tarem
344 1295 668 1345 consequantur
687 1292 901 1334 effectum.
928 1292 1013 1333 Per

185 1350 422 1391 Dominum
440 1355 651 1391 nostrum.

238 1412 282 1446 In
306 1411 331 1444 I.
355 1410 462 1443 Noct.
486 1407 687 1442 Lectiones
713 1409 747 1441 A
767 1406 909 1441 Mileto.
943 1406 1012 1450 [23]

416 1475 464 1513 In
487 1474 536 1512 II.
561 1473 783 1512 Nocturno.

487 1538 638 1579 Lectio
658 1537 710 1577 iv.

266 1599 479 1648 ahomaS,
498 1598 685 1639 Londini
703 1599 747 1639 in
766 1599 924 1650 Anglia
942 1611 1014 1639 na-

195 1694 232 1712 Q
266 1686 289 1713 Q
324 1659 406 1704 tus,
420 1654 680 1697 Theobaldo
694 1656 904 1697 successit
916 1656 1016 1697 Can-

278 1710 281 1714 ’
302 1723 303 1726 ’
324 1711 532 1753 tuariensi
549 1714 774 1765 episcopo:
795 1717 838 1754 et
855 1712 929 1764 qui
944 1714 1015 1753 an-

189 1774 260 1810 tea
291 1769 334 1809 in
367 1767 711 1810 administrando
744 1769 1015 1810 cancellariae

189 1828 368 1866 munere
400 1824 613 1877 praeclare
645 1837 692 1866 se
724 1827 937 1876 gesserat,
971 1825 1016 1866 in

191 1881 430 1934 episcopali
455 1880 601 1923 officio
621 1881 745 1924 fortis
767 1886 811 1923 et
829 1882 1016 1924 invictus

190 1938 282 1979 fuit.
312 1938 420 1979 Cum
435 1939 549 1980 enim
563 1939 780 1980 Henricus
797 1938 1017 1988 secundus

192 1994 361 2044 Angliae
385 2007 478 2044 rex,
504 1996 757 2036 convocatis
781 1994 838 2037 ad
858 2008 906 2037 se
929 1997 1016 2048 epi-

193 2050 339 2103 scopis
367 2055 411 2092 et
441 2050 697 2103 proceribus
727 2052 865 2102 regni,
897 2051 1017 2103 leges

193 2106 325 2148 ferret
341 2106 518 2148 utilitati
535 2120 585 2148 ac
601 2106 800 2158 dignitati
816 2108 1017 2150 ecclesia-

193 2163 314 2204 sticae
326 2166 630 2215 repugnantes,
643 2163 754 2205 adeo
766 2167 1018 2207 constanter

194 2219 364 2260 obstitit
385 2220 516 2270 regiae
541 2219 786 2272 cupiditati,
810 2226 857 2262 ut
876 2234 1018 2273 neque

193 2275 597 2329 pollicitationibuS,
616 2289 758 2328 neque
776 2277 1018 2319 terroribus

195 2331 250 2374 de
288 2333 502 2374 sententia
541 2332 780 2383 decedens,
820 2334 1019 2386 proxime

195 2388 489 2440 conjiciendus
512 2389 556 2429 in
579 2391 800 2431 carcerem
824 2390 936 2431 clam
955 2403 1018 2432 re-

195 2445 385 2486 cesserit.
405 2445 512 2487 Inde
525 2446 761 2498 propinqui
776 2447 865 2498 ejus
881 2447 1019 2487 omnis

196 2502 340 2543 aetatis
353 2502 487 2553 ejecti,
502 2502 639 2550 amici,
654 2502 846 2543 fautores
858 2514 1020 2552 omnes,

195 2558 258 2607 iis,
279 2557 436 2610 quibus
453 2571 531 2611 per
546 2560 721 2599 aetatem
737 2558 897 2608 liceret,
913 2560 1019 2610 jure-

196 2613 377 2666 jurando
399 2614 634 2663 adstrictis,
659 2614 886 2656 universos
906 2615 1019 2656 Tho-

195 2683 311 2711 mam
335 2670 550 2721 adituros,
575 2671 611 2712 si
635 2671 820 2712 fortasse
844 2671 1020 2712 misera-

196 2726 272 2769 bili
316 2730 494 2769 suorum
539 2727 797 2770 calamitatis
840 2730 1021 2781 aspectu

648 205 700 236 25³.
727 202 813 235 Dec.
861 202 895 234 S.
920 200 1079 234 Thoma-
1108 199 1230 241 Episc.
1257 205 1292 233 ct
1317 199 1422 232 Mart.

1057 297 1318 345 moveretur,
1345 294 1421 347 qui
1437 308 1463 336 a
1483 299 1635 338 sancto
1653 296 1885 349 proposito

1057 352 1240 405 privatis
1265 350 1556 393 incommodis
1580 350 1791 394 deterreri
1809 354 1886 393 mi-

1057 409 1174 450 nime
1197 410 1425 461 potuisset.
1457 407 1559 449 Non
1582 409 1777 461 respexit
1795 421 1885 450 car-

1058 478 1158 507 nem
1178 469 1253 506 aut
1272 464 1536 514 sanguinem,
1555 477 1698 518 neque
1713 464 1827 506 ullus
1843 465 1887 505 in

1060 534 1112 563 eo
1145 521 1429 563 humanitatis
1465 533 1618 563 sensus
1650 520 1887 574 pastoralis

1061 577 1192 619 officii
1211 577 1502 619 constantiam
1520 576 1812 619 labefactavit.

1118 636 1168 688 R.
1189 634 1435 675 Honestum
1462 633 1567 675 fecit
1592 633 1715 675 illum
1739 633 1888 675 Domi-

1060 704 1153 741 nus,
1182 695 1225 733 et
1244 690 1482 732 custodivit
1501 703 1601 732 eum
1619 690 1674 732 ab
1693 690 1888 740 inimicis,

1062 753 1105 789 et
1132 760 1158 789 a
1183 746 1491 789 seductoribus
1517 747 1679 789 tutavit
1703 746 1839 789 illum:
1868 749 1891 773 *

1060 804 1118 846 Et
1151 803 1274 846 dedit
1303 803 1365 844 illi
1396 803 1641 846 claritatem
1669 805 1890 845 aeternam.

1069 857 1472 913 V.Descend1'tque
1509 873 1608 901 cum
1643 860 1719 902 illo
1755 861 1799 901 in
1829 861 1890 902 fo-

1063 930 1200 967 veam,
1224 917 1328 959 etin
1347 916 1529 959 vinculis
1550 930 1638 959 non
1659 916 1891 970 dereliquit

1064 987 1174 1016 eum.
1206 974 1272 1016 Et.

1376 1027 1527 1067 Lectio
1548 1041 1584 1067 v.

1147 1088 1306 1130 ontulit
1314 1088 1445 1140 igitur
1461 1100 1509 1129 se
1524 1087 1581 1129 ad
1591 1087 1893 1130 Alexandrum

1153 1144 1331 1186 tertium
1354 1144 1627 1193 Pontificem,
1655 1157 1681 1185 a
1707 1157 1794 1197 quo
1819 1143 1892 1186 be-

1064 1204 1194 1252 nigne
1217 1202 1426 1254 acceptus
1450 1205 1532 1242 est:
1558 1205 1602 1242 et
1625 1199 1726 1242 inde
1750 1200 1893 1253 profe-

1065 1263 1172 1307 ctuS,
1192 1257 1419 1299 monachis
1437 1257 1784 1299 Pontiniacensis
1802 1269 1892 1298 mo-

1064 1314 1260 1364 nasterii,
1290 1313 1592 1355 Cisterciensis
1621 1312 1806 1363 ordinis,
1837 1312 1892 1355 ab

1066 1370 1224 1413 eodem
1243 1369 1542 1412 comendatus.
1579 1368 1708 1420 Quod
1726 1374 1775 1411 ut
1794 1381 1893 1421 cog-

1065 1428 1190 1469 novit
1208 1428 1441 1477 Henricus,
1462 1427 1608 1468 missis
1630 1426 1688 1468 ad
1709 1427 1894 1468 conven-

1066 1489 1160 1526 tum
1183 1484 1366 1525 fratrum
1383 1483 1738 1525 Cisterciensium
1759 1482 1894 1524 mina-

1067 1540 1191 1583 cibus
1209 1540 1377 1591 litteris‚
1398 1539 1615 1581 Thomam
1635 1552 1658 1581 e
1676 1539 1894 1581 Pontinia-

1068 1610 1120 1639 co
1144 1597 1413 1639 monasterio
1443 1595 1677 1638 exturbare
1701 1597 1895 1637 conatur.

1068 1655 1214 1704 Quare
1237 1653 1305 1695 vir
1329 1657 1520 1702 sanctus,
1545 1652 1710 1695 veritus
1735 1664 1790 1694 ne
1817 1664 1896 1693 sua

1068 1723 1200 1752 causa
1215 1709 1319 1751 mali
1337 1708 1502 1762 aliquid
1519 1708 1820 1750 Cisterciensis
1837 1708 1896 1749 fa-

1067 1767 1186 1808 milia
1199 1768 1435 1820 pateretur,
1451 1770 1610 1818 sponte
1626 1764 1838 1815 discessit,
1852 1769 1897 1806 et

1068 1822 1343 1865 Ludovicum
1363 1822 1518 1864 Galliae
1543 1834 1693 1872 regem
1719 1822 1810 1873 ejus
1835 1821 1896 1862 in-

1068 1880 1209 1922 vitatu
1241 1878 1464 1929 convenit:
1500 1878 1576 1920 ubi
1606 1877 1774 1920 tamdiu
1805 1877 1896 1926 fuit,

1071 1936 1219 1989 quoad
1243 1935 1456 1977 Pontifice
1482 1934 1694 1984 Maximo,
1727 1938 1770 1976 et
1797 1933 1896 1987 ipso
1917 1943 1923 1949 ·

1070 2006 1173 2045 rege
1194 1992 1435 2045 agentibuS,
1459 1991 1514 2033 ab
1540 1990 1705 2041 exsilio,
1729 2002 1897 2032 summa

1070 2053 1204 2092 totius
1217 2049 1340 2100 regni
1353 2048 1644 2100 gratulatione
1654 2049 1898 2089 revocatur.

1071 2107 1154 2158 Qui
1169 2106 1273 2148 dum
1292 2105 1397 2147 boni
1415 2105 1606 2158 pastoris
1625 2102 1818 2146 officium
1833 2116 1896 2145 se-

1071 2166 1202 2205 curus
1227 2162 1496 2213 exsequitur,
1522 2173 1640 2211 ecce,
1665 2159 1897 2202 calumnia-

1070 2222 1190 2261 tores
1202 2218 1259 2260 ad
1269 2230 1418 2270 regem
1429 2216 1640 2266 deferunt,
1651 2229 1751 2258 eum
1760 2215 1898 2258 multa

1071 2280 1236 2324 contra⁴
1251 2287 1433 2326 regnum
1462 2278 1506 2315 et
1531 2272 1754 2326 publicam
1781 2272 1897 2325 quie-

1070 2337 1160 2375 tem
1190 2330 1355 2381 moliri,
1389 2334 1437 2371 ut
1468 2331 1705 2383 propterea
1736 2328 1899 2381 saepius

1072 2388 1413 2441 conquereretur
1431 2398 1519 2436 rex,
1539 2398 1587 2427 se
1605 2386 1649 2426 in
1665 2397 1746 2426 suo
1762 2397 1897 2436 regno

1073 2458 1172 2487 cum
1195 2457 1283 2486 uno
1307 2442 1538 2485 sacerdote
1561 2454 1717 2495 pacem
1736 2440 1898 2483 habere

1073 2515 1161 2543 non
1180 2513 1324 2554 posse.

1123 2562 1173 2612 R.
1209 2556 1489 2599 Desiderium
1517 2554 1673 2596 animae
1706 2554 1798 2606 ejus
1825 2553 1898 2595 tri-

1072 2614 1205 2657 buisti
1237 2614 1277 2655 ei
1308 2612 1513 2661 Domine,
1541 2614 1563 2637 *
1589 2611 1646 2652 Et
1672 2610 1898 2652 voluntate

1072 2671 1288 2713 labiorum
1316 2670 1405 2721 eius
1432 2680 1520 2709 non
1548 2666 1760 2709 fraudasti
1788 2661 1899 2708 euni.

1071 2728 1120 2778 V,
1146 2726 1363 2777 Quoniam
1381 2724 1635 2778 praevenisti
1649 2736 1748 2765 eum
1764 2722 1809 2764 in
1826 2721 1898 2764 be·
