2040 2990
648 198 849 232 Dominica
878 198 973 231 infra
1000 199 1184 232 Octavam
1211 199 1445 233 Nativitutis.

502 306 651 346 Lectio
674 321 709 345 v.

193 370 512 478 Gaudeamus
531 376 678 427 igitur,
707 377 828 429 quod
852 377 908 419 ad
932 378 1018 420 elo-

287 431 509 483 quendum
539 438 674 475 tantae
702 434 1017 476 misericordiae

187 490 510 530 sacramentum
546 491 737 543 impares
775 504 939 533 sumus:
974 497 1018 533 et

187 558 287 586 cum
332 545 486 587 salutis
532 552 696 588 nostrae
741 547 1017 590 altitudinem

187 603 389 654 premere
408 615 498 644 non
517 602 757 653 valeamus,
777 604 1016 646 sentiamus

188 657 317 699 nobis
337 657 503 700 bonum
522 672 631 709 esse,
651 659 771 712 quod
792 661 1016 702 vincimur.

185 714 327 756 Nemo
354 715 470 756 enim
497 715 553 757 ad
585 716 882 768 cognitionem
906 718 1016 759 veri-

184 771 289 812 tatis
307 772 446 822 magis
471 775 758 826 propinquat,
785 786 917 825 quam
941 774 1015 827 qui

184 827 385 880 intelligit
404 828 447 869 in
468 828 600 871 rebus
621 829 794 880 divinis,
822 830 955 872 etiam
979 831 1015 872 si

183 884 369 926 multum
392 885 612 938 proficiat,
641 899 815 939 semper
839 887 923 928 sibi
948 901 1015 929 su-

183 943 361 993 peresse
383 941 503 994 quod
523 948 701 995 quaerat.
733 943 848 984 Nam
869 945 944 996 qui
967 958 1014 987 se

184 996 241 1039 ad
268 997 328 1047 id,
357 998 401 1038 in
429 998 551 1051 quod
577 999 733 1050 tendit,
759 1003 1015 1052 pervenisse

184 1055 424 1107 praesumit,
439 1068 528 1097 non
545 1059 729 1109 quaesita
745 1058 920 1110 reperit,
936 1057 1015 1100 sed

184 1111 227 1152 in
245 1111 528 1164 inquisitiene
548 1112 708 1155 deficit.

242 1179 288 1229 Ru
322 1178 481 1219 Sancta
509 1183 553 1220 et
581 1179 860 1222 immaculata
887 1181 1014 1232 virgi-

184 1234 315 1284 nitas,
344 1234 501 1287 quibus
526 1242 571 1277 te
595 1235 800 1278 laudibus
826 1237 1015 1287 efferam,

184 1291 347 1332 nescio:
378 1293 399 1316 *
427 1292 539 1342 Quia
568 1306 699 1345 quem
727 1293 828 1335 coeli
855 1296 1014 1347 capere

183 1360 270 1389 non
288 1350 511 1400 poterant,
535 1354 613 1391 tuo
639 1350 806 1402 gremio
833 1352 1014 1394 contuli-

184 1404 250 1445 sti.
286 1401 335 1452 Y.
358 1405 600 1448 Benedicta
618 1412 666 1449 tu
684 1407 729 1448 in
748 1407 1014 1458 mulieribus,

184 1466 228 1502 et
255 1461 513 1504 benedictus
546 1464 713 1505 fructus
741 1464 908 1507 ventris
940 1466 1014 1508 tui.

183 1517 305 1567 Quia.

487 1576 638 1617 Lectio
663 1577 714 1616 vi.

184 1644 300 1751 Ne
345 1660 491 1696 autem
539 1655 803 1698 infirmitatis
849 1663 1013 1699 nostrae

292 1711 603 1764 perturbemur
628 1714 857 1764 angustiis,
886 1727 1013 1756 evan-

183 1768 336 1818 gelicae
355 1780 437 1809 nos
458 1774 501 1810 et
516 1769 790 1822 propheticae
805 1771 1014 1823 adjuvant

186 1837 335 1866 voces:
369 1824 527 1878 quibus
555 1826 617 1867 ita
644 1827 941 1879 accendimur,
971 1834 1014 1871 et

184 1880 410 1931 docemur,
438 1886 486 1923 ut
512 1895 592 1924 nos
615 1883 902 1927 Nativitatem
925 1886 1014 1928 Do-

184 1938 299 1989 mini,
321 1951 406 1990 qua
421 1938 621 1981 Verbum
636 1953 740 1982 caro
755 1941 920 1984 factum
936 1948 1013 1994 est,

184 2006 272 2035 non
283 1999 373 2035 tam
384 1996 657 2048 praeteritam
664 1998 872 2050 recelere,
881 2012 1014 2052 quam

183 2052 447 2103 praesentem
504 2052 732 2095 videamur
785 2056 1013 2109 inspicere.

184 2106 314 2156 Quod
333 2108 448 2149 enim
462 2110 715 2160 pasteribus
734 2125 815 2163 pro
832 2126 1013 2165 gregum

184 2165 363 2205 suerum
387 2164 588 2207 custodia
608 2166 889 2218 vigilantibus
908 2175 1013 2212 nun·

183 2219 308 2262 tiavit
328 2221 540 2272 Angelus,
566 2222 696 2264 etiam
719 2230 918 2267 nostrum
936 2227 1012 2268 im-

183 2276 320 2328 plevit
345 2276 556 2319 auditum:
583 2284 627 2320 et
650 2279 751 2322 ideo
770 2281 1013 2326 Dominicis

185 2332 342 2374 ovibus
357 2336 614 2386 praesumuS,
635 2336 737 2388 quia
752 2338 888 2380 verba
907 2340 1012 2382 divi-

184 2388 300 2430 nitus
324 2389 442 2431 edita
468 2390 615 2433 cordis
643 2405 748 2435 aure
773 2398 1013 2438 servamus:

184 2450 409 2498 tamquam
429 2452 474 2488 et
490 2447 534 2488 in
548 2447 760 2491 hodierna
774 2450 1013 2495 festivitate

185 2501 370 2543 dicatur:
384 2503 651 2555 Evangelizo
667 2505 793 2547 vobis
805 2508 1013 2558 gaudium

183 2571 404 2610 magnum,
434 2559 553 2612 quod
581 2561 664 2603 erit
692 2563 811 2603 omni
835 2566 1012 2618 populo,

186 2615 288 2667 quia
312 2621 441 2657 natus
466 2622 535 2658 est
561 2617 687 2659 vobis
711 2618 843 2661 hedie
867 2621 1012 2664 Salva-

183 2676 269 2722 tor,
298 2672 372 2725 quj
398 2677 465 2714 est
490 2673 690 2715 Christus
713 2675 944 2729 Deminus‚
969 2679 1012 2720 in

185 2728 362 2770 civitate
381 2729 536 2771 David.

1127 302 1178 352 Rt·
1211 300 1350 342 Beata
1383 302 1553 342 viscera
1580 299 1733 342 Mariae
1758 301 1902 354 Virgi-

1070 355 1148 406 nis,
1170 369 1269 409 quae
1287 359 1578 409 portaverunt
1592 358 1745 399 aeterni
1759 359 1902 400 Patris

1072 412 1243 454 Filium:
1268 418 1312 455 et
1330 413 1460 456 beata
1479 413 1633 465 ubera,
1653 427 1751 468 quae
1770 415 1902 457 lacta-

1072 471 1227 511 verunt
1250 470 1473 512 Christum
1495 471 1750 513 Dominum:
1771 472 1793 496 *
1817 473 1902 523 Qui

1070 526 1202 569 hodie
1221 540 1304 580 pro
1325 527 1466 570 salute
1480 527 1632 570 mundi
1648 528 1704 570 de
1717 529 1901 581 Virgine

1070 585 1191 626 nasci
1211 584 1417 636 dignatus
1438 590 1516 627 est.
1550 580 1597 631 ,VC
1617 585 1725 628 Dies
1743 586 1899 629 sancti-

1069 640 1225 682 ficatus
1245 641 1386 684 illuxit
1401 642 1544 684 nobis:
1561 645 1707 685 venite
1723 642 1900 694 Gentes,

1070 702 1114 739 et
1133 697 1317 740 adorate
1335 699 1586 741 Deminum.
1618 700 1714 751 Qui.
1748 698 1900 742 Glaria

1067 755 1199 796 Patri.
1234 756 1329 806 Qui.

1288 830 1337 868 In
1364 830 1435 869 III.
1462 830 1685 871 Nocturno.

1072 893 1226 937 Lectio
1247 896 1387 938 sancti
1405 897 1633 949 Evangelii
1657 897 1899 940 secundum

1396 953 1572 995 Lucam.

1175 1013 1327 1055 Lectio
1349 1015 1414 1054 vii.
1574 1017 1677 1068 Cap.
1693 1017 1728 1057 2.
1744 1030 1778 1058 c.

1115 1083 1143 1111 n
1168 1070 1244 1112 illo
1269 1072 1484 1124 tempore:
1514 1071 1622 1113 Erat
1645 1071 1828 1126 Joseph,
1855 1077 1899 1114 et

1133 1127 1273 1169 Maria
1294 1133 1436 1170 mater
1454 1129 1479 1170 J
1481 1142 1576 1179 esu,
1597 1129 1806 1172 mirantes
1831 1142 1898 1172 su-

1067 1197 1148 1237 per
1175 1183 1261 1235 his,
1295 1198 1395 1238 quae
1428 1185 1690 1228 dicebantur
1722 1185 1778 1228 de
1810 1185 1898 1228 illo.

1067 1241 1125 1282 Et
1144 1241 1323 1295 reliqua.

1179 1310 1372 1352 Homilia
1399 1313 1539 1354 sancti
1566 1311 1792 1354 Ambrosii

1374 1368 1596 1423 Episcopi.

1105 1427 1183 1460 Lib.
1204 1428 1233 1461 2.
1253 1428 1291 1462 in
1310 1439 1392 1471 cap.
1409 1429 1439 1463 2.
1457 1429 1583 1469 Lucae,
1600 1440 1722 1474 prope
1741 1430 1862 1464 finem.

1085 1516 1093 1530 χ,
1116 1496 1175 1540 54
1224 1482 1320 1525 ides
1347 1483 1529 1526 uberem
1557 1484 1602 1524 in
1629 1496 1781 1526 omnes
1803 1486 1899 1535 gra-

1082 1532 1120 1596 ?,V
1241 1540 1366 1590 tiam,
1401 1540 1582 1582 Domini
1615 1540 1898 1591 generatic'me

1086 1592 1090 1595 ’
1117 1600 1136 1615 *²
1166 1596 1194 1614 ”
1241 1596 1447 1638 diffusam
1471 1602 1516 1639 et
1533 1596 1815 1650 prophetiam
1837 1597 1898 1638 in-

1067 1652 1257 1694 credulis
1280 1655 1486 1704 negatam
1510 1666 1624 1704 esse,
1647 1666 1738 1695 non
1760 1653 1898 1706 justis.

1066 1709 1182 1751 Ecce
1206 1714 1251 1752 et
1269 1710 1447 1752 Simeon
1469 1709 1723 1764 prophetat,
1746 1710 1791 1751 in
1814 1712 1898 1752 rui-

1066 1779 1168 1807 nam
1205 1771 1249 1808 et
1284 1767 1655 1809 resurrectiOnem
1689 1766 1897 1820 plurimo·

1067 1835 1164 1864 rum
1183 1825 1357 1865 venisse
1371 1823 1612 1865 Deminum
1620 1823 1645 1864 J
1647 1836 1771 1865 esum
1779 1823 1898 1865 Chri-

1068 1884 1199 1930 stum,
1227 1885 1276 1922 ut
1303 1881 1532 1932 justorum,
1558 1881 1898 1934 iniquorumque

1066 1937 1223 1978 merita
1237 1936 1470 1989 discernat;
1491 1942 1535 1980 et
1549 1950 1632 1991 pro
1646 1939 1899 1979 nostrorum

1067 1993 1280 2046 qualitate
1298 1995 1531 2046 factarum,
1554 1995 1685 2048 judex
1703 2006 1835 2036 verus
1854 1998 1898 2036 et

1067 2051 1205 2103 justus
1228 2055 1304 2093 aut
1327 2051 1546 2105 supplicia
1570 2052 1794 2102 decernat,
1822 2056 1899 2093 aut

1067 2107 1259 2160 praemia.

1119 2165 1171 2216 R.
1196 2163 1395 2206 Verbum
1419 2178 1523 2207 caro
1548 2165 1711 2208 factum
1736 2171 1821 2222 est,
1853 2171 1897 2208 et

1066 2220 1283 2263 habitavit
1313 2221 1358 2262 in
1391 2221 1534 2264 nobis:
1566 2222 1587 2246 *
1619 2223 1676 2265 Et
1707 2222 1896 2265 vidimus

1065 2277 1250 2329 gloriam
1269 2278 1371 2329 ejus,
1390 2278 1576 2330 glotiam
1597 2279 1722 2332 quasi
1740 2279 1896 2331 Unige-

1066 2333 1144 2375 niti
1166 2347 1192 2375 a
1210 2334 1356 2384 Patre,
1381 2335 1560 2388 plenum
1583 2336 1739 2387 gratiae
1763 2341 1808 2378 et
1826 2348 1896 2378 ve·

1066 2390 1218 2432 ritatis.
1250 2388 1298 2438 N.
1326 2391 1483 2432 Omnia
1507 2404 1588 2445 per
1610 2393 1756 2445 ipsum
1781 2393 1896 2434 facta

1066 2452 1182 2497 sunt,
1207 2451 1251 2489 et
1275 2447 1367 2489 sine
1391 2448 1489 2501 ipso
1510 2449 1674 2490 factum
1694 2454 1761 2492 est
1779 2449 1896 2490 nihil.

1066 2503 1123 2545 Et
1141 2503 1340 2546 vidimus.

1350 2563 1504 2604 Lectio
1526 2563 1608 2602 viii.

1149 2630 1167 2667 t
1180 2630 1300 2667 tuam
1318 2626 1455 2678 ipsius
1474 2627 1663 2669 animam
1677 2634 1895 2682 pertrans-

1157 2681 1238 2724 ibit
1269 2682 1453 2734 gladius.
1494 2684 1589 2727 Nec
1616 2685 1781 2736 littera,
1813 2698 1895 2727 nec

1066 2737 1247 2780 histeria
1267 2738 1409 2791 docet,
1429 2753 1483 2782 ex
1499 2740 1582 2783 hac
1602 2742 1692 2784 vita
1710 2742 1895 2784 Mariam
