2080 2990
235 231 332 276 [310]

664 235 857 268 (mutionis
884 234 922 267 Ι).
949 234 991 266 N.
1018 234 1049 266 .J.
1075 233 1113 266 C.
1141 233 1175 265 in
1203 232 1327 265 Monte
1353 231 1502 265 oliveti.

235 330 307 371 illa
327 329 496 382 prolixa
515 328 711 370 oratione
731 326 974 369 credendus
992 331 1058 368 est

235 386 434 427 lacrimas
468 382 689 434 effudisse,
722 396 819 425 cum
851 388 894 425 et
921 387 1056 434 guttae

237 442 454 492 sanguinis
479 454 561 493 pro
589 440 750 481 sudore
779 438 1057 481 decurrerent

235 498 290 540 ab
318 499 407 550 eius
434 499 634 550 corpore;
663 501 706 538 et
731 495 961 538 exauditus
981 501 1057 545 est,

237 554 337 606 quia
374 552 494 606 quod
530 555 778 606 quaesierat,
816 551 984 604 accepit
1014 551 1057 591 in

235 610 562 652 resurrectione.
617 607 858 650 Exauditus
891 613 974 658 est,
1011 607 1057 649 id

235 672 316 716 est,
336 671 458 708 extra
478 669 705 707 numerum
724 664 906 705 aliorum
926 663 1056 705 omni-

234 736 307 764 um
345 722 518 764 auditus
554 726 636 774 est,
687 720 890 773 quoniam
926 732 1057 773 super

236 791 408 821 omnem
428 782 671 820 creaturam
688 782 790 830 post
809 775 972 817 laboris
991 776 1057 817 sui

234 835 431 877 militiam
450 848 475 876 a
493 835 622 876 Patre
642 833 897 875 sublimatus
917 836 994 882 est,
1014 837 1057 873 et

236 890 321 933 hoc
339 904 420 945 pro
445 891 511 932 sui
533 890 787 939 reverentia,
814 888 860 930 id
884 893 965 938 est,
994 901 1056 929 se-

237 948 427 990 cundum
449 948 549 998 hoe,
579 946 698 999 quod
722 946 816 999 ipse
841 945 952 987 sicut
974 946 1057 987 Dei

235 1004 379 1054 Filius,
406 1004 559 1055 dignus
580 1009 646 1045 est
662 1002 905 1044 reverentia
925 1007 968 1043 et
986 1014 1056 1043 ve-

235 1061 468 1103 neratione.
499 1060 585 1102 Vel
607 1072 690 1112 pro
715 1072 793 1100 sua
815 1058 1058 1100 reverentia

234 1117 277 1158 in
291 1118 444 1167 Deum,
463 1116 508 1158 id
527 1121 603 1166 est,
621 1121 804 1169 propter
825 1114 944 1168 quod
962 1114 1056 1167 ipse

235 1187 367 1227 super
390 1174 532 1215 omnia
550 1173 730 1214 Patrem
752 1172 964 1213 reveritus
991 1176 1057 1213 θεῖ

235 1235 278 1272 θῖ
305 1230 548 1271 honoravit.
589 1230 688 1271 Sive
720 1241 802 1281 pro
832 1241 910 1269 sua
937 1240 1055 1269 reve-

234 1287 385 1337 rentia,
405 1286 450 1328 id
470 1291 551 1337 θεῖ,
574 1286 684 1327 sicut
705 1298 782 1326 sua
800 1284 952 1336 religio
971 1286 1056 1326 me-

234 1343 330 1385 ruit.
376 1342 605 1395 Sanguinis
636 1354 812 1394 quoque
837 1342 927 1393 ejus
954 1340 1055 1382 effa-

235 1399 299 1441 sio
317 1404 467 1452 potest
490 1399 670 1451 inteHigi
690 1398 854 1439 clamor
874 1397 1057 1447 validus,

218 1456 277 1496 ,in
304 1468 390 1508 quo
418 1454 646 1497 exauditus
670 1459 737 1496 θεῖ
760 1467 842 1507 pro
861 1455 1057 1495 reveren-

234 1512 294 1554 tia
319 1512 511 1564 ejusdem
532 1511 760 1565 passionis.
796 1510 1058 1552 Reverentia

236 1574 317 1619 est,
347 1568 466 1621 quod
491 1569 583 1610 sine
608 1569 791 1621 peccato
813 1580 971 1620 passus
990 1571 1058 1608 θεῖ

236 1625 329 1666 sola
351 1625 544 1667 caritate.

291 1689 336 1728 lx.
356 1690 482 1732 Fiant
502 1702 628 1731 aures
646 1693 733 1730 tuae
753 1688 1058 1738 auscultantes,

237 1750 280 1787 θῖ
300 1732 413 1787 oculi
432 1746 495 1788 tui
515 1746 670 1811 aperti:
683 1748 705 1773 *
719 1745 778 1787 Ut
797 1743 948 1786 audias
965 1757 1056 1786 ora-

235 1802 399 1843 tionem
418 1803 533 1844 servi
550 1803 623 1844 tui.
650 1798 699 1849 V
721 1802 861 1851 Quam
880 1813 961 1853 ego
979 1813 1057 1842 oro

238 1871 386 1900 coram
411 1864 454 1901 te
481 1858 614 1901 hodie
639 1863 768 1900 nocte
793 1870 844 1899 ac
868 1856 950 1898 die.
990 1857 1059 1899 Ut.

238 1914 389 1956 Gloria
406 1916 536 1957 Patri.
565 1915 633 1957 Ut.

458 2000 505 2038 In
524 1998 593 2036 III.
613 1999 833 2038 Nocturno.

288 2068 384 2107 Ant.
427 2067 672 2109 Tribulatio
700 2071 744 2108 et
771 2066 971 2117 angustia
998 2066 1058 2107 in-

239 2125 448 2165 venerunt
465 2136 545 2174 me,
564 2122 770 2165 mandata
787 2128 862 2165 tua
880 2122 1059 2164 medita-

238 2179 299 2221 tio
316 2192 413 2221 mea
432 2185 508 2221 est.

525 2241 717 2282 Psalmus
737 2243 772 2280 3.

275 2301 515 2346 omine
535 2300 640 2352 quid
662 2301 936 2353 multiplicati
960 2305 1060 2343 sunt

276 2356 321 2412 3³⁸}
353 2409 355 2413 ¹
385 2358 459 2409 qui
478 2356 686 2398 tribulant
705 2356 795 2398 me?
814 2358 837 2383 *
855 2357 980 2399 multi
999 2358 1059 2398 in-

252 2414 253 2418 ’
276 2416 277 2423 ’
319 2412 357 2438 A*
389 2417 571 2464 surgunt
590 2412 821 2455 adversum
839 2427 920 2455 me.

292 2469 417 2511 Multi
432 2469 583 2511 dicunt
603 2470 758 2510 animae
773 2483 898 2511 meae:
916 2470 939 2496 *
957 2470 1059 2512 Non

242 2530 308 2567 est
327 2525 442 2567 salus
461 2526 546 2579 ipsi
564 2526 608 2566 in
628 2526 724 2567 Deo
743 2526 844 2578 ejus.

292 2582 360 2623 Tu
404 2587 549 2624 autem
594 2582 782 2623 Domine
831 2584 1060 2635 susceptor

242 2650 364 2679 meus
385 2651 442 2688 es,
461 2638 484 2664 *
503 2638 643 2689 gloria
665 2651 772 2689 mea,
797 2643 840 2680 et
865 2638 1060 2681 exaltans

241 2700 372 2747 caput
391 2707 545 2736 meum.

292 2751 415 2792 Voce
439 2764 535 2792 mea
563 2751 619 2793 ad
643 2751 879 2793 Dominum
906 2751 1059 2793 clama-

1108 327 1166 368 vi:
1201 326 1224 352 *
1260 330 1304 368 et
1339 324 1560 367 exaudivit
1590 336 1662 365 me
1693 323 1749 365 de
1779 328 1929 365 monte

1109 387 1261 424 sancto
1290 394 1381 423 suo.

1159 439 1253 490 Ego
1274 438 1477 487 dormivi,
1503 442 1547 479 et
1565 440 1798 491 soporatus
1817 449 1931 479 sum:

1108 496 1131 521 *
1155 500 1198 537 et
1222 494 1461 544 exsurrexi,
1485 494 1587 546 quia
1605 494 1820 536 Dominus
1839 506 1929 534 sus-

1109 552 1226 604 cepit
1244 565 1325 594 me.

1159 609 1261 650 Non
1297 609 1460 651 timebo
1497 609 1631 651 millia
1666 610 1820 663 populi
1851 611 1928 653 cir-

1109 665 1354 707 cumdantis
1378 679 1463 708 me:
1480 666 1504 693 *
1525 670 1710 718 exsurge
1729 667 1928 718 Domine,

1110 722 1278 764 salvum
1296 735 1366 764 me
1386 722 1454 764 fac
1474 723 1594 765 Deus
1612 736 1747 765 meus.

1162 780 1377 830 Quoniam
1412 784 1460 821 tu
1490 780 1746 832 percussisti
1777 792 1930 823 omnes

1111 835 1393 877 adversantes
1408 836 1514 877 mihi
1529 836 1621 878 sine
1637 837 1814 878 causaz*
1829 836 1930 879 den-

1110 896 1176 933 tes
1194 895 1478 945 peccatorum
1497 893 1751 934 contrivisti.

1161 949 1340 990 Domini
1359 954 1426 991 θεῖ
1445 950 1576 991 salus:
1594 950 1619 976 *
1643 954 1687 991 et
1705 962 1836 1003 super
1854 952 1930 1003 po-

1109 1005 1260 1058 pulum
1279 1010 1403 1047 tuum
1421 1006 1671 1048 benedictio
1691 1011 1776 1048 tua.

1169 1071 1261 1111 Ant.
1300 1071 1542 1113 'l'ribulatio
1577 1076 1621 1113 et
1647 1071 1846 1123 angustia
1871 1071 1931 1112 in-

1110 1129 1320 1169 venerunt
1337 1141 1418 1178 me,
1437 1128 1644 1171 mandata
1660 1133 1735 1170 tua
1751 1126 1932 1170 medita-

1109 1184 1170 1226 tio
1189 1197 1288 1226 mea
1307 1190 1383 1227 est.

1163 1246 1260 1285 Ant.
1301 1247 1494 1288 Sustinui
1522 1246 1596 1299 qui
1621 1246 1749 1287 simul
1775 1246 1932 1288 contri·

1110 1305 1314 1353 staretur,
1333 1308 1377 1345 et
1395 1315 1484 1344 non
1502 1303 1597 1354 fuit3
1622 1308 1666 1345 et
1685 1303 1759 1355 qui
1779 1315 1932 1345 conso-

1109 1359 1282 1408 laretur,
1303 1365 1346 1401 et
1363 1372 1452 1401 non
1470 1360 1626 1401 inveni.

1389 1434 1584 1474 Psalmus
1605 1434 1660 1473 12.

1203 1516 1402 1556 squequo
1435 1503 1624 1545 Domine
1663 1502 1934 1546 oblivisceris

1211 1574 1280 1603 me
1295 1560 1339 1601 in
1353 1559 1506 1602 finem?
1517 1562 1542 1589 *
1557 1560 1798 1612 Usquequo
1814 1560 1933 1601 aver-

1109 1619 1164 1660 tis
1183 1618 1339 1660 faciem
1357 1623 1478 1660 tuam
1496 1631 1522 1659 a
1539 1616 1632 1659 me?

1162 1673 1380 1725 Quamdiu
1397 1673 1764 1728 ponamconsilia
1781 1673 1827 1714 in
1846 1673 1934 1715 ani-

1110 1744 1182 1772 ma
1205 1744 1319 1781 mea,
1338 1731 1362 1758 *
1382 1731 1583 1774 dolorem
1606 1730 1652 1771 in
1677 1729 1810 1771 corde
1834 1742 1934 1772 meo

1110 1801 1190 1841 per
1209 1786 1346 1830 diem?

1161 1844 1403 1897 Usquequo
1437 1842 1702 1886 exaltabitur
1735 1842 1935 1884 inimicus

1110 1914 1234 1943 meus
1261 1914 1393 1954 super
1417 1898 1509 1942 me?
1534 1901 1559 1927 *
1583 1900 1768 1953 respice,
1795 1904 1839 1942 et
1864 1911 1935 1941 ex-

1111 1957 1213 1999 audi
1231 1970 1301 1999 me
1319 1957 1507 1999 Domine
1525 1957 1647 1999 Deus
1665 1969 1798 1999 meus.

1162 2014 1363 2055 Illumina
1403 2013 1556 2055 oculos
1596 2026 1720 2055 meos
1754 2025 1809 2054 ne
1845 2025 1934 2053 um-

1112 2083 1243 2123 quam
1271 2070 1547 2113 obdormiam
1572 2070 1617 2110 in
1643 2073 1802 2111 morte:
1819 2068 1844 2095 *
1863 2081 1935 2109 ne-

1112 2125 1288 2179 quando
1309 2126 1426 2169 dicat
1444 2126 1643 2168 inimicus
1661 2138 1799 2167 meus:
1820 2125 1935 2166 Prae-

1111 2183 1228 2225 valui
1247 2182 1458 2225 adversus
1478 2195 1588 2224 eum.

1164 2240 1248 2290 Qui
1266 2239 1475 2281 tribulant
1493 2251 1578 2290 me,
1601 2237 1881 2280 exsultabunt
1899 2236 1937 2278 si

1111 2301 1260 2338 motus
1278 2296 1417 2337 fuero:
1435 2295 1459 2321 *
1479 2307 1560 2346 ego
1586 2300 1731 2337 autem
1748 2294 1793 2335 in
1810 2294 1935 2335 mise-

1112 2351 1301 2394 ricordia
1318 2357 1394 2393 tua
1413 2352 1597 2404 speravi.

1163 2408 1412 2450 Exsultabit
1436 2420 1512 2449 cor
1530 2420 1675 2449 meum
1694 2407 1737 2448 in
1757 2406 1935 2448 salutari

1111 2470 1204 2507 tuo:
1223 2464 1410 2507 cantabo
1425 2465 1615 2506 Domino
1637 2464 1711 2517 qui
1728 2464 1846 2505 bona
1863 2465 1936 2504 tri-

1112 2522 1206 2564 buit
1223 2522 1342 2563 mihi:
1360 2522 1383 2548 *
1403 2525 1447 2562 et
1465 2520 1651 2573 psallam
1669 2520 1835 2562 nomini
1849 2519 1936 2560 Do-

1111 2578 1215 2619 mini
1233 2577 1441 2619 altissimi.

1162 2638 1261 2679 Ant.
1302 2637 1495 2681 Sustinui
1525 2637 1598 2690 qui
1623 2637 1751 2678 simul
1779 2637 1935 2678 contri-

1112 2697 1315 2745 staretur,
1335 2699 1379 2736 et
1397 2706 1483 2735 non
1503 2694 1598 2743 fuit;
1625 2698 1669 2735 et
1688 2693 1762 2746 qui
1781 2705 1934 2735 conso-

1111 2752 1284 2802 laretur,
1304 2756 1348 2793 et
1365 2763 1453 2791 non
1471 2750 1625 2792 inveni.
