2040 2990
479 1389 561 1464 IN
612 1389 1181 1466 CIRCUIVICISION
1190 1391 1234 1466 E
1284 1391 1575 1466 DOMINI

645 1509 721 1550 ET
750 1509 996 1552 OCTAVA
1023 1511 1422 1554 NATIVITATIS.

836 1589 988 1631 Duplex
1013 1591 1042 1622 2.

391 1678 453 1719 In
478 1678 515 1719 1.
535 1678 788 1729 vesperis.

223 1745 442 1787 Antiph..et
468 1745 590 1786 Cupit.
615 1744 660 1777 de
688 1744 803 1778 Laud.
835 1743 915 1786 2313
941 1744 998 1777 l's.

173 1797 213 1826 ut
239 1793 276 1825 in
302 1793 427 1826 Festis
453 1792 493 1826 B.
519 1792 565 1826 M.
591 1792 634 1825 Y.
663 1791 754 1835 [133]

485 1858 694 1908 Hymnus.

360 1940 437 1969 esu
456 1925 730 1978 Redemptor
751 1926 953 1975 omnium,

194 1935 245 1983 (³⁹22
282 1933 338 1990 ἐς)

227 1982 242 2001 ¹
346 2001 348 2003 ¹
386 1984 527 2034 Quem
546 1982 655 2024 lueis
677 1987 776 2024 ante
793 1982 1004 2033 originem

192 1981 339 2078 '‘j'ff
384 2041 541 2081 Parem
559 2040 759 2080 Paternae
779 2038 930 2090 gffiriae

216 2078 220 2079 ⁷
253 2099 385 2139 Pater
406 2098 636 2149 supremus
657 2095 806 2137 edidit.

204 2177 271 2216 Tu
291 2175 446 2224 lumen,
466 2179 510 2216 et
529 2172 738 2226 splendor
755 2172 909 2221 Patris,

255 2231 324 2273 Tu
345 2244 447 2284 spes
465 2230 670 2284 perennis
691 2229 894 2277 emnium,

255 2288 439 2330 Intende
460 2300 568 2340 quas
588 2285 774 2328 fundunt
793 2298 946 2338 preces

255 2345 339 2386 Tui
358 2358 438 2398 per
458 2343 610 2386 orbem
630 2341 801 2384 servuli.

204 2421 437 2471 Memento,
455 2433 599 2462 rerum
619 2420 840 2469 Cenditor,

256 2478 410 2519 Nostri
430 2477 550 2530 quod
570 2477 675 2518 olim
694 2476 903 2529 cerporis,

259 2534 438 2576 Sacrata
457 2534 511 2575 ab
532 2533 631 2575 alvo
651 2533 845 2583 Virginis

257 2589 504 2640 Nascendo,
524 2590 708 2630 formam
727 2587 973 2640 sumpseris

209 2667 412 2709 Testatur
430 2667 515 2708 hoe
533 2680 728 2720 praesens
749 2666 853 2716 dies,

262 2724 448 2765 Currens
465 2736 545 2776 per
563 2724 663 2764 anni
682 2722 899 2770 circulum,

1069 1590 1215 1622 classis

1136 1675 1266 1726 Quod
1286 1675 1405 1717 solus
1427 1689 1450 1718 e
1471 1677 1566 1717 sinu
1585 1677 1726 1719 Patris

1135 1732 1287 1774 Mundi
1307 1733 1423 1774 salus
1443 1732 1682 1775 adveneris.

1083 1812 1213 1851 Hune
1233 1815 1360 1860 astra,
1379 1810 1518 1859 tellus,
1538 1812 1726 1862 aequora,

1135 1866 1265 1908 Hunc
1284 1879 1413 1907 omne
1433 1865 1553 1918 quod
1583 1866 1696 1907 coelo
1721 1865 1881 1915 subest,

1136 1923 1295 1965 Salutis
1315 1924 1538 1964 auctorem
1557 1935 1684 1964 novae

1134 1979 1264 2021 Novo
1284 1979 1445 2020 salutat
1465 1979 1647 2021 cantico.

1086 2061 1139 2100 Et
1157 2070 1250 2107 nos
1269 2057 1400 2099 beata
1420 2069 1529 2108 quos
1549 2057 1663 2098 sacri

1134 2115 1312 2166 Rigevit
1329 2113 1448 2155 unda
1466 2113 1700 2164 sanguinis,

1134 2171 1305 2213 Natalis
1326 2170 1382 2212 ob
1403 2170 1519 2212 diem
1537 2171 1601 2211 tui

1134 2228 1296 2281 Hymni
1314 2227 1527 2269 tributum
1546 2226 1765 2268 solvimus.

1082 2309 1198 2356 Jesu,
1216 2305 1298 2347 tibi
1318 2305 1374 2346 sit
1395 2305 1545 2356 gleria,

1136 2363 1220 2413 Qui
1238 2366 1365 2403 natus
1386 2374 1432 2403 es
1453 2361 1507 2402 de
1526 2360 1718 2411 Virgine,

1136 2419 1245 2460 Cum
1263 2419 1404 2468 Patre,-
1425 2423 1469 2460 et
1488 2417 1602 2459 almo
1621 2416 1794 2469 Spiritu,

1135 2477 1186 2516 In
1207 2475 1470 2528 sempiterna
1494 2473 1664 2515 saecula.

1368 2531 1521 2572 Arnen.

1111 2605 1156 2655 Χ
1187 2606 1381 2654 Verbum
1407 2617 1510 2646 earo
1533 2604 1695 2645 factum
1722 2607 1797 2650 est,
1822 2601 1877 2642 al-

1006 2708 1009 2711 ,
1057 2664 1195 2716 leluJa.
1236 2666 1287 2715 R„
1327 2663 1383 2703 Et
1417 2660 1630 2703 habitavit
1664 2659 1708 2699 in
1741 2657 1878 2706 nobis,

1058 2720 1238 2771 alleluja.
