2080 2990
207 223 299 267 [216]

261 322 360 361 Ant.
372 319 566 361 Audiens
573 320 597 360 J
601 320 740 372 oseph
753 319 874 372 quod
881 319 1036 362 Arche-

206 377 300 418 laus
316 378 518 427 regnaret
531 376 575 416 in
589 377 613 416 J
615 376 744 417 udaea
758 389 840 428 pro
855 376 1034 418 Herode

206 439 330 485 patre
350 445 441 481 suo,
460 433 603 474 timuit
622 433 697 474 illo
716 433 791 474 ire.

261 507 356 547 Ant.
391 503 649 547 Admonitus
667 506 711 546 in
731 506 905 547 somnis.

477 587 675 627 Psalmus
695 588 765 627 20.

296 656 439 698 Omine
462 657 506 697 in
530 657 690 698 virttite
715 662 790 698 tua
814 656 1035 698 laetabitur

326 726 418 754 rex:
442 713 466 738 *
490 718 534 754 et
552 726 684 765 super
703 713 893 754 salutare
912 718 1034 754 tuum

207 768 443 811 exsultabit
461 769 752 810 vehementer.

258 824 536 866 Desiderium
560 825 706 866 cordis
731 826 822 876 ejus
844 825 1035 866 tribuisti

207 881 260 922 ei:
274 882 298 907 *
313 886 357 923 et
371 881 595 922 voluntate
610 881 826 922 labiorum
842 882 932 934 ejus
946 894 1034 923 non

207 937 418 978 fraudasti
437 950 547 978 eum.

258 994 473 1043 Quoniam
495 994 748 1046 praevenisti
773 1007 872 1035 eum
895 994 939 1034 in
961 993 1034 1035 be-

205 1049 525 1091 nedictionibus
539 1049 795 1091 dulcedinis:
810 1051 832 1075 *
848 1050 1035 1102 posuisti

204 1106 248 1146 in
276 1106 420 1158 capite
448 1107 538 1157 ejus
567 1108 777 1147 coronam
804 1106 859 1148 de
887 1106 1033 1159 lapide

205 1162 412 1214 pretioso.

256 1218 405 1259 Vitam
424 1218 549 1270 petiit
569 1230 593 1258 a
612 1223 670 1259 te:
689 1219 712 1244 *
733 1224 776 1260 et
790 1218 980 1260 tribuisti
996 1219 1035 1260 ei

204 1273 520 1324 longitudinem
545 1273 713 1315 dierum
740 1275 785 1315 in
813 1275 1034 1324 saeculum,

205 1335 248 1371 et
266 1330 309 1370 in
329 1329 539 1371 saeculum
562 1330 723 1372 sae'culi.

256 1386 414 1437 Magna
439 1391 506 1427 est
523 1386 663 1437 gloria
682 1388 773 1438 ejus
792 1388 835 1428 in
855 1387 1035 1429 salutari

204 1447 295 1484 tuo:
310 1443 333 1467 *
348 1442 532 1493 gloriam
548 1448 591 1484 et
605 1456 812 1494 magnum
828 1443 1034 1486 decorem

204 1499 404 1550 impones
425 1511 556 1550 super
576 1511 687 1540 eum.

257 1555 472 1605 Quoniam
505 1554 630 1596 dabis
662 1568 760 1596 eum
788 1556 831 1596 in
858 1556 1033 1598 benedi-

206 1610 396 1652 ctionem
414 1611 457 1650 in
477 1611 687 1652 saeculum
703 1612 868 1653 saeculi:
886 1613 909 1638 *
927 1612 1034 1654 laeti-

205 1666 357 1707 ficabis
385 1679 484 1707 eum
513 1667 557 1707 in
588 1667 750 1718 gaudio
783 1681 883 1709 cum
911 1669 1034 1710 vultu

203 1727 292 1764 tuo.

257 1779 472 1829 Qu6niam
496 1792 575 1821 rex
598 1785 747 1832 sperat
764 1780 808 1821 in
827 1781 1034 1822 D6mino:

204 1835 227 1860 *
252 1840 295 1876 et
318 1835 361 1875 in
384 1835 684 1877 misericordia
706 1836 923 1878 Altissimi
945 1850 1031 1878 non

204 1891 562 1933 commovebitur.

255 1947 505 1988 Inveniatur
537 1961 691 1989 manus
723 1954 798 1990 tua
831 1950 1033 1991 Omnibus

204 2003 387 2045 inimicis
402 2005 502 2045 tuis:
516 2005 540 2030 *
555 2004 737 2046 dextera
751 2010 827 2046 tua
840 2006 1033 2048 inveniat

205 2071 367 2108 omnes,
389 2061 462 2111 qui
481 2066 524 2102 te
544 2061 741 2103 oderunt.

255 2115 398 2156 Pones
428 2129 504 2157 eos
531 2122 579 2158 ut
607 2117 825 2159 clibanum
853 2119 964 2170 ignis
987 2119 1031 2160 in

204 2172 403 2223 tempore
427 2172 571 2213 vultus
595 2174 672 2214 tui:
696 2174 719 2199 *
743 2174 959 2216 Dominus
988 2176 1032 2216 in

203 2226 267 2267 ira
287 2239 366 2267 sua
385 2228 663 2270 conturbabit
683 2242 771 2279 eos
791 2236 834 2272 et
851 2231 1031 2273 devora-

203 2281 268 2323 bit
287 2295 364 2324 eos
382 2283 505 2333 ignis.

256 2339 465 2381 Fructum
485 2342 637 2381 edrum
657 2341 711 2382 de
726 2346 842 2383 terra
857 2344 1031 2396 perdes:

203 2394 226 2419 *
243 2400 286 2436 et
305 2408 453 2437 semen
473 2398 625 2437 eorum
641 2410 666 2438 a
681 2397 780 2438 filiis
795 2398 1031 2442 h6minum.

256 2451 471 2500 Quoniam
523 2451 851 2495 declinaverunt
896 2456 940 2496 in
987 2461 1030 2498 te

203 2505 332 2547 mala:
350 2507 373 2532 *
394 2508 696 2558 cogitaverunt
716 2510 906 2560 consilia,
932 2525 1030 2564 quae

203 2574 291 2603 non
309 2565 547 2614 potuerunt
567 2564 772 2606 stabilire.

255 2618 470 2668 Quoniam
506 2632 644 2671 pones
681 2634 757 2662 eos
791 2621 984 2664 dorsum:
1007 2625 1030 2650 *

202 2672 246 2712 in
265 2673 458 2726 reliquiis
477 2676 563 2716 tuis
577 2677 849 2729 praeparabis
865 2679 1030 2720 vultum

205 2730 367 2771 eorum.

533 227 708 261 Officium
735 228 907 261 votivum
934 227 980 261 de
1006 228 1041 261 S
1066 226 1214 268 =loseph
1241 227 1394 268 Sponso
1420 225 1459 259 Β.
1485 225 1531 260 M.
1554 226 1596 260 V.

1139 319 1346 360 Exaltare
1356 319 1454 361 Dfie
1467 319 1511 360 in
1524 320 1686 363 virtute
1695 326 1785 363 tua:
1795 322 1819 348 *
1831 335 1922 364 can-

1088 375 1279 417 tabimus
1296 380 1340 416 et
1358 375 1595 427 psallemus
1611 377 1796 420 virtutes
1811 383 1920 420 tuas

1142 442 1242 481 Ant.
1279 439 1542 481 Admonitus
1570 441 1613 481 in
1642 442 1822 493 somnis,
1849 443 1921 484 Jo-

1089 495 1199 547 seph
1219 497 1400 537 secessit
1418 496 1462 536 in
1480 502 1630 549 partes
1651 497 1858 549 Galilaeae,
1877 503 1922 541 et

1089 551 1267 593 veniens
1295 551 1511 595 habitavit
1541 554 1586 594 in
1614 553 1792 596 civitate
1821 567 1920 607 quae

1087 610 1272 649 vocatur
1286 608 1523 660 Nazareth3
1543 614 1591 651 ut
1607 609 1921 663 adimpleretur

1089 663 1210 715 quod
1243 663 1409 705 dictum
1444 670 1511 707 est
1544 678 1624 718 per
1656 666 1921 719 Prophetas:

1089 720 1305 770 Quomam
1324 721 1564 763 Nazaraeus
1583 722 1824 764 vocabitur.

1142 788 1240 828 Ant.
1268 787 1375 828 Erat
1394 792 1521 839 pater
1539 788 1565 828 J
1567 800 1654 829 esu.

1358 866 1556 906 Psalmus
1584 868 1649 908 23.

1179 929 1312 969 ‹Smini
1345 934 1412 970 est
1439 935 1576 980 terra,
1615 935 1658 972 et
1689 931 1919 983 plenitudo

1193 986 1300 1037 ejus:
1318 987 1342 1013 *
1367 985 1488 1027 orbis
1507 989 1739 1037 terrarum,
1769 992 1813 1030 et
1829 988 1920 1029 uni-

1087 1041 1203 1081 versi
1224 1041 1298 1092 qui
1317 1041 1518 1084 habitant
1537 1043 1581 1083 in
1601 1056 1666 1085 eo.

1141 1097 1252 1147 Quia
1275 1098 1371 1150 ipse
1399 1111 1533 1151 super
1556 1100 1695 1141 maria
1721 1101 1921 1144 fundavit

1088 1166 1202 1195 eum:
1228 1154 1251 1179 *
1277 1158 1320 1196 et
1346 1167 1479 1207 super
1499 1155 1678 1197 flumina
1698 1160 1920 1210 praepara·

1088 1210 1151 1251 vit
1171 1222 1281 1251 eum.

1141 1266 1248 1315 Quis
1268 1266 1478 1309 ascendet
1496 1268 1540 1308 in
1558 1274 1755 1311 montem
1770 1269 1879 1312 Diii?
1895 1272 1919 1298 *

1088 1327 1163 1363 aut
1179 1323 1276 1374 quis
1296 1323 1429 1364 stabit
1448 1323 1491 1364 in
1511 1324 1612 1366 loco
1629 1331 1784 1368 sancto
1805 1326 1918 1379 ejus?

1139 1379 1358 1420 Innocens
1407 1380 1610 1421 manibus
1660 1386 1705 1423 et
1754 1383 1918 1425 mundo

1088 1435 1237 1485 corde,
1262 1436 1286 1461 *
1316 1436 1391 1488 qui
1417 1449 1506 1478 non
1534 1438 1706 1490 accepit
1732 1439 1776 1483 in
1804 1452 1919 1482 vano

1088 1491 1277 1532 animam
1300 1505 1438 1542 suam,
1466 1505 1548 1534 nec
1572 1494 1730 1545 juravit
1749 1495 1794 1536 in
1813 1495 1918 1538 dolo

1086 1548 1290 1600 proximo
1311 1561 1403 1590 suo.

1138 1605 1223 1645 Hic
1266 1605 1453 1657 accipiet
1495 1605 1850 1649 benedictionem
1893 1621 1919 1650 a

1086 1661 1293 1702 Domino:
1307 1663 1331 1688 ¹⁸¹
1347 1666 1390 1702 et
1408 1661 1757 1704 misericOrdiam
1776 1676 1802 1705 a
1819 1664 1918 1707 Deo

1087 1716 1268 1757 salutari
1289 1730 1381 1758 suo.

1138 1773 1249 1814 Haec
1277 1777 1345 1814 est
1372 1774 1598 1824 generatio
1629 1777 1919 1827 quaerentium

1087 1841 1206 1877 eum,
1242 1829 1265 1855 *
1309 1831 1599 1881 quaerentium
1641 1831 1798 1874 faciem
1834 1833 1919 1875 Dei

1085 1884 1235 1926 Jacob.

1138 1941 1341 1983 Att611ite
1386 1947 1541 1995 portas
1581 1944 1806 1997 principes
1847 1957 1918 1987 ve-

1085 2002 1214 2047 stras,
1247 2003 1291 2039 et
1316 1998 1548 2040 elevamini
1571 2005 1714 2052 portae
1736 2003 1917 2043 aeterna-

1086 2053 1167 2095 les:
1186 2054 1209 2079 *
1230 2059 1273 2095 et
1292 2053 1488 2096 introibit
1507 2056 1607 2097 Rex
1624 2056 1788 2107 gldriae.

1138 2110 1246 2160 Quis
1273 2115 1340 2152 est
1359 2111 1443 2153 iste
1464 2112 1562 2153 Rex
1585 2111 1762 2163 gleriae?
1781 2114 1806 2141 *
1828 2113 1916 2155 Do-

1084 2166 1226 2208 minus
1256 2167 1380 2208 fortis
1412 2172 1456 2209 et
1490 2173 1665 2220 potens:
1702 2169 1917 2211 D6minus

1085 2227 1246 2275 potens
1264 2224 1308 2264 in
1325 2223 1491 2276 praelio.
1510 2234 1513 2236 ·

1136 2279 1340 2321 Attollite
1381 2285 1534 2332 portas
1577 2282 1800 2334 principes
1845 2295 1916 2324 ve-

1085 2340 1217 2385 stras,
1259 2341 1304 2377 et
1340 2336 1570 2378 elevamini
1611 2342 1755 2389 portae
1792 2343 1916 2380 aeter-

1083 2391 1223 2433 nales:
1250 2393 1274 2418 *
1302 2397 1347 2434 et
1374 2392 1571 2433 introibit
1599 2393 1696 2434 Rex
1723 2394 1886 2445 gldriae.

1137 2448 1243 2498 Quis
1289 2453 1356 2490 est
1404 2448 1487 2490 iste
1529 2448 1626 2490 Rex
1667 2449 1846 2500 gldriae?
1892 2452 1915 2477 *

1082 2504 1299 2546 Dominus
1333 2505 1545 2546 virtutum
1581 2505 1677 2558 ipse
1715 2511 1782 2548 est
1817 2507 1915 2549 Rex

1083 2560 1248 2611 glbriae.

1136 2626 1236 2667 Ant.
1275 2626 1380 2666 Erat
1410 2630 1536 2677 pater
1563 2626 1669 2667 Jesu
1701 2631 1745 2668 et
1774 2631 1915 2669 mater

1081 2681 1290 2722 mirantes
1309 2693 1442 2733 super
1457 2681 1523 2722 his
1540 2694 1639 2733 quae
1656 2682 1915 2725 dicebantur

1083 2735 1139 2778 de
1156 2737 1248 2788 illo;
1270 2742 1314 2779 et
1331 2736 1555 2779 benedixit
1572 2738 1657 2779 illis
1675 2738 1863 2781 Simeon.
