2080 2990
473 244 544 278 Die
572 244 623 278 18.
648 244 737 277 Dee.
784 244 827 277 In
848 242 1147 285 Exspectationc
1174 241 1311 274 Partus
1336 241 1375 274 Β.
1403 240 1447 273 M.
1475 241 1515 273 V.

141 356 238 387 esse
253 343 531 392 Genitricem,
551 345 702 395 aperte
721 343 872 384 niteris
893 342 967 382 im-

141 402 338 453 pugnare
374 397 625 439 veritatem?
679 399 795 439 Ecce
825 398 970 438 Deum

141 456 250 497 dixit
278 458 664 507 superventurum,
700 454 785 495 Dei
812 453 969 494 Filium

139 511 418 552 nasciturum.
481 509 716 560 Quemodo
754 522 858 559 ergo
897 514 971 550 aut

141 567 225 608 Dei
243 566 380 607 Filius
402 566 524 607 Deus
549 578 637 606 non
662 570 745 614 est,
773 570 847 605 aut
871 577 970 616 quae

140 624 284 664 Deum
300 621 446 671 edidit,
463 620 688 672 quomodo
703 620 970 667 Theotoeos,

141 678 188 720 id
212 684 293 728 est,
321 678 406 718 Dei
425 677 624 718 Genitrix
650 689 738 717 non
758 689 854 717 esse
874 681 969 728 pot-

142 733 232 776 est?
291 734 356 775 Te
375 734 530 774 Deum.
549 734 609 772 14.

406 808 486 849 Ad
510 808 707 849 Laudes

361 870 407 900 et
440 877 533 910 per
567 866 747 900 Horas.

198 922 295 963 Ant.
315 923 343 961 1.
371 921 531 961 Missus
556 925 623 962 est
641 921 665 946 *
686 920 866 961 Gabriel
886 919 971 960 An-

142 977 266 1029 gelus
281 977 339 1019 ad
353 977 536 1018 Mariam
545 976 771 1064 Virginem
786 975 973 1028 despon-

143 1036 284 1075 satam
303 1032 480 1084 Joseph.

195 1092 262 1131 Ps.
289 1088 504 1130 Deminus
523 1087 734 1138 regnavit.
758 1087 818 1127 15.

195 1148 232 1187 2.
258 1146 349 1186 Ave
364 1144 512 1192 Maria,
528 1144 552 1169 *
566 1143 707 1193 gratia
725 1143 865 1206 plena,
885 1142 971 1182 De-

142 1201 285 1242 minus
304 1205 464 1242 tecum:
489 1198 723 1240 benedicta
745 1204 793 1240 tu
818 1199 861 1238 in
883 1210 973 1238 mu-

142 1256 334 1306 lieribus,
353 1255 535 1307 alleluja.

196 1316 232 1354 3.
264 1313 331 1354 Ν6
359 1313 514 1353 timeas
539 1311 695 1360 Maria,
722 1311 745 1335 *
770 1308 974 1350 invenisti

143 1368 329 1418 gratiam
349 1366 467 1419 apud
481 1366 733 1408 Deminum:
754 1378 856 1407 ecce
875 1377 973 1405 con-

145 1423 281 1476 cipies
302 1428 346 1464 et
364 1423 509 1475 paries
528 1422 676 1471 filium,
695 1421 878 1472 alleluja.

195 1481 232 1520 4.
251 1479 387 1520 Dabit
401 1478 441 1519 ei
454 1478 670 1518 Dominus
686 1479 709 1504 *
725 1477 875 1518 sedem
889 1477 974 1516 Da-

145 1535 219 1577 vid
246 1535 384 1588 patris
413 1535 519 1585 ejus,
552 1539 595 1575 et
622 1533 822 1583 regnabit
848 1533 892 1572 in
921 1545 974 1572 ae-

143 1593 326 1633 ternum.

194 1650 232 1689 5.
274 1649 392 1688 Ecce
430 1644 587 1686 ancilla
619 1644 812 1693 Domini,
843 1645 867 1669 *
900 1644 976 1684 fiat

145 1701 251 1743 mihi
269 1701 512 1744 secundum
528 1699 712 1742 verbum
729 1704 862 1740 tuum.

246 1766 504 1817 Capitulum.
676 1765 801 1805 Isaia:
818 1766 867 1803 11.

225 1825 447 1877 gredietur
466 1825 589 1875 virga
607 1823 662 1864 de
678 1822 825 1864 radice
841 1823 866 1863 J
868 1835 976 1872 esse

239 1887 283 1923 et
302 1882 385 1922 fios
406 1880 461 1922 de
479 1880 628 1921 radice
648 1880 739 1930 ejus
757 1878 975 1919 ascendet.

145 1938 202 1979 Et
229 1937 476 1988 requiescet
504 1948 637 1988 super
665 1947 765 1975 eum
789 1934 976 1986 Spiritus

145 1993 335 2034 Domini.

454 2047 524 2097 Hy
529 2060 666 2086 mnus.

249 2122 277 2148 n
297 2109 415 2149 clara
433 2120 521 2149 vox
541 2106 768 2157 redarguit

270 2163 471 2205 Obscura
492 2175 695 2214 quaeque,
719 2163 976 2214 personans:

222 2219 383 2261 Procul
403 2219 606 2269 fugentur
624 2217 806 2258 somnia:

227 2275 298 2316 Ab
318 2275 407 2316 alto
427 2275 452 2315 J
455 2287 555 2315 esus
574 2274 803 2326 premicat.

173 2341 299 2380 Mens
318 2340 402 2390 jam
421 2341 621 2389 resurgat
639 2336 827 2389 torpida,

224 2393 533 2446 Nonamplius
553 2394 697 2445 jacens
715 2392 849 2433 humi:

226 2448 356 2491 Sidus
375 2449 563 2499 refulget
582 2449 667 2500 jam
685 2460 860 2496 novum,

228 2505 286 2546 Ut
303 2504 429 2545 tollat
449 2517 577 2545 omne
596 2503 785 2545 nexium.

172 2567 242 2607 En
259 2568 414 2617 Agnus
434 2566 491 2608 ad
508 2580 590 2608 nos
609 2567 794 2608 mittitur

226 2623 397 2663 Laxare
416 2623 552 2672 gratis
571 2622 783 2664 debitum:

228 2678 392 2719 Omnes
413 2678 540 2718 simul
560 2691 658 2718 cum
677 2677 868 2718 lacrimis

227 2734 462 2775 Precemur
479 2733 803 2784 indulgentiam.

1053 341 1117 387 Ut,
1137 351 1236 379 cum
1255 338 1449 379 secundo
1469 338 1647 387 fulserit,

1103 396 1312 446 Metuque
1331 393 1540 435 mundum
1559 393 1752 441 cinxerit,

1103 452 1204 492 Non
1223 463 1305 502 pro
1324 452 1447 491 reatu
1467 450 1628 502 puniat,

1102 507 1190 548 Sed
1208 519 1289 547 nos
1309 506 1406 558 pius
1426 511 1529 546 tunc
1547 508 1762 557 protegat.

1051 572 1212 621 Virtus,
1231 570 1384 618 honor,
1403 570 1508 619 laus,
1528 570 1667 619 gleria

1099 629 1198 669 Deo
1217 626 1336 668 Patri
1355 639 1454 667 cum
1472 625 1595 674 Filio,

1102 684 1263 725 Sancto
1285 682 1412 722 simul
1430 681 1661 730 paraclito,

1103 741 1154 780 In
1173 738 1435 780 saeculerum
1455 737 1627 778 saecula.
1655 738 1805 777 Amen.

1077 792 1127 842 V.
1162 795 1348 847 Spiritus
1374 799 1551 835 sanctus
1578 792 1854 844 superveniet

1027 853 1071 892 in
1089 857 1143 893 te.
1169 852 1218 901 R.
1238 851 1294 891 Et
1313 851 1450 891 virtus
1470 848 1685 889 Altissimi
1705 847 1853 888 obum-

1027 908 1172 950 brabit
1189 907 1279 949 tibi.

1079 961 1149 1002 Ad
1186 960 1342 1002 Bened.
1387 962 1484 999 Ant.
1527 960 1666 1012 Super
1698 959 1855 1000 Selium

1026 1018 1185 1067 David,
1210 1023 1253 1059 ct
1273 1030 1405 1069 super
1423 1029 1604 1066 regnum
1623 1017 1714 1067 ejus
1733 1013 1854 1055 sede-

1026 1075 1090 1116 bit
1108 1075 1152 1114 in
1171 1076 1393 1115 aeternum.

1364 1129 1527 1170 Oratio.

1029 1183 1213 1287 Deus,
1242 1185 1315 1236 qui
1340 1183 1395 1225 de
1418 1184 1562 1225 beatae
1587 1183 1737 1223 Mariae
1761 1180 1856 1220 Vir-

1128 1254 1239 1291 g1n1s
1257 1244 1383 1281 utero
1399 1238 1598 1280 Verbum
1616 1243 1749 1286 tuum,
1770 1237 1854 1276 An-

1027 1298 1126 1348 gelo
1155 1296 1398 1344 nuntiante,
1431 1307 1606 1335 carnem
1633 1294 1855 1344 suscipere

1028 1352 1219 1394 voluisti:
1255 1355 1419 1404 praesta
1451 1348 1722 1401 supplicibus
1754 1347 1856 1395 tuis;

1028 1414 1076 1449 ut
1110 1408 1184 1459 qui
1214 1419 1317 1448 vere
1351 1419 1446 1447 eam
1479 1405 1746 1446 Genitricem
1772 1379 1856 1444 Dei⁷

1028 1464 1256 1513 credimus,
1277 1464 1367 1514 ejus
1388 1460 1506 1513 apud
1524 1466 1568 1502 te
1584 1459 1856 1501 intercessio-

1027 1520 1155 1562 nibus
1171 1519 1434 1571 adjuvemur.
1452 1518 1536 1558 Per
1551 1515 1755 1557 eumdem
1770 1516 1856 1555 Do-

1027 1577 1192 1617 minum
1210 1580 1419 1616 nostrum.

1080 1638 1229 1672 Deinde
1254 1638 1293 1671 fit
1318 1646 1513 1671 commem.
1539 1635 1672 1668 Feriae.

1302 1698 1369 1733 Ad
1393 1696 1592 1733 Primam.

1083 1754 1128 1792 In
1150 1753 1199 1803 R».
1217 1752 1277 1792 br.
1299 1750 1455 1791 dicitur
1474 1744 1524 1795 Y.
1547 1747 1631 1796 Qui
1650 1748 1859 1787 venturus

1030 1821 1077 1849 es
1096 1808 1140 1848 in
1159 1806 1378 1848 mundum.

1300 1879 1368 1915 Ad
1388 1878 1591 1914 Tertiam.

1084 1932 1181 1971 Ant.
1214 1932 1306 1972 Ave
1325 1930 1475 1970 Maria.

1080 1992 1217 2043 Capit.
1247 1989 1520 2041 Egredietur.
1539 1993 1584 2027 ut
1604 2000 1747 2038 supr-1.

1082 2048 1131 2087 R.
1158 2047 1217 2087 br.
1253 2047 1323 2087 Tu
1351 2047 1591 2094 exsurgens
1619 2041 1808 2083 Domine
1835 2047 1855 2067 *
1904 2085 1906 2087 ,

1030 2102 1308 2146 Misereberis
1323 2101 1438 2142 Sion.
1464 2100 1544 2140 Tu.
1560 2097 1609 2146 V.
1629 2097 1740 2148 Quia
1754 2102 1859 2138 tem-

1031 2173 1115 2212 pus
1133 2156 1370 2199 miserendi
1385 2157 1486 2208 ejus,
1508 2155 1609 2206 quia
1623 2153 1742 2194 venit
1755 2158 1861 2193 tem-

1030 2229 1126 2269 pus.
1149 2212 1437 2254 Misereberis.
1461 2210 1614 2251 Gloria
1629 2209 1758 2251 Patri.
1782 2209 1861 2250 Tu.

1082 2265 1131 2315 V.
1163 2270 1330 2310 Rorate
1356 2267 1456 2309 coeli
1481 2266 1687 2318 desuper,
1716 2270 1759 2306 et
1783 2278 1857 2305 nu-

1029 2328 1110 2370 bes
1142 2324 1295 2378 pluant
1325 2325 1496 2376 justum.
1540 2324 1589 2374 R.
1624 2321 1861 2373 Aperiatur

1030 2388 1158 2430 terra,
1180 2386 1223 2422 et
1241 2379 1454 2430 germinet
1473 2378 1756 2419 Salvatorem.

1309 2452 1377 2488 Ad
1401 2451 1587 2487 Sextam.

1084 2507 1183 2546 Ant.
1212 2505 1281 2545 Ne
1300 2505 1455 2544 timeas
1475 2502 1623 2542 Maria.

1134 2563 1393 2616 Capitulum.
1598 2562 1652 2600 Is.
1667 2560 1702 2599 7.
1719 2574 1753 2600 6.

1113 2632 1189 2661 666
1220 2619 1343 2669 virgo
1378 2616 1612 2668 concipiet,
1645 2621 1688 2657 et
1719 2614 1861 2666 pariet

1126 2675 1272 2720 filium,
1292 2679 1336 2715 et
1350 2672 1580 2715 vocabitur
1594 2683 1754 2712 nomen
1769 2671 1859 2720 ejus

1030 2730 1299 2772 Emmanuel.
1336 2730 1550 2781 Butyrum
1574 2732 1616 2769 et
1639 2726 1724 2767 mel
1744 2727 1858 2767 cem-
