2040 2990
860 191 923 223 Ad
948 190 1127 224 Tertiam.
1813 186 1857 222 33

195 277 244 328 V,
284 276 503 319 D'eminus
534 278 773 320 vobiscum.
818 286 867 335 R
916 281 973 322 Et

143 346 242 374 cum
262 334 420 386 spiritu
438 339 526 376 tuo.

246 400 444 441 Oremus.
703 404 864 444 Oratio.

127 451 375 557 ¹]]emine
407 455 529 496 Deus
565 459 864 509 omnipotens,
899 458 972 510 qui

246 510 304 552 ad
331 511 595 563 principium
622 511 748 564 hujus
777 512 862 554 diei
890 526 971 554 nos

141 569 372 618 pervenire
407 567 567 609 fecisti:
608 572 684 609 tua
721 581 803 610 nos
839 569 971 610 hedie

143 622 263 663 salva
282 623 458 674 virtute3
482 629 531 665 ut
548 624 593 664 in
611 624 694 666 hae
714 625 785 666 die
805 625 862 667 ad
880 626 970 666 nul-

141 679 231 719 lum
242 678 511 720 declinemus
521 683 764 732 peccatum,
776 681 856 723 sed
863 694 971 723 sem-

140 747 221 787 per
249 734 306 776 ad
332 740 454 776 tuam
485 737 693 787 justitiam
725 737 971 779 faciendam

142 795 293 832 nostra
310 791 556 843 procedant
575 793 765 845 elo'quia,
786 793 971 845 dirigen-

141 851 213 888 tur
232 847 521 898 cogitationes
542 854 585 890 et
605 851 751 901 Opera.
780 850 865 891 Per
883 851 971 891 Do-

141 903 306 944 minum
325 908 535 945 nostrum.
565 909 614 959 R
635 905 788 947 Amen.

189 956 238 1007 Σ
283 960 500 1001 Deminus
542 961 781 1003 vobiscum.
828 967 876 1017 R.
916 964 973 1004 Et

143 1027 242 1056 cum
262 1016 418 1068 spiritu
436 1021 525 1057 tuo.

188 1068 237 1119 V.
253 1071 575 1114 Benedicemus
585 1074 789 1115 Demino.
809 1078 857 1127 R.
874 1076 972 1117 Deo

141 1127 316 1177 gratias.

189 1193 337 1227 Deinde
364 1194 403 1227 in
427 1194 555 1229 Choro
578 1195 720 1237 legitur
740 1198 967 1241 Martyrolo—

137 1242 250 1284 gium.
295 1242 342 1275 Et
373 1243 529 1285 quando
560 1244 723 1278 dicenda
751 1251 809 1279 est
840 1246 966 1280 Prima

137 1289 183 1323 de
201 1289 242 1322 B.
260 1289 393 1325 Maria.
418 1291 660 1333 praeponitur
676 1292 851 1327 Lectioni
870 1294 966 1328 Mar-

136 1337 332 1380 tyrologii.

188 1392 330 1426 Postea
355 1393 694 1428 Hebdomadarius
721 1395 813 1429 dicit

190 1439 239 1491 V.
255 1443 455 1484 Pretiesa
469 1444 514 1484 in
529 1447 771 1497 conspectu
780 1445 968 1486 Demini.

139 1501 187 1551 R.
208 1498 329 1539 Mors
348 1502 602 1542 sancterum
621 1501 722 1553 ejus.

188 1561 235 1595 Et
257 1562 434 1595 absolute
460 1562 542 1595 sine
571 1561 742 1597 OremuS.

472 1618 635 1658 Oratio.

135 1667 338 1774 Sancta
368 1673 526 1723 Maria⁷
560 1679 604 1715 et
636 1687 789 1716 omnes
820 1675 968 1716 Sancti

224 1728 500 1771 intercedant
526 1743 609 1782 pro
637 1730 765 1772 nobis
795 1731 852 1772 ad
879 1732 967 1772 Do-

138 1785 317 1826 minum:
354 1789 402 1826 ut
433 1798 515 1826 nos
546 1789 794 1828 mereamur
825 1787 880 1829 ab
914 1801 967 1829 eo

139 1839 334 1892 adjuvari
354 1846 398 1882 et
422 1841 596 1892 salvari,
623 1843 697 1894 qui
715 1843 822 1884 vivit
842 1849 886 1885 et
904 1857 966 1886 re-

137 1901 243 1946 gnat
259 1897 303 1937 in
323 1897 485 1939 saecula
503 1899 777 1940 saeculorum.

187 1955 236 2006 R.
269 1953 421 1994 Amen.

186 2005 237 2057 V.
259 2009 380 2050 Deus
399 2010 444 2050 in
463 2010 727 2061 adjuterium
746 2024 893 2053 meum
906 2013 966 2053 in-

138 2064 281 2106 tende.
309 2068 359 2118 R».
388 2066 576 2108 Demine
596 2066 653 2108 ad
673 2067 966 2119 adjuvandum

137 2133 207 2162 me
227 2121 395 2163 festina.

185 2186 232 2219 Et
256 2186 396 2221 dicitur
419 2192 492 2222 ter:
517 2189 652 2223 ultimo
676 2191 832 2225 additur

190 2237 342 2278 Gleria
359 2238 490 2279 Patri.
516 2239 638 2280 Sicut
657 2244 761 2281 erat.

198 2298 328 2349 Kyrie
362 2298 537 2339 eleison.
581 2299 753 2342 Christe
790 2299 965 2340 eleison.

143 2353 273 2405 Kyrie
293 2354 467 2395 eleison.

189 2410 319 2451 Pater
337 2415 499 2452 noster.
517 2421 698 2455 secreto.

186 2461 236 2511 V.
257 2465 315 2506 Et
333 2478 388 2507 ne
407 2478 488 2507 nos
507 2466 690 2507 inducas
705 2467 748 2507 in
764 2467 965 2508 tentatio-

138 2533 248 2561 nem.
271 2523 321 2573 R.
346 2521 433 2563 Sed
451 2522 589 2563 libera
608 2535 689 2563 nos
709 2535 733 2563 a
752 2523 879 2563 malo.

1024 279 1129 320 mini
1142 280 1227 321 Dei
1245 281 1385 321 nostri
1401 294 1534 333 super
1548 294 1640 330 nos,
1661 286 1705 322 et
1719 283 1855 333 epera

1023 338 1232 377 manuum
1264 339 1514 378 nostrerum
1552 337 1690 388 dirige
1724 350 1854 390 super

1024 405 1122 441 nos,
1157 398 1200 433 et
1228 405 1340 445 opus
1368 395 1576 434 manuum
1604 396 1854 434 nostrerum

1025 448 1174 500 dirige.

1077 499 1126 548 Y·
1147 505 1298 546 GlOria
1317 506 1446 546 Patri.
1481 508 1526 557 R.
1546 506 1666 547 Sicut
1685 511 1788 548 erat.

1132 574 1328 614 Oremus.
1588 576 1748 616 Oratio.

1024 631 1269 736 Dirigere
1298 643 1342 679 et
1370 639 1663 688 sanctificare,
1702 642 1852 689 regere

1128 698 1172 734 et
1189 693 1435 743 gubernare
1456 694 1647 744 dignere,
1663 696 1850 737 Domine

1023 749 1144 790 Deus
1158 750 1256 790 Rex
1276 750 1378 791 eoeli
1394 755 1437 791 et
1453 755 1593 799 terrae,
1613 751 1745 792 hedie
1761 764 1852 792 cor-

1024 804 1079 846 da
1100 810 1143 846 et
1163 808 1352 858 corpora
1376 812 1545 856 nostra,
1572 820 1740 856 sensus,
1767 820 1852 848 ser-

1022 863 1187 911 menes,
1208 867 1251 902 et
1266 866 1391 903 actus
1407 868 1583 904 nostros
1599 864 1642 903 in
1656 863 1752 913 lege
1766 868 1852 913 tua,

1023 922 1067 958 et
1098 917 1142 957 in
1175 917 1382 970 operibus
1414 919 1724 960 mandatorum
1759 922 1853 960 tue-

1022 986 1133 1014 rum:
1157 979 1205 1015 ut
1224 973 1310 1023 hic,
1336 979 1379 1015 et
1397 975 1440 1015 in
1461 977 1687 1025 aeternum,
1713 980 1756 1016 te
1781 989 1852 1016 au-

1021 1029 1216 1079 xiliante,
1236 1030 1344 1071 salvi
1365 1036 1408 1072 et
1426 1031 1553 1072 liberi
1572 1044 1668 1073 esse
1687 1034 1850 1073 meree-

1021 1099 1133 1135 mur,
1162 1086 1363 1127 Salvetor
1387 1087 1551 1129 mundi:
1576 1088 1660 1138 Qui
1679 1088 1788 1128 vivis
1808 1094 1852 1129 et

1022 1154 1179 1191 regnas
1198 1143 1243 1182 in
1262 1143 1424 1184 saecula
1444 1144 1717 1185 saeculorum.

1076 1200 1123 1250 R.
1152 1198 1306 1239 Amen.

1077 1254 1123 1303 Y.
1151 1258 1171 1297 J
1178 1258 1263 1299 ube
1283 1258 1443 1301 domne
1462 1259 1736 1301 benedicere.

1078 1319 1343 1360 Benedictio.
1391 1320 1494 1361 Dies
1535 1325 1579 1361 et
1615 1325 1739 1361 actus
1776 1333 1849 1360 no-

1022 1378 1138 1414 stros
1164 1375 1206 1414 in
1233 1388 1312 1415 sua
1336 1388 1447 1427 pace
1473 1375 1678 1428 dispenat
1702 1377 1849 1416 Demi-

1021 1443 1103 1470 nus
1124 1433 1413 1483 omnipotens.
1451 1434 1499 1483 R.
1530 1433 1684 1473 Amen.

1073 1495 1134 1528 Ad
1153 1496 1451 1530 Absolutionem
1470 1498 1639 1540 Capituli
1667 1500 1702 1532 in
1723 1500 1847 1533 Pestis

1021 1543 1092 1576 die.
1119 1543 1211 1585 Cap.
1236 1544 1371 1577 Nonae.
1408 1545 1502 1579 Post
1522 1546 1741 1580 Lectionem
1768 1548 1848 1581 bie

1020 1601 1106 1624 vem
1133 1591 1273 1625 dicitur

1075 1637 1122 1688 V.
1159 1641 1438 1693 Adiutorium
1470 1648 1669 1683 nostrum
1700 1643 1743 1683 in
1775 1645 1849 1683 no-

1020 1698 1136 1739 mine
1155 1698 1344 1738 Domini.
1385 1701 1433 1750 R.
1458 1699 1541 1749 Qui
1565 1699 1668 1740 fecit
1688 1699 1847 1740 coelum

1022 1758 1065 1795 et
1083 1758 1257 1795 terram.

1072 1809 1122 1860 V.
1144 1814 1409 1855 Benedicite.
1438 1818 1487 1867 R.
1509 1815 1642 1855 Deus.

1072 1878 1339 1920 Benedictio.
1374 1879 1589 1920 Dominus
1613 1892 1694 1920 nos
1719 1879 1847 1921 bene-

1021 1935 1156 1984 dicat,
1185 1940 1229 1976 et
1256 1935 1311 1977 ab
1340 1936 1458 1976 omni
1485 1935 1601 1976 malo
1630 1935 1846 1984 defendat,

1021 1996 1064 2032 et
1083 1990 1140 2032 ad
1160 1991 1294 2032 vitam
1313 1991 1527 2044 perducat
1551 1993 1776 2041 aeternam3
1805 1996 1848 2032 et

1019 2046 1215 2088 fidelium
1234 2048 1390 2088 einimae
1409 2060 1488 2099 per
1503 2046 1848 2088 misericerdiam

1019 2103 1102 2143 Dei
1121 2103 1399 2155 requiescant
1416 2104 1460 2144 in
1479 2115 1599 2155 pace.
1628 2106 1677 2156 R
1695 2103 1847 2144 Amen.

1226 2197 1282 2199 ψ
1295 2185 1642 2210 —ffist-.-.wfflss

1265 2261 1344 2302 Ad
1371 2260 1605 2302 Tertiam.

1072 2333 1201 2373 Pater
1229 2336 1388 2373 noster.
1427 2332 1519 2372 Ave
1543 2331 1690 2371 Maria.

1072 2389 1190 2429 Deus
1209 2387 1252 2427 in
1272 2387 1545 2438 adjutorium.
1564 2387 1623 2427 15.

1331 2460 1538 2509 Hymnus.

1115 2537 1199 2565 unc
1219 2529 1368 2565 sancte
1388 2524 1515 2565 nobis
1534 2523 1730 2576 Spiritus,

187 2571 237 2622 V.
271 2577 463 2630 Respice
494 2578 539 2618 in
569 2591 721 2619 servos
749 2583 849 2620 tuos
877 2579 965 2619 De·
1147 2580 1292 2621 Unum
1310 2581 1431 2621 Patri
1450 2593 1549 2620 cum
1568 2579 1690 2628 Filio⁷

138 2631 269 2681 mine,
297 2638 341 2674 et
362 2634 406 2673 in
426 2636 562 2686 (Spera
581 2639 671 2683 tua,
698 2639 741 2676 et
760 2634 899 2684 dirige
918 2634 965 2674 fi-

137 2686 220 2727 lios
239 2689 401 2729 cerum.
429 2695 476 2745 R
498 2690 555 2731 Et
574 2690 630 2731 sit
648 2689 859 2743 splendor
874 2690 964 2731 Do-
981 2707 984 2711 ·

1120 2636 1313 2687 Dignere
1331 2641 1563 2688 promptus
1582 2635 1718 2684 ingeri

1119 2692 1285 2733 Nostro
1305 2691 1476 2733 refusus
1494 2691 1675 2744 pectori.
