2080 2990
197 195 271 230 502

199 288 282 330 sibi
314 288 546 329 allaturum
580 288 637 329 ad
663 289 919 330 mandatum
944 289 1030 330 1100

201 343 527 394 corrigendum,
589 344 756 396 aliquid
809 345 1030 394 addendo,

201 400 407 452 quoniam
440 399 584 441 Deum
621 413 668 441 se
704 400 909 450 faciebat,
945 400 1031 441 hoc

199 455 335 497 modo
389 456 670 506 interrogant.
733 456 848 506 Quid
900 457 1031 506 igitur

202 510 424 553 Christus?
462 512 521 553 Ut
549 511 753 553 ostendat
780 512 945 553 idcireo
974 511 1031 553 ad

200 566 298 608 haec
325 579 403 608 eos
432 566 677 616 devenisse,
713 568 815 619 quia
843 567 960 608 nulla
987 567 1032 607 in

202 624 265 664 eis
297 628 415 664 esset
448 623 625 673 caritas,
662 623 742 664 sed
775 623 951 664 invidiae
983 623 1031 663 li-

202 682 308 720 vore
336 679 629 720 tabescerent:
664 679 846 729 Diliges,
879 679 1030 731 inquit,

200 736 439 777 Deminum
472 736 615 777 Deum
650 740 788 776 tuum:
823 735 909 776 hoc
945 736 1029 787 pri-

201 805 320 832 mum
354 797 397 832 et
428 804 634 841 magnum
665 790 921 832 mandatum
954 795 1032 832 est.

201 846 451 888 Secundum
479 853 625 888 autem
653 846 793 887 simile
815 846 931 887 huic:
959 848 1031 887 Di-

201 903 310 952 liges
356 903 607 955 preximum
650 907 774 943 tuum
819 903 931 944 sicut
971 909 1032 945 te-

202 961 356 1011 ipsum.

256 1022 301 1072 lg„
337 1015 428 1056 Iste
457 1020 524 1055 est
549 1015 623 1066 qui
648 1019 748 1055 ante
774 1014 918 1055 Deum
946 1028 1032 1055 ma-

202 1084 310 1121 gnas
339 1071 525 1112 virtutes
555 1073 765 1122 operatus
794 1075 877 1119 est,
907 1075 951 1111 et
979 1070 1034 1112 de

203 1128 321 1167 omni
364 1126 498 1167 corde
537 1139 616 1167 suo
653 1125 850 1168 laudavit
885 1127 1033 1167 Domi-

202 1196 321 1223 num:
342 1191 362 1210 *
384 1184 487 1235 Ipse
509 1181 753 1223 intercedat
776 1195 858 1234 pro
880 1185 1033 1235 pecca-

202 1238 259 1279 tis
293 1239 486 1279 emnium
518 1238 795 1290 populorum.
834 1237 882 1286 Y.
918 1238 1035 1279 Ecce

203 1294 336 1335 homo
356 1295 448 1335 sine
475 1294 668 1346 querela,
693 1307 822 1335 verus
839 1295 924 1335 Dei
947 1294 1034 1335 cul-

203 1355 292 1399 tor,
325 1350 550 1391 abstinens
583 1363 631 1391 se
664 1349 719 1391 ab
754 1351 873 1391 omni
901 1352 1035 1402 epere

203 1406 336 1455 malo,
367 1411 410 1447 et
433 1408 695 1458 permanens
718 1407 761 1446 in
785 1406 1035 1447 innocentia

205 1474 294 1502 sua.
322 1463 424 1514 Ipse
444 1461 698 1503 intercedat.

489 1522 641 1561 Lectio
666 1522 748 1560 viii.

206 1558 545 1678 Quamobrem
604 1574 743 1615 simile
795 1578 862 1615 est
910 1573 1036 1614 huic?

315 1630 522 1681 queniam
545 1630 631 1671 1100
653 1629 761 1671 illud
782 1629 965 1679 inducit,
993 1634 1037 1670 et

206 1685 261 1726 ab
290 1685 365 1727 illo
397 1698 548 1726 rursus
576 1688 778 1727 munitur.
833 1686 1035 1735 Quicum-

207 1755 293 1793 que
328 1742 443 1782 enim
475 1741 589 1782 male
621 1742 724 1793 agit,
769 1741 872 1783 edio
904 1741 1037 1784 habet

205 1797 363 1847 lucem,
393 1802 436 1839 et
458 1810 546 1838 non
564 1798 684 1839 venit
707 1796 764 1839 ad
782 1798 936 1839 lucem.
979 1798 1039 1839 Et

205 1866 374 1894 rursus:
415 1854 537 1895 Dixit
574 1853 786 1905 insipiens
823 1854 868 1894 in
903 1854 1038 1896 corde

207 1922 302 1950 suo:
321 1910 423 1950 Non
447 1915 514 1951 est
532 1910 665 1950 Deus.
699 1909 871 1951 Deinde
896 1910 1037 1962 sequi-

206 1970 294 2006 tur:
329 1966 537 2018 Corrupti
563 1971 679 2015 sunt,
709 1971 751 2007 et
771 1966 1038 2007 abominabi-

206 2021 271 2062 les
304 2021 408 2063 facti
440 2027 540 2063 sunt
570 2022 614 2062 in
647 2022 803 2064 studiis
835 2022 935 2063 suis.
981 2022 1037 2063 Et

206 2080 379 2119 iterum:
414 2077 558 2119 Radix
593 2079 786 2120 Omnium
821 2079 1037 2120 malerum

208 2134 391 2175 avaritia
419 2139 499 2174 est:
533 2147 664 2185 quam
695 2134 874 2186 quidam
906 2148 1038 2187 appe-

207 2191 362 2238 tentes,
390 2191 646 2232 erraverunt
675 2204 700 2231 a
728 2190 828 2232 fide.
859 2191 927 2240 Et,
956 2191 1040 2241 Qui

209 2245 351 2296 diligit
369 2258 455 2295 me,
483 2246 689 2287 mandata
712 2260 811 2287 mea
833 2246 1040 2289 servabit:

210 2314 398 2353 quorum
418 2307 550 2353 caput
571 2307 613 2343 et
633 2302 757 2343 radix
772 2308 855 2344 est:
874 2302 1040 2354 Diliges

209 2358 447 2398 Deminum
477 2357 620 2398 Deum
651 2362 788 2408 tuum,
821 2364 864 2400 et
895 2358 1040 2411 prexi-

208 2427 328 2454 mum
346 2419 470 2454 tuum
489 2413 601 2454 sieut
619 2415 820 2464 teipsum.

266 2473 311 2522 lx{=.
330 2469 426 2510 Sint
439 2468 577 2510 lumbi
591 2470 727 2509 vestri
741 2470 979 2521 praecincti,
998 2475 1042 2511 et

209 2525 400 2566 lucernae
429 2524 634 2565 ardentes
669 2525 712 2565 in
741 2525 943 2566 manibus
971 2538 1041 2567 ve-

211 2581 327 2622 stris:
339 2584 359 2607 *
371 2581 428 2621 Et
441 2593 522 2621 vos
534 2580 697 2621 similes
708 2580 957 2623 hominibus
971 2594 1041 2622 ex-

211 2636 514 2689 spectantibus
526 2636 751 2678 deminum
763 2650 900 2686 suum,
918 2650 1043 2689 quan·

211 2692 269 2734 do
285 2694 532 2734 revertatur
548 2705 574 2733 a
588 2693 764 2746 nuptiis.
786 2687 832 2737 Y.
849 2693 1042 2744 Vigilate

659 200 726 232 Die
753 201 783 232 5⁷³.
811 199 947 232 Martii.
995 201 1029 232 ὅ.
1058 197 1274 231 Franciseae
1303 197 1448 230 N'iduzu.

1083 300 1206 339 ergo,
1242 288 1343 340 quia
1370 288 1548 329 nescitis
1576 300 1663 340 qua
1690 288 1799 329 hora
1823 288 1912 329 De-

1081 345 1224 385 minus
1243 348 1389 385 vester
1405 347 1616 385 venturus
1632 344 1700 386 sit.
1723 345 1790 385 Et.
1812 343 1912 388 Gle-

1083 400 1148 440 ria
1164 400 1297 440 Patri.
1327 399 1395 440 Et.

1137 464 1179 497 In
1204 463 1396 504 Quadrag.
1426 463 1559 498 Lectio
1590 465 1639 498 ix.
1665 466 1712 499 de
1740 465 1909 499 Homilia

1086 517 1121 545 ct
1147 521 1341 544 commem.
1368 511 1449 544 Fer.
1476 512 1513 544 in
1539 512 1656 546 Laud.

1141 563 1255 596 Extra
1283 563 1475 604 Quadrag.
1502 564 1572 597 erit
1598 574 1764 607 sequens

1386 620 1537 660 Lectio
1560 621 1613 659 ix.

1086 670 1169 775 Si
1197 684 1302 723 ergo
1331 670 1513 721 diligere
1541 671 1702 720 Deum,
1735 670 1916 721 diligere

1173 727 1424 781 preximum
1459 732 1526 768 est
1558 728 1673 777 (nam
1704 727 1741 767 si
1773 726 1917 777 diligis

1086 797 1172 834 me,
1210 797 1236 824 0
1268 783 1413 832 Petre,
1450 782 1604 834 inquit,
1640 795 1774 834 pasce
1811 794 1917 823 oves

1087 841 1237 891 meas):
1276 839 1312 879 si
1349 838 1481 879 etiam
1518 838 1695 879 dilectio
1727 838 1918 891 preximi

1087 896 1191 937 facit
1210 900 1258 936 ut
1276 894 1481 935 mandata
1501 894 1740 952 custedias:
1760 894 1917 935 merito

1088 952 1148 993 ait
1172 952 1216 992 in
1240 950 1308 991 his
1332 955 1473 992 totam
1499 950 1642 1000 legem
1667 955 1710 991 et
1728 949 1918 1002 prophe-

1086 1013 1154 1049 tas
1173 1006 1379 1059 pendere.
1406 1006 1463 1047 Et
1485 1005 1857 1057 quemadmodum
1874 1005 1919 1045 in
1981 1034 1986 1040 .

1087 1062 1399 1115 superioribus,
1414 1074 1514 1103 cum
1529 1061 1584 1103 de
1599 1061 1919 1103 resurrectione

1087 1120 1445 1169 interrogaretur,
1476 1118 1576 1170 plus
1609 1117 1760 1159 decuit
1788 1130 1920 1169 quam

1087 1177 1308 1216 tentantes
1324 1173 1550 1226 petebant:
1570 1174 1633 1214 sic
1651 1174 1695 1213 in
1712 1172 1799 1214 1100
1817 1172 1918 1214 1000

1089 1230 1143 1271 de
1180 1230 1324 1282 primo
1361 1230 1656 1279 interrogatus
1691 1228 1919 1278 mandato,

1089 1286 1330 1327 secundum
1358 1285 1489 1326 etiam
1514 1298 1603 1326 non
1630 1284 1759 1326 valde
1788 1297 1920 1336 quam

1087 1342 1278 1394 primum
1318 1341 1513 1391 inferius,
1559 1346 1717 1393 sponte
1759 1340 1920 1382 attulit:

1089 1397 1331 1439 secundum
1359 1397 1475 1438 0111111
1502 1401 1569 1438 est
1596 1397 1740 1449 primo
1769 1396 1920 1437 simile.

1088 1455 1156 1495 Ita
1189 1453 1361 1495 occulte
1393 1453 1647 1502 insinuavit,
1684 1452 1788 1494 odio
1819 1451 1920 1493 illos

1089 1509 1146 1551 ad
1183 1508 1469 1561 quaerendum
1509 1509 1690 1550 incitari.
1751 1508 1920 1550 Caritas

1090 1566 1213 1615 enim,
1232 1565 1383 1617 inquit,
1402 1577 1491 1606 non
1511 1564 1753 1606 aemulatur.

1144 1625 1207 1663 Te
1226 1622 1371 1662 Deum
1387 1619 1629 1662 laudamus.
1647 1622 1707 1661 14.

1144 1684 1258 1726 Vesp.
1285 1695 1305 1717 a
1328 1685 1450 1727 Cupit.
1476 1685 1522 1718 de
1546 1695 1651 1728 sequ.
1676 1695 1760 1719 eum
1786 1695 1919 1719 comm.

1092 1731 1254 1775 praeced.
1282 1738 1316 1765 et
1344 1732 1475 1766 Ferize.

1349 1805 1433 1847 Die
1451 1807 1490 1846 9.
1508 1805 1664 1847 Martii.

1117 1872 1160 1912 S.
1179 1870 1462 1912 Franciscae
1486 1869 1646 1909 Vidua:
1670 1871 1894 1910 Romanae.

1421 1925 1585 1967 Duplex.

1148 1980 1285 2014 Omnia
1315 1980 1361 2013 de
1389 1979 1593 2014 Communi
1623 1989 1693 2012 nee
1717 1979 1821 2021 Virg.
1852 1989 1921 2012 nec

1092 2029 1198 2062 Mart.
1227 2029 1300 2073 [99]
1323 2032 1463 2070 praeter
1487 2038 1592 2070 sequ.

1430 2078 1594 2119 Oratio.

1179 2149 1266 2185 eus,
1287 2136 1362 2188 qui
1379 2135 1555 2177 beatam
1568 2134 1847 2174 Franciscam
1862 2132 1922 2173 fa-

1187 2191 1350 2233 mulam
1371 2196 1507 2239 tuam,
1531 2190 1643 2231 inter
1663 2190 1812 2230 cetera
1827 2190 1922 2239 gra-

1075 2249 1166 2290 tiae
1184 2253 1273 2289 tuae
1288 2247 1414 2296 dona,
1434 2245 1634 2287 familiari
1649 2243 1807 2295 Angeli
1822 2256 1922 2285 con-

1093 2303 1324 2345 suetudine
1344 2300 1578 2343 decorasti:
1597 2299 1791 2342 concede
1807 2301 1922 2351 quae-

1094 2372 1257 2409 sumus;
1280 2364 1328 2399 ut
1350 2356 1674 2399 intercessienis
1696 2356 1786 2407 ejus
1806 2357 1934 2396 auxi--

1093 2415 1151 2456 lio
1177 2414 1448 2465 Angelerum
1475 2412 1745 2454 consortium
1773 2414 1923 2453 cense-

1095 2471 1169 2523 qui
1186 2472 1442 2511 mereamur.
1468 2469 1553 2509 Per
1572 2468 1821 2509 Dominum.

1149 2531 1192 2564 Et
1218 2531 1256 2563 fit
1281 2540 1476 2563 commem.
1504 2529 1665 2570 prece-ed.

1150 2582 1245 2622 Ant.
1266 2580 1349 2621 Hic
1364 2580 1429 2622 vir
1449 2579 1697 2631 despiciens
1712 2578 1924 2620 mundum

1094 2643 1138 2680 et
1180 2638 1368 2686 terrena,
1412 2635 1704 2688 triumphans,
1749 2634 1924 2677 divitias

1094 2694 1208 2736 coelo
1228 2691 1425 2735 candidit
1444 2704 1532 2742 ore,
1551 2704 1693 2733 manu.
