2040 2990
198 204 264 239 234

201 299 265 341 dit
282 299 466 350 gloriam
484 298 582 347 Dei,
608 303 651 340 et
668 298 693 339 J
695 311 818 340 esum
836 302 1025 340 stantem

811 201 851 235 11]
878 202 1023 235 Octava
1049 203 1083 235 S.
1109 201 1304 244 Stephani.

1312 301 1362 340 In
1380 302 1430 340 11.
1450 301 1672 341 Nocturno.

200 369 225 396 a
248 355 413 397 dextris
438 355 531 396 Dei.
568 355 624 396 Et
650 355 724 396 ait:
752 355 868 397 Ecce
893 355 1023 396 video
1082 357 1233 397 Sermo
1258 355 1397 396 sancti
1423 355 1657 407 Augustini
1681 356 1902 410 Episcopi.

199 412 338 453 coelos
362 413 557 464 apertos,
587 416 630 453 et
653 411 811 453 Filium
836 411 1023 453 heminis

199 473 386 510 stantem
410 481 434 509 a
455 468 622 510 dextris
641 468 736 510 Dei.
769 468 1023 509 Exclaman-

198 530 266 567 tes
292 530 438 567 autem
462 538 571 567 voce
594 538 768 577 magna,
801 525 1023 566 continue-

197 587 297 623 runt
316 595 443 624 aures
464 595 583 632 suas,
611 587 654 623 et
677 585 889 635 impetum
913 582 1022 623 fece·
1084 572 1089 610 ἶ
1120 570 1138 626 ζ

197 644 298 680 runt
318 639 578 680 unanimiter
597 638 641 679 in
656 651 765 680 eum.
784 638 841 679 Et
857 638 1023 690 ejicien-

196 701 264 737 tes
301 708 400 737 eum
438 700 561 737 extra
600 695 820 736 civitatem
857 694 1022 747 lapida-

196 752 316 794 bant:
345 757 388 794 et
411 757 546 794 testes
571 751 870 805 deposuerunt
895 751 1022 793 vesti-

195 812 342 851 menta
365 822 443 850 sua
467 821 593 851 secus
612 808 748 862 pedes
770 808 1021 850 adolescen-

196 867 266 916 tis,
291 867 365 919 qui
384 865 625 907 vocabatur
644 865 810 907 Saulus.
842 866 899 907 Et
916 865 1021 918 lapi-

196 899 360 964 dabant
377 922 675 975 Stephanum'
664 935 736 962 mv
740 923 958 971 ocantem,
978 927 1023 963 et

197 979 428 1021 dicentem.
470 979 657 1021 Demine
698 979 722 1019 J
725 991 803 1020 esu
846 979 1021 1031 suscipe

195 1037 396 1089 spiritum
414 1048 570 1077 meum.

252 1106 298 1157 Ru
321 1101 545 1144 Videbant
569 1114 720 1142 omnes
740 1099 1020 1153 Stephanum,

196 1159 269 1211 qui
298 1164 422 1201 erant
449 1159 492 1199 in
521 1158 724 1200 concilio:
754 1166 775 1189 *
803 1158 859 1198 Et
885 1157 1020 1198 intue-

194 1215 352 1257 bantur
376 1215 545 1257 vultum
570 1215 660 1267 ejus
684 1219 908 1266 tamquam
931 1213 1020 1255 vul-

193 1276 286 1313 tum
333 1272 492 1323 Angeli
541 1271 699 1314 stantis
748 1271 862 1312 inter
910 1270 1019 1311 illos.

195 1326 244 1377 V.
286 1329 448 1371 Plenus
487 1328 628 1380 gratia
666 1332 709 1369 et
749 1327 1019 1376 fortitudine,

193 1386 380 1428 faciebat
410 1385 612 1438 prodigia
643 1389 686 1426 et
714 1384 838 1435 signa
864 1397 1020 1436 magna

193 1442 236 1483 in
255 1442 433 1496 pepulo.
461 1442 528 1484 Et.

497 1531 648 1572 Lectio
669 1531 724 1571 iii.

276 1595 400 1637 esitis
424 1599 570 1636 autem
589 1594 788 1646 genibus,
817 1592 1020 1635 clamavit

291 1664 402 1694 voce
431 1664 604 1702 magna,
636 1650 801 1692 dicens:
831 1650 1020 1691 Demine

192 1721 247 1750 ne
274 1710 441 1750 statuas
465 1707 549 1748 illis
574 1707 659 1749 hoc
685 1708 927 1760 peccatum.
963 1707 1020 1748 Et

194 1779 292 1807 cum
322 1765 408 1806 hoc
441 1764 641 1814 dixisset,
679 1762 947 1805 obdormivit
976 1763 1019 1803 in

193 1822 395 1863 Demino.
431 1821 586 1862 Saulus
621 1825 769 1862 autem
797 1824 892 1861 erat
919 1832 1019 1861 con-

194 1879 385 1920 sentiens
402 1878 499 1920 neci
514 1878 615 1929 ejus.
635 1877 771 1918 Facta
790 1881 858 1918 est
874 1880 1019 1918 autem

194 1935 237 1976 in
256 1935 330 1976 illa
349 1934 420 1976 die
438 1934 688 1987 persecutio
705 1946 863 1984 magna
883 1933 926 1973 in
940 1933 1019 1974 Ec-

194 1991 342 2041 clesia,
380 2004 478 2044 quae
512 1995 605 2032 erat
638 1989 938 2042 Jeroselymis:
976 1995 1020 2032 et

195 2060 346 2090 omnes
374 2047 561 2100 dispersi
589 2051 689 2088 sunt
714 2059 795 2099 per
818 2046 1020 2098 regiones

193 2105 358 2146 Judaeae
387 2108 430 2145 et
458 2104 684 2153 Samariae,
712 2107 875 2156 praeter
901 2103 1019 2156 Ape-

194 2161 344 2203 stolos.
377 2161 648 2202 Curaverunt
673 2164 818 2201 autem
838 2159 1018 2213 Stepha-

192 2231 296 2259 num
310 2217 391 2259 viri
406 2216 610 2266 timorati,
630 2220 673 2258 et
688 2216 885 2258 fecerunt
899 2217 1018 2269 plan-

193 2279 311 2316 ctum
330 2286 536 2324 magnum
556 2285 688 2325 super
709 2286 818 2314 eum.

242 2339 293 2392 Ιζι.
314 2340 493 2381 Intuens
513 2339 556 2379 in
577 2338 737 2379 eoelum
755 2337 911 2380 beatus
927 2339 1017 2380 Ste-

191 2396 374 2449 phanus,
394 2395 504 2436 vidit
522 2394 705 2446 gleriam
722 2394 817 2444 Dei,
839 2400 883 2436 et
901 2396 975 2437 ait:
992 2399 1013 2425 *

193 2453 308 2495 Ecce
335 2452 465 2494 video
497 2451 635 2493 coelos
663 2452 857 2503 apertos,
883 2456 927 2493 et
951 2453 1016 2493 Fi-

192 2509 298 2550 lium
335 2508 523 2551 heminis
560 2511 748 2549 stantem
785 2520 811 2548 a
851 2507 1017 2550 dextris

192 2566 364 2607 virtutis
390 2565 483 2606 Dei.
516 2560 566 2612 V.
596 2564 703 2605 Cum
729 2569 874 2605 autem
902 2570 1018 2607 esset

192 2622 438 2675 Stephanus
469 2621 625 2674 plenus
656 2621 819 2673 Spiritu
853 2626 1016 2671 sancto,

192 2678 423 2721 intendens
442 2678 484 2718 in
505 2677 679 2726 coelum,
705 2676 814 2718 vidit
833 2677 1016 2729 gleriam

192 2736 286 2786 Dei,
306 2741 348 2778 et
368 2735 438 2777 ait.
466 2735 591 2776 Ecce.
619 2733 783 2774 Gleria.
813 2734 938 2776 Ecce.

1222 419 1338 453 Scrm.
1362 419 1392 453 2.
1419 419 1465 452 dc
1491 419 1524 452 S.
1551 418 1757 462 Stephano.

1379 471 1531 512 Lectio
1551 471 1604 511 iv.

1080 547 1088 554 ἡ
1118 528 1264 586 Tjot
1292 523 1547 565 hesternum
1573 523 1901 566 festivissimum

1085 623 1088 626 Δ
1124 613 1177 650 34
1210 580 1342 630 diem,
1377 593 1464 633 quo
1492 579 1734 622 Salvateris
1760 581 1901 623 nostri

1141 630 1186 664 '32'
1211 636 1373 679 Christi
1404 636 1532 679 nobis
1558 637 1776 679 Nativitas
1808 637 1901 679 illu-

1074 694 1154 744 xit,
1197 694 1329 736 etiam
1366 693 1607 736 hodiernus
1646 693 1741 736 dies
1780 693 1901 736 beati

1074 751 1279 804 Martyris
1299 750 1509 803 Stephani
1535 752 1698 792 0010113
1716 749 1901 792 illustra-

1074 813 1156 850 tur.
1205 808 1410 859 Martyris
1445 807 1559 849 illius
1593 807 1748 849 merita
1783 806 1902 849 nulla

1075 878 1177 918 pars
1210 864 1330 906 orbis
1362 865 1551 916 ignerat:
1590 877 1747 916 passus
1786 864 1901 905 enim

1075 926 1143 964 est
1167 922 1211 962 in
1236 922 1334 974 ipso
1358 921 1576 974 principio
1599 920 1827 971 Ecclesiae,
1855 920 1901 962 id

1074 983 1157 1028 est,
1185 978 1229 1019 in
1252 979 1349 1031 ipsa
1374 977 1483 1020 urbe
1506 978 1531 1018 J
1535 977 1792 1029 eroselyma.
1832 976 1900 1019 Ibi

1074 1035 1188 1077 enim
1217 1035 1441 1077 Diaconus
1473 1034 1749 1076 ministravit:
1782 1037 1826 1076 et
1856 1033 1900 1075 in

1073 1092 1172 1145 ipso
1191 1091 1428 1144 juventutis
1448 1091 1557 1133 flore
1575 1090 1783 1133 decerem
1799 1092 1900 1132 aeta-

1072 1149 1127 1190 tis
1147 1162 1238 1190 suae
1262 1148 1472 1199 sanguine
1495 1147 1767 1200 purpuravit.
1798 1147 1901 1189 Pas-

1072 1205 1137 1247 sio
1173 1207 1264 1258 ejus
1295 1205 1473 1257 insignis
1506 1209 1587 1254 est,
1625 1203 1900 1257 multumque

1071 1262 1293 1304 mirabilis.
1347 1262 1475 1303 Hanc
1514 1260 1649 1302 modo
1688 1260 1743 1303 de
1784 1260 1898 1303 libro

1071 1319 1263 1360 Actuum
1290 1317 1625 1371 Apostolerum,
1659 1330 1758 1359 cum
1785 1317 1898 1369 lege-

1071 1377 1205 1426 retur,
1236 1388 1325 1417 non
1353 1374 1497 1417 solum
1524 1373 1786 1425 audivimus,
1819 1373 1900 1416 sed

1072 1432 1203 1474 etiam
1223 1432 1360 1474 eculis
1378 1431 1685 1485 spectavimus.

1127 1494 1176 1546 R..
1192 1488 1473 1542 Lapidabant
1490 1487 1762 1542 Stephanum
1779 1487 1898 1530 invo-

1072 1547 1246 1588 cantem
1269 1550 1312 1587 et
1333 1545 1564 1587 dicentem:
1586 1552 1610 1576 *
1625 1544 1814 1586 Domine
1831 1544 1856 1586 J
1858 1557 1898 1587 e-

1071 1615 1123 1643 su
1143 1602 1332 1653 Christe,
1351 1602 1504 1655 accipe
1521 1601 1724 1654 spiritum
1741 1614 1898 1652 meum,

1073 1663 1116 1700 et
1146 1671 1202 1701 ne
1234 1660 1401 1701 statuas
1431 1658 1516 1699 illis
1544 1658 1630 1700 hoc
1655 1660 1898 1711 peccatum.

1072 1716 1123 1766 V.
1148 1716 1310 1757 Pasitis
1337 1719 1483 1757 autem
1509 1714 1712 1766 genibus,
1742 1714 1898 1756 clama-

1072 1772 1135 1813 vit
1152 1785 1262 1814 voce
1279 1785 1448 1824 magna,
1467 1771 1630 1813 dicens.
1656 1771 1856 1813 Demine.

1379 1831 1414 1872 Ι
1418 1833 1532 1875 ectio
1554 1846 1590 1873 v.

1149 1886 1313 1928 hristus
1349 1899 1455 1938 ergo
1493 1890 1626 1940 caput
1654 1885 1898 1938 Martyrum

1156 1943 1278 1996 prior
1296 1955 1452 1996 passus
1477 1948 1543 1985 est
1565 1955 1648 1996 pro
1666 1941 1809 1993 nobis,
1833 1954 1896 1984 re-

1071 1999 1273 2068 linquens
1300 2000 1428 2042 vobis
1457 1999 1724 2053 exemplum,
1751 2003 1800 2041 ut
1833 2012 1897 2040 se-

1073 2056 1266 2108 quamini
1289 2057 1474 2108 vestigia
1503 2057 1605 2109 ejus.
1642 2055 1772 2108 Cujus
1798 2068 1896 2109 pas-

1072 2113 1207 2154 sienis
1233 2114 1418 2164 vestigia
1449 2115 1712 2166 prosecutus
1738 2111 1896 2154 beatis-

1071 2169 1206 2211 simus
1224 2169 1482 2222 Stephanus,
1507 2168 1760 2212 confitendo
1779 2168 1897 2210 Chri-

1071 2230 1188 2268 stum
1206 2225 1428 2279 lapidatus
1446 2239 1471 2268 a
1489 2227 1514 2267 J
1515 2226 1666 2277 udaeis,
1687 2227 1897 2268 corenam

1070 2283 1229 2324 meruit
1255 2288 1480 2336 tamquam
1508 2295 1587 2325 suo
1615 2282 1697 2324 sibi
1721 2282 1896 2324 nemine

1070 2339 1271 2392 pesitam.
1311 2339 1557 2392 Stephanus
1586 2339 1700 2381 enim
1728 2339 1897 2388 Graece,

1070 2395 1224 2437 Latine
1244 2397 1408 2437 0010113
1425 2395 1685 2449 appellatur.
1712 2395 1737 2436 J
1739 2407 1808 2436 am
1826 2408 1896 2436 co-

1070 2455 1179 2494 10113
1196 2465 1357 2494 11011ιο11
1376 2452 1583 2502 habebat,
1612 2457 1656 2494 et
1680 2451 1781 2494 ideo
1805 2451 1895 2505 pal-

1069 2522 1185 2551 mam
1212 2509 1408 2561 martyrii
1436 2522 1516 2550 suo
1542 2509 1717 2550 nemine
1742 2508 1895 2562 praefe-

1069 2565 1205 2608 rebat.

1119 2624 1170 2676 R'·
1207 2622 1427 2675 Impetum
1458 2621 1655 2664 fecerunt
1686 2621 1894 2664 unanimi-

1068 2684 1137 2721 ter
1155 2679 1198 2720 in
1218 2692 1332 2728 eum,
1352 2683 1396 2720 et
1416 2680 1635 2730 ejecerunt
1653 2692 1752 2721 eum
1771 2683 1894 2721 extra

1069 2736 1300 2786 civitatem,
1314 2736 1593 2778 invocantem
1607 2741 1651 2778 et
1662 2736 1893 2778 dicentem:
