2080 2990
619 220 718 254 Sacr.
744 220 896 262 Spineae
921 220 1083 254 Coronae
1108 220 1150 253 l).
1175 221 1217 253 N.
1245 221 1274 254 J.
1301 221 1338 254 (Ι.

443 315 648 365 Hymnus.

190 365 344 470 [aegis
363 366 513 418 figuris
530 368 720 421 pingitur

290 423 450 466 Christi
469 426 631 466 corona
649 424 820 467 nobilis:

240 480 436 533 Implexa
455 480 590 533 spinis
606 481 791 531 victima,

240 536 500 589 Ardensque
518 539 702 579 testatur
720 537 863 579 rubus.

193 604 351 644 Arcam
370 604 532 644 corona
551 604 754 652 cinxerat,

239 658 491 711 Mensaeque
509 671 681 700 sacrum
699 658 919 699 circulum:

240 715 462 768 Aramque
481 714 608 756 thure
627 714 834 756 fumidam

240 771 414 814 Corona
431 771 565 813 nectit
584 770 788 813 ambiens.

191 836 351 878 Christi
369 835 571 878 dolorum
589 836 774 886 conscia,

240 893 378 943 Salve,
398 894 562 934 corona
579 891 741 943 gloriae,

242 949 436 991 Gemmis
455 953 500 990 et
518 960 623 989 auro
643 947 876 1001 pulchrior,

239 1006 431 1048 Vincens
450 1006 635 1046 coronas
655 1004 856 1046 siderum.

191 1067 351 1120 Virtus,
369 1070 521 1120 honor,
538 1069 643 1119 laus,
662 1069 800 1120 gloria

240 1127 336 1168 Deo
355 1126 474 1168 Patri
493 1139 592 1167 cum
609 1126 731 1175 Filio,

239 1183 398 1225 Sancto
419 1182 546 1223 simul
562 1182 791 1232 Paraclito,

238 1240 290 1281 In
308 1239 569 1282 saeculorum
587 1239 758 1280 saecula.
784 1239 936 1280 Amen.

190 1293 240 1344 Ys-
272 1300 369 1342 Eris
397 1301 560 1342 corona
584 1298 735 1350 gloriae
760 1299 803 1339 in
827 1311 958 1339 manu

138 1357 324 1399 Domini.
370 1357 419 1409 Rz.
447 1356 505 1398 Et
535 1355 737 1397 diadema
766 1355 887 1407 regni
914 1355 958 1396 in

138 1427 270 1456 manu
285 1414 369 1456 Dei
386 1414 462 1455 tui.

191 1471 261 1513 Ad
298 1472 456 1514 Bened.
502 1474 600 1514 Ant.
651 1473 797 1514 Exivit
832 1472 957 1513 Jesus

138 1535 319 1584 portans
345 1532 540 1584 spineam
562 1531 770 1572 coronam
794 1533 837 1571 et
859 1541 957 1581 pur-

139 1591 323 1640 pureum
339 1588 656 1630 vestimentum.

469 1646 630 1688 Oratio.

225 1708 371 1755 raesta,
405 1706 655 1757 quaesumus
681 1705 958 1755 omnipotens

238 1760 374 1802 Deus:
388 1765 436 1803 ut
451 1761 525 1813 qui
538 1761 583 1802 in
595 1759 851 1802 memoriam
862 1772 958 1812 pas-

141 1818 275 1859 sionis
299 1818 477 1859 Domini
502 1817 643 1859 nostri
667 1816 691 1858 J
695 1829 772 1858 esu
797 1815 959 1857 Christi

141 1875 347 1915 coronam
372 1874 462 1926 ejus
485 1876 681 1927 spineam
703 1874 959 1914 veneramur

139 1930 184 1971 in
201 1931 344 1980 terris,
371 1929 427 1972 ab
449 1930 547 1984 ipso
573 1930 711 1981 gloria
730 1934 774 1971 et
792 1928 958 1970 honore

141 1987 342 2028 coronari
367 1988 611 2029 mereamur
637 1986 680 2027 in
706 1985 841 2027 coelis:
875 1984 959 2034 Qui

140 2047 285 2085 tecum
302 2042 409 2085 vivit
427 2047 471 2085 et
489 2048 652 2094 regnat.

192 2107 239 2142 Et
263 2106 303 2141 fit
327 2116 520 2140 commem.
545 2105 678 2139 Feriae.

403 2163 470 2201 Ad
493 2163 694 2200 Tertiam.

195 2215 295 2256 Ant.
321 2215 554 2269 Requievit
573 2227 704 2267 super
723 2226 831 2255 eum.

193 2272 329 2323 Capit.
356 2271 634 2324 Egredimini.
662 2270 776 2323 [320]

192 2329 242 2379 R.
267 2328 327 2369 br.
359 2328 459 2370 Eris
491 2330 654 2370 corona
679 2326 830 2378 gloriae
858 2324 879 2347 *
908 2325 958 2365 In

140 2397 270 2426 manu
292 2384 480 2426 Domini.
514 2384 623 2425 Eris.
660 2377 709 2428 V·
741 2382 797 2423 Et
816 2380 958 2422 diade-

140 2453 212 2482 ma
229 2441 349 2492 regni
367 2441 409 2482 in
429 2454 559 2482 manu
572 2439 656 2482 Dei
670 2438 743 2481 tui.
770 2438 832 2478 In.
857 2436 957 2478 Glo-

140 2496 205 2538 ria
222 2498 352 2539 Patri.
378 2498 488 2538 Eris.

293 2870 357 2895 Pars
371 2848 503 2894 Hiemlis.

1733 221 1823 265 [321]

1060 314 1108 362 V.
1150 313 1299 355 Gloria
1333 319 1376 356 et
1405 315 1570 357 honore
1604 316 1823 358 coronasti

1009 382 1107 411 eum
1141 370 1338 412 Domine.
1388 376 1434 425 Ιζν.
1471 371 1528 413 Et
1562 372 1825 414 constituisti

1010 438 1107 468 eum
1127 439 1257 478 super
1273 429 1407 480 opera
1423 429 1626 470 manuum
1640 431 1823 470 tuarum.

1283 504 1350 540 Ad
1373 504 1555 542 Sextam.

1065 563 1157 601 Ant.
1189 559 1330 603 Induit
1349 574 1457 603 eum.

1061 622 1316 673 Capitulum.
1585 624 1714 672 Apoc.
1735 623 1771 659 Γ».

1008 676 1170 783 Vidi,
1194 686 1238 723 et
1256 694 1357 724 ecce
1377 695 1513 734 equus
1533 682 1667 733 albus,
1691 688 1734 724 et
1752 684 1825 735 qui

1117 737 1298 780 sedebat
1323 751 1453 791 super
1474 738 1610 788 illum,
1636 738 1825 780 habebat

1010 806 1171 835 arcum:
1190 799 1233 836 et
1252 793 1353 836 data
1368 799 1435 836 est
1449 795 1488 836 ei
1504 797 1673 845 corona,
1694 800 1736 837 et
1756 808 1825 837 ex-

1009 850 1087 891 ivit
1105 851 1292 901 vincens,
1311 856 1358 892 ut
1376 853 1578 893 vinceret.

1062 908 1110 958 Rv.
1134 908 1193 946 br.
1223 907 1373 948 Gloria
1399 912 1442 949 et
1464 907 1630 949 honore
1651 908 1671 929 *
1693 907 1823 948 Coro-

1009 962 1123 1003 nasti
1143 975 1241 1004 eum
1258 963 1456 1005 Domine.
1494 963 1655 1004 Gloria.
1691 958 1740 1007 Y.
1770 963 1826 1004 Et

1010 1019 1270 1060 constituisti
1299 1032 1396 1060 eum
1424 1032 1554 1072 super
1582 1021 1715 1071 opera
1739 1021 1825 1059 ma-

1008 1087 1141 1115 nuum
1171 1077 1353 1116 tuarum.
1395 1075 1633 1117 Coronasti.
1675 1077 1688 1111 (
1698 1075 1826 1116 lloria

1008 1131 1137 1173 Patri.
1165 1131 1315 1173 Gloria
1334 1137 1386 1173 et.

1062 1182 1111 1233 V.
1128 1188 1267 1229 Tuam
1282 1191 1487 1230 coronam
1498 1188 1727 1230 adoramus
1737 1187 1822 1228 Do-

1008 1243 1133 1285 mine.
1176 1244 1224 1294 Rv.
1249 1244 1390 1285 Tuam
1413 1244 1647 1295 gloriosam
1674 1243 1823 1285 recoli-

1008 1313 1104 1341 mus
1123 1301 1380 1353 passionem.

1283 1377 1350 1413 Ad
1373 1378 1552 1414 Nonam.

1062 1435 1160 1474 Ant.
1189 1434 1283 1475 Rex
1302 1435 1476 1476 aeternae
1494 1434 1654 1485 gloriae.

1062 1490 1315 1541 Capitulum.
1639 1490 1652 1527 I
1659 1502 1689 1527 s.
1710 1489 1772 1528 28.

1057 1564 1086 1591 n
1118 1549 1188 1592 die
1218 1550 1291 1591 illa
1319 1550 1399 1592 erit
1425 1549 1638 1592 Dominus
1667 1551 1825 1591 exerci-

1094 1611 1217 1648 tuum
1236 1609 1396 1648 corona
1414 1606 1574 1657 gloriae,
1600 1610 1643 1647 et
1662 1610 1825 1647 sertum

1011 1663 1311 1705 exsultationis
1330 1662 1504 1704 residuo
1523 1661 1675 1715 populi
1693 1662 1768 1703 sui.

1064 1726 1113 1777 R.
1134 1725 1192 1765 br.
1220 1724 1359 1765 Tuam
1383 1725 1589 1765 coronam
1612 1724 1633 1745 *
1658 1722 1823 1763 Adora-

1010 1793 1106 1822 mus
1120 1780 1316 1821 Domine.
1340 1780 1488 1821 Tuam.
1515 1774 1561 1822 l
1578 1779 1717 1819 Tuam
1734 1778 1822 1829 glo-

1010 1837 1169 1878 riosam
1191 1836 1420 1878 recolimus
1445 1835 1701 1888 passionem.
1737 1833 1824 1875 Ad-

1010 1895 1194 1935 oramus.
1224 1892 1371 1934 Gloria
1388 1892 1517 1934 Patri.
1544 1891 1692 1932 Tuam.

1064 1944 1112 1994 V.
1128 1949 1372 1991 Plectentes
1387 1950 1594 1990 coronam
1609 1947 1663 1988 de
1678 1945 1823 1998 spinis.

1012 2006 1061 2057 R'·
1077 2006 1320 2047 Posuerunt
1339 2017 1470 2058 super
1488 2008 1620 2057 caput
1639 2004 1739 2055 ejus.

1217 2094 1277 2134 In
1294 2094 1354 2134 H.
1372 2092 1620 2144 vesperis.

1064 2156 1197 2190 Omnia
1220 2161 1261 2190 ut
1284 2156 1322 2189 in
1346 2156 1372 2189 Ι,
1397 2155 1589 2197 Vesperis.
1621 2153 1710 2197 [316]

1064 2213 1133 2253 Ad
1151 2212 1322 2262 Magnis.
1361 2211 1457 2251 Ant.
1494 2211 1549 2252 Et
1572 2223 1684 2261 genu
1708 2210 1822 2251 flexo

1010 2273 1109 2310 ante
1129 2280 1245 2317 eum,
1271 2266 1511 2308 illudebant
1535 2266 1589 2317 ei,
1618 2265 1823 2307 dicentes:

1010 2325 1105 2366 Ave
1129 2324 1227 2365 Rex
1250 2322 1516 2373 Judaeorum3
1544 2326 1587 2363 et
1615 2322 1822 2373 exspuen-

1009 2386 1075 2423 tes
1093 2380 1136 2421 in
1155 2393 1263 2429 eum,
1282 2380 1542 2431 acceperunt
1561 2376 1822 2426 arundinem,

1011 2442 1054 2479 et
1072 2435 1373 2489 percutiebant
1391 2438 1520 2487 caput
1539 2434 1638 2485 ejus.

1065 2499 1211 2533 Deinde
1235 2499 1275 2532 fit
1299 2506 1488 2532 commem.
1516 2494 1645 2528 Feriae.
