2080 2990
786 214 996 246 (jommunc
1024 211 1241 245 Doctorum.

160 313 369 356 saeculum
395 325 484 354 non
513 310 739 353 delebitur.
789 310 892 351 Non
920 322 983 351 re-

160 370 287 413 cedet
305 369 518 411 memoria
538 368 640 421 ejus,
660 372 704 409 et
718 379 879 409 nomen
894 367 984 419 ejus

158 427 406 480 requiretur
430 439 455 468 a
478 425 762 477 generatione
790 424 835 465 in
858 436 985 476 gene-

158 484 385 526 rationem.
416 481 687 536 Sapientiam
704 481 795 533 ejus
815 482 984 522 enarra-

158 541 268 583 bunt
289 545 456 592 gentes,
481 543 525 581 et
544 538 721 580 laudem
745 538 835 590 ejus
856 549 985 578 enun-

159 596 289 639 tiabit
307 596 517 639 Ecclesia.

293 666 377 707 Pro
406 667 600 709 Doctore
631 666 852 707 pontifice.

215 729 264 780 R.
290 728 460 770 Juravit
481 726 708 769 Dominus.
736 724 818 778 [52]

234 798 319 839 Pro
348 799 542 840 Doctore
572 810 659 839 non
689 797 911 838 Pontificc.

214 860 264 911 R.
291 859 382 901 Iste
411 858 629 910 cognovit.
658 856 744 909 [70]

386 943 434 982 In
462 942 513 982 ΙΙ.
540 942 763 981 Nocturno.

163 1012 230 1052 Ex
247 1010 361 1052 libro
376 1010 610 1109 Moragum
630 1009 770 1051 sancti
786 1007 989 1058 Gregorii

539 1080 645 1121 apae.

266 1134 417 1175 Lectio
440 1134 491 1173 iv.
582 1132 673 1173 Lib.
685 1134 722 1172 9.
734 1132 836 1184 Cap.
849 1133 885 1171 6.

168 1205 169 1225 l
231 1224 234 1231 ·
293 1198 337 1240 ui
354 1202 459 1252 post
478 1199 665 1240 Orionas
683 1196 891 1251 Hyadum
914 1198 988 1238 no-

174 1214 184 1223 x
195 1219 246 1244 „n'f”

170 1257 171 1263 1
191 1233 243 1281 {³³⁸5

173 1291 183 1310 'x
194 1288 197 1298 ³
210 1293 216 1305 ἑ

269 1266 285 1312 j
318 1256 445 1306 mine,
473 1255 559 1296 nisi
580 1255 800 1297 Doctores
825 1258 989 1296 sanetae

168 1312 246 1336 ⁹³³²
318 1312 530 1354 Ecclesiae
554 1309 865 1364 designantur?
904 1311 989 1361 Qui

162 1369 390 1412 subductis
408 1368 687 1421 Martyribus,
708 1381 761 1410 eo
779 1369 864 1420 jam
884 1369 989 1410 tem-

160 1438 272 1479 pore
296 1425 353 1468 ad
376 1425 528 1467 mundi
548 1425 747 1467 notitiam
764 1426 989 1475 venerunt,

163 1495 250 1536 quo
270 1482 382 1525 fides
401 1482 560 1524 clarius
578 1482 735 1532 elucet,
762 1487 805 1524 et
821 1483 988 1535 repres-

162 1553 212 1582 sa
238 1539 508 1582 infidelitatis
539 1539 702 1589 hieme,
746 1538 876 1580 altius
909 1551 990 1591 per

163 1595 300 1638 corda
326 1595 522 1639 fidelium
550 1595 616 1637 sol
642 1596 839 1638 veritatis
865 1595 989 1637 calet.

163 1653 247 1704 Qui
282 1655 453 1695 remota
485 1654 752 1706 tempestate
787 1665 988 1706 persecu-

161 1710 307 1762 tionis,
336 1710 523 1764 expletis
545 1710 687 1762 longis
707 1709 911 1752 noctibus
929 1710 988 1750 in-

162 1766 408 1819 fidelitatis,
445 1772 551 1810 tunc
582 1771 746 1809 sanctae
778 1767 989 1809 Ecclesiae

163 1825 250 1866 orti
276 1829 387 1875 sunt,
424 1837 523 1866 cum
551 1824 592 1866 ei
618 1825 703 1877 jam
729 1837 810 1877 per
838 1823 989 1866 credu-

162 1880 297 1924 litatis
324 1894 507 1924 vernum
525 1881 713 1923 lucidior
732 1894 870 1923 annus
890 1893 989 1934 ape-

162 1939 283 1980 ritur.

302 1996 386 2036 Pro
416 1995 610 2036 Doctore
635 1995 857 2036 Pontifice.

218 2062 269 2114 R.
292 2059 445 2101 Inveni
462 2058 619 2109 David,
643 2072 818 2101 servum
834 2072 990 2110 meum,

165 2115 264 2158 oleo
288 2121 441 2158 sancto
466 2129 567 2158 meo
589 2116 694 2157 unxi
720 2129 834 2158 eum:
856 2119 878 2142 *
901 2117 990 2158 Ma-

164 2186 245 2214 nus
260 2173 375 2215 enim
389 2185 488 2215 mea
502 2172 783 2215 auxiliabitur
800 2173 850 2215 ei.
865 2167 914 2219 V.
923 2173 991 2214 Ni-

164 2228 224 2270 hil
242 2230 445 2283 proficiet
458 2230 658 2271 inimicus
672 2230 716 2271 in
732 2242 797 2280 eo,
817 2234 861 2271 et
875 2229 990 2271 fssius

165 2286 405 2339 iniquitatis
423 2300 513 2329 non
530 2286 709 2329 nocebit
727 2286 778 2328 ei.
805 2287 971 2328 Manus.

245 2346 330 2387 Pro
356 2347 549 2388 Doctore
579 2360 664 2387 non
695 2347 915 2387 Pontifice.

222 2402 270 2454 Rz.
293 2402 543 2446 Honestum
570 2404 674 2446 fecit
700 2403 823 2446 illum
841 2404 989 2446 Domi-

165 2472 258 2510 nuS,
282 2464 326 2502 et
345 2461 582 2503 custodivit
601 2474 701 2503 eum
720 2460 776 2503 ab
796 2461 990 2511 inimicis,

167 2520 210 2558 et
238 2529 264 2558 a
289 2517 595 2560 seductoribus
621 2519 781 2561 tutavit
806 2518 944 2560 illum:
970 2518 992 2541 *

167 2573 223 2615 Et
251 2572 374 2616 dedit
403 2574 465 2616 illi
493 2575 740 2617 claritatem
771 2577 991 2617 aeternam.

170 2623 219 2675 V-
249 2630 421 2673 Justum
452 2631 634 2674 deduxit
666 2632 881 2674 Dominus
912 2644 991 2684 per

166 2687 259 2784 Bias
279 2692 434 2785 rFectas,
457 2693 501 2731 et
520 2689 712 2732 ostendit
729 2689 792 2730 illi
810 2702 992 2741 regnum

211 2744 261 2786 ei.
326 2749 354 2786 t.

1349 307 1499 347 Lectio
1524 321 1556 345 v.

1133 378 1183 407 ec
1218 366 1435 407 immerito
1471 366 1691 408 Doctores
1724 367 1865 408 sancti

1141 422 1348 474 Hyadum
1362 423 1686 475 nuncupatione
1703 423 1865 474 signan-

1036 485 1118 522 tur.
1146 479 1305 520 Graeco
1326 479 1489 532 quippe
1509 479 1685 531 eloquio
1707 479 1864 532 hyetos

1037 536 1187 590 pluvia
1206 537 1404 578 vocatur:
1433 540 1477 577 et
1498 535 1679 588 Hyades
1705 549 1865 578 nomen

1039 607 1064 635 a
1097 593 1257 646 pluviis
1294 594 1578 646 acceperunt,
1621 593 1723 646 quia
1756 598 1866 635 ortae

1039 649 1194 704 procul
1215 649 1350 691 dubio
1370 649 1534 691 imbres
1553 649 1707 691 ferunt.
1744 650 1865 692 Bene

1040 719 1144 759 ergo
1158 706 1365 759 HYadum
1384 705 1679 760 appellatione
1701 708 1868 759 expres-

1040 764 1078 805 si
1100 768 1216 814 sunt,
1246 763 1320 816 qui
1343 762 1399 805 ad
1425 767 1587 805 statum
1609 763 1867 805 universalis

1039 820 1263 870 Ecclesiae,
1289 820 1414 872 quasi
1434 820 1478 861 in
1499 819 1601 861 coeli
1619 820 1776 861 faciem
1797 819 1867 861 de-

1041 876 1178 927 ducti,
1216 889 1348 929 super
1376 878 1572 918 arentem
1602 881 1765 918 terram
1793 876 1866 917 hu-

1039 934 1157 982 mani
1182 933 1375 986 pectoris
1400 938 1566 975 sanctae
1588 933 1867 986 praedicatio-

1039 990 1107 1031 nis
1127 990 1290 1031 imbres
1311 989 1527 1031 fuderunt.
1554 989 1601 1030 Si
1622 989 1737 1031 enim
1757 1003 1868 1043 prae-

1042 1046 1275 1088 dicationis
1297 1059 1441 1088 sermo
1463 1046 1614 1099 pluvia
1630 1059 1720 1088 non
1740 1051 1868 1096 esset,

1041 1103 1218 1156 Moyses
1245 1103 1424 1145 minime
1455 1103 1658 1145 dixisset:
1703 1104 1867 1157 Exspe-

1042 1162 1185 1202 ctetur
1215 1160 1329 1202 sicut
1355 1160 1505 1213 pluvia
1533 1160 1757 1213 eloquium
1782 1173 1868 1202 me-

1042 1231 1130 1258 um:
1159 1222 1203 1260 et
1221 1219 1501 1270 nequaquam
1519 1231 1599 1271 per
1613 1218 1773 1259 Isaiam
1783 1217 1869 1259 Ve-

1041 1274 1149 1315 ritas
1187 1273 1371 1316 diceret:
1416 1274 1638 1317 Mandabo
1678 1274 1868 1316 nubibus

1041 1331 1170 1381 meis,
1210 1344 1265 1372 ne
1299 1330 1454 1383 pluant
1491 1344 1625 1385 super
1658 1344 1755 1373 eam
1791 1331 1866 1372 im-

1040 1387 1182 1429 brem:
1207 1392 1340 1440 atque
1359 1387 1453 1439 hoc,
1478 1388 1600 1440 quod
1616 1387 1749 1441 paulo
1767 1392 1868 1429 ante

1041 1444 1323 1497 protulimus:
1376 1444 1675 1495 Quamobrem
1724 1445 1868 1497 prohi-

1041 1501 1147 1542 bitae
1175 1506 1277 1543 sunt
1305 1500 1444 1543 stellae
1471 1502 1732 1554 pluviarum.

1183 1561 1265 1600 Pro
1297 1561 1489 1600 Doctore
1516 1559 1738 1599 pontifice.

1098 1618 1147 1669 151.
1177 1615 1311 1655 Posui
1340 1614 1606 1667 adjutorium
1633 1628 1765 1668 super
1793 1627 1867 1668 po-

1041 1673 1227 1720 tentem,
1273 1676 1317 1713 et
1356 1671 1546 1713 exaltavi
1586 1672 1773 1714 electum
1813 1672 1867 1714 de

1040 1727 1171 1780 plebe
1207 1740 1324 1769 mea:
1365 1732 1387 1754 *
1419 1728 1576 1769 Manus
1614 1729 1730 1770 enim
1770 1742 1867 1770 mea

1041 1783 1323 1826 auxiliabitur
1355 1785 1406 1827 ei.
1461 1780 1509 1831 V.
1537 1785 1689 1826 Inveni
1721 1784 1867 1826 David

1042 1853 1217 1882 servum
1248 1854 1411 1892 meum,
1448 1841 1547 1883 oleo
1580 1846 1734 1883 sancto
1766 1854 1865 1883 meo

1042 1897 1147 1938 unxi
1175 1910 1285 1939 eum.
1324 1898 1491 1939 Manus.

1116 1956 1201 1994 Pro
1231 1955 1425 1994 Doctore
1454 1966 1539 1992 non
1569 1953 1793 1993 Pontificc.

1100 2012 1149 2063 Ra
1192 2008 1372 2051 Amavit
1414 2022 1513 2051 eum
1549 2010 1784 2061 DominuS,
1826 2015 1869 2052 et

1043 2066 1215 2108 ornavit
1235 2079 1349 2108 eum:
1376 2066 1536 2108 stolam
1554 2067 1707 2119 gloriae
1727 2066 1869 2109 induit

1043 2136 1158 2173 eum,
1186 2128 1208 2150 *
1229 2122 1287 2164 Et
1313 2122 1371 2164 ad
1397 2128 1549 2176 portas
1577 2123 1771 2177 paradisi
1799 2136 1868 2165 co-

1042 2178 1218 2220 ronavit
1246 2191 1356 2220 eum.
1399 2178 1447 2229 V.
1471 2180 1621 2223 Induit
1648 2193 1749 2222 eum
1775 2181 1869 2221 Dfis

1042 2235 1226 2277 loricam
1244 2235 1369 2287 fidei,
1397 2241 1442 2278 et
1466 2238 1639 2280 ornavit
1664 2250 1775 2280 eum.
1801 2237 1869 2279 Et.

1347 2296 1499 2337 Lectio
1524 2297 1576 2336 vi.

1132 2362 1208 2391 um
1235 2362 1340 2402 ergo
1366 2349 1548 2403 Hyades
1578 2363 1678 2392 cum
1706 2350 1868 2403 pluviis

1146 2406 1338 2457 veniunt,
1359 2406 1417 2449 ad
1432 2407 1534 2449 coeli
1550 2407 1693 2460 spatia
1712 2407 1869 2449 altiora

1044 2462 1112 2504 sol
1146 2462 1336 2505 ducitur:
1374 2464 1477 2516 quia
1509 2465 1750 2516 apparente
1781 2463 1869 2504 Do-

1044 2521 1218 2561 ctorum
1237 2520 1430 2570 scientia,
1451 2520 1555 2562 dum
1576 2533 1699 2562 mens
1719 2525 1870 2562 nostra

1043 2575 1186 2618 imbre
1235 2576 1565 2630 praedicationis
1616 2576 1869 2625 infunditur,

1044 2632 1149 2674 fidei
1190 2633 1311 2675 calor
1351 2635 1545 2685 augetur.
1597 2633 1655 2675 Et
1694 2633 1870 2686 perfusa

1044 2693 1163 2731 terra
1202 2689 1260 2731 ad
1300 2690 1490 2731 fructum
1529 2689 1727 2742 proficit,
1771 2701 1870 2730 cum

1044 2745 1191 2788 lumen
1218 2746 1395 2788 aetheris
1418 2746 1618 2798 ignescit:
1647 2745 1749 2798 quia
1766 2744 1869 2787 ube-
