2080 2990
216 233 308 299 [2521

218 333 341 379 ptum
357 330 437 366 est:
456 324 512 365 Et
531 323 613 364 erit
631 334 791 363 nomen
809 333 954 361 meum
974 318 1045 367 ibi,

218 382 322 424 dicit
342 380 564 421 Dominus.

298 470 315 484 ᾗ
552 434 715 475 Oratio.

223 481 236 541 ³}
266 486 350 542 'rfglvsssstta
390 504 483 540 euS‚
513 490 587 542 qui
611 489 756 531 beatae
779 487 928 528 Mariae
948 486 1043 527 Vir-

223 549 236 595 ³}
266 541 354 607 (ψ’
406 547 516 598 ginis
536 546 715 587 domum
735 556 815 596 per
833 540 1044 583 incarnati

229 599 236 626 3'
266 589 383 638 μῗῖ-ῘᾸ
406 602 544 644 Verbi
588 600 843 652 mysterium
882 596 1044 638 miseri-

218 659 411 700 corditer
447 657 731 704 consecrasti,
776 657 960 705 eamque
1002 652 1045 691 in

219 716 314 756 sinu
334 714 545 755 Ecclesiae
569 718 658 754 tuae
681 710 935 751 mirabiliter
958 707 1044 748 col-

218 771 388 812 locasti:
408 769 615 817 concede3
639 773 687 809 ut
706 764 922 817 segregati
943 776 968 804 a
984 769 1045 804 ta-

219 826 464 868 bernaculis
491 825 788 878 peccatorum,
815 820 934 871 digni
957 819 1045 860 effi-

220 883 384 924 ciamur
407 881 676 922 habitateres
700 878 856 919 domus
882 879 1046 916 sanctae

219 943 319 979 tuae.
346 938 430 978 Per
450 935 651 978 eumdem
670 933 917 974 Deminum.

275 997 333 1030 Fit
359 1005 552 1030 commem.
579 994 716 1029 Feri-tu.
747 999 782 1028 et
806 995 840 1027 S.
866 992 1046 1026 Molchia-

222 1044 281 1077 dis
308 1044 397 1085 Pap.
425 1043 528 1076 Mart.
554 1047 709 1075 tuntum.
734 1041 813 1076 389.

274 1096 313 1128 In
340 1097 411 1128 linc
439 1095 574 1137 llymn.
601 1093 754 1127 dicitur:

324 1148 343 1186 J
353 1160 429 1188 esu
447 1146 527 1188 tibi
546 1146 600 1187 sit
619 1145 759 1196 gloria

375 1203 458 1253 Qui
477 1208 604 1243 natus
624 1214 671 1243 es
693 1201 748 1242 de
767 1198 959 1250 Virgine.

382 1279 469 1319 Ad
495 1277 883 1319 matutinum.

275 1338 583 1379 Invitatorium.
609 1338 879 1380 Salvatorem
898 1336 1049 1378 mundi

219 1396 260 1436 in
290 1396 422 1437 domo
451 1395 643 1445 Virginis
674 1394 728 1435 de
757 1394 921 1446 Spiritu
954 1405 1047 1433 san-

219 1458 291 1493 cto
308 1453 580 1503 conceptum,
598 1451 788 1492 *Venite
804 1450 1048 1491 adoremus.

275 1507 338 1545 l's.
362 1506 528 1556 Venite,
549 1507 826 1548 exsultemus.
845 1507 882 1547 2.

531 1567 739 1616 Hymnus.

324 1623 490 1664 oelestis
508 1622 625 1664 Urbs
645 1622 897 1669 Jerusalem,

344 1679 482 1719 Beata
499 1679 622 1731 pacis
641 1678 765 1726 visio,

299 1735 407 1784 Quae
428 1734 545 1775 celsa
565 1734 620 1775 de
639 1732 885 1774 viventibus

302 1790 427 1830 Saxis
447 1790 504 1831 ad
523 1795 640 1831 astra
658 1789 838 1838 toneris,

299 1846 570 1898 Sponsaeque
591 1846 675 1886 ritu
696 1845 881 1894 cingeris

299 1901 416 1942 Mille
437 1901 705 1951 Ange16rum
724 1900 927 1941 millibus.

248 1968 285 2005 (⁷)
306 1975 423 2010 sorte
444 1974 579 2021 nupta
598 1971 824 2021 prespera‚

299 2025 462 2066 Dotata
482 2025 623 2067 Patris
642 2025 791 2075 gloria,

300 2080 521 2132 Respersa
540 2080 700 2133 Sponsi
718 2081 869 2131 gratia,

300 2136 467 2186 Regina
486 2137 813 2186 formosissima,

302 2191 475 2233 Christo
496 2194 639 2243 jugata
658 2192 855 2244 principi,

302 2247 411 2288 Coeli
432 2251 615 2289 corusca
636 2248 804 2289 civitas!

252 2314 333 2355 Hic
352 2316 596 2366 margaritis
616 2317 813 2365 emicant,

301 2371 544 2423 Patentque
565 2372 731 2413 cunctis
752 2373 878 2414 Ostia:

300 2426 473 2468 Virtute
493 2440 679 2479 namque
700 2428 866 2480 praevia

301 2481 498 2523 Mortalis
518 2483 619 2524 illuc
639 2483 823 2532 ducitur,

302 2537 464 2578 Amere
484 2538 643 2579 Christi
662 2539 855 2591 percitus

302 2593 540 2634 Tormenta
561 2595 758 2646 quisquis
778 2595 973 2637 sustinet.

252 2660 418 2712 Scalpri
437 2661 622 2702 salubris
642 2662 810 2710 ictibus,

303 2716 357 2757 Et
376 2717 576 2758 tunsione
596 2718 793 2769 plurima,

491 229 559 261 Dic
582 229 635 261 lo.
656 227 743 260 Dec.
769 226 810 258 In
829 225 1098 258 Trans-latione
1121 224 1242 256 Alma:
1262 222 1408 255 Domus
1428 221 1664 254 Lauretanae.

1174 315 1306 357 Fabri
1325 314 1465 367 polita
1483 313 1644 354 malleo

1175 373 1301 412 Hanc
1320 383 1427 411 saxa
1444 369 1606 410 molem
1627 369 1895 415 construunt,

1176 429 1394 479 Aptisque
1414 426 1559 477 juncta
1578 422 1763 464 nexibus

1174 483 1397 524 Locantur
1414 481 1458 522 in
1478 480 1664 530 fastigio.

1129 553 1273 592 Decus
1292 549 1467 591 Parenti
1485 547 1683 590 debitum

1175 606 1239 648 Sit
1257 606 1578 657 usquequaque
1596 603 1836 653 Altissimo,

1175 662 1383 713 Nat6que
1402 661 1545 701 Patris
1564 659 1706 708 unico,

1176 718 1233 758 Et
1251 717 1415 768 inclyto
1434 715 1668 764 Paraclito‚

1177 774 1257 814 Cui
1276 773 1382 822 laus,
1402 774 1613 825 potestas,
1632 771 1773 821 gloria

1176 830 1360 870 AEterna
1380 829 1436 870 sit
1454 840 1535 880 per
1552 827 1725 868 saecula.
1752 826 1906 867 Amen.

1344 905 1393 943 In
1414 904 1443 942 Ι.
1466 902 1691 942 Nocturno.

1156 968 1254 1007 Ant.
1292 966 1474 1007 Elevata
1510 970 1579 1006 est
1609 963 1932 1016 magnificentia

1098 1029 1174 1065 tua
1198 1035 1330 1075 super
1351 1021 1502 1063 coelos.

1156 1088 1217 1121 I’s.
1243 1089 1357 1122 trium
1374 1088 1661 1122 Nocturnorum
1684 1090 1726 1120 ut
1751 1085 1790 1119 in
1807 1084 1934 1120 Festis

1103 1137 1143 1170 B.
1170 1136 1302 1170 Mari-‘e
1327 1136 1431 1178 virg.
1456 1145 1525 1178 per
1550 1144 1700 1168 annum.
1725 1131 1817 1176 [136]

1156 1187 1253 1228 Ant.
1290 1187 1335 1226 In
1367 1185 1461 1227 sole
1493 1184 1643 1237 posuit
1674 1184 1930 1226 tabemacu-

1099 1242 1189 1283 lum
1210 1255 1351 1291 suum,
1378 1246 1422 1283 et
1445 1241 1540 1293 ipse
1559 1245 1784 1292 tamquam
1802 1252 1932 1292 spon-

1101 1311 1175 1339 sus
1194 1297 1443 1350 procedens
1463 1296 1518 1338 de
1537 1296 1732 1338 thalamo
1753 1308 1845 1337 suo.

1157 1362 1255 1400 Ant.
1294 1358 1402 1408 Quis
1431 1355 1641 1398 ascendet
1668 1356 1713 1396 in
1739 1361 1934 1397 montem

1101 1413 1300 1454 Domini?
1337 1418 1411 1454 aut
1449 1412 1547 1464 quis
1583 1412 1718 1454 stabit
1752 1412 1797 1452 in
1831 1411 1933 1453 loco

1102 1474 1254 1510 sancto
1275 1467 1389 1521 ejus?
1415 1469 1634 1510 Innocens
1651 1467 1872 1517 manibus,
1890 1472 1935 1508 et

1101 1524 1265 1566 mundo
1286 1524 1432 1566 corde.

1158 1576 1206 1627 V.
1231 1581 1316 1622 Hic
1341 1580 1498 1622 domus
1518 1580 1603 1622 Dei
1627 1585 1709 1630 est,
1735 1584 1780 1621 et
1803 1584 1935 1632 porta

1103 1636 1214 1678 coeli.
1245 1637 1294 1687 R«.
1312 1637 1369 1678 Et
1387 1636 1619 1678 vocabitur
1638 1635 1739 1677 aula
1756 1635 1852 1677 Dei.

1231 1709 1296 1750 De
1323 1709 1437 1751 libro
1465 1709 1597 1750 tertio
1625 1708 1809 1759 Regum.

1157 1769 1310 1809 Lectio
1331 1768 1353 1807 i.
1677 1767 1781 1818 Cap.
1797 1766 1834 1805 8.
1850 1777 1883 1805 c.

1108 1829 1305 1870 “1
1333 1834 1479 1870 autem
1506 1828 1716 1870 Salomon
1748 1833 1849 1870 ante
1877 1828 1934 1870 al-

1119 1884 1174 1937 ff
1222 1887 1318 1926 tare
1339 1885 1519 1926 Demini
1538 1885 1582 1926 in
1606 1886 1849 1938 conspectu
1867 1897 1936 1926 ec-

1172 1939 1176 1964 ’-
1223 1941 1369 1982 clesiae
1388 1941 1537 1990 Israel,
1557 1946 1601 1982 et
1620 1939 1832 1994 expandit
1849 1953 1936 1982 ma-

1102 2009 1183 2037 nus
1203 2010 1305 2038 suas
1324 1997 1368 2037 in
1388 1997 1566 2046 coelum,
1595 2002 1639 2038 et
1659 1997 1733 2038 ait:
1759 1996 1935 2048 Ergone

1103 2052 1346 2104 putandum
1371 2058 1438 2094 est
1459 2052 1581 2105 quod
1599 2065 1703 2094 vere
1722 2052 1844 2094 Deus
1862 2052 1935 2094 ha-

1102 2107 1212 2149 bitet
1246 2121 1379 2160 super
1410 2106 1595 2149 terram?
1636 2108 1682 2149 Si
1707 2107 1822 2149 enim
1850 2120 1935 2149 coe-

1102 2163 1192 2204 lum
1228 2169 1273 2204 et
1310 2163 1412 2205 coeli
1450 2164 1664 2205 coelorum
1698 2168 1743 2205 te
1777 2165 1936 2216 capere

1102 2231 1190 2260 non
1209 2225 1411 2272 possunt,
1439 2224 1603 2272 quanto
1622 2219 1761 2270 magis
1778 2219 1936 2261 domus

1103 2274 1209 2324 haec,
1237 2288 1368 2326 quam
1388 2274 1628 2317 aedificavi?
1657 2274 1745 2316 Sed
1764 2276 1935 2328 respice

1104 2330 1161 2371 ad
1180 2331 1424 2372 orati6nem
1447 2331 1562 2372 servi
1580 2331 1661 2380 tui,
1688 2337 1731 2372 et
1757 2330 1814 2372 ad
1838 2343 1934 2384 pre-

1104 2399 1177 2427 ces
1197 2388 1303 2438 eJus,
1324 2387 1511 2428 Demine
1531 2387 1651 2428 Deus
1670 2399 1808 2428 meus:
1834 2386 1936 2429 audi

1104 2441 1311 2494 hymnum
1335 2448 1379 2484 et
1403 2443 1662 2492 orationem,
1695 2455 1827 2494 quam
1848 2455 1934 2484 ser-

1104 2511 1184 2538 vus
1211 2503 1312 2539 tuus
1341 2503 1438 2540 orat
1466 2511 1615 2539 coram
1640 2503 1684 2539 te
1711 2497 1859 2539 hedie:
1888 2503 1936 2540 ut

1105 2554 1189 2595 sint
1214 2554 1327 2595 eculi
1350 2554 1415 2595 tui
1439 2555 1580 2606 aperti
1604 2566 1736 2606 super
1756 2552 1936 2596 domum

1104 2609 1216 2650 hanc
1241 2615 1371 2651 nocte
1397 2622 1448 2650 ac
1475 2609 1559 2650 die:
1588 2622 1721 2661 super
1745 2609 1934 2659 domum,

1105 2663 1159 2705 de
1186 2677 1272 2717 qua
1297 2665 1458 2706 dixisti:
1486 2666 1580 2706 Erit
1604 2677 1763 2706 nomen
1789 2678 1935 2706 meum

1104 2720 1179 2762 ibi:
1205 2726 1254 2762 ut
1277 2720 1488 2762 exaudias
1514 2721 1774 2770 orationem,
1803 2733 1935 2772 quam
