2080 2990
675 219 744 252 Die
772 220 797 253 1.
823 219 911 253 Dec.
959 220 993 254 S.
1016 220 1152 254 Didaei
1180 222 1286 255 Conf.

185 315 237 365 Rz.
263 314 415 356 Inveni
437 313 583 356 David
605 327 779 356 servum
801 327 956 364 meum,

139 370 238 412 oleo
283 375 435 412 saneto
480 383 579 412 meo
624 371 729 412 unxi
774 383 890 412 eum:
931 374 954 398 *

137 426 291 468 Manus
325 427 438 469 enim
469 440 567 468 mea
601 427 877 469 auxiliabitur
909 428 957 469 ei.

135 479 185 532 V.
219 483 339 525 Nihil
369 483 573 536 proficiet
598 483 796 524 inimicus
820 484 865 524 in
893 496 956 534 eo,

138 544 182 581 et
203 539 317 581 filius
340 539 580 592 iniquitatis
603 552 691 581 non
714 540 889 581 nocebit
908 541 956 581 ei.

137 596 302 638 Manus.

441 649 591 690 Lectio
612 664 649 689 v.

217 709 283 761 jus
315 719 419 748 cura
450 710 494 748 et
525 704 671 747 studio
702 718 788 746 non
817 705 957 747 clerus

225 763 360 806 modo
405 762 638 816 plurimum
683 766 834 803 auctus
875 766 957 811 est,

136 835 289 864 verum
338 820 468 861 etiam
517 819 718 860 universa
761 818 958 860 Ecclesia

135 878 304 930 magnis
339 876 616 918 incrementis
653 875 854 917 adolevit.
907 876 958 916 In

138 948 224 987 quo
252 938 369 976 certe
392 933 506 974 illius
533 932 764 985 prudentia
786 931 956 973 mirabi-

135 991 190 1032 lis
216 991 313 1041 fuit,
344 1003 443 1032 cum
470 1002 523 1030 eo
551 990 749 1041 tempore
775 989 956 1030 Anasta-

137 1045 237 1097 sius,
253 1048 492 1100 imperator
504 1045 745 1095 haereticus,
763 1050 805 1086 et
818 1044 957 1086 Theo-

138 1103 313 1146 doricus
335 1102 524 1144 Arianus
556 1115 701 1144 rerum
731 1101 958 1154 utriusque

137 1160 308 1213 imperii
333 1159 591 1213 potirentur.
626 1159 883 1200 Imminente
901 1158 958 1198 fa-

137 1217 219 1258 mis
236 1216 443 1269 periculo,
462 1216 597 1258 ubere
613 1218 783 1257 annona
796 1214 960 1256 Urbem

138 1273 362 1315 recreavit.
379 1273 651 1326 Lupercalia,
666 1272 837 1324 aliaque
849 1271 959 1313 Gen-

137 1330 278 1372 tilium
296 1329 561 1383 spectacula,
588 1342 686 1381 quae
706 1328 763 1370 ad
780 1328 875 1369 haec
893 1341 959 1369 us-

140 1399 224 1438 que
242 1388 460 1439 tempora,
487 1391 589 1439 post
613 1390 703 1428 tam
726 1386 863 1426 multa
885 1385 959 1425 im-

138 1445 392 1495 peratorum
420 1442 564 1485 edicta
590 1442 800 1484 adversus
825 1440 959 1482 idolo-

138 1500 311 1541 latriam
332 1500 436 1550 lata‚
465 1504 509 1541 et
532 1500 833 1541 Romanorum
850 1498 960 1538 Pon-

139 1556 306 1598 tificum
339 1556 483 1598 studia
513 1555 570 1598 ad
597 1569 693 1598 eam
722 1555 960 1607 exstirpan-

140 1612 242 1655 dam
283 1612 493 1663 adhibita,
538 1613 728 1664 viguisse
771 1615 960 1660 constat,

138 1669 450 1711 Andromacho
502 1671 721 1718 senatore,
779 1667 960 1719 aliisque

139 1726 350 1768 Romanis
381 1726 543 1768 frustra
572 1726 676 1768 licet
710 1724 961 1776 refraganti-

137 1782 231 1834 bus,
247 1783 422 1836 penitus
440 1782 642 1825 abolevit.

190 1840 242 1891 Ην.
272 1840 407 1881 Posui
435 1839 699 1892 adjutorium
727 1850 858 1890 super
884 1849 960 1889 po-

138 1898 321 1946 tentem,
364 1902 408 1938 et
450 1895 640 1938 exaltavi
680 1894 866 1936 electum
903 1892 958 1934 de

138 1953 268 2006 plebe
305 1966 421 1996 mea:
459 1953 483 1979 *
522 1952 677 1994 Manus
713 1951 827 1992 enim
861 1961 959 1990 mea

140 2010 420 2052 auxiliabitur
451 2010 502 2052 ei.
550 2002 601 2054 V.
632 2007 784 2049 Inveni
815 2004 961 2048 David

139 2079 315 2109 servum
345 2079 511 2116 meum,
552 2064 650 2106 oleo
679 2067 832 2105 sancto
859 2074 959 2103 meo

138 2124 244 2165 unxi
271 2136 382 2166 eum.
427 2123 593 2165 Manus.

438 2181 591 2222 Lectio
611 2180 664 2221 vi.

142 2233 275 2339 Eia
293 2240 612 2295 quamplurima
631 2237 688 2280 ad
707 2235 962 2288 dignitatem

244 2302 287 2340 et
318 2297 590 2350 disciplinam
619 2292 830 2337 Ecclesiae
867 2303 960 2343 spe-

141 2354 304 2396 ctantia
321 2354 544 2407 praestitit,
574 2349 773 2398 sancivit,
799 2352 842 2389 et
860 2347 960 2388 scri-

139 2411 237 2463 psit.
263 2410 528 2452 Defensores
548 2407 709 2457 Aeacii,
730 2402 960 2456 Euphemi-

139 2480 214 2508 um
245 2467 491 2520 praesertim
518 2459 960 2513 Constantinopolita-

139 2537 243 2565 num
268 2522 505 2572 damnavit;
533 2520 795 2572 scriptisque
821 2515 878 2557 ad
902 2514 961 2556 di-

138 2582 292 2622 versos
327 2577 647 2621 nervosissimis
681 2576 799 2626 juxta
831 2576 962 2623 atque

141 2635 406 2678 doctissimis
425 2634 597 2683 litteris,
624 2631 694 2673 vel
713 2642 789 2672 eos
807 2628 851 2669 in
871 2626 962 2669 offi-

141 2693 209 2734 cio
229 2691 458 2741 continuit,
475 2689 547 2732 vel
565 2689 819 2743 aberrantes
836 2681 962 2725 redu-

141 2749 215 2791 xit.
231 2748 501 2799 Pelagianos,
514 2744 780 2787 Manichaeos
796 2745 840 2783 et
853 2740 963 2781 alios

194 2881 285 2913 Propr.
300 2888 347 2913 pro
364 2880 439 2906 Clero
455 2880 528 2904 Rom.
559 2879 623 2902 Pars
639 2876 771 2902 Hiemalis.

1007 313 1239 356 haereticos
1272 316 1478 366 coercuit,
1514 319 1751 369 eorumque
1781 316 1826 357 li-

1009 371 1113 414 bros
1140 372 1325 426 publicis
1356 373 1493 413 flamis
1516 372 1627 415 tradi
1653 373 1829 414 curavit.

1008 428 1175 471 Praeter
1191 429 1432 470 decretales
1446 434 1488 470 et
1500 428 1684 481 hymnos
1702 428 1829 470 eccle-

1010 486 1220 536 siasticos,
1240 486 1413 537 egregia
1427 486 1600 538 scripsit
1619 486 1829 538 opuscula

1011 547 1163 584 contra
1202 542 1467 593 Nestorium,
1509 542 1677 592 Arium,
1707 542 1828 583 Pela-

1009 599 1127 649 gium
1177 605 1219 641 et
1261 598 1543 650 Eutycheten.
1604 598 1690 640 Sed
1722 597 1830 640 illud

1010 668 1103 708 prae
1137 655 1292 697 ceteris
1323 655 1672 704 memorandum,
1710 654 1830 707 quod

1010 711 1145 753 libros
1165 712 1398 753 canonicos
1417 711 1472 752 ab
1492 711 1596 760 aliis,
1617 717 1660 752 et
1674 710 1829 763 proba-

1010 773 1080 809 tos
1099 768 1153 810 ab
1170 768 1443 821 apocryphis,
1462 768 1506 808 in
1521 768 1719 809 Romana
1735 769 1828 819 syn-

1011 825 1098 866 odo
1119 827 1393 877 septuaginta
1410 824 1728 877 episcoporum,
1749 824 1829 864 sin—

1009 882 1148 933 gulari
1167 881 1345 923 decreto
1365 881 1571 923 distinxit.
1601 881 1708 922 Post
1725 880 1830 921 mul-

1010 943 1081 980 tos
1101 938 1275 980 demum
1290 938 1464 979 labores
1478 938 1522 978 in
1536 936 1727 988 regenda
1741 937 1829 977 uni-

1011 995 1170 1036 versali
1203 994 1401 1036 Ecclesia
1438 993 1700 1042 exantlatos,
1736 1006 1829 1033 san-

1013 1051 1228 1092 ctissimus
1277 1056 1320 1093 et
1368 1050 1644 1092 doctissimus
1686 1050 1830 1091 Ponti-

1010 1107 1083 1154 fex
1108 1108 1180 1160 pie
1205 1107 1312 1149 obiit
1330 1107 1374 1147 in
1391 1107 1580 1148 Domino
1601 1105 1829 1147 undecimo

1011 1163 1232 1206 Kalendas
1264 1163 1536 1213 Decembris,
1568 1175 1680 1204 anno
1714 1162 1830 1203 Chri-

1013 1221 1069 1263 sti
1097 1221 1522 1274 quadringentesimo
1549 1219 1829 1270 nonagesimo

1014 1283 1154 1326 sextO,
1175 1283 1218 1320 et
1241 1277 1437 1330 sepultus
1457 1282 1524 1318 est
1542 1277 1585 1317 in
1602 1275 1830 1317 Vaticano.

1064 1339 1114 1389 R.
1139 1336 1228 1376 Iste
1248 1339 1314 1376 est
1334 1334 1417 1387 qui.

1062 1398 1104 1431 In
1123 1396 1184 1430 111.
1202 1396 1310 1429 Noct.
1328 1395 1467 1429 Homil.
1486 1394 1521 1427 in
1540 1394 1682 1434 Evang.
1708 1393 1830 1426 Homo

1013 1445 1181 1487 peregre.
1204 1444 1249 1477 de
1271 1444 1406 1477 eodem
1426 1442 1624 1476 Communi
1652 1442 1676 1474 1.
1694 1441 1788 1474 loco.

1063 1493 1162 1526 Lcct.
1181 1493 1229 1526 ix.
1253 1492 1298 1525 de
1318 1491 1455 1524 Homil.
1476 1491 1586 1531 Vigil.
1607 1491 1642 1522 S.
1663 1488 1829 1521 Andreas

1011 1541 1146 1584 Apost.
1166 1547 1271 1574 extra
1290 1539 1452 1572 Advcnt.

1064 1589 1104 1622 In
1138 1588 1334 1622 Laudibus
1373 1596 1565 1621 commem.
1600 1583 1754 1625 Yigiliae
1788 1591 1831 1615 uc

1012 1637 1046 1671 S
1072 1636 1265 1671 Saturnini
1293 1636 1398 1669 Mart.

1386 1714 1595 1741 >gx-ff

1080 1792 1309 1855 FESTA
1342 1790 1583 1852 DECEM
1600 1786 1770 1849 BRIS.

1344 1881 1381 1883 ——
1392 1874 1447 1888 ⁷000
1454 1879 1499 1882 -ᾈ

1215 1911 1297 1953 Die
1315 1912 1346 1951 1.
1363 1907 1630 1951 Decembris.

1246 1976 1292 2017 (d.
1313 1986 1343 2010 a.
1362 1986 1409 2010 ex
1428 1976 1476 2009 13.
1496 1975 1606 2012 Nov.)

1147 2029 1190 2069 S.
1217 2026 1392 2069 Didaci
1420 2024 1700 2068 Confessoris.

1293 2086 1550 2129 Scmiduplcx.

1067 2139 1202 2173 Omnia
1232 2139 1278 2173 dc
1308 2138 1451 2173 Comm.
1477 2138 1584 2172 Conf.
1613 2145 1689 2169 non
1715 2133 1832 2173 Pom,

1014 2192 1155 2231 praeter
1179 2198 1283 2230 sequ.
1305 2184 1365 2228 (m.
1388 2187 1412 2218 t.
1435 2181 1483 2226 V.)

1347 2238 1509 2279 Oratio.

1099 2291 1348 2342 mm'potens
1393 2284 1654 2337 sempiterne

1018 2290 1092 2397 O
1120 2346 1193 2399 qui
1230 2342 1517 2397 dispositione
1550 2336 1738 2381 mirabili
1771 2336 1832 2376 in-

1014 2404 1138 2445 firma
1156 2400 1307 2443 mundi
1329 2399 1466 2450 eligis,
1492 2401 1541 2438 ut
1562 2394 1691 2436 fortia
1716 2404 1830 2444 quae-

1016 2472 1100 2513 que
1124 2455 1378 2500 confundas:
1403 2451 1594 2495 concede
1616 2448 1832 2513 propitius

1013 2514 1246 2558 humilitati
1263 2517 1439 2561 nostrae;
1457 2513 1506 2550 ut
1523 2507 1606 2561 piis
1624 2506 1741 2548 beatl
1759 2505 1832 2545 Di-

1015 2573 1113 2615 daci
1137 2567 1409 2614 Confessoris
1435 2565 1499 2607 tui
1523 2562 1742 2616 precibus,
1775 2558 1832 2600 ad

1696 2281 1831 2329 Deus,

1013 2630 1248 2683 perennem
1274 2626 1318 2666 in
1346 2622 1469 2665 coelis
1496 2619 1679 2682 gloriam
1703 2615 1831 2657 subli-

1014 2685 1123 2727 mari
1139 2683 1393 2725 mereamur.
1418 2679 1503 2719 Per
1520 2677 1765 2718 Dominum.

1070 2748 1273 2782 Commcm.
1300 2745 1421 2778 Ferize
1447 2744 1481 2777 in
1508 2743 1605 2776 Λὼτ

1588 2848 1630 2884 1*
