2080 2990
182 221 254 264 [38]

670 221 881 254 Commune
908 221 1159 263 plurimorum
1186 219 1406 261 Martyrum.

181 315 282 355 Non
307 314 421 355 enim
446 313 680 366 accepistis
705 314 907 366 spiritum
928 326 1014 355 ser-

180 370 331 411 vitutis
351 372 508 411 iterum
528 369 571 410 in
592 370 764 419 timore,
794 369 873 411 sed
893 382 1013 411 acce-

180 427 305 478 pistis
326 426 528 478 spiritum
546 425 797 478 adoptianis
813 426 1013 475 filiorum,

179 482 222 522 in
258 494 345 533 quo
379 481 636 523 clamamus:
683 481 812 523 Abba
842 482 1014 533 (Pater).

179 539 281 590 Ipse
323 538 438 579 enim
480 538 669 591 Spiritus
715 538 1013 579 testimonium

180 593 325 635 reddit
345 594 518 646 spiritui
537 599 702 644 nostro,
725 593 845 646 quod
865 607 1014 635 sumus

179 650 256 690 filii
270 650 365 691 Dei.
396 650 439 691 Si
460 655 608 692 autem
627 650 715 699 filii,
736 655 779 691 et
797 649 1013 691 haeredes:

179 705 379 748 haeredes
413 706 590 759 quidem
620 707 721 756 Dei,
756 705 1013 748 cohaeredes

178 767 325 803 autem
355 762 530 804 Christi:
569 763 605 803 si
628 768 774 804 tamen
803 763 1012 815 compati-

178 832 293 868 mur,
330 824 377 860 ut
406 824 450 861 et
478 819 870 870 conglorificemur.
913 819 1012 859 Exi-

179 875 309 916 stimo
339 876 452 916 enim
482 875 602 927 quod
630 888 717 916 non
741 880 843 917 sunt
865 874 1011 916 condi-

178 943 276 982 gnae
303 932 532 983 passiones
562 931 688 983 hujus
715 932 927 984 temporis
956 930 1013 972 ad

178 987 368 1028 futuram
393 987 592 1038 gluriam,
624 1001 722 1040 quae
745 987 1013 1029 revelabitur

177 1043 221 1084 in
251 1043 389 1085 nobis.
439 1044 553 1085 Nam
587 1044 861 1097 exspectatio
895 1056 1012 1085 crea-

177 1102 289 1141 turae
336 1100 650 1142 revelationem
696 1101 888 1142 filiarum
927 1100 1011 1142 Dei

180 1158 418 1208 exspectat.

232 1214 280 1265 K.
312 1212 554 1263 Absterget
581 1214 705 1255 Deus
738 1226 916 1255 omnem
952 1213 1011 1254 la-

178 1268 358 1310 crimam
391 1268 445 1310 ab
485 1269 622 1311 oculis
659 1272 932 1311 sanctorum:
969 1274 1012 1311 et

177 1325 261 1376 jam
281 1337 368 1366 non
387 1325 468 1367 erit
488 1326 675 1379 amplius
693 1339 837 1379 neque
856 1326 1011 1376 luctus,

177 1394 321 1433 neque
354 1381 529 1432 clamor,
563 1382 643 1424 sed
675 1396 756 1424 nec
788 1382 902 1424 ullus
935 1382 1011 1424 do—

177 1437 258 1478 lor:
283 1441 303 1462 *
330 1438 547 1488 Quoniam
566 1439 716 1491 pri6ra
735 1439 1012 1480 transierunt.

180 1490 228 1541 Y.
272 1494 374 1535 Non
415 1495 627 1544 esurient,
675 1508 819 1547 neque
865 1496 1012 1536 sitient

179 1549 377 1602 amplius,
405 1563 549 1603 neque
582 1551 711 1593 cadet
745 1564 878 1604 super
912 1551 1012 1592 illos

179 1605 257 1655 sol,
276 1619 420 1658 neque
440 1607 554 1648 ullus
575 1613 720 1649 aestus.
751 1608 979 1658 Quoniam.

237 1662 395 1703 Bencd.
428 1662 681 1714 Unigenitus
700 1664 785 1705 Dei
803 1664 951 1705 Filius.

488 1719 639 1760 Lectio
663 1718 701 1758 ii.

252 1774 389 1816 cimus
409 1780 555 1817 autem
573 1776 779 1828 quoniam
799 1775 1011 1827 diligenti-

271 1830 355 1872 bus
373 1831 517 1873 Deum
543 1833 689 1873 omnia
714 1835 1011 1885 cooperantur

177 1888 220 1927 in
245 1886 421 1937 bonum,
450 1888 512 1937 iis,
543 1888 616 1940 qui
644 1889 887 1931 secundum
910 1902 1009 1942 pro-

179 1943 371 1995 p6situm
398 1944 543 1986 vocati
572 1950 673 1986 sunt
703 1946 853 1986 sancti.
897 1946 1013 1987 Nam

180 2012 291 2051 quos
319 2000 561 2051 praescivit,
603 2006 647 2042 et
679 2001 1013 2054 praedestinavit

179 2055 428 2096 confermes
456 2056 552 2097 fieri
579 2057 780 2108 imaginis
807 2057 906 2099 Filii
935 2058 1012 2108 sui,

179 2115 226 2152 ut
251 2111 307 2152 sit
333 2111 427 2163 ipse
453 2113 770 2164 primogenitus
797 2114 841 2155 in
865 2113 1013 2155 multis

178 2166 398 2208 fratribus.
452 2169 572 2218 Quos
606 2174 752 2211 autem
784 2170 1012 2222 praedesti-

179 2223 313 2271 navit,
342 2223 423 2264 hos
449 2228 493 2264 et
516 2226 706 2267 vocavit:
736 2231 779 2267 et
804 2239 915 2278 quos
939 2239 1012 2267 vo-

180 2278 312 2327 cavit,
340 2278 422 2319 hos
448 2284 492 2320 et
515 2281 779 2331 justificavit:
810 2295 921 2334 quos
941 2296 1012 2323 au-

179 2339 269 2375 tem
288 2334 548 2386 justificavit,
568 2336 667 2377 illos
682 2343 726 2378 et
740 2338 1012 2388 glorificavit.

180 2390 297 2440 Quid
335 2403 441 2441 ergo
478 2390 674 2434 dicemus
710 2393 767 2435 ad
803 2393 923 2436 haec?
968 2396 1013 2437 Si

180 2446 301 2488 Deus
327 2459 410 2499 pro
437 2447 580 2497 nobis,
610 2449 706 2500 quis
731 2456 884 2491 contra
908 2451 1013 2492 nos?

180 2502 266 2552 Qui
297 2503 428 2544 etiam
458 2504 639 2556 proprio
668 2505 779 2547 Filio
812 2519 891 2547 suo
925 2521 1014 2549 non

180 2559 399 2610 pepercit,
436 2559 515 2601 sed
544 2573 626 2612 pro
654 2560 782 2602 nobis
812 2563 1013 2605 omnibus

179 2613 362 2655 tradidit
376 2614 512 2656 illum:
533 2616 757 2668 quomodo
778 2630 864 2658 non
884 2619 1013 2660 etiam

181 2682 280 2710 cum
326 2670 401 2711 illo
443 2672 589 2712 omnia
634 2672 761 2713 nobis
806 2672 1012 2716 donavit?

180 2726 287 2776 Quis
328 2726 553 2768 accusabit
594 2727 806 2769 adversus
848 2729 1012 2771 electos

1066 311 1175 353 Dei?
1212 313 1334 353 Deus
1360 313 1433 365 qui
1458 312 1677 364 justificat,
1710 313 1806 365 quis
1832 317 1900 354 est

1067 369 1141 420 qui
1176 367 1465 410 condemnet?
1528 368 1725 410 Christus
1760 369 1784 409 J
1788 382 1900 417 esuS,

1068 425 1140 476 qui
1170 427 1369 466 mortuus
1403 430 1485 474 est,
1531 425 1620 466 imo
1650 425 1724 477 qui
1760 430 1804 466 et
1835 437 1899 466 re-

1066 481 1270 530 surrexit,
1303 481 1376 533 qui
1397 485 1464 522 est
1482 480 1539 522 ad
1559 480 1786 522 dexteram
1804 481 1900 529 Dei,

1068 537 1142 589 qui
1162 537 1293 578 etiam
1311 536 1562 590 interpellat
1580 549 1663 589 pro
1683 536 1822 578 nobis.

1120 594 1168 645 R.
1191 594 1288 635 Viri
1308 593 1448 635 sancti
1467 593 1708 644 gloriusum
1728 593 1897 644 sangui-

1065 662 1164 690 nem
1192 649 1400 691 fuderunt
1427 663 1510 702 pro
1538 649 1749 698 Dumino,
1785 661 1899 691 ama-

1065 708 1222 747 verunt
1244 706 1466 747 Christum
1491 706 1535 746 in
1561 705 1651 746 vita
1677 717 1772 754 sua,
1808 705 1899 746 imi-

1064 762 1144 803 tati
1171 767 1272 803 sunt
1298 775 1397 803 eum
1426 762 1469 802 in
1496 766 1639 802 morte
1668 773 1763 802 sua:
1791 757 1814 780 *
1843 761 1901 802 Et

1064 817 1166 860 ideo
1195 821 1382 860 corunas
1416 817 1706 870 triumphales
1733 818 1899 858 merue-

1065 880 1175 917 runt.
1203 867 1252 918 Y.
1272 875 1395 916 Unus
1415 875 1607 927 spiritus,
1627 878 1670 915 et
1687 887 1773 915 una
1787 873 1898 914 fides

1065 936 1159 973 erat
1177 931 1221 972 in
1241 931 1314 973 eis.
1342 931 1398 972 Et
1418 931 1531 972 ideo.

1118 989 1281 1030 Bened.
1310 991 1493 1044 Spiritus
1514 991 1654 1032 sancti
1672 991 1825 1042 gratia.

1369 1063 1521 1104 Lectio
1542 1064 1596 1103 iii.

1068 1106 1217 1229 Quis
1247 1139 1351 1178 ergo
1380 1139 1462 1168 nos
1489 1125 1713 1179 separabit
1740 1139 1767 1167 a
1794 1126 1899 1167 cari-

1168 1185 1259 1225 tate
1281 1181 1464 1225 Christi?
1490 1182 1727 1232 tribulatio‚
1753 1195 1807 1223 an
1827 1195 1899 1223 an-

1063 1240 1222 1291 gustia,
1260 1253 1315 1281 an
1343 1239 1498 1288 fames,
1533 1252 1589 1280 an
1616 1238 1826 1288 nuditas,
1845 1251 1900 1279 an

1062 1296 1322 1349 periculum,
1351 1309 1406 1337 an
1430 1295 1702 1348 persecutio,
1730 1307 1786 1335 an
1811 1294 1900 1345 gla-

1064 1352 1185 1395 dius?
1230 1353 1358 1404 (sicut
1399 1352 1611 1404 scriptum
1652 1356 1735 1392 est:
1789 1351 1900 1401 Quia

1063 1415 1248 1462 propter
1275 1414 1319 1451 te
1344 1408 1664 1450 mortificamur
1689 1412 1784 1449 tota
1810 1406 1898 1448 die:

1064 1466 1269 1508 aestimati
1288 1478 1438 1507 sumus
1458 1465 1571 1506 sicut
1591 1476 1698 1505 oves
1719 1463 1899 1504 occisio-

1063 1522 1155 1573 nis.)
1193 1521 1282 1563 Sed
1313 1522 1357 1562 in
1389 1521 1456 1562 his
1491 1519 1694 1561 omnibus
1722 1521 1899 1572 supera-

1063 1591 1160 1620 mus
1180 1582 1364 1631 propter
1384 1590 1498 1626 eum,
1537 1577 1611 1629 qui
1635 1575 1788 1617 dilexit
1807 1588 1900 1617 nos.
1948 1606 1952 1612 .

1065 1635 1222 1676 Certus
1241 1647 1337 1675 sum
1354 1634 1469 1675 enim
1486 1633 1587 1684 quia
1606 1645 1750 1684 neque
1768 1644 1900 1680 mors,

1066 1703 1208 1743 neque
1236 1691 1342 1740 vita,
1375 1702 1519 1742 neque
1547 1688 1724 1740 Angeli‚
1756 1700 1900 1740 neque

1064 1747 1352 1799 Principatus‚
1368 1758 1512 1798 neque
1526 1745 1738 1794 Virtutes,
1756 1756 1900 1796 neque

1063 1803 1281 1852 instantia,
1303 1815 1447 1855 neque
1467 1802 1624 1850 futura,
1651 1813 1796 1852 neque
1815 1800 1900 1841 for-

1064 1858 1220 1909 titudo,
1247 1871 1390 1911 neque
1410 1857 1609 1906 altitudo,
1637 1869 1781 1908 neque
1800 1869 1900 1909 pro-

1064 1915 1257 1965 fundum,
1290 1927 1434 1967 neque
1462 1916 1665 1955 creatura
1693 1913 1778 1954 alia
1804 1914 1900 1965 put-

1067 1972 1149 2013 erit
1182 1984 1263 2013 nos
1296 1973 1505 2024 separare
1538 1982 1564 2010 a
1596 1969 1779 2010 caritate
1805 1968 1900 2017 Dei,

1068 2041 1166 2081 quae
1201 2033 1268 2069 est
1300 2028 1344 2068 in
1372 2027 1548 2068 Christo
1575 2026 1599 2066 J
1603 2038 1682 2067 esu
1707 2024 1900 2066 Domino

1066 2090 1230 2126 nostro.

1120 2144 1170 2185 R.
1187 2143 1485 2185 Tradiderunt
1500 2144 1690 2194 corpora
1705 2154 1783 2182 sua
1798 2154 1899 2193 pro-

1066 2206 1165 2254 pter
1184 2201 1329 2242 Deum
1353 2198 1409 2240 ad
1433 2198 1665 2251 supplicia:
1686 2201 1709 2223 ²⁸¹
1732 2197 1790 2238 Et
1813 2210 1899 2238 me-

1067 2259 1249 2298 ruerunt
1267 2255 1430 2297 habere
1447 2256 1634 2296 coronas
1651 2255 1900 2306 perpetuas.

1069 2307 1118 2359 W.
1144 2313 1223 2354 Isti
1251 2316 1352 2353 sunt
1381 2311 1455 2362 qui
1485 2312 1698 2351 venerunt
1726 2322 1780 2350 ex
1811 2323 1899 2350 ma-

1066 2382 1152 2420 gna
1170 2367 1462 2417 tribulatiOne,
1478 2371 1522 2408 et
1541 2366 1741 2407 laverunt
1762 2365 1899 2406 stolas

1067 2439 1168 2468 suas
1191 2425 1234 2466 in
1256 2423 1466 2475 sanguine
1486 2422 1611 2473 Agni.
1646 2422 1713 2463 Et.
1749 2420 1901 2462 Gloria

1066 2482 1196 2524 Patri.
1224 2481 1292 2522 Et.

1293 2550 1343 2590 In
1370 2551 1421 2590 11.
1449 2551 1673 2590 Nocturno.

1120 2617 1219 2657 Ant.
1247 2617 1377 2659 Dabo
1401 2615 1564 2657 sanctis
1583 2615 1692 2656 meis
1711 2615 1734 2640 *
1754 2615 1900 2657 locum

1066 2675 1336 2717 nominatum
1375 2673 1419 2713 in
1456 2685 1592 2723 regno
1628 2671 1772 2712 Patris
1802 2671 1900 2719 mei,

1067 2731 1174 2773 dicit
1192 2730 1418 2771 Dominus.
