2080 2990
728 228 829 258 sacr.
855 226 1008 267 spinea:
1034 226 1199 257 ‹dm-nme
1226 224 1267 257 l).
1294 224 1337 257 N.
1363 223 1395 256 J.
1422 224 1462 257 C.

238 324 425 369 Homih'a
456 328 596 369 sancti
624 327 838 369 Ber-nardi
864 327 1064 369 Abbatis.

367 391 418 423 Ex
447 393 562 425 δἐι-ιη.
588 392 651 426 50.
678 392 725 425 dc
752 391 928 425 diversis.

239 487 241 492 ,
283 452 652 506 =.·2-.s71dete,filiae
678 452 798 501 Sion,
826 465 973 502 regem
991 452 1063 492 Sa-

316 543 320 547 ,
344 507 377 567 ξι
405 508 638 549 lomonem.
670 508 772 548 Non
791 507 897 549 dicit
915 507 1064 548 Eccle-

290 567 298 570 “
406 565 587 612 siasten‚
619 569 694 605 aut
722 563 907 605 [didam.
950 562 1065 603 Nam

235 624 278 660 et
316 619 383 660 his
421 619 671 661 nominibus
708 619 957 672 appellatus
997 623 1065 659 est

234 689 311 716 rex
340 676 427 717 ille:
456 682 500 717 et
527 676 743 726 significat
769 676 919 716 Jesum
947 674 1064 716 Chri-

234 737 360 781 stum,
383 738 582 773 nostrum
602 744 754 772 verum
773 731 1064 780 Salomonem,

236 788 309 839 qui
329 794 396 828 est
415 788 642 836 Salomon,
670 787 715 828 id
741 792 825 835 est,
854 787 1064 839 pacificus

234 844 277 883 in
293 844 464 885 exsilio:
485 843 786 891 Ecclesiastes‚
805 842 850 884 id
866 847 942 890 est,
963 855 1064 884 con-

234 900 433 941 cionator
459 900 502 940 in
530 899 704 951 judicio:
735 898 879 948 Idida,
913 898 959 940 id
987 904 1065 948 est,

235 954 420 996 dilectus
447 955 624 996 Domini
655 956 698 995 in
726 967 878 1005 regno,
916 955 1064 1006 ibique

234 1024 321 1052 rex.
356 1012 406 1051 In
427 1011 580 1052 exsilio
600 1013 872 1059 mansuetus,
897 1011 940 1051 in
960 1011 1064 1062 iudi-

233 1068 301 1108 cio
328 1068 485 1118 justus,
511 1067 555 1108 in
578 1079 715 1117 regno
741 1067 971 1118 gloriosus.
1011 1068 1061 1107 In

234 1123 388 1163 exsilio
408 1122 624 1173 amabilis,
652 1123 694 1163 in
715 1123 876 1174 judicio
895 1123 1062 1164 terribi-

233 1178 296 1227 lis,
317 1179 360 1219 in
379 1191 515 1229 regno
536 1178 818 1220 admirabilis.
846 1179 896 1219 In
917 1179 1063 1221 diade-

233 1240 349 1276 mate
392 1247 479 1287 quo
521 1235 750 1276 coronavit
787 1248 887 1276 eum
923 1241 1063 1277 mater

234 1304 322 1331 sua.
358 1291 438 1331 Est
462 1296 608 1332 autem
631 1290 727 1332 haec
752 1293 917 1332 corona
935 1292 1062 1334 mise-

233 1347 453 1396 ricordiae,
479 1352 523 1388 et
543 1347 586 1387 in
606 1347 689 1387 hac
708 1347 943 1388 imitabilis.
981 1349 1062 1389 Co-

232 1404 404 1444 ronavit
423 1417 523 1444 eum
543 1408 586 1444 et
600 1405 790 1444 noverca
805 1417 884 1445 sua
899 1406 1063 1446 corona

233 1459 436 1508 miseriae,
469 1466 513 1501 et
540 1461 584 1500 in
604 1459 686 1500 hac
706 1460 1061 1512 contemptibilis.

232 1515 511 1566 Synagogam
530 1516 706 1567 loquor,
728 1529 826 1567 quae
847 1529 894 1557 se
915 1516 955 1557 ei
972 1529 1062 1558 non

232 1577 416 1612 matrem
437 1572 644 1621 exhibuit,
666 1572 746 1613 sed
764 1575 1011 1613 novercam.

287 1635 334 1684 R:-
366 1637 521 1678 Facies
549 1637 686 1678 altare
715 1636 772 1678 ad
796 1637 1062 1678 adolendum

233 1692 471 1743 thymiama
503 1693 558 1734 de
590 1693 717 1743 lignis
749 1693 900 1734 Setim:
925 1695 946 1717 *
983 1693 1062 1733 Fa-

234 1748 410 1799 ciesque
437 1749 475 1807 ei
502 1751 710 1790 coronam
736 1749 959 1790 aureolam
982 1761 1062 1801 per

234 1818 398 1855 gyrum.
428 1802 475 1847 ,Υ-
501 1806 734 1858 Ponesque
753 1806 890 1847 altare
910 1810 1063 1846 contra

233 1860 378 1900 velum
416 1874 566 1902 coram
603 1862 923 1914 propitiatorio.
983 1861 1062 1902 Fa-

233 1916 422 1968 ciesque.

522 1990 671 2031 Lectio
693 1993 774 2031 viii.

233 2046 514 2152 Coronabit
537 2072 636 2100 eum
660 2059 821 2110 familia
840 2073 919 2100 sua
939 2063 1062 2101 coro-

326 2127 380 2155 na
400 2115 591 2165 justitiae,
613 2120 657 2156 et
676 2115 719 2155 in
741 2115 823 2156 hac
842 2116 1062 2157 terribilis:

166 2171 169 2173 ’
233 2172 417 2211 coronat
455 2184 553 2212 eum
589 2172 719 2212 Pater
756 2185 860 2212 suus
897 2174 1061 2213 corona

232 2225 397 2275 gloriae,
417 2231 460 2267 et
479 2226 522 2266 in
540 2226 622 2267 hac
643 2226 959 2269 desiderabilis.
988 2228 1061 2270 Vi-

233 2280 365 2323 deant
391 2294 496 2332 ergo
523 2295 620 2323 eum
644 2285 902 2334 peccatores
925 2284 969 2324 in
992 2296 1060 2324 co-

232 2339 340 2378 rona
370 2338 575 2386 miseriae,
612 2338 657 2379 id
690 2344 774 2387 θεῖ,
811 2341 981 2391 spinea,
1018 2344 1063 2381 et

233 2397 599 2446 compungantur:
628 2393 804 2435 videant
831 2408 931 2436 eum
959 2395 1061 2437 fssiae

234 2448 349 2497 Sion,
368 2450 525 2491 animae
545 2450 809 2500 affectuosae‚
834 2451 877 2490 in
898 2454 1062 2493 corona

234 2504 564 2554 misericordiae,
593 2511 636 2547 et
659 2506 892 2547 imitentur.
929 2507 1061 2548 Vide-

232 2559 341 2601 bunt
365 2574 463 2602 eum
487 2562 607 2614 impii
627 2562 670 2602 in
691 2564 854 2603 corona
875 2563 1061 2613 justitiae,

232 2621 276 2656 et
304 2616 527 2668 peribunt:
555 2617 767 2658 videbunt
795 2631 894 2659 eum
923 2619 1062 2659 sancti

233 2672 275 2712 in
299 2674 463 2713 corona
486 2672 654 2723 gloriae,
683 2678 726 2714 et
747 2673 1062 2726 perpetualiter

231 2727 495 2776 gaudebunt.
521 2728 798 2769 Coronantur
820 2729 998 2781 quidem
1019 2735 1062 2771 et

1117 326 1189 367 alii
1218 326 1461 367 imitatores
1489 326 1643 378 ipsius-43
1676 325 1757 367 sed
1782 325 1868 367 hoc
1895 339 1949 367 ex

1117 381 1331 423 industria
1351 381 1488 434 adjuti
1504 394 1583 434 per
1597 382 1795 433 gratiam.
1819 381 1950 423 Solus

1116 438 1199 479 iste
1231 451 1255 478 a
1287 442 1428 478 matre
1461 439 1698 479 coronatus
1731 442 1813 487 est,
1846 438 1949 490 quia

1117 494 1239 534 solus
1265 506 1364 534 cum
1390 493 1603 534 ordinatis
1627 492 1948 543 affectionibus,

1117 554 1342 601 tamquam
1362 562 1552 602 sponsus
1571 562 1596 590 e
1615 549 1826 598 thalamo,
1849 562 1949 601 pro-

1118 606 1248 646 cessit
1269 619 1323 647 ex
1342 609 1469 646 utero
1489 605 1655 646 matris.

1175 668 1220 718 lx}-
1260 669 1460 710 Christus
1497 670 1640 711 sciens
1672 669 1874 711 dolorem
1906 674 1951 711 et

1117 726 1435 775 infirmitatem,
1469 726 1608 778 spinis
1640 728 1893 775 coronatus,
1928 725 1949 746 ¹*

1118 783 1220 834 Ipse
1240 788 1308 823 est
1329 783 1403 834 qui
1422 785 1606 824 coronat
1624 794 1706 823 vos
1725 782 1769 822 in
1786 782 1950 823 miseri—

1118 838 1268 880 cordia
1297 843 1342 880 et
1368 837 1735 879 miserationibus.
1772 830 1821 882 Y'-
1843 837 1948 879 Vul-

1117 897 1296 935 neratus
1345 899 1530 947 propter
1575 893 1830 946 iniquitates
1874 906 1950 935 no-

1118 955 1247 1000 stras,
1276 953 1451 992 attritus
1475 955 1660 1003 propter
1685 949 1852 991 scelera
1874 963 1949 992 no-

1118 1012 1225 1056 stra,
1270 1008 1391 1058 cujus
1432 1007 1573 1048 livore
1610 1005 1753 1047 sanati
1789 1019 1950 1047 sumus.

1117 1065 1230 1115 Ipse.
1266 1058 1419 1104 Gloria
1437 1063 1567 1104 Patri.
1603 1063 1717 1115 Ipse.

1169 1118 1300 1152 Lectio
1327 1118 1375 1151 ix.
1402 1117 1449 1151 de
1475 1118 1614 1152 Homil.
1640 1117 1774 1152 Feriae.

1171 1176 1236 1221 Te
1256 1180 1400 1221 Deum
1419 1178 1659 1220 laudamus.
1678 1179 1738 1219 14.

1381 1263 1461 1304 Ad.
1485 1263 1685 1305 Laudes

1325 1330 1343 1353 θ
1362 1324 1376 1353 ῖ
1414 1329 1439 1362 p
1458 1329 1477 1352 e
1495 1330 1513 1353 r
1553 1319 1588 1353 H
1606 1328 1628 1353 o
1646 1329 1665 1353 r
1681 1329 1702 1352 a
1721 1329 1748 1353 s.

1168 1376 1267 1415 Ant.
1293 1376 1321 1414 1.
1355 1375 1554 1419 Dilectus
1581 1390 1706 1419 meus
1735 1375 1948 1419 candidus

1115 1436 1138 1461 *
1154 1441 1199 1476 et
1218 1434 1501 1475 rubicundus:
1521 1446 1661 1475 comae
1681 1433 1840 1486 capitis
1858 1433 1948 1484 ejus

1115 1492 1228 1533 sicut
1264 1494 1461 1543 purpura
1497 1490 1613 1541 regis
1644 1489 1790 1531 vincta
1821 1491 1947 1530 cana-

1114 1547 1239 1589 libus.

1167 1606 1235 1646 PS·
1268 1607 1481 1652 Dominus
1502 1611 1712 1661 regnavit.
1733 1611 1793 1652 15.

1170 1673 1206 1713 2·
1238 1673 1468 1728 Requievit
1493 1688 1627 1728 super
1652 1688 1752 1717 eum
1776 1677 1801 1703 *
1824 1676 1948 1728 spiri-

1115 1738 1185 1774 tus
1202 1733 1373 1773 timoris
1387 1732 1580 1773 Domini:
1599 1733 1765 1773 corona
1779 1732 1948 1784 sapien-

1114 1789 1188 1830 tiae
1222 1793 1267 1829 et
1299 1787 1608 1830 exsultationis
1643 1787 1871 1830 decoravit
1902 1787 1948 1829 il-

1115 1845 1216 1886 lum.

1168 1903 1202 1942 3-
1233 1904 1378 1950 Induit
1405 1921 1506 1950 eum
1527 1908 1551 1933 *
1575 1907 1791 1949 Dominus
1818 1908 1947 1950 vesti-

1114 1965 1273 2006 mentis
1293 1965 1466 2014 salutiS,
1491 1969 1535 2006 et
1553 1963 1810 2006 indumento
1830 1965 1946 2016 justi-

1114 2022 1199 2071 tiae,
1220 2022 1346 2073 quasi
1365 2033 1578 2074 sponsum
1598 2020 1857 2062 decoratum
1876 2033 1947 2062 eo-

1115 2090 1234 2119 rona.

1167 2139 1204 2177 4.
1233 2138 1484 2183 Fasciculus
1507 2141 1698 2193 myrrhae
1717 2140 1741 2166 *
1760 2139 1947 2182 dilectus

1114 2211 1238 2239 meus
1262 2197 1383 2247 mihi,
1411 2198 1523 2239 inter
1549 2197 1687 2239 ubera
1709 2209 1809 2238 mea
1831 2209 1947 2238 com-

1114 2253 1369 2295 morabitur.

1166 2317 1205 2355 5.
1234 2316 1331 2359 Rex
1352 2320 1529 2359 aeternae
1549 2317 1702 2369 gloriae
1722 2320 1746 2345 *
1764 2331 1847 2371 pro
1871 2329 1946 2359 no-

1114 2374 1182 2416 bis
1215 2377 1473 2423 coronatus,
1504 2373 1738 2416 benedicet
1770 2377 1946 2416 coronae

1115 2431 1215 2471 anni
1236 2430 1518 2481 benignitatis
1538 2442 1640 2471 suae.

1219 2493 1479 2545 Capitulum.
1668 2493 1788 2534 Cant.
1804 2494 1840 2533 3.

1194 2563 1440 2614 gredimini,
1468 2568 1512 2605 et
1540 2563 1688 2605 videte
1716 2563 1819 2605 fssiae
1843 2564 1946 2606 Sion

1219 2632 1365 2671 regem
1401 2619 1683 2661 Salomonem
1719 2621 1761 2661 in
1799 2619 1945 2662 diade-

1113 2680 1247 2724 mate,
1282 2687 1370 2727 quo
1398 2675 1627 2717 coronavit
1655 2675 1778 2717 illum
1805 2681 1946 2716 mater

1113 2743 1203 2771 sua.
