2080 2990
543 211 670 245 Tertia
697 211 757 244 dic
785 210 878 243 inii-u
906 212 982 243 Oct.
1012 208 1157 241 Immac.
1184 208 1296 240 Cone.
1328 209 1361 240 Ρ»,
1390 208 1431 241 Μ.
1458 209 1494 241 K'.

179 307 290 348 ciam
317 307 529 359 capellam
553 307 597 347 in
622 306 901 359 patriarchali
923 319 997 347 no-

179 367 269 404 stra
281 362 511 404 Liberiana
530 362 707 404 basilica
723 362 792 404 die
804 362 996 413 Virginis

178 419 489 472 Conceptionis
508 432 631 460 sacro
651 419 882 471 quotannis
901 431 997 460 esse

176 475 480 527 peragendam.
509 476 656 528 Atque
676 477 934 527 exoptantes
953 475 996 515 in

176 530 368 573 fidelium
392 532 544 572 animis
565 531 759 584 quotidie
779 532 917 582 magis
935 531 995 572 fo—

175 589 277 629 vere
296 587 408 629 hanc
426 588 480 629 de
495 588 779 629 Immaculata
791 587 993 640 Deiparae

176 643 474 697 Conceptione
488 644 741 699 doctrinam,
757 647 994 695 eorumque

174 701 383 752 pietatem
407 701 597 742 excitare
618 700 675 741 ad
697 700 838 752 ipsam
856 700 995 751 Virgi-

175 769 274 797 nem
293 757 384 798 sine
403 756 500 798 labe
521 757 718 808 originali
738 758 996 808 conceptam

175 812 402 854 colendam
435 818 478 854 et
510 812 821 862 venerandam,
857 813 994 864 gavisi

175 874 275 910 sunt
294 882 423 921 quam
442 868 724 910 libentissime
743 868 995 910 facultatem

174 924 381 974 tribuere,
402 930 450 966 ut
466 925 515 966 in>
529 925 784 966 Lauretanis
803 925 993 974 Litaniis,

173 986 216 1022 et
232 981 276 1022 in
295 981 390 1034 ipsa
404 982 549 1023 Missae
564 982 826 1023 Praefatidne
840 983 994 1023 Imma-

173 1037 343 1079 culatus
375 1038 568 1089 ejusdem
601 1039 792 1089 Virginis
825 1038 993 1091 procla-

171 1095 363 1134 maretur
400 1094 669 1147 Conceptus,
713 1100 844 1147 atque
881 1094 992 1136 adeo

171 1149 243 1191 lex
266 1149 472 1192 credendi
491 1151 586 1203 ipsa
605 1151 880 1203 supplicandi
897 1151 993 1202 lege

174 1208 447 1248 statueretur.
497 1211 544 1261 Rg.
578 1207 766 1258 Signum.
793 1209 885 1248 382.

387 1288 435 1326 In
453 1288 523 1326 III.
543 1288 763 1327 Nocturno.

172 1349 324 1391 Lectio
350 1351 487 1392 sancti
505 1350 730 1401 Evangelii
754 1351 992 1392 secundum

495 1407 669 1448 Lucam.

272 1472 421 1513 Lectio
442 1474 510 1512 vii.
690 1473 790 1523 Cap.
808 1474 834 1511 1.
851 1487 883 1512 e.

170 1530 245 1636 In
273 1535 347 1578 illo
375 1539 591 1590 tempore:
624 1538 783 1579 Missus
811 1543 878 1580 est
905 1539 990 1579 An-

242 1592 364 1642 gelus
393 1594 569 1635 Gabriel
597 1607 622 1635 a
648 1595 745 1635 Deo
775 1595 818 1635 in
846 1595 990 1636 civita-

169 1652 258 1688 tem
274 1648 479 1700 Galilaeae,
500 1651 568 1691 cui
586 1663 744 1692 nomen
758 1650 990 1701 Nazareth,

170 1703 226 1745 ad
235 1705 461 1757 Virginem
476 1706 786 1759 desponsatam
801 1707 906 1757 viro,
922 1709 990 1749 cui

168 1772 327 1802 nomen
352 1768 444 1804 erat
466 1764 491 1804 J
494 1763 646 1816 oseph,
672 1763 727 1805 de
753 1762 884 1805 domo
905 1765 988 1806 Da-

169 1816 257 1866 vid,
285 1822 327 1859 et
353 1832 512 1861 nomen
534 1820 727 1870 Virginis
749 1819 896 1861 Maria.
934 1821 990 1862 Et

168 1873 344 1926 reliqua.

169 1943 359 1985 Homilia
387 1945 525 1986 sancti
550 1944 763 1986 Bernardi
791 1944 988 1986 Abbatis.

270 2002 327 2036 Ex
351 2002 520 2036 Homilia
543 2003 573 2036 2.
599 2013 714 2046 super
738 2003 888 2037 Missus.

173 2054 428 2116 ³'{55?,443'313t1e,
444 2058 569 2106 pater
585 2054 738 2103 Adam,
758 2053 836 2095 sed
850 2054 987 2104 magis

300 2114 359 2158 tu,
374 2122 400 2150 o
413 2110 539 2151 Heva
552 2115 701 2159 mater,
718 2110 898 2159 exsulta,
915 2110 985 2162 qui

172 2163 250 2189 *4²²
275 2166 277 2189 2
300 2165 412 2207 sicut
448 2167 639 2207 emnium
669 2168 892 2219 parentes,
926 2167 986 2208 ita

169 2221 360 2262 omnium
400 2222 539 2264 fuistis
579 2225 900 2276 peremptores3
944 2227 987 2264 et

170 2276 289 2328 quod
314 2278 526 2320 infelicius
555 2284 641 2329 est,
674 2280 794 2332 prius
822 2291 986 2332 perem-

167 2335 317 2384 ptores
342 2346 472 2387 quam
493 2337 706 2388 parentes.
744 2335 902 2385 Ambo,
926 2335 986 2375 in-

171 2401 316 2440 quam,
344 2391 629 2432 consolamini
656 2405 786 2445 super
811 2392 916 2441 filia,
944 2395 987 2432 et

167 2444 244 2485 tali
270 2445 376 2495 filia,
404 2447 482 2489 sed
509 2448 582 2488 illa
610 2448 794 2501 amplius
821 2447 875 2489 de
902 2460 987 2499 qua

168 2501 330 2543 malum
352 2508 495 2544 ortum
519 2509 584 2546 est
607 2505 743 2557 prius,
769 2505 887 2555 cujus
911 2516 985 2556 op-

169 2557 394 2610 pr6brium
432 2560 476 2600 in
518 2573 667 2602 omnes
708 2560 986 2614 pertransivit

168 2614 381 2655 mulieres.
424 2616 564 2658 Instat
590 2630 777 2670 namque
804 2622 985 2668 tempus,

169 2683 256 2721 quo
277 2671 360 2721 jam
383 2671 560 2713 tollatur
583 2674 883 2726 opprobrium,
906 2684 986 2713 nec

168 2725 327 2768 habeat
350 2727 416 2768 vir
436 2728 539 2779 quid
558 2732 758 2771 causetur
778 2729 986 2770 adversus

1049 305 1268 346 feminam:
1297 305 1370 357 qui
1398 306 1564 357 utique,
1593 308 1695 348 dum
1721 321 1767 349 se
1792 309 1866 349 im-

1047 361 1286 414 prudenter
1299 364 1506 403 excusare
1522 366 1759 414 conaretur,
1774 378 1866 406 cru-

1049 417 1202 459 deliter
1220 417 1337 458 illam
1360 420 1565 460 accusare
1588 432 1675 461 non
1695 424 1865 463 cuncta-

1048 479 1118 515 tus
1139 478 1214 523 est,
1238 473 1401 515 dicens:
1424 475 1578 517 Mulier
1600 489 1728 528 quam
1748 477 1865 519 dedi-

1048 531 1103 572 sti
1130 530 1253 580 mihi,
1287 530 1407 572 dedit
1434 531 1539 572 mihi
1567 532 1621 573 de
1653 532 1789 584 ligno,
1823 540 1866 576 et

1049 586 1228 628 comedi.
1263 588 1504 639 Propterea
1525 601 1648 630 curre
1667 590 1791 631 Heva
1810 591 1867 632 ad

1047 643 1246 691 Mariam3
1290 656 1415 684 curre
1450 649 1588 685 mater
1624 645 1679 687 ad
1716 646 1865 698 filiam3

1047 699 1136 740 filia
1167 712 1249 752 pro
1281 705 1419 741 matre
1454 701 1736 753 respondeat:
1771 704 1867 756 ipsa

1046 757 1197 797 matris
1232 756 1518 809 oppr6brium
1551 758 1736 809 auferat3
1772 760 1866 812 ipsa

1047 813 1162 864 patri
1193 825 1274 865 pro
1306 818 1443 854 matre
1476 814 1731 856 satisfaciat:
1767 817 1866 868 quia

1048 881 1149 910 ecce
1184 870 1219 910 si
1252 869 1318 910 vir
1354 869 1511 911 cecidit
1542 883 1621 923 per
1654 871 1866 923 feminam,

1046 925 1129 976 jam
1151 938 1237 966 non
1260 926 1436 977 erigitur
1454 927 1536 967 nisi
1555 940 1634 979 per
1653 928 1866 970 feminam.

1096 985 1144 1035 R.
1175 983 1342 1023 Hortus
1372 983 1612 1025 conclusus.
1640 986 1733 1026 384.

1326 1042 1475 1082 Lectio
1499 1044 1579 1082 viii.

1131 1095 1205 1136 uid
1233 1096 1426 1147 dicebas,
1456 1111 1480 1139 o
1505 1096 1672 1138 Adam?
1711 1098 1865 1140 Mulier

1149 1165 1278 1204 quam
1301 1152 1461 1195 dedisti
1479 1154 1598 1203 mihi,
1622 1154 1743 1196 dedit
1762 1155 1866 1196 mihi

1046 1208 1100 1250 de
1115 1209 1242 1260 ligno,
1262 1215 1306 1251 et
1321 1210 1501 1252 comedi.
1526 1210 1675 1252 Verba
1688 1211 1865 1253 malitiae

1045 1270 1144 1306 sunt
1187 1266 1281 1307 haec
1326 1266 1483 1318 quibus
1526 1267 1661 1318 magis
1704 1270 1864 1318 augeas

1046 1334 1175 1373 quam
1190 1322 1336 1363 deleas
1352 1322 1534 1375 culpam.
1553 1323 1865 1366 Verumtamen

1044 1378 1263 1430 Sapientia
1278 1379 1379 1420 vicit
1393 1379 1611 1428 malitiam,
1631 1393 1728 1420 cum
1743 1392 1864 1421 occa-

1044 1434 1211 1475 sionem
1230 1435 1383 1484 veniae,
1408 1448 1538 1487 quam
1558 1448 1582 1476 a
1602 1441 1646 1477 te
1664 1436 1784 1477 Deus
1803 1437 1863 1477 in-

1043 1491 1309 1542 terrogando
1346 1491 1502 1533 elicere
1540 1492 1746 1541 tentavit,
1787 1493 1864 1534 sed

1043 1559 1129 1588 non
1149 1548 1307 1599 putuit,
1330 1548 1374 1588 in
1393 1547 1598 1589 thesauro
1618 1548 1863 1590 indeficien-

1042 1602 1098 1643 tis
1123 1616 1214 1644 suae
1239 1604 1415 1659 pietatis
1438 1605 1613 1646 invenit.
1649 1605 1864 1647 Redditur

1042 1672 1199 1712 nempe
1214 1660 1373 1701 femina
1387 1673 1468 1713 pro
1485 1660 1652 1710 femina,
1671 1661 1863 1713 prudens

1043 1728 1125 1767 pro
1162 1716 1300 1765 fatua,
1337 1716 1510 1757 humilis
1547 1730 1628 1769 pro
1665 1718 1863 1769 superba,

1044 1785 1141 1823 quae
1164 1785 1246 1825 pro
1270 1773 1388 1824 ligno
1412 1774 1563 1814 mortis
1588 1779 1763 1824 gustum
1784 1774 1862 1815 tibi

1041 1829 1237 1880 porrigat
1250 1829 1363 1878 vitae,
1379 1834 1422 1870 et
1433 1842 1514 1881 pro
1533 1832 1749 1871 venenoso
1764 1830 1861 1871 cibo

1040 1883 1115 1925 illo
1143 1885 1457 1934 amaritudinis,
1486 1885 1759 1927 dulcedinem
1787 1889 1860 1939 pa-

1040 1940 1123 1981 riat
1142 1941 1307 1982 fructus
1327 1941 1487 1982 aeterni.
1522 1942 1643 1983 Muta
1662 1955 1766 1993 ergo
1786 1944 1860 1983 ini-

1042 2009 1140 2048 quae
1156 1997 1445 2038 excusationis
1458 1998 1639 2039 verbum
1653 1999 1696 2039 in
1708 2012 1861 2041 vocem

1040 2053 1276 2103 gratiarum
1291 2053 1484 2103 actiunis,
1503 2059 1546 2095 et
1561 2054 1644 2096 dic:
1662 2055 1860 2105 Demine,

1039 2108 1212 2159 mulier,
1246 2122 1375 2161 quarn
1403 2109 1561 2151 dedisti
1587 2110 1711 2161 mihi,
1740 2111 1860 2153 dedit

1039 2165 1144 2205 mihi
1169 2164 1223 2206 de
1247 2165 1364 2216 ligno
1387 2166 1505 2216 vitae,
1534 2171 1577 2208 et
1602 2167 1788 2217 comedi3
1818 2174 1860 2209 et

1041 2220 1166 2262 dulce
1203 2222 1364 2263 factum
1403 2227 1469 2263 est
1508 2236 1639 2275 super
1674 2224 1759 2265 mel
1795 2225 1859 2265 ori

1038 2290 1157 2327 meo,
1192 2278 1292 2330 quia
1322 2279 1366 2319 in
1396 2279 1492 2331 ipso
1525 2279 1753 2321 vivificasti
1779 2293 1859 2321 me.

1038 2334 1153 2375 Ecce
1179 2335 1292 2376 enim
1316 2335 1372 2376 ad
1396 2335 1480 2376 hoc
1503 2336 1661 2376 missus
1686 2341 1752 2377 est
1773 2337 1858 2376 An-

1038 2391 1159 2441 gelus
1177 2390 1232 2432 ad
1245 2391 1480 2442 Virginem.
1510 2393 1546 2434 O
1562 2392 1859 2434 admirandam

1039 2452 1082 2488 et
1109 2448 1225 2489 omni
1249 2447 1417 2489 honere
1444 2447 1738 2499 dignissimam
1762 2449 1857 2490 Vir-

1038 2503 1196 2554 ginem;
1224 2516 1250 2545 o
1271 2503 1474 2544 feminam
1496 2504 1769 2555 singulariter
1787 2517 1856 2546 ve-

1038 2559 1293 2610 nerandam,
1328 2573 1460 2612 super
1494 2573 1645 2601 omnes
1677 2561 1856 2601 feminas

1039 2615 1351 2666 admirabilem,
1376 2619 1606 2668 parentum
1628 2618 1854 2668 reparatri-

1038 2684 1143 2721 cem,
1161 2674 1439 2724 posterorum
1458 2672 1790 2713 vivificatricem.

1092 2729 1140 2778 R·.
1164 2728 1413 2778 Magnificat
1441 2729 1592 2769 anima.
1619 2729 1712 2769 385.
