2080 2990
619 262 720 295 Sacr.
746 263 900 305 Spineae
925 263 1090 297 Coronae
1116 264 1156 297 D.
1184 264 1227 298 N.
1252 264 1283 297 J.
1311 266 1349 296 (ἶ.

183 363 249 402 Ps.
270 363 299 401 1.
328 359 495 401 Beatus
514 357 590 398 vir.
609 357 692 409 [22]

184 418 283 458 Ant.
318 413 629 456 Convenerunt
657 413 701 452 in
728 426 863 453 unum
891 411 963 452 ad-

134 470 286 509 versus
301 468 550 516 Dominum,
567 471 611 508 et
626 467 836 509 adversus
852 467 964 507 Chri·

134 528 250 565 stum
269 525 370 575 ejus.

183 586 252 625 Ps.
272 586 308 624 2.
338 585 484 634 Quare
503 579 781 620 fremuerunt.
800 578 881 630 [22]

179 643 284 732 izlxnnt.
338 640 391 680 In
440 635 724 677 tribulati6ne
771 634 963 676 dilatasti

133 704 178 732 m
241 723 250 731 .

184 754 252 794 Ps.
272 756 308 794 4.
338 752 449 792 Cum
467 747 729 788 invocarem.
749 746 831 798 [24]

182 806 233 857 V.
280 804 432 845 Gloria
465 808 508 845 et
539 803 707 844 honore
740 802 963 843 coronasti

134 872 233 900 eum
265 860 465 901 Demine.
517 865 567 915 R,
608 859 666 899 Et
698 858 963 899 constituisti

134 928 232 956 eum
252 928 383 968 super
403 918 540 967 Opera
555 916 763 954 manuum
778 915 962 954 tuarum.

317 999 386 1038 De
404 993 520 1033 Isaia
538 991 773 1043 Propheta.

234 1062 388 1103 Lectio
408 1063 431 1102 i.
669 1061 771 1112 Cap.
791 1063 855 1101 53.

138 1120 249 1180 η”ἶῃῗῑ
259 1118 326 1158 uis
363 1115 551 1159 credidit
587 1115 754 1157 auditui
784 1113 961 1156 nostro?

137 1214 146 1229 „
161 1162 255 1234 (τῷ)
276 1178 320 1215 et
345 1172 574 1214 brachium
597 1172 774 1212 Demini
802 1170 872 1212 cui
896 1183 960 1210 re-

136 1228 215 1250 &ss
276 1229 469 1270 velatum
513 1226 601 1269 est?
652 1228 709 1269 Et
754 1226 962 1268 ascendet

132 1285 244 1326 sicut
263 1284 503 1335 virgultum
522 1297 673 1325 coram
693 1296 760 1332 eo,
787 1287 831 1324 et
850 1283 962 1322 sieut

132 1340 258 1382 radix
279 1341 334 1382 de
352 1346 471 1382 terra
485 1340 662 1390 sitienti3
681 1352 770 1380 non
786 1343 853 1380 est
868 1342 961 1390 spe-

133 1397 222 1438 cies
258 1396 312 1447 ei,
344 1409 487 1448 neque
519 1395 668 1437 decor:
702 1400 746 1436 et
773 1394 961 1436 vidimus

133 1465 243 1503 eum,
263 1458 307 1494 et
324 1465 413 1493 non
433 1456 527 1493 erat
546 1453 763 1504 aspectus,
788 1455 832 1491 et
851 1450 961 1491 desi-

133 1507 383 1550 deravimus
403 1521 517 1549 eum:
536 1507 806 1560 despectum,
826 1511 869 1547 et
887 1519 961 1547 no-

132 1564 357 1605 vissimum
372 1564 576 1613 virorum,
591 1563 731 1604 virum
749 1562 961 1611 dolorum,

133 1624 176 1661 et
195 1620 406 1661 scientem
428 1619 739 1660 infirmitatem:
768 1622 812 1659 et
836 1617 961 1668 quasi

133 1675 417 1717 abscenditus
444 1674 591 1716 vultus
621 1675 711 1726 ejus
739 1679 782 1714 et
808 1673 962 1725 despe-

133 1736 246 1781 ctus,
276 1730 392 1773 unde
420 1743 502 1772 nec
526 1730 825 1783 reputavimus
853 1741 962 1770 eum.

131 1787 249 1829 Vere
274 1786 508 1838 langueres
533 1792 710 1827 nostros
734 1785 830 1837 ipse
853 1784 962 1833 tulit,

133 1847 178 1884 et
209 1842 387 1885 dolores
418 1848 594 1884 nostros
625 1842 720 1894 ipse
752 1840 962 1893 portavit:

133 1903 178 1940 et
195 1911 278 1940 nos
295 1898 546 1951 putavimus
566 1911 666 1939 eum
682 1897 806 1948 quasi
821 1896 962 1948 lepro-

134 1967 241 2004 sum,
261 1959 305 1996 et
323 1957 582 2006 percussum
601 1966 626 1994 a
644 1953 742 1993 Deo
764 1958 807 1993 et
825 1951 961 1992 humi-

132 2009 297 2051 liatum.
329 2010 433 2062 Ipse
456 2014 603 2051 autem
622 2008 874 2049 vulneratus
897 2012 963 2048 est

133 2070 318 2118 propter
345 2065 598 2118 iniquitates
626 2069 816 2112 nostras,
844 2065 961 2104 attri-

133 2126 204 2162 tus
229 2126 296 2162 est
319 2125 503 2174 propter
521 2119 689 2162 scelera
707 2124 874 2160 nostra:
902 2117 962 2159 di-

134 2176 317 2229 seiph‘na
345 2177 468 2230 pacis
495 2180 660 2217 nostrae
688 2187 820 2226 super
848 2187 963 2223 eum,

135 2237 178 2274 et
195 2232 335 2275 livore
353 2233 446 2284 ejus
464 2231 607 2273 sanati
625 2243 786 2272 sumus.

186 2297 236 2347 R.
261 2293 499 2334 Maledicta
523 2297 642 2333 terra
664 2291 708 2331 in
734 2293 868 2342 opere
887 2289 961 2329 ho-

134 2348 280 2398 minis,
301 2354 323 2377 *
341 2349 497 2400 Spinas
524 2353 568 2390 et
594 2346 782 2388 tribulos
807 2345 961 2395 germi-

122 2404 255 2457 ,navit
291 2403 477 2445 Christo.
532 2403 581 2453 V.
625 2403 737 2451 Quia
773 2399 963 2442 comedit

135 2458 279 2500 Adam
303 2459 358 2500 de
377 2459 513 2509 ligno,
541 2472 596 2500 ex
626 2470 713 2509 quo
743 2457 963 2508 praecepe-

134 2519 202 2555 rat
220 2515 342 2556 Deus
361 2527 416 2556 ne
436 2514 698 2555 comederet.
726 2512 893 2564 Spinas.

442 2588 591 2628 Lectio
612 2588 650 2626 ii.

221 2655 345 2684 mnes
380 2655 462 2683 nos
501 2642 626 2693 quasi
662 2653 768 2681 oves
805 2638 962 2679 erravi-

243 2711 356 2748 mus,
379 2699 678 2749 unusquisque
697 2696 742 2735 in
761 2694 876 2734 viam
896 2706 962 2733 su-

136 2766 207 2794 am
233 2752 480 2794 declinavit:
509 2757 552 2793 et
577 2751 724 2803 pusuit
749 2749 963 2790 Dominus
984 2739 988 2800 Ι

1751 258 1842 303 [317]

1015 357 1059 396 in
1075 369 1127 397 eo
1143 357 1416 408 iniquitatem
1432 357 1622 397 emnium
1634 362 1842 399 nostrum.

1017 412 1203 453 Oblatus
1219 418 1286 453 est
1301 413 1401 463 quia
1416 413 1510 465 ipse
1526 413 1675 463 voluit,
1696 419 1740 454 et
1753 426 1841 454 non

1016 468 1189 520 aperuit
1210 481 1259 508 os
1280 481 1418 509 suum:
1445 469 1557 509 sicut
1581 469 1675 509 ovis
1695 469 1751 510 ad
1771 481 1841 510 oc-

1016 524 1227 564 cisienem
1255 524 1451 574 ducetur,
1481 529 1524 565 et
1554 525 1678 576 quasi
1705 538 1841 575 agnus

1017 592 1164 620 coram
1182 579 1393 620 tondente
1411 592 1458 620 se
1479 580 1770 628 obmutescet,
1799 585 1842 621 et

1017 647 1104 675 non
1129 635 1297 687 aperiet
1317 647 1366 676 os
1386 648 1521 675 suum.
1554 636 1622 676 De
1641 637 1842 685 angustia

1016 696 1059 731 et
1079 691 1134 732 de
1153 690 1314 742 judicio
1341 690 1538 732 sublatus
1558 697 1638 732 est:
1664 704 1841 741 genera-

1016 747 1181 787 tionem
1214 748 1304 798 ejus
1333 747 1431 798 quis
1459 746 1697 787 enarrabit?
1741 747 1841 798 quia

1016 802 1236 843 abscissus
1265 807 1332 843 est
1364 802 1420 843 de
1446 807 1563 843 terra
1591 802 1842 843 viventium:

1014 863 1197 910 propter
1217 859 1358 900 scelus
1376 858 1530 910 pepuli
1543 858 1630 898 mei
1644 858 1842 909 percussi

1016 927 1124 955 eum.

1068 982 1117 1031 R
1150 974 1368 1026 Apparuit
1391 973 1534 1024 Moysi
1557 972 1772 1012 Dominus
1798 972 1841 1012 in

1015 1031 1189 1071 flamma
1217 1030 1326 1080 ignis
1356 1029 1411 1070 de
1439 1028 1585 1069 medio
1613 1028 1724 1068 rubi:
1742 1037 1763 1059 *
1786 1029 1842 1068 Et

1014 1085 1192 1126 videbat
1209 1085 1329 1138 quod
1344 1084 1479 1126 rubus
1495 1084 1679 1131 arderet,
1695 1089 1739 1124 et
1754 1096 1842 1123 non

1016 1141 1356 1182 combureretur.
1383 1142 1433 1193 V,
1456 1140 1577 1180 Dixit
1596 1152 1700 1189 ergo
1721 1139 1840 1190 Moy-

1015 1210 1100 1239 ses:
1137 1197 1328 1246 Vadam,
1362 1201 1405 1238 et
1437 1194 1597 1236 videbo
1631 1195 1842 1235 visionem

1015 1253 1126 1294 hanc
1145 1266 1357 1303 magnam.
1384 1253 1450 1293 Et.

1317 1334 1467 1374 Lectio
1490 1334 1541 1373 iii.

1096 1405 1114 1441 t
1146 1398 1267 1440 dabit
1299 1399 1458 1450 impios
1491 1410 1571 1449 pro
1605 1396 1840 1448 sepultura,

1122 1460 1166 1496 et
1192 1455 1371 1495 divitem
1395 1465 1476 1505 pro
1501 1458 1641 1493 morte
1668 1464 1759 1491 sua:
1787 1463 1839 1491 eo

1016 1511 1136 1562 quod
1159 1511 1433 1562 iniquitatem
1458 1521 1545 1549 non
1571 1507 1737 1555 fecerit,
1770 1519 1840 1547 ne-

1016 1580 1100 1619 que
1134 1567 1261 1607 dolus
1294 1565 1424 1606 fuerit
1456 1565 1501 1604 in
1534 1576 1610 1604 ore
1644 1564 1744 1613 ejus.
1785 1562 1842 1603 Et

1014 1623 1227 1663 Duminus
1256 1621 1395 1662 voluit
1420 1622 1645 1661 conterere
1673 1631 1771 1659 eum
1797 1619 1841 1658 in

1013 1678 1283 1719 infirmitate:
1310 1677 1343 1717 si
1369 1676 1567 1729 posuerit
1586 1687 1668 1726 pro
1689 1676 1841 1725 pecca-

1015 1740 1061 1775 to
1095 1735 1283 1775 animam
1315 1746 1455 1781 suam,
1494 1729 1661 1772 videbit
1694 1742 1842 1770 semen

1014 1790 1279 1840 longaevum,
1310 1794 1352 1829 et
1376 1787 1579 1829 voluntas
1599 1785 1773 1825 Domini
1798 1785 1841 1823 in

1015 1859 1147 1886 manu
1166 1846 1256 1896 ejus
1276 1844 1497 1893 dirigetur.
1533 1842 1617 1881 Pro
1642 1853 1695 1880 eo
1721 1838 1840 1890 quod

1014 1901 1231 1942 laboravit
1264 1900 1407 1940 anima
1441 1898 1549 1948 ejus,
1582 1895 1764 1943 videbit,
1797 1900 1840 1935 et

1016 1956 1295 1998 saturabitur:
1323 1955 1367 1994 in
1391 1953 1572 1994 scientia
1597 1964 1675 1991 sua
1693 1950 1839 2002 justifi-

1015 2012 1133 2053 cabit
1151 2013 1245 2063 ipse
1266 2013 1403 2062 justus
1423 2020 1575 2049 servus
1593 2019 1715 2047 meus
1734 2006 1839 2046 mul-

1014 2073 1100 2117 tos,
1125 2073 1167 2108 et
1185 2067 1438 2118 iniquitates
1459 2066 1609 2104 eorum
1628 2062 1722 2113 ipse
1741 2074 1839 2113 por-

1014 2123 1137 2165 tabit.

1068 2193 1119 2242 R·.
1135 2188 1251 2228 Ecce
1270 2186 1381 2236 ignis
1400 2189 1443 2225 et
1458 2184 1587 2234 ligna:
1605 2183 1725 2223 Deus
1740 2194 1839 2233 pro-

1015 2243 1182 2285 videbit
1201 2242 1284 2283 sibi
1299 2245 1320 2267 *
1334 2240 1571 2282 Victimam
1584 2237 1840 2279 holocausti.

1016 2298 1066 2348 V.
1088 2298 1274 2340 Levavit
1298 2296 1521 2338 Abraham
1547 2294 1699 2335 Oculos
1725 2305 1839 2341 suos,

1015 2356 1213 2405 viditque
1227 2357 1332 2405 post
1346 2357 1518 2402 tergum
1534 2351 1712 2391 arietem
1727 2348 1840 2388 inter

1015 2423 1174 2464 vepres
1192 2410 1444 2450 haerentem.
1468 2405 1713 2448 Victimam.
1739 2402 1839 2443 Glo-

1017 2467 1081 2507 ria
1099 2466 1229 2506 Patri.
1257 2464 1504 2505 Victimam.

1247 2557 1295 2595 In
1318 2557 1367 2594 ΙΙ.
1392 2557 1613 2594 Nocturno.

1067 2630 1165 2669 Ant.
1191 2625 1386 2670 Demine‚
1404 2627 1453 2663 ut
1472 2626 1598 2662 scuto
1617 2621 1747 2661 bonae
1766 2632 1838 2660 vo-

1015 2683 1198 2724 luntatis
1216 2686 1305 2722 tuae
1324 2677 1546 2719 coronasti
1567 2689 1675 2717 eum.

1068 2747 1134 2785 Ps.
1156 2747 1191 2784 5.
1220 2741 1366 2786 Verba
1384 2752 1492 2781 mea.
1510 2740 1592 2792 [25]
