2040 2990
175 184 220 219 64
722 187 829 220 Fcria
856 190 990 228 quarta
1017 184 1064 217 ud
1090 184 1324 218 Matutinum.

224 279 436 329 Quossiam
463 278 669 330 nequitiae
704 278 746 318 in
774 277 993 319 habitacu-

173 336 224 376 lis
252 337 415 376 e6rum:
442 335 466 359 *
495 334 537 375 in
565 333 711 375 medio
742 336 903 375 e6rum.

215 392 308 442 Ego
338 396 483 432 autem
511 390 567 432 ad
591 390 734 432 Deum
758 390 993 432 clamaviz*

171 454 213 489 et
240 447 453 488 Dominus
480 446 666 488 salvabit
692 459 773 488 me.

221 504 430 556 Vespere,
442 509 485 545 et
498 516 635 553 mane,
651 509 693 545 et
703 502 883 544 meridie
898 515 991 543 nar-

169 560 276 602 rabo
305 565 349 602 et
376 559 658 602 annuntiabo:
677 560 700 585 *
719 564 762 601 et
790 558 992 601 exaudiet

169 629 323 658 vocem
351 629 503 658 meam.

218 672 420 715 Redimet
443 673 485 714 in
509 686 617 726 pace
641 673 827 713 animam
850 685 990 713 meam

169 729 224 771 ab
252 729 328 778 his,
359 730 431 782 qui
459 733 812 783 appropinquant
839 730 990 771 mihiz*

169 787 372 839 quoniam
382 787 494 828 inter
508 786 667 829 multos
679 792 800 829 erant
810 799 990 828 meeum.

218 842 433 884 Exaudiet
440 843 569 893 Deus,
578 849 620 885 et
630 843 871 885 humiliabit
881 842 990 891 illos,

167 901 191 926 *
209 899 281 951 qui
304 904 369 940 est
388 904 486 941 ante
512 899 682 941 saecula.

218 956 318 997 Non
347 956 459 997 enim
488 962 554 998 est
581 956 664 997 illis
696 956 990 1006 commutatio,

169 1017 212 1054 et
239 1025 326 1053 non
353 1012 588 1054 timuerunt
615 1013 770 1054 Deum:
799 1014 822 1038 *
845 1015 989 1054 exten—

167 1068 230 1110 dit
257 1082 430 1110 manum
454 1081 575 1110 suam
604 1070 646 1110 in
673 1069 963 1111 retribuendo.

219 1125 629 1168 Contaminaverunt
683 1128 989 1168 testamentum

168 1182 267 1233 ejus,
288 1181 413 1223 divisi
433 1187 533 1224 sunt
553 1182 607 1224 ab
632 1183 695 1224 ira
715 1182 858 1224 vultus
882 1183 989 1234 ejus:

167 1239 190 1263 *
218 1244 261 1280 et
288 1239 657 1291 appropinquavit
684 1252 760 1281 cor
788 1239 912 1281 illius.

218 1294 374 1336 Molliti
393 1300 493 1337 sunt
510 1298 734 1337 sermones
749 1296 838 1347 ejus
858 1309 989 1349 super

169 1350 327 1392 oleum:
355 1351 377 1376 *
401 1356 443 1393 et
470 1352 552 1404 ipsi
577 1358 676 1393 sunt
703 1352 852 1403 jacula.

216 1407 240 1447 J
243 1412 339 1449 acta
358 1420 488 1460 super
507 1408 741 1449 Dominum
761 1421 909 1450 curam
925 1415 988 1451 tu-

166 1476 246 1512 am,
275 1468 317 1505 et
344 1464 437 1516 ipse
465 1469 508 1506 te
539 1465 739 1507 emitriet:
758 1466 781 1490 *
801 1478 887 1507 non
916 1465 987 1507 da-

166 1519 230 1561 bit
239 1520 283 1560 in
299 1522 508 1562 aetemum
524 1521 848 1563 fluctuationem
861 1522 987 1575 justo.

217 1576 285 1617 Tu
312 1589 417 1618 vero
444 1577 564 1618 Deus
593 1577 784 1619 deduces
813 1579 987 1628 eos‚*in

167 1635 347 1685 puteum
373 1633 581 1675 interitus.

218 1689 312 1730 Viri
346 1690 616 1740 sanguinum,
651 1697 694 1733 et
727 1691 869 1733 dolosi
901 1705 987 1734 non

167 1745 452 1788 dimidiabunt
470 1746 562 1788 dies
577 1760 696 1789 suos:
711 1748 734 1773 *
750 1761 832 1799 ego
843 1754 987 1791 autem

166 1802 354 1854 sperabo
382 1803 424 1844 in
451 1809 495 1845 te
524 1803 720 1846 Domine.

221 1864 315 1902 Ant.
365 1860 527 1902 Avertit
565 1860 777 1903 D6minus
810 1862 986 1915 captivi-

166 1916 302 1956 tatem
328 1915 468 1968 plebis
496 1929 597 1958 suae.

220 1974 316 2013 Ant.
346 1973 568 2023 Qudniam.

436 2031 627 2072 I'salmus
655 2034 719 2071 .·›.·›.

168 2080 432 2186 Miserere
443 2085 527 2126 mei
535 2085 664 2135 DeuS,
675 2087 877 2138 quoniam
887 2101 984 2129 con-

294 2140 480 2182 culcavit
499 2154 569 2183 me
596 2141 887 2186 homo:*tota
916 2144 985 2187 die

166 2196 423 2248 impugnans
451 2197 674 2239 tribulavit
700 2212 781 2241 me.

218 2252 590 2296 Conculcaverunt
615 2268 685 2296 me
716 2255 874 2298 inimici
901 2259 983 2299 mei

165 2313 258 2349 tota
286 2308 372 2350 die:
395 2310 418 2334 *
446 2310 648 2361 quomam
675 2311 798 2354 multi
825 2312 984 2355 bellan—

165 2369 232 2406 tes
259 2364 488 2407 adversum
515 2379 596 2408 me.
957 2367 960 2370 ’

217 2420 287 2462 Ab
315 2421 541 2463 altitudine
569 2422 652 2464 diei
680 2424 984 2477 timeboz*ego

166 2489 271 2518 vero
299 2477 342 2518 in
369 2482 412 2519 te
441 2479 641 2530 sperabo.

215 2534 266 2574 In
285 2533 381 2575 Deo
403 2533 591 2576 laudabo
611 2539 834 2579 sermones
852 2551 984 2585 meos,

163 2589 205 2630 in
226 2589 322 2631 Deo
342 2591 530 2642 speravi:
549 2592 571 2617 *
590 2605 675 2633 non
695 2593 858 2635 timebo
882 2596 983 2647 quid

166 2646 295 2687 faciat
322 2646 423 2687 mihi
453 2660 565 2689 caro.

214 2702 328 2744 Tota
349 2702 418 2744 die
439 2703 569 2746 verba
590 2717 685 2746 mea
702 2707 983 2749 exsecraban—

1045 282 1131 318 tur:
1159 276 1182 300 *
1210 274 1443 316 adversum
1474 286 1545 315 me
1573 287 1725 316 omnes
1760 276 1874 326 cogi-

1045 333 1232 375 tationes
1262 333 1414 372 eorum
1441 331 1485 372 in
1512 330 1685 372 malum.

1096 387 1407 429 Inhabitabunt
1444 393 1488 429 et
1524 387 1814 431 abscondent:
1850 390 1874 415 *

1045 445 1128 498 ipsi
1146 444 1398 486 calcaneum
1408 457 1554 485 meum
1566 444 1873 488 observabunt.

1095 502 1214 543 Sicut
1246 501 1543 542 sustinuerunt
1573 501 1760 543 animam
1786 515 1872 544 me-

1044 573 1123 608 am,
1144 571 1225 611 pro
1245 557 1379 598 nihilo
1399 557 1545 598 salvos
1565 557 1699 600 facies
1718 558 1831 600 illos:
1849 562 1873 587 *

1043 616 1086 656 in
1112 616 1176 656 ira
1203 613 1392 667 populos
1421 614 1680 666 confringes.

1095 672 1232 721 Deus,
1270 671 1403 712 vitam
1441 683 1584 712 meam
1621 672 1872 714 annuntiavi

1042 729 1137 771 tibi:
1169 729 1192 753 *
1220 727 1406 780 posuisti
1438 727 1640 769 lacrimas
1673 741 1794 770 meas
1828 730 1871 770 in

1044 787 1282 838 conspectu
1310 790 1398 834 tuo,

1094 843 1214 883 Sicut
1251 846 1295 882 et
1327 841 1371 881 in
1404 840 1696 894 promissione
1729 847 1820 884 tua:
1847 844 1871 869 *

1042 905 1145 941 tune
1174 899 1484 940 convertentur
1504 897 1667 940 inimici
1693 900 1780 941 mei
1806 912 1870 942 re-

1042 957 1247 997 trorsum:

1094 1013 1144 1053 In
1188 1014 1462 1064 quacumque
1499 1011 1570 1053 die
1605 1012 1871 1055 invocavero

1041 1075 1100 1111 te:
1127 1070 1150 1094 *
1171 1081 1273 1110 ecee
1302 1068 1489 1119 cognovi
1519 1069 1724 1121 quoniam
1750 1069 1871 1112 Deus

1042 1139 1164 1167 meus
1193 1138 1250 1167 es.

1094 1184 1143 1223 In
1162 1182 1260 1223 Deo
1284 1181 1476 1223 laudabo
1502 1182 1696 1231 verbum,
1715 1183 1759 1224 in
1783 1183 1870 1224 Do-

1042 1240 1159 1281 mino
1178 1238 1369 1280 laudabo
1390 1241 1654 1281 sermonem:
1673 1240 1697 1265 *
1716 1240 1759 1281 in
1773 1240 1871 1282 Deo

1041 1296 1231 1349 speravi,
1271 1309 1358 1337 non
1396 1296 1562 1338 timebo
1601 1296 1706 1349 quid
1740 1297 1872 1339 faciat

1041 1353 1145 1394 mihi
1172 1352 1317 1394 homo.

1093 1410 1143 1450 In
1179 1423 1250 1451 me
1287 1415 1387 1452 sunt
1422 1409 1544 1451 Deus
1581 1414 1685 1452 vota
1719 1415 1811 1460 tua,
1846 1410 1871 1437 *

1043 1479 1140 1519 quae
1168 1465 1361 1516 reddam,
1389 1465 1664 1508 laudationes
1690 1466 1781 1509 tibi.

1094 1523 1308 1573 Quoniam
1337 1523 1536 1575 eripuisti
1569 1523 1757 1565 animam
1783 1536 1870 1566 me-

1041 1593 1110 1621 am
1139 1579 1194 1621 de
1222 1584 1381 1630 morte,
1417 1584 1461 1621 et
1487 1578 1625 1632 pedes
1658 1592 1782 1622 meos
1815 1580 1871 1622 de

1041 1636 1179 1689 lapsu:
1198 1637 1222 1662 *
1240 1642 1289 1678 ut
1307 1636 1508 1689 placeam
1529 1649 1679 1678 coram
1703 1637 1801 1680 De'o
1826 1638 1870 1679 in

1041 1693 1201 1735 lumine
1230 1693 1478 1735 viventium.

1310 1751 1507 1793 Psalmus
1535 1754 1601 1794 56.

1042 1804 1310 1910 Miserere
1317 1807 1404 1848 mei
1414 1807 1546 1857 Deus,
1555 1807 1870 1850 misereremei:

1168 1864 1192 1890 *
1217 1864 1422 1916 quoniam
1441 1864 1485 1905 in
1507 1869 1552 1906 te
1577 1863 1759 1907 confidit
1782 1865 1869 1906 ani-

1039 1934 1109 1962 ma
1137 1934 1246 1962 mea.

1091 1978 1147 2020 Et
1162 1978 1205 2018 in
1222 1977 1379 2019 umbra
1394 1977 1563 2020 alarum
1581 1979 1756 2020 tuarum
1772 1989 1867 2030 spe-

1039 2034 1158 2084 rabo,
1186 2035 1210 2059 *
1238 2033 1380 2076 donee
1407 2036 1603 2077 transeat
1628 2034 1845 2087 iniquitas

1091 2090 1301 2132 Clamabo
1321 2091 1378 2132 ad
1390 2091 1534 2133 Deum
1553 2091 1826 2134 altissimum:
1845 2091 1868 2118 *

1038 2147 1180 2189 Deum
1210 2147 1284 2200 qui
1310 2147 1528 2190 benefecit
1554 2148 1670 2190 mihi.

1090 2203 1207 2245 Misit
1226 2203 1282 2245 de
1303 2203 1428 2254 coelo,
1453 2210 1497 2247 et
1515 2204 1719 2247 liberavit
1740 2216 1826 2246 me:
1843 2206 1868 2231 *

1039 2259 1160 2302 dedit
1198 2260 1241 2300 in
1283 2261 1570 2313 opprobrium
1610 2261 1865 2303 conculcan-

1038 2321 1105 2358 tes
1131 2329 1213 2358 me.

1089 2372 1207 2414 Misit
1226 2372 1346 2414 Deus
1366 2373 1710 2416 misericordiam
1731 2387 1865 2423 suam,

1038 2434 1082 2470 et
1100 2429 1329 2470 veritatem
1343 2442 1476 2479 suam,
1497 2431 1520 2456 *
1540 2436 1584 2473 et
1603 2431 1762 2484 eripuit
1777 2430 1864 2471 ani·

1037 2498 1152 2526 mam
1179 2497 1321 2526 meam
1356 2485 1411 2527 de
1443 2486 1588 2529 medio
1620 2486 1863 2530 catulorum

1038 2541 1224 2583 leonum:
1253 2540 1438 2583 dormivi
1467 2543 1764 2586 conturbatus

1095 2597 1191 2638 Filii
1238 2597 1460 2639 hdminum
1510 2599 1664 2642 dentes
1712 2602 1862 2642 eorum

1037 2667 1156 2695 arma
1175 2658 1219 2695 et
1238 2656 1425 2703 sagittae:
1440 2656 1463 2681 *
1481 2661 1525 2697 et
1543 2656 1689 2707 lingua
1710 2659 1862 2699 eorum

1036 2709 1206 2759 gladius
1235 2713 1398 2751 acutus.
