2080 2990
518 206 653 238 wic-¹.»
673 207 757 238 Ιιῐι
784 208 817 238 θ’.
841 207 1335 248 111111t1sltiillpisc
1355 208 1642 241 ‹1f‹›11.ct1›‹›ct

228 304 524 357 philosophiae
547 318 599 346 ac
621 305 858 355 theologiae
881 306 1059 346 Parisiis

230 362 411 412 operam
435 359 571 401 dedit:
598 365 641 402 et
664 373 719 401 ne
747 360 852 411 quid
879 361 961 402 sibi
986 360 1057 402 de-

229 416 345 455 esset
390 414 447 456 ad
493 415 623 455 animi
673 416 904 466 culturam,
954 417 1058 468 juris

226 470 456 521 utrii'1sque
507 470 701 512 lauream
747 485 914 512 summa
960 484 1059 512 cum

226 524 356 566 laude
389 526 558 566 Patavii
595 526 792 568 obtinuit.
845 527 896 566 In
934 539 1058 568 sacra

228 579 324 621 aede
352 580 602 622 Lauretana
629 584 858 634 perpetuae
885 582 1057 633 virgini-

226 636 330 676 tatis
360 642 530 686 votum,
565 649 652 687 quo
680 636 853 689 pridem
879 638 1058 678 Parisiis

230 704 277 732 se
298 691 602 741 obstrinxerat,
629 693 868 734 innovavit:
895 706 919 734 a
938 694 1058 744 cujus

227 746 400 788 virtutis
432 747 664 799 proposito
693 747 821 788 nullis
850 761 1059 800 umquam

227 801 477 843 daemonum
513 802 759 853 fraudibus,
798 803 927 844 nullis
965 806 1057 844 sen-

227 870 354 898 suum
394 858 612 899 illecebris
653 859 798 910 petuit
835 859 1058 900 dimoveri.

284 922 327 971 lx’g.
357 922 508 963 Inveni
532 922 677 963 David
703 935 879 964 servum
903 936 1059 973 meum,

227 976 326 1018 oleo
355 983 507 1019 sancto
533 990 631 1019 meo
654 980 758 1019 unxi
785 991 898 1019 eum:
921 979 953 1034 *ι
969 981 1058 1020 Ma-

226 1046 307 1073 nus
324 1033 438 1074 enim
451 1046 550 1074 mea
566 1033 845 1075 auxiliabitur
861 1035 910 1076 ei.
929 1031 977 1075 Y.
993 1035 1060 1076 Ni-

225 1087 285 1128 hil
305 1089 509 1140 proficiet
527 1089 725 1130 inimicus
740 1090 783 1129 in
800 1103 864 1139 eo,
885 1096 929 1133 et
944 1091 1058 1132 filius

224 1143 466 1196 iniquitatis
485 1157 573 1186 non
592 1145 768 1187 nocebit
788 1146 838 1187 ei.
868 1147 1033 1188 Manus.

539 1225 685 1263 Lectio
710 1238 742 1262 ν.

224 1286 489 1389 Recusata
534 1300 577 1340 in
622 1300 856 1342 Sabaudiae
904 1303 1059 1343 senatu

330 1355 598 1407 amplissima
618 1355 843 1406 dignitate,
869 1356 1059 1398 clericali

224 1409 391 1451 militiae
410 1424 569 1453 nomen
590 1411 725 1454 dedit:
745 1418 838 1454 tum
855 1413 1057 1454 sacerdo-

224 1465 287 1506 tio
314 1466 523 1516 initiatus,
552 1474 595 1509 et
626 1469 895 1510 Genevensis
922 1469 1056 1510 eccle-

226 1521 303 1561 siae
340 1523 680 1574 praeposituram
718 1523 923 1577 adeptus,
967 1526 1057 1577 ejus

225 1577 417 1618 muneris
442 1583 592 1630 partes
619 1579 731 1621 adeo
762 1580 958 1632 perfecte
986 1594 1056 1621 ex-

226 1632 380 1684 plevit,
420 1639 468 1675 ut
496 1647 595 1675 eum
624 1636 861 1676 Granerius
890 1638 1056 1688 episco-

224 1701 309 1739 pus
342 1688 616 1731 vindicandis
649 1690 704 1732 ab
731 1690 890 1732 haeresi
917 1692 1055 1733 Calvi-

225 1743 354 1784 niana
400 1744 820 1795 Chaballieensibus,
872 1747 1056 1799 aliisque

227 1799 420 1840 Genevae
455 1800 648 1843 finitimis
685 1803 879 1854 populis,
923 1802 1057 1844 divini

225 1854 347 1896 verbi
366 1859 618 1908 praecenem
643 1857 881 1899 destinarit.
916 1859 1058 1908 Quam

226 1911 552 1962 expediti6nem
585 1914 718 1955 alacri
749 1914 893 1955 animo
923 1917 1054 1956 susci-

225 1966 364 2018 piens,
393 1969 634 2020 asperrima
663 1982 851 2022 quaeque
878 1973 1055 2035 perpes-

227 2034 300 2062 sus
321 2028 401 2071 est,
427 2036 547 2076 saepe
567 2025 621 2066 ab
642 2025 860 2067 haereticis
880 2027 1057 2078 conqui-

227 2079 335 2118 situs
351 2054 407 2119 ad
422 2092 583 2130 necem,
599 2081 819 2133 vari1sque
831 2082 1057 2123 calumniis

227 2139 270 2175 et
298 2133 466 2175 insidiis
495 2138 690 2177 vexatus.
737 2136 824 2178 Sed
851 2138 964 2178 inter
990 2143 1058 2179 tot

227 2187 477 2230 discrimina
496 2196 539 2231 et
557 2194 731 2242 agones,
750 2192 1057 2245 insuperabilis

227 2244 318 2295 ejus
368 2247 615 2287 constantia
665 2252 839 2299 semper
890 2249 1058 2298 enituit·

227 2299 399 2351 Deique
420 2313 505 2352 ope
523 2304 761 2353 protectus,
781 2306 1059 2355 septuaginta

229 2355 317 2396 duo
343 2355 478 2396 millia
501 2356 808 2399 haereticorum
831 2359 887 2400 ad
912 2360 1058 2402 catho-

227 2410 356 2452 licam
382 2411 516 2453 fidem
544 2412 771 2455 reduxisse
798 2414 970 2466 dicitur,
997 2416 1057 2456 in-

227 2471 295 2507 ter
315 2480 427 2519 quos
446 2468 570 2509 multi
589 2468 816 2511 nobilitate
836 2476 879 2512 et
899 2471 1057 2513 doctri-

228 2534 284 2562 na
302 2522 493 2573 insignes
514 2526 807 2565 numerantur.

280 2586 328 2626 R
366 2591 500 2631 Pesui
532 2591 794 2643 adjutorium
822 2607 954 2646 super
981 2607 1057 2646 po-

228 2647 404 2695 tentem,
423 2651 467 2687 et
486 2646 674 2688 exaltavi
693 2647 880 2689 electum
898 2649 952 2690 de
968 2649 1057 2713 ple-

229 2701 285 2742 be
307 2714 420 2743 mea:
439 2695 646 2743 *Manus
674 2703 788 2743 enim
815 2716 912 2745 mea
941 2705 1057 2745 auxi-

1110 304 1285 346 liabitur
1305 305 1356 345 ei.
1376 299 1424 349 V.
1438 305 1591 345 Inveni
1604 304 1748 346 David
1764 318 1939 346 servum

1110 373 1272 455 ffieum,
1299 359 1397 401 oleo
1417 366 1569 402 sancto
1588 373 1687 402 meo
1706 361 1810 402 unxi
1829 373 1939 401 eum.

1158 428 1276 456 anus.

1412 502 1562 542 Lectio
1587 503 1635 540 vi.

1111 565 1345 668 Mortuo
1373 572 1604 621 Granerio,
1634 572 1709 623 qui
1734 585 1834 614 eum
1858 571 1941 614 sibi

1227 626 1528 679 coadjutorem
1559 627 1736 669 decerni
1762 631 1939 669 curave-

1110 689 1188 733 rat,
1209 686 1445 736 episcopus
1466 686 1765 733 consecratus,
1783 684 1939 725 sancti-

1110 740 1213 781 tatis
1259 752 1351 780 suae
1400 739 1549 780 radios
1599 739 1941 791 circumquaque

1112 794 1300 845 diffudit,
1338 795 1432 836 zelo
1472 795 1781 836 ecclesiasticae
1815 794 1939 836 disci-

1110 851 1253 903 plinae,
1285 851 1408 904 pacis
1440 851 1603 900 studio,
1641 850 1942 892 misericordia

1110 907 1153 947 in
1172 910 1409 960 pauperes,
1434 909 1639 959 omnique
1659 907 1820 948 virtute
1841 919 1940 948 con-

1112 966 1301 1016 spicuus.
1331 962 1404 1004 Ad
1424 962 1557 1004 divini
1577 962 1718 1004 cultus
1739 963 1940 1013 augmen-

1110 1025 1204 1060 tum
1227 1032 1391 1060 novum
1415 1018 1613 1060 ordinem
1639 1018 1940 1059 sanctimonia-

1110 1075 1215 1115 lium
1238 1075 1440 1125 instituit,
1466 1088 1492 1116 a
1510 1074 1773 1116 Visitatione
1796 1073 1941 1115 beatae

1109 1130 1304 1181 Virginis
1333 1133 1649 1183 nuncupatum,
1681 1129 1762 1171 sub
1790 1129 1942 1180 regula

1111 1187 1250 1227 sancti
1274 1186 1522 1237 Augustini3
1550 1186 1620 1227 cui
1645 1184 1816 1227 addidit
1841 1198 1941 1226 con-

1111 1242 1360 1284 stituti6nes
1397 1242 1624 1294 sapientia,
1666 1241 1942 1291 discretione,

1111 1303 1154 1340 et
1180 1298 1396 1339 suavitate
1419 1297 1652 1339 mirabiles.
1688 1297 1786 1338 Suis
1810 1297 1942 1338 etiam

1111 1354 1287 1406 scriptis
1325 1354 1494 1396 coelesti
1531 1353 1732 1395 doctrina
1770 1353 1941 1395 refertis

1110 1410 1354 1451 Ecclesiam
1381 1409 1631 1459 illustravit,
1670 1408 1828 1460 quibus
1858 1409 1942 1450 iter

1110 1465 1166 1507 ad
1207 1465 1488 1507 christianam
1526 1465 1841 1518 perfectionem
1876 1469 1941 1507 tu-

1108 1527 1202 1563 tum
1217 1527 1260 1563 et
1275 1522 1454 1574 planum
1464 1521 1746 1563 demonstrat.
1766 1521 1942 1562 Annum

1110 1577 1299 1629 denique
1349 1590 1483 1628 agens
1533 1577 1941 1630 quinquagesimum

1110 1634 1325 1685 quintum,
1355 1633 1460 1674 dum
1484 1646 1508 1674 e
1533 1633 1676 1675 Gallia
1699 1633 1941 1674 Annesium

1108 1689 1364 1740 regreditur,
1383 1695 1487 1741 post
1500 1690 1681 1731 Sacrum
1699 1689 1743 1729 in
1759 1687 1829 1730 die
1845 1701 1940 1729 san-

1109 1745 1168 1786 cti
1199 1745 1224 1785 J
1227 1745 1379 1786 oannis
1414 1745 1707 1796 Evangelistae
1736 1743 1942 1795 Lugduni

1110 1800 1388 1851 celebratum,
1399 1801 1522 1852 gravi
1532 1800 1688 1842 morbo
1699 1802 1940 1852 correptus,

1111 1857 1310 1907 sequenti
1347 1856 1417 1898 die
1453 1857 1655 1907 migravit
1690 1857 1734 1896 in
1769 1856 1940 1905 coelum,

1111 1925 1224 1953 anno
1252 1913 1430 1954 Domini
1457 1913 1686 1954 millesimo
1718 1913 1939 1953 sexcente-

1111 1969 1221 2010 simo
1244 1969 1456 2019 vigesimo
1480 1967 1687 2010 secundo.
1721 1967 1826 2020 Ejus
1845 1980 1939 2009 cor-

1109 2038 1192 2077 pus
1209 2025 1449 2065 Annesium
1470 2024 1674 2074 delatum,
1693 2024 1737 2064 in
1755 2023 1941 2065 ecclesia

1110 2080 1364 2121 monialium
1388 2079 1493 2122 dicti
1514 2079 1679 2121 ordinis
1698 2079 1940 2120 honorifice

1110 2134 1335 2178 cenditum
1350 2136 1439 2185 fuit,
1460 2138 1682 2188 coepitque
1702 2135 1849 2176 statim
1864 2135 1938 2175 mi-

1111 2191 1270 2232 raculis
1286 2191 1538 2232 clarescere.
1561 2190 1728 2241 Quibus
1742 2190 1824 2231 rite
1839 2203 1939 2243 pro-

1110 2246 1241 2296 batis,
1266 2246 1321 2288 ab
1342 2245 1595 2288 Alexandro
1620 2246 1808 2298 septimo
1827 2246 1938 2286 Pon-

1109 2303 1226 2344 tifice
1247 2302 1439 2343 Maximo
1459 2303 1502 2342 in
1516 2302 1775 2343 Sanctorum
1792 2304 1938 2342 nume-

1110 2371 1206 2398 rum
1229 2357 1392 2399 relatus
1412 2363 1495 2407 est,
1523 2357 1741 2407 assignata
1766 2358 1856 2408 ejus
1881 2357 1938 2398 fe-

1111 2413 1292 2455 stivitati
1319 2413 1388 2454 die
1412 2413 1621 2464 vigesima
1645 2426 1759 2454 nona
1782 2413 1806 2453 J
1809 2415 1938 2454 anua-

1110 2470 1172 2518 rii,
1191 2475 1234 2511 et
1250 2483 1275 2510 a
1289 2470 1468 2510 Summo
1486 2469 1698 2510 Pontifice
1713 2469 1792 2509 Pio
1809 2481 1938 2518 nono,

1111 2538 1165 2566 ex
1185 2526 1418 2566 Sacrorum
1432 2525 1613 2566 Rituum
1628 2524 1938 2574 Congregatio-

1110 2582 1176 2622 nis
1201 2580 1417 2628 consulto,
1446 2580 1703 2621 universalis
1726 2579 1938 2621 Ecclesiae

1110 2637 1279 2678 Doctor
1297 2636 1377 2677 fuit
1397 2635 1655 2677 declaratus.

1163 2698 1210 2748 R:-
1238 2705 1328 2745 Iste
1348 2709 1424 2745 est.
1446 2703 1530 2755 [54]
