2080 2990
955 291 966 311 ι·

916 362 949 399 se
975 337 1010 370 0-
1074 346 1148 390 &3⁶³7-
1166 358 1221 408 *g-

918 393 927 410 Ι
1156 400 1166 410 τ

917 431 926 445 ι
949 444 953 458 x
1166 416 1209 464 ;·“7

1133 307 1177 338 “9⁴
1211 310 1311 326 ᾼΑΛ
1330 316 1350 327 Α
1370 312 1467 328 ΑᾼΛ
1485 314 1622 328 ΛᾼᾸΑ
1640 304 1799 328 ΑᾼΛΔΎ

1115 340 1123 346 t
1134 336 1179 373 ‚1²2⁴
1197 332 1775 369 ‚Q-

1380 373 1529 411 ”gffifflae
1540 373 1589 410 ff
1711 376 1728 394 a

338 870 664 919 COMMUNE
701 871 983 918 SANCTAE
1019 872 1379 921 MARTYRIS
1414 874 1696 922 TANTUM

579 953 643 986 El
670 953 770 987 NEC
798 954 1023 989 wleoixis
1050 955 1149 989 NEC
1178 956 1449 990 1111111108.

911 1048 981 1050 ‚ju
996 1042 1118 1057 4-—

377 1102 439 1143 In
461 1102 497 1143 Ι.
519 1102 771 1153 vesperis.

207 1169 307 1208 Ant.
342 1168 461 1209 Dum
490 1173 608 1209 esset
634 1169 731 1210 Rex
753 1170 840 1209 *in
865 1173 989 1210 accu-

156 1224 253 1266 bitu
283 1237 382 1274 suo,
417 1224 580 1266 nardus
607 1238 704 1266 mea
735 1225 859 1267 dedit
884 1225 989 1267 odo-

155 1293 250 1322 rem
269 1281 511 1324 suavitatis.

413 1351 614 1391 Psalmus
636 1352 729 1391 109.

284 1428 287 1431 ·
307 1427 311 1432 ·
378 1418 494 1459 mixit
538 1418 755 1460 Dominus
797 1420 989 1461 Domino

281 1476 294 1488 ⁸
431 1487 546 1515 meo:
575 1476 598 1502 *
625 1474 739 1517 Sede
767 1488 793 1516 a
821 1476 989 1518 dextris

395 1528 404 1576 Ξ
431 1531 556 1571 meis:

303 1626 306 1627 γ
338 1631 349 1642 Α
479 1587 634 1629 Donec
662 1600 824 1639 ponam
852 1588 989 1629 inimi-

348 1648 408 1667 ””·“’“”·
432 1655 509 1684 008
542 1647 660 1693 tuos,
692 1646 716 1671 *
749 1644 990 1686 scabellum

156 1699 321 1752 pedum
339 1702 528 1741 tuorum.

208 1761 392 1812 Virgam
409 1760 586 1802 virtatis
606 1765 695 1802 tuae
715 1763 887 1803 emittet
900 1763 988 1803 Do-

156 1817 300 1858 minus
322 1830 376 1858 ex
395 1817 516 1858 Sion:
535 1818 558 1844 *
578 1816 807 1859 dominare
831 1818 876 1858 in
901 1820 988 1859 me-

159 1872 232 1914 dio
254 1873 531 1914 inimicorum
548 1875 738 1914 tuorum.

208 1934 376 1976 Tecum
415 1934 679 1987 principium
717 1934 761 1974 in
799 1934 871 1976 die
905 1935 987 1976 vir-

157 1991 265 2032 tutis
294 1995 382 2031 tuae
411 1991 455 2031 in
476 1989 787 2042 splendoribus
816 1993 987 2032 sancto-

157 2059 272 2088 rum:
305 2048 329 2074 *
362 2060 416 2088 ex
453 2051 581 2089 fitero
620 2050 721 2095 ante
759 2046 987 2088 luciferum

158 2103 287 2152 genui
320 2108 377 2144 te.

208 2163 379 2205 Juravit
403 2163 634 2213 Dominus,
664 2168 708 2205 et
736 2176 823 2204 non
851 2164 987 2216 poeni-

87 2266 90 2270 ,
157 2219 269 2262 tebit
290 2233 404 2262 eum:
422 2222 446 2247 *
464 2220 535 2261 Tu
559 2233 605 2260 es
631 2220 840 2261 sacerdos
865 2220 909 2261 in
934 2233 987 2261 ae-

157 2277 331 2317 ternum
369 2276 613 2319 secundum
650 2276 850 2318 ordinem
883 2276 988 2318 Mel-

159 2331 405 2374 chisedech.

210 2389 424 2430 Dominus
445 2402 470 2429 a
486 2389 653 2430 dextris
670 2389 768 2439 tuis,
783 2390 807 2415 *
822 2389 987 2430 confre-

158 2444 223 2494 git
241 2445 285 2485 in
305 2444 376 2486 die
393 2445 471 2486 irae
491 2458 581 2486 suae
604 2458 742 2496 reges.

210 2504 433 2546 {Iudicabit
447 2505 492 2546 in
505 2506 769 2555 nationibus,
788 2505 989 2557 implebit

159 2563 322 2601 ruinas:
353 2563 377 2589 *
409 2562 725 2614 conquassabit
761 2561 908 2614 capita
944 2561 987 2601 in

159 2622 278 2658 terra
294 2617 544 2658 multorum.

211 2677 278 2718 De
303 2679 499 2718 torrente
524 2678 568 2718 in
594 2678 665 2718 via
688 2677 828 2719 bibet:
847 2679 870 2705 *
888 2690 989 2729 pro-

158 2735 311 2786 pterea
331 2733 544 2775 exaltabit
561 2739 705 2787 caput.

1096 1102 1194 1141 Ant.
1216 1102 1331 1142 Dum
1352 1107 1470 1143 esset
1489 1103 1586 1143 Rex
1606 1103 1650 1143 in
1670 1103 1874 1144 accubitu

1044 1169 1134 1205 suo,
1148 1156 1312 1198 nardus
1327 1170 1425 1198 mea
1440 1158 1564 1200 dedit
1582 1158 1765 1200 odorem
1780 1172 1873 1200 sua-

1044 1213 1205 1254 vitatis.

1096 1274 1195 1313 Ant.
1227 1276 1276 1313 ln
1301 1274 1483 1315 odorem
1503 1276 1526 1302 *
1551 1277 1874 1325 unguentorum

1044 1331 1222 1370 tuorum
1259 1330 1488 1381 currimus3
1532 1330 1874 1372 adolescentulae

1044 1385 1292 1427 dilexerunt
1311 1391 1355 1427 te
1373 1387 1513 1427 nimis.

1313 1454 1507 1493 psalmus
1532 1456 1607 1493 112.

1109 1524 1269 1566 audate
1298 1525 1423 1577 pueri
1451 1526 1704 1566 Dominum:
1734 1527 1757 1552 *
1785 1525 1874 1566 lau-

1139 1579 1242 1621 date
1262 1594 1422 1622 nomen
1441 1581 1631 1622 Domini.

1095 1639 1161 1681 Sit
1189 1654 1349 1682 nomen
1373 1642 1553 1682 Domini
1580 1641 1873 1693 benedictum,

1044 1698 1068 1723 *
1098 1709 1151 1737 ex
1184 1696 1269 1738 hoc
1305 1710 1435 1747 1111110,
1469 1702 1512 1739 et
1547 1711 1686 1749 usque
1719 1698 1762 1737 in
1796 1701 1873 1739 sae-

1043 1752 1198 1794 culum.

1094 1809 1135 1850 A
1159 1809 1266 1850 solis
1293 1814 1394 1850 ortu
1413 1822 1552 1861 usque
1578 1809 1634 1850 ad
1656 1812 1872 1859 occasum,

1041 1866 1065 1892 *
1082 1864 1304 1906 laudabile
1323 1878 1484 1906 nomen
1502 1865 1692 1906 Domini.

1091 1925 1304 1966 Excelsus
1347 1939 1479 1977 super
1516 1938 1667 1966 omnes
1705 1924 1871 1966 Gentes

1042 1981 1274 2030 Dominus,
1295 1983 1317 2008 *
1343 1986 1386 2022 et
1411 1994 1543 2034 super
1568 1982 1708 2023 coelos
1732 1980 1872 2031 gloria

1043 2038 1145 2089 ejus.

1093 2093 1199 2143 Quis
1214 2093 1328 2134 sicut
1341 2093 1558 2134 Dominus
1572 2094 1694 2135 Deus
1709 2099 1871 2143 noster,

1042 2149 1116 2200 qui
1144 2149 1187 2189 in
1220 2149 1321 2190 altis
1354 2148 1540 2199 habitat,
1568 2151 1591 2176 *
1620 2155 1664 2191 et
1691 2149 1870 2190 humilia

1041 2205 1222 2257 respicit
1241 2206 1285 2246 in
1306 2205 1420 2246 coelo
1441 2211 1484 2247 et
1501 2206 1542 2246 in
1564 2205 1703 2247 terra?

1092 2265 1319 2307 Suscitans
1353 2279 1378 2306 a
1406 2271 1525 2308 terra
1552 2269 1745 2318 inopem,
1775 2267 1798 2292 *
1827 2270 1871 2306 et

1042 2322 1098 2363 de
1119 2323 1313 2363 stercore
1333 2322 1504 2374 erigens
1524 2326 1779 2375 pauperem:

1091 2382 1151 2424 Ut
1165 2382 1355 2424 collocet
1366 2396 1466 2424 eum
1477 2396 1577 2424 cum
1587 2380 1870 2435 principibus,

1040 2440 1064 2465 *
1084 2451 1182 2479 cum
1201 2439 1474 2491 principibus
1494 2439 1647 2492 populi
1667 2439 1745 2479 sui.

1094 2499 1178 2549 Qui
1193 2499 1393 2541 habitare
1408 2500 1513 2540 facit
1528 2499 1722 2540 sterilem
1736 2499 1780 2540 in
1796 2499 1868 2540 do-

1040 2567 1125 2604 mo,
1145 2556 1169 2582 *
1188 2560 1374 2597 matrem
1394 2555 1583 2596 filiorum
1600 2554 1834 2596 laetantem.

1101 2619 1201 2658 Ant.
1236 2619 1287 2660 In
1325 2620 1509 2661 odorem
1545 2621 1868 2670 unguentorum

1040 2678 1218 2716 tuorum
1254 2676 1485 2724 currimus3
1526 2674 1866 2717 adolescentulae

1042 2731 1289 2774 dilexerunt
1309 2737 1354 2774 te
1372 2732 1510 2772 nimis.
