2080 2990
771 204 874 237 Ordo
900 204 1253 238 Commendationis
1278 203 1438 237 Animae.

257 298 443 340 mundus
470 297 576 341 dare
603 311 691 340 non
714 303 879 352 potest,
908 311 1078 351 pacem3

257 361 306 397 ut
333 360 378 397 et
405 355 541 397 corda
567 360 719 397 nostra
749 355 965 398 mandatis
992 356 1078 398 tuis

258 411 423 461 dedita,
454 418 499 454 et
522 411 714 453 bestium
740 412 911 455 sublata
935 412 1077 454 formi-

257 467 368 517 dine,
390 469 590 521 tempora
609 468 694 511 sint
710 474 786 511 tua
803 469 1078 521 protectiene

256 524 501 577 tranquilla.

257 588 397 694 Ure
427 593 527 644 igne
562 594 700 636 sancti
730 594 915 647 Spiritus
951 606 1077 636 renes

375 655 548 691 nostros
582 655 625 692 et
657 662 733 692 cor
764 654 961 692 nostrum
989 650 1076 692 Do-

255 706 385 747 mine:
407 711 455 747 ut
472 706 551 748 tibi
570 711 693 748 casto
714 708 899 759 cerpore
918 707 1077 748 servia-

254 775 363 811 mus,
383 767 427 804 et
446 762 610 804 mundo
630 762 763 804 corde
782 763 1081 815 placeamus..

256 826 527 931 Fidelium,
551 832 687 882 Deus,
712 832 903 874 emnium
922 832 1078 875 Condi-

356 894 426 930 tor
459 893 502 930 et
532 888 821 941 Redemptor,
852 889 1078 932 animabus

255 945 514 987 famulorum
537 945 883 998 famularumque
905 948 1078 988 tuarum

255 1002 554 1044 remissionem
565 1004 820 1043 cuncterum
833 1002 975 1045 tribue
986 1015 1079 1056 pec-

255 1060 466 1100 caterum:
502 1062 550 1100 ut
583 1058 914 1110 indulgentiam,
948 1072 1078 1112 quam

255 1127 427 1167 semper
451 1117 727 1168 optaverunt,
752 1115 838 1168 piis
862 1116 1076 1169 supplica-

254 1171 445 1214 tionibus
464 1174 796 1224 consequantur.

256 1230 499 1335 Actiones
519 1242 703 1287 nostras,
725 1240 975 1289 quaesumus
989 1239 1076 1280 De-

362 1292 494 1343 mine,
528 1293 762 1345 aspirando
788 1295 1001 1347 praeveni,
1035 1300 1078 1337 et

254 1349 499 1402 adjuvando
530 1352 813 1403 prosequere:
846 1356 893 1394 ut
921 1356 1078 1394 cuncta

254 1411 406 1447 nostra
451 1406 590 1448 oratio
636 1413 679 1449 et
719 1409 920 1461 operatio
964 1421 990 1449 a
1033 1413 1077 1450 te

255 1474 428 1514 semper
456 1462 652 1516 incipiat,
685 1469 727 1506 et
754 1477 834 1517 per
859 1470 903 1507 te
931 1470 1078 1518 coepta

255 1518 441 1561 finiatur.

1212 299 1460 350 mnipotens
1509 297 1771 350 sempiterne
1814 298 1950 349 Deus,

1240 354 1315 406 qui
1338 353 1537 396 vivorum
1563 352 1799 396 dominaris
1824 355 1952 397 simul

1131 415 1175 453 et
1199 412 1489 460 mortuorum,
1521 409 1800 462 omninmque
1825 411 1950 454 mise-

1130 467 1238 508 reris
1263 479 1375 519 quos
1397 470 1498 508 tuos
1517 465 1605 508 fide
1624 470 1668 508 et
1686 468 1822 519 Opere
1839 467 1950 510 futu·

1130 536 1204 565 ros
1236 535 1331 565 esse
1363 522 1621 576 praenescis:
1655 527 1700 565 te
1731 523 1950 576 supplices

1131 581 1379 630 exoramus3
1423 583 1471 621 ut
1505 592 1587 632 pro
1625 578 1782 631 quibus
1819 579 1951 622 effun-

1131 635 1235 678 dere
1259 648 1413 688 preces
1438 635 1727 686 decrevimus,
1754 649 1951 689 quosque

1129 692 1200 734 vel
1242 705 1437 745 praesens
1482 691 1691 734 saeculum
1730 691 1874 735 adhuc
1907 693 1951 735 in

1130 762 1260 791 carne
1297 749 1474 799 retinet,
1517 748 1589 791 vel
1632 748 1824 791 futurum
1868 750 1951 802 jam

1130 809 1288 848 exutos
1318 807 1504 858 corpore
1532 805 1740 858 suscepit,
1771 805 1950 848 interce-

1130 861 1332 904 dentibus
1350 861 1551 903 dmnibus
1566 861 1735 903 Sanctis
1748 861 1845 912 tuis,
1863 862 1951 915 pie-

1129 919 1234 961 tatis
1261 923 1349 960 tuae
1377 918 1607 961 clementia
1632 918 1825 960 omnium
1849 917 1951 971 deli7

1130 977 1300 1017 ct6rum
1315 977 1493 1017 suorum
1507 975 1677 1017 veniam
1691 977 1952 1028 consequan-

1129 1037 1209 1074 tur.
1235 1032 1319 1074 Per
1337 1032 1584 1074 Dominum.

1181 1102 1230 1153 V.
1263 1105 1479 1147 Dominus
1516 1105 1753 1148 vobiscum.
1804 1106 1855 1157 R.
1894 1105 1951 1148 Et

1130 1175 1228 1203 cum
1253 1162 1410 1215 spiritu
1427 1166 1515 1204 tuo.

1182 1229 1231 1279 V.
1258 1230 1475 1273 Exaudiat
1497 1243 1578 1273 nos
1605 1232 1882 1283 omnipotens
1907 1233 1951 1271 et

1129 1288 1377 1330 misericors
1396 1287 1621 1329 Deminus.

1181 1346 1231 1396 131.
1258 1345 1412 1386 Amen.

1181 1404 1230 1456 V.
1257 1410 1315 1451 Et
1337 1409 1531 1451 fidelium
1554 1409 1709 1451 animae
1726 1421 1807 1461 per
1824 1407 1950 1451 mise-

1129 1465 1363 1509 ricerdiam
1376 1466 1461 1508 Dei
1477 1466 1753 1519 requiescant
1770 1465 1814 1506 in
1829 1477 1950 1518 pace.

1181 1522 1231 1573 R.
1259 1522 1412 1565 Amen.

560 1677 738 1726 ORDO
774 1674 1371 1725 COMMENDATIONIS
1403 1675 1654 1725 ANIMAE,

1128 1769 1287 1811 Sancte
1304 1769 1330 1811 J
1332 1771 1506 1820 oannes,

1130 1826 1293 1868 Omnes
1312 1826 1451 1868 sancti
1468 1825 1674 1880 Apostoli
1695 1830 1740 1869 et
1755 1826 1949 1878 Evange-

309 1767 475 1799 Primum
502 1766 678 1799 dicuntur
703 1765 864 1798 Litaniae
889 1765 1025 1799 breves

493 1814 530 1847 in
555 1814 655 1847 hunc
680 1813 844 1847 modum.

263 1898 272 1967 ἰ
346 1879 759 1979 ygffriesltgeffltglgison

392 1992 531 2045 Kyrie
550 1993 725 2036 eleison.

254 2046 414 2089 Sancta
431 2049 578 2100 Maria,
597 2063 675 2092 ora
693 2063 776 2104 pro
797 2064 861 2094 eo.

257 2102 419 2146 Omnes
451 2106 590 2148 sancti
620 2107 776 2158 Angeh·
808 2113 852 2151 et
883 2108 1075 2151 Archan-

306 2159 402 2210 geli,
421 2164 545 2203 orate
563 2175 645 2215 pro
666 2176 730 2206 eo.

254 2215 412 2259 Sancte
431 2217 554 2269 Abel,

256 2272 408 2315 Omnis
428 2273 588 2316 chorus
606 2276 840 2328 Justorum,

254 2328 412 2372 Sancte
431 2330 665 2383 Abraham,

255 2386 413 2429 Sancte
431 2387 456 2428 J
459 2390 622 2430 oannes
641 2389 853 2443 Baptista,
988 2404 1077 2434 ora.

254 2442 412 2485 Sancte
430 2444 455 2485 J
458 2443 609 2497 oseph
987 2460 1075 2489 ora.

256 2498 420 2541 Omnes
449 2501 588 2543 sancti
610 2502 877 2545 Patriarchae
904 2509 948 2546 et
972 2505 1075 2546 Pro-

306 2555 462 2608 phetae,
943 2563 1075 2602 orate.

254 2612 411 2654 Sancte
432 2613 571 2664 Petre,
987 2629 1076 2658 ora.

254 2669 412 2711 Sancte
428 2670 573 2721 Paule,
990 2685 1075 2714 ora.

254 2726 411 2768 Sancte
429 2727 615 2778 Andrea,
988 2742 1076 2771 ora.

989 2235 1076 2265 Ol'a.

988 2291 1039 2320 01'
1041 2291 1076 2321 a.

989 2347 1076 2377 Ora.

1861 1782 1950 1813 Ol‘a·

1180 1882 1304 1932 listae,
1816 1885 1950 1925 orate.

1130 1939 1292 1981 Omnes
1311 1939 1449 1982 sancti
1466 1938 1682 1992 Discipuli
1698 1939 1886 1990 Domini,

1816 1998 1950 2040 orate.

1130 2052 1294 2094 Omnes
1314 2051 1452 2093 sancti
1469 2052 1742 2102 Innocentes‚
1814 2054 1948 2094 orate.

1128 2108 1286 2151 Sancte
1305 2107 1535 2160 Stephane,
1860 2120 1949 2150 ora.

1128 2165 1288 2207 Sancte
1305 2164 1522 2214 Laurenti,
1861 2177 1950 2207 ora.

1129 2220 1292 2263 Omnes
1311 2220 1450 2262 sancti
1466 2219 1694 2273 Martyres,
1815 2223 1949 2264 orete.

1128 2278 1286 2320 Sancte
1304 2277 1524 2327 Silvester,
1860 2290 1948 2320 ora.

1128 2334 1287 2376 Sancte
1306 2333 1502 2385 Gregeri,
1861 2347 1949 2376 ora.

1128 2391 1284 2433 Sancte
1303 2391 1558 2441 Augustine,
1860 2402 1947 2432 ora.

1129 2447 1292 2489 Omnes
1312 2445 1450 2488 sancti
1460 2445 1696 2488 Pontifices
1716 2450 1759 2488 et
1774 2446 1948 2489 Confes-

1180 2506 1314 2553 sores,
1817 2505 1949 2545 orete.

1129 2560 1286 2603 Sancte
1305 2558 1552 2609 Benedicte,

1129 2617 1286 2659 Sancte
1304 2616 1546 2666 Francisce‚

1129 2674 1287 2715 Sancte
1306 2672 1496 2722 Camille,

1127 2730 1286 2773 Sancte
1305 2729 1329 2771 J
1331 2730 1495 2770 oannes
1515 2727 1570 2770 de
1587 2727 1695 2779 Deo,

1862 2571 1948 2601 OI'a.

1862 2628 1948 2657 Ol‘a.

1861 2684 1948 2714 Ol‘a.

1860 2740 1948 2770 Ol‘a·
