2040 2990
606 202 657 234 3³21.
684 202 771 234 Dec.
819 204 852 234 S,
879 201 1053 234 Silvas-tri
1083 201 1197 243 l'apoe
1223 210 1256 235 ct
1283 202 1390 235 Cous.

148 295 376 346 Basflicas,
426 297 593 339 scilicet
634 298 975 340 Lateranensem

149 352 322 394 Christo
342 353 578 403 Servatori,
596 354 859 396 Vaticanam
879 366 974 394 san-

150 413 221 451 cto
240 409 390 459 Petro,
420 409 669 452 Ostiensem
692 415 844 452 sancto
866 410 974 450 Pau-

147 465 208 516 lo,
235 470 388 507 sancto
414 466 650 508 Laurentio
674 467 718 508 in
743 467 865 519 Agro
889 466 974 509 Ve-

147 523 267 571 rano,
287 527 450 564 sanctae
471 523 601 564 Cruci
618 524 663 564 in
677 524 806 565 Atrio
826 523 974 565 Sesso-

147 578 287 628 riano,
316 584 468 621 sancto
493 580 627 622 Petro
653 584 696 621 et
720 580 974 622 Marcellino

147 647 199 675 ac
223 640 388 676 sanetae
405 636 568 687 Agneti
590 636 635 677 in
653 636 736 678 viis
755 636 975 678 Lavicana

148 695 192 732 et
205 691 494 742 Nomentana,
514 697 557 734 'et
574 692 692 742 alias,
713 706 821 745 quas
839 693 974 734 sacris

147 747 407 799 imaginibus
453 748 683 801 splendide
730 749 974 799 exornavit,

149 808 207 854 et,
235 804 488 846 muneribus
505 805 774 858 praediisque
794 806 974 847 attribu-

147 860 213 910 tis,
231 861 661 911 magnificentissime
676 861 975 915 locupletavit.

146 916 246 958 Hoc
264 917 478 959 Pontifice
506 917 704 960 habitum
731 924 798 960 est
822 918 973 960 Conci-

146 972 252 1014 lium
275 974 506 1016 Nica'enum
529 975 737 1027 primum,
765 975 841 1016 ubi
864 988 973 1028 prae-

147 1029 391 1072 sidentibus
418 1031 509 1083 ejus
537 1031 711 1082 legatis,
738 1034 973 1084 praesente-

148 1099 232 1138 que
262 1087 564 1138 Constantino,
593 1093 637 1129 et
664 1089 873 1130 trecentis
902 1088 974 1130 de-

146 1155 243 1184 cem
270 1147 314 1184 et
341 1148 442 1185 octo
471 1145 711 1197 episcopis,
748 1150 899 1186 sancta
931 1150 975 1187 et

147 1198 363 1241 catholica
381 1199 492 1241 fides
516 1200 735 1253 explicata
759 1206 840 1251 est,
864 1202 973 1243 Ario

148 1256 327 1308 ejusque
347 1256 640 1298 sectatoribus
658 1257 974 1308 condemnatis3

147 1312 267 1363 quod
287 1313 419 1354 etiam
440 1313 696 1363 Concilium,
722 1314 973 1366 petentibus

145 1368 367 1419 Patribus,
411 1369 688 1416 confirmavit
722 1371 766 1410 in
804 1370 973 1422 synodo

145 1424 302 1466 Romae
336 1425 503 1476 habita,
540 1425 616 1468 ubi
651 1429 809 1468 iterum
840 1427 972 1468 Arius

146 1481 464 1523 condemnatus
489 1487 566 1523 est.
602 1482 742 1524 Multa
768 1483 874 1524 item
901 1483 973 1525 de-

146 1538 268 1579 creta
281 1538 384 1579 fecit
398 1538 608 1580 Ecclesiae
622 1539 708 1581 Dei
721 1540 855 1590 utilia,
876 1552 974 1592 quae

147 1593 228 1636 sub
262 1595 353 1646 ejus
384 1595 559 1637 nomine
590 1597 889 1647 recensentur3
929 1596 975 1638 id

147 1654 229 1700 est,
262 1655 311 1692 ut
344 1664 369 1692 a
402 1651 496 1693 solo
523 1652 750 1706 Episcopo
786 1652 975 1694 chrisma

146 1682 453 1758 conficeretur3
493 1712 542 1749 ut
582 1709 822 1761 Presbyter
865 1709 974 1750 chri-

146 1767 285 1805 smate
319 1763 535 1816 baptizati
575 1778 793 1806 summum
828 1765 974 1807 liniret

145 1820 371 1870 verticem;
412 1825 461 1862 ut
498 1821 687 1862 Diaconi
727 1821 973 1863 dalmaticis

145 1875 190 1916 in
218 1877 422 1927 ecclesia,
451 1881 495 1918 et
522 1877 642 1930 palla
666 1878 890 1919 linostima
917 1877 975 1919 ad

146 1931 303 1974 laevam
329 1935 570 1984 uterentur3
598 1938 647 1975 ut
667 1934 712 1974 in
736 1934 852 1975 lineo
880 1939 974 1975 tan-

146 1993 239 2030 tum
265 1989 365 2030 velo
402 1989 663 2031 sacrificium
696 1990 845 2032 altaris
873 2003 973 2031 con-

146 2044 360 2086 ficeretur.

204 2103 254 2153 Rg.
283 2101 418 2142 Posui
446 2101 710 2154 adjuterium
739 2115 870 2156 super
896 2116 973 2156 po-

146 2158 330 2207 tentem,
371 2162 415 2199 et
456 2158 646 2200 exaltavi
689 2159 877 2200 electum
919 2159 974 2200 de

147 2213 277 2265 plebe
317 2227 433 2255 mea:
479 2217 501 2238 *
528 2215 683 2257 Manus
725 2216 839 2257 enim
874 2229 974 2257 mea

148 2269 426 2311 auxiliabitur
462 2272 511 2312 ei.
564 2268 613 2318 Y.
645 2272 797 2313 Inveni
829 2271 974 2313 David

148 2339 324 2367 servum
356 2339 517 2377 meum,
555 2327 654 2369 oleo
689 2333 841 2370 sancto
874 2341 973 2369 meo

147 2382 253 2422 unxi
281 2395 391 2424 eum.
430 2383 595 2425 Manus.

458 2440 604 2479 Lectio
631 2440 677 2477 x-i.

197 2493 297 2535 dem
316 2496 642 2548 praescripsisse
662 2496 850 2537 traditur
868 2500 973 2536 tem-

206 2563 288 2602 pus
308 2551 524 2602 Omnibus,
549 2553 623 2604 qui
648 2552 874 2593 ordinibus
898 2551 973 2591 ini-

148 2605 245 2646 tiati
258 2606 421 2658 ‘,essent
442 2607 675 2650 exercendi
695 2608 887 2658 singulos
908 2609 973 2648 or-

150 2661 309 2703 dines
298 2676 342 2703 in
360 2664 573 2714 Ecclesia,
601 2667 836 2716 antequam
861 2663 973 2715 quis-

1028 301 1110 348 ret3
1142 301 1193 338 ut
1215 297 1353 339 laicus
1380 298 1540 340 clerico
1565 311 1652 340 non
1675 299 1853 341 inferret

1028 353 1208 404 crimen3
1222 366 1277 395 ne
1293 354 1477 395 clericus
1493 355 1609 407 apud
1621 356 1853 408 profanum

1027 409 1215 461 judicem
1248 423 1424 452 causam
1458 411 1633 453 diceret.
1673 412 1854 454 Sabbati

1029 471 1072 507 et
1097 466 1319 508 Dominici
1354 466 1440 508 diei
1466 468 1642 509 nemine
1669 470 1853 518 retento,

1028 522 1222 575 reliquos
1263 522 1555 565 hebdomadae
1595 524 1689 566 dies
1730 525 1852 566 feria-

1028 591 1126 620 rum
1167 579 1343 621 nemine
1391 580 1639 630 distinctos,
1684 586 1731 622 ut
1769 582 1853 633 jam

1028 640 1129 676 ante
1153 635 1198 676 in
1222 636 1420 677 Ecclesia
1443 637 1594 678 vocari
1616 640 1852 690 coeperant,

1028 691 1241 744 appellari
1254 693 1406 743 veluit,
1424 706 1510 745 quo
1527 693 1852 744 significaretur,

1029 748 1226 799 quotidie
1259 749 1458 801 clericos,
1491 749 1659 802 abjecta
1691 752 1852 791 cetera-

1028 817 1124 845 rum
1142 803 1289 847 'rerum
1313 818 1434 855 cura,
1460 807 1534 847 uni
1552 807 1650 847 Deo
1673 819 1853 858 prorsus

1028 862 1186 903 vacare
1213 861 1386 903 debere.
1419 863 1534 904 Huic
1559 862 1729 904 coelesti
1754 876 1852 915 pru-

1029 916 1200 968 dentiae,
1221 931 1307 970 qua
1324 918 1566 960 Ecclesiam
1582 919 1853 960 administra-

1027 973 1119 1024 bat,
1143 975 1323 1026 insignis
1342 975 1445 1016 vitae
1466 976 1691 1025 sanctitas,
1723 980 1766 1017 et
1783 975 1853 1017 be-

1027 1031 1215 1081 nignitas
1240 1031 1284 1071 in
1308 1034 1526 1084 pauperes
1550 1033 1766 1084 perpetuo
1790 1045 1853 1073 re-

1028 1087 1220 1139 spondit.
1260 1088 1358 1138 Quo
1390 1088 1435 1128 in
1464 1090 1623 1139 genere
1651 1088 1853 1141 providit,

1027 1148 1076 1185 ut
1107 1144 1277 1186 clericis
1310 1145 1503 1197 copiesis
1541 1146 1718 1196 egentes
1754 1157 1853 1186 con-

1026 1200 1238 1251 jungeret,
1259 1205 1302 1242 et
1321 1201 1457 1242 sacris
1477 1201 1733 1252 virginibus,
1755 1214 1853 1253 quae

1028 1256 1085 1297 ad
1107 1257 1271 1298 victum
1294 1257 1541 1298 necessaria
1564 1262 1725 1307 essent,
1754 1270 1852 1310 sup-

1027 1313 1341 1365 peditarentur.
1377 1314 1501 1355 Vixit
1524 1314 1568 1354 in
1592 1313 1853 1367 pontificatu

1027 1382 1163 1411 annos
1195 1370 1348 1422 viginti
1379 1384 1526 1420 unum,
1566 1383 1738 1412 menses
1782 1369 1852 1411 de-

1028 1438 1132 1477 cem,
1156 1426 1273 1468 diem
1300 1440 1443 1468 unum.
1487 1426 1693 1479 Sepultus
1720 1431 1786 1468 est
1809 1427 1853 1467 in

1027 1483 1280 1524 coemeterio
1309 1483 1538 1533 Priscillae,
1579 1483 1648 1524 via
1676 1483 1853 1525 Salaria.

1025 1539 1148 1580 Fecit
1177 1539 1475 1581 ordinatianes
1506 1544 1677 1592 septem
1703 1552 1853 1581 mense

1026 1595 1277 1646 Decembri,
1305 1595 1463 1648 quibus
1490 1596 1654 1637 creavit
1676 1595 1853 1648 presby-

1026 1657 1147 1694 teros
1169 1652 1458 1704 quadraginta
1483 1652 1612 1702 duos,
1641 1652 1851 1693 diaconos

1026 1709 1179 1760 viginti
1198 1709 1403 1761 quinque,
1430 1711 1665 1761 episcopos
1688 1721 1767 1761 per
1791 1708 1851 1749 di-

1026 1766 1153 1806 versa
1170 1765 1268 1806 loca
1286 1767 1513 1815 sexaginta
1532 1765 1734 1816 quinque.

1087 1831 1137 1882 Rg.
1156 1830 1248 1871 Iste
1269 1833 1335 1871 est
1355 1829 1428 1881 qui
1448 1834 1559 1870 ante.
1578 1828 1662 1880 [54]

1249 1917 1297 1955 In
1322 1917 1391 1954 ΙΙΙ.
1421 1915 1642 1954 Nocturno.

1034 1985 1190 2026 Lectio
1212 1984 1353 2025 sancti
1370 1983 1597 2036 Evangelii
1613 1983 1853 2025 secundum

1351 2041 1529 2082 Lucam.

1121 2111 1272 2150 Lectio
1294 2110 1360 2149 vii.
1539 2111 1640 2159 (lap.
1666 2109 1718 2147 12.
1740 2122 1771 2146 c.

1025 2169 1101 2275 In
1133 2173 1209 2215 illo
1242 2176 1458 2227 tempore:
1489 2174 1612 2216 Dixit
1635 2176 1660 2215 J
1663 2188 1762 2216 esus
1790 2175 1850 2216 di-

1097 2230 1276 2282 scipulis
1300 2231 1404 2272 suis:
1432 2231 1527 2272 Sint
1552 2231 1688 2272 lumbi
1715 2231 1850 2272 vestri

1025 2287 1270 2338 praecincti,
1297 2292 1341 2329 et
1363 2287 1555 2328 lucernae
1581 2287 1783 2328 ardentes
1806 2287 1850 2327 in

1025 2342 1225 2384 manibus
1246 2343 1413 2385 vestris.
1444 2343 1501 2384 Et
1518 2343 1695 2395 reliqua.

1068 2420 1257 2461 Homilia
1276 2420 1414 2461 sancti
1434 2419 1637 2471 Gregorii
1655 2420 1800 2472 Papae.

1227 2487 1364 2519 Ilomil.
1396 2487 1439 2518 133.
1468 2486 1499 2517 in
1527 2485 1667 2522 Evam-21.

1030 2553 1243 2624 f'szjsslamctl
1268 2550 1509 2600 Evangelii,
1537 2549 1693 2590 fratres
1719 2550 1846 2589 caris-

1144 2607 1259 2656 simi,
1293 2608 1445 2658 aperta
1470 2605 1595 2646 vobis
1622 2610 1688 2646 est
1715 2603 1846 2644 lectio

1030 2665 1057 2678 ¹'
1094 2658 1106 2685 3·
1142 2663 1337 2704 recitata.
1396 2661 1499 2711 Sed,
1542 2674 1596 2702 ne
1632 2659 1846 2710 aliquibus

152 2730 237 2769 que
262 2718 318 2759 ad
342 2719 542 2761 altiorem
565 2720 751 2772 gradum
770 2718 972 2761 ascende·
998 2706 1037 2766 Ι
1025 2731 1122 2771 lpsa
1145 2719 1235 2770 ejus
1254 2718 1456 2770 planities
1475 2717 1563 2758 alta
1585 2716 1770 2757 fortasse
1788 2714 1845 2754 vi-

305 2861 368 2885 Pars
383 2861 517 2885 Hiemalis.

1576 2844 1639 2877 15*

1788 204 1852 239 221
