2080 2990
641 192 706 225 Dic
737 193 783 225 12».
809 192 892 225 ⁷lan.
941 195 973 225 S.
1001 194 1135 226 (Inmiti
1168 193 1279 233 let-gis
1306 200 1339 226 ct
1367 194 1471 227 Mart.

208 280 313 323 cidit
344 287 490 324 autem
520 288 568 325 ut
596 284 766 334 Angliae
800 298 980 337 regnum
1008 300 1033 328 a

207 338 443 380 Wilhelmo
496 339 848 383 Normannorum
902 341 1032 393 duce,

206 394 470 436 formidabili
515 397 708 438 exercitu
745 397 1032 440 invaderetur.

205 450 359 501 Anglis
387 464 510 502 vero,
544 453 771 495 Dan6rum
799 467 930 507 opem
957 455 1031 496 im-

204 506 494 560 plorantibus,
538 523 637 551 cum
669 514 923 553 succurrere
955 525 1031 553 rex

206 563 493 615 decrevisset,
550 565 654 608 belli
708 566 1032 619 expeditionem

206 619 317 662 Olao
334 621 452 662 fratri
468 623 695 665 commisit.
720 623 802 673 Qui
822 624 1032 674 regnandi

205 677 445 730 cupiditate
469 678 657 729 illectus,
686 693 806 721 arma
833 681 964 723 vertit
988 681 1032 721 in

204 734 317 784 regis
349 736 602 787 perniciem,
642 736 850 778 militibus
883 742 926 779 et
955 740 1031 790 pe-

203 790 308 843 pulo
338 797 489 833 contra
515 792 635 833 illum
661 792 901 834 concitatis.
936 794 1032 836 Nec

204 846 434 890 defuerunt
451 848 677 890 rebelli6ni
696 849 898 891 fomenta.
922 850 1031 891 Cum

204 904 318 945 enim
346 917 438 954 rex,
466 904 593 946 editis
620 905 806 956 legibus,
840 906 1032 948 decimas

205 960 400 1002 ecclesiis
437 961 566 1011 solvi,
613 962 696 1004 Dei
743 967 786 1004 et
820 963 1032 1005 Ecclesiae

202 1019 428 1070 praecepta
467 1018 648 1068 servari,
683 1022 1030 1070 transgressores

202 1075 346 1127 puniri
367 1077 592 1125 sanxisset,
618 1075 818 1128 plerique
836 1077 1033 1129 perversi

203 1144 255 1173 ac
292 1131 494 1173 scelerati
529 1131 728 1173 homines
766 1133 1031 1183 exacerbati,

203 1189 392 1241 primum
426 1189 604 1241 quidem
636 1190 908 1240 tumultuari,
939 1196 1031 1232 tum

202 1245 379 1298 plebem
417 1247 712 1296 commovere,
757 1259 809 1288 ac
853 1247 1031 1289 tandem

203 1302 477 1344 sanctissimo
501 1302 593 1353 regi
611 1316 764 1345 necem
782 1303 927 1345 moliri
945 1317 1031 1346 coe-

202 1360 370 1411 perunt.

259 1422 302 1471 Ιζι.
338 1415 618 1458 Desiderium
649 1416 805 1458 animae
838 1418 929 1469 ejus
960 1418 1031 1459 tri-

203 1472 335 1514 buisti
369 1473 407 1514 ei
435 1473 640 1523 Demine,
663 1478 683 1499 *
717 1474 774 1515 Et
805 1474 1032 1517 voluntate

202 1528 417 1570 labiorum
447 1531 537 1582 ejus
564 1543 652 1571 non
680 1530 894 1572 fraudasti
921 1544 1031 1572 eum.

207 1583 252 1633 Y.
273 1586 488 1636 Queniam
507 1587 759 1639 praevenisti
779 1600 878 1628 eum
897 1587 941 1628 in
959 1587 1031 1630 be-

203 1642 523 1684 nedictionibus
556 1643 812 1684 dulcedinis:
845 1645 1031 1696 posuisti

202 1698 246 1739 in
274 1699 419 1752 capite
449 1700 539 1751 ejus
568 1702 775 1742 coronam
804 1700 860 1742 de
884 1699 1032 1754 lapide

203 1756 411 1808 pretioso.
439 1757 507 1798 Et.

504 1815 653 1856 Lectio
676 1816 725 1854 vi.

205 1867 391 1973 Sciens
411 1870 541 1921 igitur
555 1883 643 1920 rex,
662 1870 907 1913 futurorum
921 1873 1031 1925 prae-

316 1926 447 1976 scius,
467 1932 653 1969 mortem
673 1927 755 1970 sibi
773 1934 955 1982 propter
974 1930 1031 1981 ju-

203 1983 366 2024 stitiam
388 1983 629 2034 imminere;
653 1997 705 2026 ea
727 1986 1032 2037 praenuntiata,

203 2039 259 2081 ad
279 2039 510 2081 ecclesiam
534 2041 673 2082 sancti
692 2041 854 2083 Albani
871 2042 1031 2095 Marty-

204 2096 262 2137 ris
292 2095 513 2146 Othoniae,
550 2101 775 2149 tamquam
803 2098 859 2139 ad
886 2098 1032 2140 locum

203 2152 462 2202 certaminis,
481 2153 705 2205 profectus
726 2159 808 2195 est:
829 2160 872 2197 et
891 2168 1031 2196 sacra-

201 2209 360 2251 mentis
379 2211 580 2258 munitus,
600 2213 786 2261 agenem
803 2225 930 2253 suum
943 2212 1031 2253 Do-

202 2266 320 2306 mino
349 2265 697 2308 commendabat.
738 2268 842 2309 Mox
870 2267 930 2310 ibi
957 2267 1029 2310 ad-

202 2322 381 2363 veniens
419 2322 744 2374 conjuratorum
779 2324 1030 2376 multitudo,

205 2378 402 2420 ecclesiae
438 2378 584 2430 ignem
620 2379 871 2430 admovere,
913 2381 1030 2423 fores

203 2436 475 2487 confringere
513 2441 556 2478 et
586 2436 630 2477 in
662 2449 758 2478 eam
790 2438 1030 2491 irrumpere

202 2495 436 2535 tentarunt.
495 2492 625 2543 Quod
675 2506 773 2535 cum
818 2495 1030 2547 perficere

202 2562 291 2591 non
305 2554 499 2602 possent,
519 2549 575 2591 ad
594 2549 806 2591 fenestras
822 2551 1029 2592 acceden-

202 2611 288 2657 tes,
325 2618 431 2647 saxa
468 2611 511 2648 et
543 2608 724 2658 sagittas
756 2606 799 2647 in
831 2612 1030 2649 sanctum

203 2676 367 2714 regem,
392 2662 517 2705 flexis
540 2663 722 2713 genibus
741 2676 823 2716 pro
847 2664 1030 2705 inimicis

204 2722 419 2769 orantem,
455 2732 615 2771 magno
652 2722 818 2773 impetu
854 2720 1030 2772 jaculari

1086 300 1174 329 non
1203 290 1443 331 cessarunt:
1476 289 1618 332 donec
1643 291 1840 345 lapidum
1868 299 1912 335 et

1085 343 1273 386 telerum
1291 344 1463 395 ictibus,
1490 359 1541 387 ac
1563 347 1741 390 tandem
1759 348 1911 390 lancea

1087 400 1325 450 confossus,
1350 401 1543 452 glorioso
1562 405 1785 458 martyrio,
1811 411 1911 447 ante

1086 456 1223 499 altare
1260 458 1451 499 extensis
1487 458 1677 502 brachiis
1709 465 1909 514 procum-

1086 512 1210 564 bens,
1256 517 1493 556 coronatus
1527 521 1607 566 est,
1652 516 1832 560 sedente
1868 519 1909 559 in

1086 570 1331 622 apostolico
1355 570 1513 613 throno
1539 573 1753 624 GregOrio
1779 575 1909 628 septi-

1085 639 1169 667 mo.
1206 627 1354 669 Multis
1378 631 1534 680 postea
1556 630 1775 671 miraculis
1798 631 1909 672 Mar-

1084 687 1225 735 tyrem
1244 697 1370 724 suum
1388 684 1621 727 illustravit
1639 687 1771 728 Deus.
1797 687 1910 729 Nam

1085 740 1206 789 gravi
1225 740 1406 792 penuria
1426 746 1470 782 et
1489 741 1673 784 diversis
1693 743 1910 786 calamita-

1084 795 1200 837 tibus
1229 799 1443 849 oppressa
1469 799 1630 848 Dania,
1657 800 1819 852 patrati
1847 813 1911 841 sa-

1086 852 1247 904 crilegii
1280 866 1436 906 poenas
1467 854 1556 897 luit.
1597 856 1749 897 Plures
1781 857 1910 898 etiam

1085 909 1216 950 variis
1238 909 1521 961 langueribus
1545 912 1711 962 afflicti,
1739 912 1796 954 ad
1821 914 1910 964 ejus

1084 965 1298 1007 tumulum
1318 967 1558 1009 remedium
1578 973 1620 1010 et
1642 969 1910 1010 incolumita-

1084 1026 1174 1063 tem
1207 1024 1430 1065 consecstti
1461 1030 1571 1066 sunt.
1618 1025 1815 1078 Cumque
1846 1039 1910 1067 re-

1084 1080 1184 1129 gina
1230 1092 1401 1121 sacrum
1445 1081 1536 1133 ejus
1577 1094 1738 1134 corpus
1777 1086 1911 1124 noctu

1086 1134 1198 1176 clam
1226 1138 1463 1189 surripere,
1493 1142 1535 1179 et
1563 1138 1648 1179 alio
1676 1138 1911 1180 transferre

1086 1194 1333 1243 conaretur,
1363 1195 1522 1235 emisso
1552 1195 1723 1236 co'elitus
1746 1195 1911 1245 ingenti

1085 1248 1321 1301 splendore
1347 1251 1598 1303 perterrita,
1626 1264 1651 1292 a
1678 1251 1911 1304 propesito

1085 1305 1284 1347 cessavit.

1136 1365 1184 1415 R.
1213 1362 1335 1404 Stola
1353 1362 1643 1414 jucunditatis
1663 1364 1743 1416 [27]

1141 1426 1178 1458 ln
1196 1424 1256 1458 lll.
1274 1425 1380 1458 Noct.
1398 1424 1535 1458 llomil.
1553 1425 1589 1458 in
1604 1425 1747 1467 Evang.
1766 1425 1813 1460 s'i
1825 1425 1912 1470 quis

1084 1470 1177 1505 vult.
1194 1473 1238 1506 dc
1259 1472 1394 1507 eodem
1413 1474 1556 1507 Comm.
1573 1475 1603 1507 2.
1622 1474 1717 1508 loco.
1738 1473 1808 1517 [32]

1176 1534 1247 1567 l'ro
1273 1535 1328 1567 ὃς.
1355 1534 1477 1568 Mario
1504 1540 1539 1568 et
1564 1534 1689 1569 Sociis
1714 1536 1820 1571 Mart.

1388 1587 1535 1627 Lectio
1556 1587 1610 1626 ix.

1093 1660 1114 1738 {Q
1132 1679 1167 1721 x'
1184 1646 1316 1739 'arius
1330 1645 1636 1744 fiersffangbili
1650 1645 1912 1753 &cog-atu?

1217 1715 1315 1744 cum
1378 1715 1425 1743 ar
1577 1716 1648 1753 nju
1723 1717 1752 1756 p
1837 1717 1865 1744 n
1897 1727 1911 1733 -

1084 1758 1270 1809 bilitate,
1299 1763 1342 1800 et
1369 1758 1543 1800 du6bus
1570 1758 1671 1800 filiis
1697 1759 1912 1802 Audiface

1085 1820 1129 1857 et
1154 1815 1401 1866 Abachum,
1430 1816 1619 1857 Romam
1643 1817 1763 1858 venit
1787 1816 1911 1858 Clau-

1085 1871 1158 1913 dio
1186 1872 1468 1925 imperatore,
1501 1877 1550 1914 ut
1577 1872 1820 1926 Martyrum
1847 1886 1911 1915 se-

1084 1928 1268 1981 pulchra
1291 1930 1581 1970 veneraretur.
1613 1929 1681 1972 Ibi
1706 1929 1911 1972 Christia-

1084 1998 1165 2026 nos
1190 1985 1235 2026 in
1258 1985 1430 2027 vincula
1454 1986 1674 2038 conjectos
1693 1986 1911 2036 fovebant,

1086 2047 1129 2084 et
1154 2044 1290 2095 Opera
1315 2055 1366 2083 ac
1393 2041 1672 2084 facultatibus
1701 2042 1790 2084 suis
1820 2055 1910 2084 sus-

1084 2098 1327 2149 tentabant,
1366 2103 1409 2140 et
1441 2101 1692 2140 sanctorum
1724 2101 1911 2152 corpora

1085 2155 1367 2208 sepeliebant.
1400 2154 1695 2206 Quam6brem
1715 2167 1910 2208 compre-

1083 2211 1206 2252 hensi
1234 2224 1402 2261 omneS,
1439 2224 1538 2253 cum
1568 2223 1650 2252 nec
1676 2211 1909 2264 impiorum

1082 2267 1221 2318 minis,
1240 2281 1321 2310 nec
1334 2270 1502 2310 terrore
1519 2270 1909 2317 commoverentur,

1082 2330 1131 2366 ut
1150 2325 1231 2367 diis
1252 2325 1560 2375 sacrificarent;
1581 2324 1770 2377 primum
1790 2324 1909 2366 fusti-

1082 2381 1165 2423 bus
1194 2381 1424 2431 debilitati,
1456 2380 1615 2422 deinde
1643 2380 1818 2422 funibus
1847 2386 1908 2423 at-

1082 2437 1229 2487 tracti,
1265 2442 1357 2479 tum
1394 2436 1582 2478 admetis
1620 2436 1908 2479 candentibus

1081 2493 1253 2535 laminis
1282 2493 1515 2543 combusti,
1548 2498 1591 2535 et
1623 2493 1796 2544 lingulis
1827 2493 1907 2535 fer-

1083 2551 1167 2592 reis
1200 2549 1495 2592 excarnificati
1527 2554 1637 2591 sunt.
1678 2551 1908 2592 Postremo

1082 2607 1278 2661 praecisis
1296 2606 1513 2656 manibus,
1534 2611 1577 2648 et
1594 2606 1651 2648 ad
1671 2606 1831 2648 collum
1849 2606 1908 2647 al-

1082 2664 1244 2715 ligatis,
1275 2662 1394 2705 ducti
1425 2675 1504 2715 per
1530 2663 1720 2704 mediam
1745 2662 1908 2712 urbem,

1083 2721 1152 2769 via
1177 2720 1380 2762 Cornelia
1403 2719 1459 2762 ad
1490 2720 1667 2762 tertium
1691 2718 1908 2762 decimum
