2080 2990
763 210 938 243 Officium
966 210 1251 244 Defunctorum.

151 316 237 345 me:
254 303 278 328 *
298 302 354 344 de
371 315 500 343 mane
518 314 658 354 usque
678 301 735 342 ad
750 303 983 354 vesperam

151 359 277 400 finies
295 371 378 400 me.

203 414 446 467 Sperabam
461 426 601 466 usque
617 413 674 455 ad
687 427 825 463 mane,
839 415 863 440 *
880 426 982 465 qua-

153 471 190 511 si
203 469 274 512 leo
290 471 353 512 sic
369 470 575 512 contrivit
592 470 737 511 omnia
755 483 857 511 ossa
870 483 983 511 mea:

203 526 272 568 De
295 539 423 568 mane
445 539 586 578 usque
606 525 664 567 ad
684 528 918 579 vesperam
937 526 982 566 fi-

152 583 246 624 nies
271 595 357 624 me:
381 583 405 608 *
430 583 544 624 818111
567 582 715 634 pullus
740 582 983 623 hirundinis

153 639 216 680 818
226 639 437 688 clamabo,
445 638 696 680 meditabor
706 643 755 679 ut
765 638 983 679 columba:

204 695 434 736 Attenuati
461 699 563 736 sunt
591 694 706 735 oculi
732 695 835 745 mei,
863 697 886 720 *
916 708 983 735 su—

153 751 389 803 spicientes
407 751 452 791 in
472 750 708 792 excelsum:

204 807 394 849 Demine
428 808 518 849 vim
555 807 717 859 patior,
763 806 983 859 responde

151 875 232 916 pro
264 877 347 905 me.
371 866 395 891 *
419 863 538 914 Quid
570 863 731 913 dicam,
771 868 845 904 aut
879 862 985 914 quid

152 920 439 972 respondebit
453 919 570 969 mihi,
586 919 794 971 cumipse
809 918 984 960 fecerit?

203 976 481 1028 Recogitabo
526 975 608 1017 tibi
652 988 804 1016 omnes
845 987 984 1015 annos

152 1044 276 1073 meos
287 1033 310 1058 *
320 1033 365 1073 in
381 1032 673 1073 amaritudine
689 1032 847 1072 animae
863 1043 985 1072 meae.

205 1088 394 1130 Domine
414 1089 451 1129 si
470 1088 533 1129 818
551 1089 729 1138 vivitur,
757 1092 800 1129 et
823 1087 866 1127 in
890 1087 983 1128 1311-

153 1144 237 1186 bus
251 1145 341 1186 vita
358 1145 537 1197 spiritus
556 1145 653 1194 mei,
673 1144 884 1196 corripies
903 1156 984 1193 me,

154 1206 198 1242 et
225 1201 468 1243 vivificabis
495 1214 576 1242 me.
604 1202 628 1227 *
656 1201 773 1242 Ecce
804 1201 848 1241 in
875 1212 986 1252 pace

154 1257 400 1299 amaritudo
418 1270 517 1298 mea
536 1257 820 1298 amarissima:

207 1313 277 1354 Tu
295 1318 442 1355 autem
462 1314 614 1354 eruisti
636 1313 824 1354 animam
843 1324 986 1353 meam

154 1374 203 1411 ut
233 1382 322 1411 non
352 1372 531 1422 periret:
563 1370 587 1396 *
618 1369 843 1422 projecisti
883 1373 987 1420 post

155 1429 327 1476 tergum
350 1431 476 1467 tuum
502 1426 648 1467 omnia
671 1427 856 1478 peccata
878 1437 986 1465 mea.

208 1482 319 1532 Quia
354 1496 443 1524 non
479 1482 674 1523 infernus
707 1480 988 1522 confitebitur

154 1538 245 1587 tibi,
264 1551 407 1590 neque
426 1551 545 1579 mors
564 1537 760 1579 laudabit
779 1542 838 1578 te:
857 1538 880 1563 *
898 1549 987 1577 non

156 1594 478 1647 exspectabunt
521 1594 596 1646 qui
633 1592 907 1635 descendunt
943 1593 987 1632 in

155 1650 311 1701 lacum,
330 1651 563 1692 veritatem
581 1655 714 1691 tuam.

207 1707 374 1748 Vivens
400 1707 555 1747 vivens
583 1707 678 1759 ipse
706 1704 988 1747 confitebitur

155 1762 251 1812 tibi,
275 1763 389 1804 sicut
413 1767 456 1804 et
481 1775 563 1814 ego
585 1762 732 1803 hodie:
751 1763 775 1788 *
794 1766 921 1814 pater
940 1761 987 1801 fi-

155 1818 225 1859 liis
244 1823 396 1859 notam
414 1818 546 1859 faciet
565 1818 798 1859 veritatem
817 1822 948 1858 tuam.

207 1874 397 1915 Domine
417 1874 586 1915 salvum
603 1886 674 1914 me
688 1874 768 1923 fac,
779 1875 802 1900 *
815 1878 859 1914 et
873 1873 986 1925 psal-

155 1943 252 1972 mos
288 1935 466 1972 nostros
507 1929 778 1971 cantabimus
820 1929 987 1970 cunctis

157 1985 313 2028 diebus
342 1986 444 2027 vitae
471 1990 637 2027 nostrae
663 1986 709 2026 in
737 1984 871 2026 domo
899 1986 987 2026 Do-

155 2042 272 2083 mini.

209 2097 426 2150 Requjem
445 2099 665 2138 aeternam.

207 2163 306 2203 Ant.
328 2164 364 2202 A
387 2163 521 2211 porta
539 2158 665 2198 inferi
680 2158 783 2199 erue
798 2156 988 2198 Domine

158 2214 345 2255 animam
363 2226 518 2255 meam.

206 2277 306 2316 Ant.
327 2275 482 2316 Omnis
503 2274 682 2326 spiritus
697 2275 720 2301 *
736 2273 886 2315 laudet
900 2273 987 2314 Do-

156 2329 332 2371 minum.

418 2381 615 2421 Psalmus
635 2382 721 2420 148.

238 2433 398 2475 audate
431 2434 670 2474 Dominum
704 2432 760 2474 de
793 2432 930 2473 eoelis:
964 2431 989 2456 *

260 2489 438 2530 laudate
457 2502 557 2530 eum
574 2490 618 2529 in
639 2488 833 2530 excelsis.

210 2544 409 2586 Laudate
425 2557 525 2586 eum
541 2557 693 2586 omnes
708 2542 867 2594 Angeli
885 2543 989 2592 ejus:

159 2601 183 2625 *
201 2599 379 2641 laudate
398 2613 498 2641 eum
517 2613 670 2642 omnes
685 2600 869 2640 virtutes
887 2599 989 2649 ejus.

210 2654 410 2696 Laudate
436 2668 535 2696 eum
561 2655 627 2696 sol
652 2659 696 2696 et
718 2655 835 2695 luna:
853 2654 877 2679 *
901 2653 989 2693 lau-

161 2710 264 2752 date
290 2723 388 2751 eum
413 2723 566 2752 omnes
585 2710 742 2759 stellae,
767 2715 810 2751 et
833 2709 989 2750 lumen.

1771 209 1861 253 [175]

1086 301 1286 343 Laudate
1319 315 1419 343 eum
1450 303 1551 344 coeli
1584 304 1812 345 coelorum:
1839 306 1862 330 *

1036 362 1080 398 et
1099 370 1226 409 aquae
1246 370 1415 408 omnes,
1443 371 1542 410 quae
1567 372 1698 412 super
1724 361 1862 402 coelos

1035 418 1146 463 sunt,
1165 413 1344 455 laudent
1363 427 1523 456 nomen
1541 416 1730 457 D6mini.

1088 470 1201 520 Quia
1223 470 1319 522 ipse
1346 470 1470 520 dixit,
1500 476 1542 512 et
1567 472 1682 513 facta
1706 478 1821 514 sunt:
1840 474 1863 498 *

1034 526 1131 578 ipse
1151 526 1387 575 mandavit,
1407 532 1451 568 et
1470 530 1616 568 ereata
1636 533 1746 569 sunt.

1090 582 1251 624 Statuit
1270 595 1321 623 ea
1341 583 1385 622 in
1405 585 1630 633 aeternum,
1657 589 1700 624 et
1724 585 1767 625 in
1787 587 1863 626 838-

1036 638 1182 679 culum
1202 639 1365 679 saeculi:
1379 639 1403 664 *
1418 641 1691 691 praeceptum
1705 642 1864 692 posuit,

1037 699 1080 736 et
1098 707 1186 736 non
1205 695 1460 747 praeterIbit.

1087 750 1286 792 Laudate
1318 751 1557 792 D6minum
1590 751 1644 793 de
1676 756 1809 802 terra,
1840 754 1864 778 *

1037 807 1263 856 1113801188,
1284 811 1327 848 81
1347 819 1499 848 01111188
1518 807 1676 859 abyssi.

1088 864 1218 914 Ignis,
1243 863 1424 914 grando,
1444 864 1528 913 nix,
1548 863 1723 914 glacies,
1744 865 1865 916 spiri-

1035 924 1108 960 tus
1122 919 1432 972 procellarum:
1447 920 1473 945 *
1487 932 1586 970 quae
1603 920 1766 961 faciunt
1781 933 1870 961 ver-

1036 975 1142 1016 bum
1163 977 1270 1028 ejus:

1089 1032 1278 1081 Montes,
1304 1035 1347 1073 et
1367 1044 1519 1073 omnes
1539 1032 1689 1073 colles:
1709 1033 1732 1057 ²⁸¹
1751 1032 1867 1084 ligna

1037 1088 1275 1142 fructifera,
1296 1093 1339 1128 et
1359 1101 1511 1129 omnes
1530 1088 1660 1129 cedri.

1090 1144 1264 1193 Bestiae,
1281 1149 1324 1185 et
1339 1144 1544 1184 universa
1558 1146 1736 1196 pecora:
1746 1144 1769 1169 *
1781 1157 1867 1185 ser-

1038 1202 1204 1252 pentes,
1224 1205 1268 1241 et
1286 1199 1489 1240 volucres
1508 1202 1726 1252 pennatae:

1090 1257 1236 1307 Reges
1255 1260 1402 1305 terrae,
1423 1260 1466 1296 et
1485 1268 1637 1296 omnes
1655 1255 1825 1307 pepuli:
1844 1256 1867 1280 *

1038 1313 1274 1364 principes,
1299 1316 1343 1352 et
1367 1324 1518 1352 omnes
1542 1311 1707 1362 judices
1727 1316 1867 1352 terrae.

1090 1369 1281 1409 Juvenes
1309 1372 1353 1408 et
1379 1368 1583 1419 virgines:
1612 1380 1739 1408 senes
1768 1380 1868 1408 cum

1039 1424 1280 1476 juni6ribus
1298 1423 1479 1464 laudent
1498 1436 1658 1465 nomen
1676 1423 1868 1464 Domini:

1039 1481 1062 1506 *
1093 1480 1194 1532 quia
1223 1480 1463 1521 exaltatum
1495 1484 1562 1520 est
1589 1492 1749 1520 nomen
1777 1480 1868 1530 ejus

1040 1536 1188 1577 solius.

1092 1591 1320 1633 Confessio
1346 1592 1436 1642 ejus
1462 1603 1593 1643 super
1618 1590 1796 1639 coelum,
1826 1595 1870 1631 et

1038 1652 1218 1689 terram:
1246 1648 1269 1672 *
1298 1652 1342 1687 81
1378 1646 1587 1687 exaltavit
1621 1659 1759 1687 cornu
1791 1648 1868 1698 po-

1039 1704 1133 1756 puli
1152 1704 1230 1744 sui.

1091 1760 1293 1812 Hymnus
1314 1758 1516 1799 omnibus
1537 1758 1698 1798 83118118
1720 1758 1828 1808 ejus:
1846 1758 1869 1782 ’⁸¹

1039 1816 1140 1856 filiis
1150 1814 1299 1862 Israel,
1314 1814 1481 1866 p6pulo
1497 1813 1869 1866 appropinquanti

1040 1871 1132 1912 sibi.

1093 1927 1175 1966 Hic
1195 1939 1281 1965 non
1304 1925 1461 1966 dicitur
1480 1925 1707 1977 Requiem.

1297 1982 1496 2022 Psalmus
1517 1982 1603 2020 149.

1041 2033 1266 2139 Cantate
1300 2038 1492 2079 Domino
1534 2037 1753 2078 canticum
1794 2049 1868 2077 no-

1131 2107 1248 2135 vum:
1284 2095 1308 2121 *
1344 2093 1439 2134 laus
1476 2094 1567 2144 ejus
1602 2093 1646 2133 in
1683 2092 1869 2133 ecelesia

1040 2152 1305 2192 sanctorum.

1092 2207 1287 2248 Laetetur
1314 2205 1452 2247 Israel
1478 2205 1523 2245 in
1551 2217 1622 2254 eo,
1665 2204 1739 2256 qui
1766 2204 1869 2244 fecit

1041 2276 1155 2304 eum:
1174 2264 1198 2290 *
1218 2267 1262 2303 et
1279 2262 1359 2302 fssii
1378 2261 1483 2303 Sion
1503 2260 1724 2302 exsultent
1742 2260 1786 2299 in
1804 2271 1867 2299 re-

1039 2331 1094 2370 ge
1114 2331 1206 2360 suo.

1092 2374 1294 2415 Laudent
1317 2385 1478 2415 nomen
1502 2373 1592 2423 ejus
1611 2372 1655 2411 in
1674 2370 1826 2411 choro:
1844 2369 1868 2394 *

1040 2431 1084 2471 in
1098 2433 1320 2482 tympano,
1337 2434 1380 2470 et
1394 2428 1602 2481 psalterio
1616 2426 1806 2478 psallant
1816 2425 1869 2465 ei:

1094 2485 1205 2535 Quia
1231 2484 1556 2536 beneplacitum
1584 2487 1651 2523 est
1678 2481 1867 2521 Demino

1040 2542 1083 2582 in
1103 2541 1271 2594 populo
1293 2552 1388 2581 suo:
1407 2540 1430 2565 *
1451 2543 1495 2580 et
1520 2537 1727 2579 exaltabit
1751 2548 1867 2576 man-

1042 2599 1191 2638 suetos
1212 2597 1255 2637 in
1276 2596 1473 2637 salutem.

1093 2651 1387 2693 Exsultabunt
1419 2648 1560 2690 sancti
1592 2648 1636 2688 in
1667 2646 1819 2697 gloria:
1844 2645 1868 2670 *

1042 2707 1309 2749 laetabuntur
1328 2707 1372 2746 in
1391 2704 1606 2758 cubilibus
1625 2703 1724 2743 suis.
