2040 2990
684 187 794 221 Fcria
821 189 989 222 secunda
1016 190 1065 222 ad
1090 190 1326 225 Matutinum.
1812 189 1857 223 43
1904 144 1911 224 Ι

202 287 299 326 Vox
335 285 513 325 Domini
548 284 592 325 in
623 284 803 325 virtute:
835 284 858 309 *
887 297 974 326 vox
1077 283 1150 325 Ad
1172 289 1216 325 te
1236 284 1424 325 Domine
1449 283 1665 325 clamabo:
1689 285 1711 310 *
1736 290 1779 326 et
1799 285 1855 326 ad

144 341 322 382 Domini
340 341 384 381 in
402 341 733 392 magnificentia.
1025 341 1169 382 Deum
1187 353 1333 381 meum
1353 339 1636 392 deprecabor.

196 397 300 439 Vox
335 397 512 438 Domini
554 397 864 447 confringantis
907 410 974 438 ce-
1078 397 1186 447 Quae
1210 396 1372 438 utilitas
1397 397 1439 437 in
1463 397 1670 447 sanguine
1694 411 1805 446 meo,
1832 398 1855 423 *

146 453 268 495 dros:
294 454 318 479 *
344 459 387 495 et
411 454 656 504 confringet
673 453 887 494 Dominus
908 466 973 495 ce-
1026 453 1130 494 dum
1150 452 1371 495 descendo
1391 453 1434 493 in
1454 453 1803 506 corruptionem?

146 509 250 551 dros
269 509 442 552 Libani:
1077 509 1302 562 Numquid
1318 509 1595 551 confitebitur
1610 510 1689 551 tibi
1701 510 1854 562 pulvis,

196 567 253 608 Et
273 569 538 608 comminuet
567 579 640 608 eas
667 571 892 618 tamquam
915 568 973 607 vi·
1025 567 1048 591 *
1068 572 1142 608 aut
1169 565 1440 607 annuntiabit
1459 566 1688 607 veritatem
1711 566 1853 608 tuam?

144 623 283 664 tulum
305 623 477 665 Libani:
499 624 523 649 *
552 628 595 664 et
619 622 802 664 dilectus
828 635 974 674 quem·
1077 622 1258 664 Audivit
1295 623 1527 671 Dominus,
1570 628 1613 663 et
1653 623 1854 664 misertus

196 737 299 778 Vox
324 736 500 778 Domini
527 735 826 777 intercidentis
856 735 973 776 flam·
1026 737 1140 788 jutor
1160 749 1294 776 meus.

143 792 973 844 mamignis:*voxDominiconcutie'n-
1080 792 1344 833 Convertisti
1378 791 1602 844 planctum
1635 805 1780 833 meum
1812 793 1854 833 in

1026 848 1233 899 gaudium
1267 848 1389 889 mihi:
1423 850 1446 873 *
1480 849 1732 890 conscidisti
1767 862 1855 890 sac-

1027 919 1125 947 cum
1157 918 1319 954 meum,
1354 910 1396 947 et
1430 905 1755 947 circumdedisti
1786 919 1855 947 me

1026 962 1194 1003 laetitia:

1077 1019 1136 1060 Ut
1157 1023 1302 1059 cantet
1321 1018 1401 1060 tibi
1420 1018 1558 1069 gloria
1577 1032 1685 1067 mea,
1707 1024 1749 1060 et
1769 1032 1854 1060 non

1027 1079 1312 1127 compangar:
1332 1075 1355 1100 *
1375 1075 1562 1116 Domine
1589 1076 1708 1116 Deus
1734 1088 1855 1116 meus
1900 1083 1902 1086 ’

1025 1133 1068 1173 in
1088 1134 1299 1173 aeternum
1320 1132 1563 1173 confitebor
1582 1132 1671 1173 tibi.
1899 1127 1906 1184 ξ

1083 1194 1177 1233 Ant.
1210 1192 1404 1233 Adorate
1428 1192 1663 1234 Dominum
1689 1193 1732 1233 in
1758 1193 1855 1234 aula

1027 1254 1176 1290 sancta
1197 1250 1296 1301 ejus.

1079 1312 1176 1351 Ant.
1210 1309 1258 1350 ln
1277 1315 1351 1351 tua
1370 1309 1541 1362 justitia.

1299 1384 1491 1423 l-'salmus
1511 1387 1547 1421 ,²31
1561 1389 1581 1423 ).

1075 1463 1103 1489 n
1130 1454 1174 1491 te
1202 1450 1390 1491 Domine
1419 1451 1610 1502 speravi,
1638 1463 1726 1491 non
1756 1463 1854 1491 con—

143 850 198 890 tis
227 849 467 891 desertum:
497 855 540 891 et
568 848 863 891 commovebit
887 849 973 889 Do-

143 906 284 947 minus
305 906 527 948 desertum
548 906 700 948 Gades.

195 963 297 1004 Vox
310 963 487 1004 Domini
501 964 791 1016 praeparantis
807 976 972 1012 cervos,

145 1023 188 1060 et
207 1019 420 1061 revelabit
439 1019 679 1061 condensa:
699 1020 721 1045 *
743 1026 786 1061 et
805 1021 848 1061 in
867 1026 972 1061 tem-

143 1075 219 1128 plo
240 1076 329 1127 ejus
350 1089 501 1117 omnes
522 1076 668 1117 dicent
687 1076 882 1127 gloriam.

195 1130 408 1174 Dominus
429 1133 640 1175 dilnvium
656 1133 900 1175 inhabitare
915 1134 972 1174 fa-

143 1189 225 1230 citi
248 1189 271 1214 *
300 1194 343 1230 et
378 1188 548 1231 sedebit
575 1190 789 1231 Dominus
824 1203 902 1231 rex
930 1191 973 1230 in

143 1247 365 1287 aeternum.

193 1302 406 1344 Dominus
444 1303 650 1344 virtutem
687 1303 852 1356 populo
893 1317 972 1345 suo

143 1357 282 1400 dabit:
298 1360 321 1385 *
337 1359 551 1400 Dominus
562 1359 794 1401 benedicet
806 1359 971 1413 populo

143 1427 223 1456 suo
243 1429 286 1455 m
305 1428 426 1468 pace.

414 1491 611 1532 Psalmus
632 1494 696 1532 29.

75 1565 84 1571 ⁵
140 1556 403 1662 Exaltabo
457 1574 501 1611 te
536 1569 724 1610 Domine
770 1567 973 1619 quoniam

247 1626 479 1679 suscepisti
497 1638 586 1666 me:
604 1625 627 1651 *
647 1637 728 1666 nec
744 1623 973 1665 delectasti

142 1685 341 1726 inimicos
359 1695 482 1724 meos
502 1694 634 1734 super
652 1694 734 1722 me.

195 1745 383 1786 Domine
407 1744 527 1785 Deus
552 1755 675 1784 meus
705 1740 889 1783 clamavi
917 1740 973 1781 ad
1079 1741 1186 1782 Esto
1201 1740 1306 1781 mihi
1325 1741 1368 1781 in
1383 1741 1526 1782 Deum
1540 1744 1854 1794 protectorem:

143 1807 198 1852 te,
216 1802 240 1828 *
262 1806 306 1843 et
325 1800 489 1842 sanasti
507 1812 588 1840 me.
1027 1802 1071 1838 et
1097 1797 1140 1837 in
1167 1796 1345 1838 domum
1373 1798 1542 1848 refugii,
1567 1799 1589 1823 *
1613 1803 1661 1840 ut
1686 1798 1855 1839 salvum

193 1862 382 1904 Domine
407 1860 595 1903 eduxisti
620 1859 674 1900 ab
694 1859 863 1899 inferno
886 1858 972 1899 ani·
1025 1865 1095 1894 me
1115 1853 1259 1894 facias.

142 1931 429 1961 mammeam:
443 1918 466 1943 *
482 1916 661 1958 salvasti
673 1928 780 1956 mea
795 1914 972 1956 descen·
1079 1914 1293 1963 Quoniam
1313 1914 1524 1956 fortitudo
1544 1928 1651 1965 mea,
1677 1921 1720 1957 et
1743 1916 1853 1957 refu-

144 1975 346 2018 dentibus
366 1975 409 2015 in
428 1974 582 2015 lacum.
1025 1970 1142 2019 gium
1176 1983 1322 2011 meum
1358 1983 1403 2011 es
1438 1977 1502 2012 tu:
1537 1972 1560 1996 *
1596 1978 1638 2013 et
1672 1977 1854 2024 propter

193 2035 372 2078 Psallite
392 2034 582 2076 Domino
604 2032 742 2074 sancti
762 2032 866 2083 ejus:
885 2031 908 2056 *
930 2035 973 2071 et
1025 2039 1184 2089 nomen
1207 2031 1329 2067 tuum
1354 2027 1546 2069 deduces
1573 2042 1659 2078 me,
1687 2034 1730 2070 et
1754 2032 1853 2070 enu-

144 2092 409 2135 confitemini
458 2090 683 2132 memoriae
724 2087 971 2130 sanctitatis
1025 2087 1130 2123 tries
1150 2095 1231 2123 me.

1095 1505 1251 1547 fundar
1270 1507 1313 1547 in
1334 1508 1560 1548 aeternum:
1580 1507 1603 1532 *
1627 1507 1670 1547 in
1694 1507 1854 1558 justitia
1898 1535 1902 1551 ;

1026 1567 1101 1603 tua
1119 1561 1257 1604 libera
1275 1576 1357 1604 me.
1898 1554 1903 1612 ξ

1077 1623 1244 1664 Inclina
1263 1623 1319 1665 ad
1337 1637 1407 1665 me
1428 1637 1577 1665 aurem
1596 1629 1726 1674 tuam,
1745 1625 1768 1649 *
1789 1637 1854 1665 ac-

145 679 384 721 admodum
403 679 517 721 filius
535 679 819 721 unicornium.
855 703 858 705 Δ
1027 685 1092 721 est
1114 680 1217 720 mei:
1240 680 1263 703 *
1287 679 1500 720 Dominus
1525 679 1663 720 factus
1692 685 1757 721 est
1783 679 1854 721 ad-

995 1689 1000 1710 ι
1027 1679 1170 1720 celera
1189 1685 1237 1721 ut
1258 1682 1383 1721 eruas
1403 1693 1484 1721 me.

146 2150 247 2202 ejus.
1077 2142 1251 2184 Educes
1270 2157 1340 2185 me
1361 2143 1416 2185 de
1435 2144 1594 2196 laqueo
1612 2145 1706 2194 hoc,
1725 2158 1854 2197 quem

195 2206 410 2256 Quoniam
424 2205 488 2245 ira
502 2204 546 2244 in
557 2201 855 2253 indignatione
867 2201 971 2252 ejus:
1025 2198 1349 2241 absconderunt
1376 2200 1498 2241 mihi:
1524 2202 1547 2227 *
1575 2202 1779 2253 quoniam
1806 2207 1853 2243 tu

142 2263 165 2288 *
186 2267 229 2304 et
247 2263 337 2303 vita
355 2262 399 2302 in
417 2260 642 2302 voluntate
663 2259 763 2310 ejus.
1026 2267 1071 2296 es
1091 2257 1316 2307 protector
1335 2270 1468 2298 meus.
1896 2308 1897 2312 Ἰ

195 2323 508 2375 Advesperum
517 2319 816 2362 demorabitur
829 2319 971 2359 fletus:
1075 2316 1126 2356 In
1149 2329 1302 2358 manus
1325 2322 1422 2358 tuas
1448 2318 1707 2359 commendo
1731 2319 1851 2371 spiri·
1891 2321 1897 2383 ι

142 2381 166 2406 *
186 2385 230 2422 et
248 2379 304 2421 ad
322 2381 582 2419 matutinum
599 2376 763 2418 laetitia.
1023 2377 1116 2413 tum
1130 2385 1289 2414 meum:
1304 2374 1327 2398 *
1343 2373 1565 2416 redemisti
1581 2388 1650 2415 me
1666 2375 1851 2415 Domine
1891 2385 1893 2388 ’

194 2437 289 2486 Ego
325 2439 471 2476 autem
508 2433 598 2475 dixi
629 2433 672 2473 in
706 2433 970 2474 abundantia
1023 2428 1143 2469 Deus
1163 2429 1370 2471 veritatis.

141 2505 257 2534 mea:
281 2493 305 2518 *
329 2491 431 2532 Non
452 2489 665 2531 movebor
684 2489 728 2529 in
749 2491 970 2530 aeternum.
1077 2488 1219 2530 Odisti
1255 2490 1539 2532 observantes
1568 2491 1798 2540 vanitates,
1827 2492 1850 2515 *

193 2553 380 2593 Domine
405 2552 450 2592 in
468 2550 692 2592 voluntate
713 2555 797 2599 tua,
817 2550 839 2575 *
859 2562 969 2601 prae-
1025 2548 1306 2597 supervacue.

142 2722 281 2764 factus
301 2733 397 2762 sum
417 2719 712 2763 conturbatus.
1023 2716 1094 2759 dia
1113 2722 1198 2759 tua.

143 2609 290 2649 stitisti
309 2608 458 2650 decori
477 2619 576 2648 meo
596 2607 814 2647 virtutem.
1075 2606 1170 2655 Ego
1190 2611 1335 2648 autem
1355 2607 1397 2647 in
1413 2607 1601 2649 Domino
1622 2607 1810 2660 speravi:
1825 2607 1848 2631 *
1888 2603 1894 2813 Ι

195 2665 405 2706 Avertisti
427 2664 583 2705 faciem
601 2668 720 2704 tuam
740 2675 765 2703 a
783 2675 863 2710 me,
883 2661 906 2687 *
927 2666 984 2711 et·
1024 2661 1264 2711 exsultabo,
1286 2668 1329 2705 et
1347 2663 1532 2706 laetabor
1547 2665 1590 2705 in
1609 2663 1848 2705 misericor-
