2080 2990
741 212 780 244 ln
805 211 1056 244 Dedicatione
1079 210 1271 243 Ecclesiae.

202 309 301 348 Ant.
343 306 595 348 AEdificavit
628 306 805 358 Moyses
838 305 973 348 altare

148 365 339 406 Domino
357 365 467 405 Deo.

202 417 253 468 V.
279 422 471 462 Domum
494 425 615 462 tuam
633 419 821 460 Domine
847 418 974 460 decet

150 476 409 519 sanctitudo.
474 477 524 528 R!-
565 477 616 516 In
657 474 972 527 longitudinem

150 533 328 575 dierum.

204 592 332 631 Pater
359 594 518 631 noster.

202 648 447 688 Absolutio.
477 644 648 686 Exaudi
665 644 863 685 Domine.

202 700 252 751 V.
278 703 389 744 Jube
411 702 580 744 domne.

203 759 364 801 Bened.
392 758 704 801 Benedictione
723 758 947 810 perpetua.

148 826 216 868 De
239 826 352 868 libro
381 826 575 869 secundo
600 825 973 879 Paralipomenon.

276 892 469 935 Lectioi.
493 903 495 905 ’
687 894 788 946 Cap.
808 894 843 935 7.

154 968 177 1007 ¹1³
362 957 628 1011 complesset
651 956 858 998 Salomon
882 956 972 997 fun-

183 1015 204 1038 “’-’
283 1014 390 1057 dens
412 1027 584 1067 preceS,
611 1013 723 1065 ignis
747 1012 974 1054 descendit

156 1061 252 1091 μή
282 1071 337 1114 de
368 1070 498 1120 coelo,
531 1075 574 1112 et
601 1069 828 1112 devoravit
853 1069 973 1110 holo-

150 1132 301 1170 causta
318 1132 362 1169 et
377 1127 590 1168 victimas:
610 1131 654 1168 et
672 1127 875 1177 majestas
886 1125 973 1166 Do-

148 1185 253 1226 mini
286 1183 485 1237 implevit
521 1183 710 1225 domum.
753 1182 848 1224 Nec
878 1184 972 1234 pot-

150 1246 272 1284 erant
297 1239 550 1282 sacerdotes
575 1238 745 1290 ingredi
762 1238 974 1291 templum

148 1297 342 1347 Domini,
371 1309 423 1338 eo
453 1295 571 1348 quod
599 1295 824 1348 implesset
847 1295 974 1347 maje-

150 1359 239 1396 stas
253 1353 430 1395 Domini
447 1352 659 1405 templum
673 1352 860 1393 Domini.
887 1350 974 1392 Sed

150 1416 194 1453 et
221 1423 371 1452 omnes
399 1409 476 1450 filii
502 1408 640 1450 Israel
667 1408 874 1450 videbant
902 1407 973 1448 de-

150 1466 430 1509 scendentem
447 1466 602 1518 ignem,
623 1470 666 1507 et
684 1465 867 1516 gloriam
886 1464 973 1505 Do-

149 1523 253 1565 mini
272 1536 404 1576 super
429 1521 622 1564 domum:
652 1526 694 1563 et
720 1522 973 1562 corruentes

149 1580 276 1633 proni
293 1580 338 1620 in
350 1584 513 1621 terram
531 1590 663 1631 super
676 1577 973 1630 pavimentum

151 1641 335 1678 stratum
348 1634 505 1688 lapide,
521 1634 814 1676 adoraverunt
829 1638 873 1675 et
885 1633 974 1674 lau-

151 1692 364 1735 daverunt
381 1691 634 1733 Dominum:
660 1690 875 1741 Quoniam
897 1689 973 1731 bo-

149 1761 250 1798 nus,
280 1748 484 1802 quoniam
507 1747 552 1788 in
578 1746 787 1788 saeculum
811 1746 973 1787 miseri-

147 1804 298 1847 cordia
324 1805 426 1856 ejus.
461 1804 559 1845 Rex
584 1808 746 1852 autem,
773 1807 816 1844 et
835 1802 974 1843 omnis

148 1860 340 1914 populus
367 1859 654 1901 immolabant
680 1859 880 1900 victimas
905 1871 974 1900 00-

150 1930 244 1958 13111
268 1916 471 1958 Domino.
506 1916 717 1957 Mactavit
743 1915 873 1966 igitur
898 1927 976 1956 rex

149 1973 358 2015 Salomon
405 1971 590 2021 11081138,
645 1971 781 2013 boum
825 1971 975 2022 viginti

151 2029 238 2072 duo
258 2029 408 2079 millia,
427 2030 613 2070 arietum
631 2032 805 2069 centum
824 2027 976 2078 viginti

149 2085 308 2142 mjlliazl
336 2090 379 2127 et
418 2084 639 2126 dedicavit
676 2083 855 2125 domum
892 2084 974 2125 Dei

150 2154 238 2192 rex,
257 2146 300 2184 et
318 2141 547 2183 universus
566 2140 767 2193 populus.

198 2199 250 2251 R.
278 2199 329 2239 In
354 2197 629 2240 dedicatione
647 2196 800 2249 templi
820 2196 972 2238 decan-

150 2254 273 2296 tabat
296 2254 487 2307 populus
506 2253 694 2295 laudem:
711 2256 734 2279 *
756 2254 812 2294 Et
834 2253 878 2294 in
899 2265 972 2294 ore

152 2313 303 2352 eorum
353 2311 492 2352 dulcis
543 2310 778 2352 resonabat
828 2322 973 2351 sonus.

149 2361 200 2413 V.
220 2366 422 2409 Fundata
444 2372 510 2409 est
530 2366 688 2409 domus
707 2366 886 2408 Domini
906 2379 972 2407 su-

151 2435 232 2475 pra
254 2423 461 2465 verticem
486 2423 709 2471 montium,
731 2427 775 2464 et
800 2422 972 2464 venient

152 2478 209 2520 ad
228 2491 324 2520 eam
346 2492 496 2521 omnes
517 2479 693 2521 Gentes.
721 2480 787 2520 Et.

203 2534 362 2575 Bened.
389 2535 648 2588 Unigenitus
666 2536 759 2577 Dei.

456 2603 607 2645 Lectio
628 2605 665 2644 ii.

221 2669 450 2712 acerdotes
475 2675 621 2712 autem
646 2670 820 2712 stabant
846 2670 889 2710 in
915 2669 973 2710 of—

229 2726 340 2768 ficiis
359 2726 463 2767 suis:
487 2731 530 2768 et
548 2727 714 2768 Levitae
737 2727 780 2767 in
801 2726 973 2776 organis

1025 305 1266 346 carminum
1291 304 1482 353 Domini,
1512 316 1608 356 quae
1637 303 1740 345 fecit
1764 303 1848 344 Da-

1025 361 1099 403 vid
1126 374 1203 402 rex
1228 360 1284 402 ad
1308 360 1575 402 laudandum
1598 361 1848 402 Dominum:

1026 418 1243 468 Quoniam
1261 417 1305 457 in
1324 418 1535 458 aeternum
1551 416 1849 458 misericordia

1026 476 1134 527 ejus,
1161 474 1347 526 hymnos
1372 473 1516 515 David
1540 476 1744 515 canentes
1769 486 1848 526 per

1028 535 1183 572 manus
1202 543 1317 572 suas:
1346 543 1479 583 porro
1505 530 1756 572 sacerdotes
1782 542 1848 571 ca-

1025 587 1187 629 nebant
1204 586 1322 628 tubis
1342 591 1440 628 ante
1463 599 1558 636 008,
1579 590 1848 638 cunctasque

1025 644 1160 686 Israel
1180 643 1334 685 stabat.
1362 643 1656 685 Sanctificavit
1674 655 1848 695 quoque

1025 701 1231 743 Salomon
1262 699 1454 741 medium
1487 700 1585 740 atrii
1617 704 1716 741 ante
1743 704 1848 741 tem-

1024 758 1145 810 plum
1172 757 1366 798 Domini:
1400 755 1620 797 obtulerat
1648 756 1761 797 enim
1788 755 1849 797 ibi

1025 813 1293 862 holocausta,
1314 817 1358 854 01
1378 812 1531 865 adipes
1550 812 1849 864 pacificorum:

1027 871 1127 923 quia
1152 870 1288 911 altare
1314 871 1498 918 aeneum,
1529 868 1648 921 quod
1672 869 1849 918 fecerat,

1025 939 1112 968 non
1144 928 1319 978 poterat
1352 925 1564 967 sustinere
1593 925 1850 966 holocausta

1027 988 1070 1025 01
1094 983 1307 1024 sacrificia
1332 987 1375 1024 et
1401 981 1563 1034 adipes.
1598 981 1720 1023 Fecit
1745 993 1849 1032 ergo

1026 1039 1232 1081 Salomon
1251 1038 1574 1080 solemnitatem
1592 1038 1636 1078 in
1650 1039 1849 1090 tempore

1025 1096 1100 1137 illo
1122 1099 1292 1148 septem
1311 1093 1476 1143 diebus,
1497 1098 1540 1135 et
1559 1093 1698 1134 omnis
1713 1093 1849 1133 Israel

1027 1165 1126 1193 cum
1146 1164 1214 1201 eo,
1243 1150 1428 1192 ecclesia
1446 1162 1603 1200 magna
1622 1148 1765 1198 valde,
1794 1148 1848 1190 ab

1027 1208 1206 1249 introitu
1231 1206 1389 1248 Emath
1416 1219 1554 1258 usque
1582 1205 1639 1246 ad
1662 1205 1848 1246 Torren-

1026 1269 1115 1305 tem
1134 1263 1327 1316 AEgypti.
1360 1263 1570 1314 Fecitque
1594 1261 1664 1303 die
1690 1262 1847 1302 octavo

1027 1320 1270 1369 collectam,
1300 1331 1352 1360 eo
1378 1317 1498 1370 quod
1523 1317 1772 1359 dedicasset
1792 1317 1848 1358 al-

1026 1379 1118 1418 tare
1144 1381 1313 1428 septem
1339 1375 1510 1424 diebus,
1540 1379 1583 1416 et
1602 1374 1848 1416 solemnita-

1026 1438 1114 1475 tem
1134 1432 1399 1474 celebrasset
1419 1431 1572 1472 diebus
1592 1435 1770 1483 septem.

1079 1491 1127 1541 Ru
1160 1488 1361 1530 Fundata
1393 1492 1459 1529 est
1487 1486 1643 1528 domus
1671 1486 1849 1527 Domini

1026 1558 1157 1598 supra
1178 1545 1386 1586 verticem
1409 1543 1640 1592 montium,
1669 1547 1712 1584 et
1737 1542 1848 1584 exal-

1026 1605 1119 1644 tata
1147 1606 1214 1643 est
1242 1613 1373 1653 super
1402 1612 1554 1641 omnes
1582 1598 1734 1640 colles:
1751 1602 1772 1625 *
1792 1599 1850 1639 Et

1025 1658 1200 1700 venient
1223 1656 1279 1699 ad
1304 1670 1400 1698 eam
1424 1668 1575 1697 omnes
1599 1655 1779 1704 Gentes,
1807 1659 1851 1696 et

1027 1714 1188 1756 dicent:
1208 1713 1360 1754 Gloria
1379 1712 1458 1754 tibi
1473 1711 1671 1752 Domine.
1699 1710 1746 1761 Y.
1764 1711 1848 1752 Ve-

1026 1771 1194 1812 nientes
1221 1774 1367 1811 autem
1394 1768 1568 1810 venient
1592 1780 1690 1809 cum
1710 1766 1847 1809 exsul-

1025 1827 1201 1875 tatione,
1220 1827 1448 1879 portantes
1466 1824 1710 1877 manipulos
1733 1836 1847 1865 suos.

1024 1884 1081 1925 Et
1099 1882 1282 1924 venient.

1078 1938 1237 1979 Bened.
1266 1938 1452 1991 Spiritus
1473 1936 1612 1978 sancti
1629 1935 1778 1988 gratia.

1325 1994 1475 2034 Lectio
1496 1994 1549 2032 iii.

1098 2050 1395 2104 omplevi'tque
1427 2049 1634 2091 Salomon
1670 2049 1848 2091 domum

1109 2107 1300 2157 Domini,
1327 2111 1370 2148 et
1389 2105 1568 2148 domum
1587 2105 1716 2156 regis,
1742 2110 1785 2147 et
1804 2107 1846 2147 0-

1024 2163 1140 2204 1111113
1152 2175 1249 2215 quae
1261 2162 1539 2215 disposuerat
1548 2161 1593 2202 in
1608 2161 1742 2203 corde
1756 2175 1848 2212 suo,

1025 2224 1073 2261 ut
1100 2220 1264 2261 faceret
1289 2219 1332 2259 in
1360 2218 1493 2260 domo
1515 2218 1708 2267 Domini,
1736 2223 1779 2259 et
1805 2218 1848 2258 in

1025 2275 1157 2318 domo
1177 2288 1265 2326 sua,
1289 2279 1332 2317 et
1350 2276 1637 2327 prosperatus
1657 2279 1732 2316 est.
1759 2274 1847 2326 Ap-

1024 2332 1170 2385 paruit
1189 2337 1335 2373 autem
1355 2331 1394 2372 ei
1411 2330 1627 2372 Dominus
1646 2334 1784 2379 nocte,
1804 2334 1848 2371 et

1025 2389 1099 2430 ait:
1144 2387 1305 2430 Audivi
1342 2387 1584 2429 orationem
1620 2391 1759 2435 tuam,
1804 2389 1847 2427 et

1026 2444 1137 2496 elegi
1161 2444 1307 2486 locum
1330 2444 1461 2485 istum
1484 2442 1587 2483 mihi
1605 2442 1649 2482 in
1669 2441 1847 2483 domum

1026 2501 1238 2542 sacrificii.
1288 2500 1333 2542 Si
1365 2499 1563 2541 clausero
1596 2498 1771 2548 coelum,
1803 2502 1847 2539 01

1025 2556 1173 2610 pluvia
1191 2569 1279 2598 non
1298 2556 1487 2604 fluxerit,
1515 2558 1559 2596 et
1581 2553 1845 2596 mandavero

1026 2617 1070 2655 et
1092 2615 1348 2666 praecepero
1371 2611 1570 2661 locustae,
1598 2615 1646 2651 ut
1666 2609 1847 2651 devoret

1025 2674 1206 2719 terram,
1234 2674 1278 2710 et
1304 2670 1463 2709 misero
1488 2666 1779 2719 pestilentiam
1802 2665 1846 2705 in

1025 2725 1238 2778 populum
1256 2737 1415 2767 meum·
1442 2735 1554 2765 conv
1543 2724 1677 2764 rersus
1702 2725 1845 2762 autem
