<?xml version="1.0" encoding="UTF-8"?>
<!DOCTYPE html PUBLIC "-//W3C//DTD XHTML 1.0 Transitional//EN"
    "http://www.w3.org/TR/xhtml1/DTD/xhtml1-transitional.dtd">
<html xmlns="http://www.w3.org/1999/xhtml" xml:lang="en" lang="en">
 <head>
  <title>
</title>
<meta http-equiv="Content-Type" content="text/html;charset=utf-8" />
  <meta name='ocr-system' content='tesseract 3.04.00' />
  <meta name='ocr-capabilities' content='ocr_page ocr_carea ocr_par ocr_line ocrx_word'/>
</head>
<body>
  <div class='ocr_page' id='page_1' title='image "./p1breviariumroma00cathuoft_0474.png"; bbox 0 0 2080 2990; ppageno 0'>
   <div class='ocr_carea' id='block_1_1' title="bbox 569 204 1543 246">
    <p class='ocr_par' dir='ltr' id='par_1_1' title="bbox 569 204 1543 246">
     <span class='ocr_line' id='line_1_1' title="bbox 569 204 1543 246; baseline 0.001 -9"><span class='ocrx_word' id='word_1_1' title='bbox 569 204 635 237; x_wconf 66' lang='lat' dir='ltr'>lm·</span> <span class='ocrx_word' id='word_1_2' title='bbox 665 205 710 237; x_wconf 67' lang='lat'>14.</span> <span class='ocrx_word' id='word_1_3' title='bbox 735 205 818 238; x_wconf 69' lang='lat' dir='ltr'>Jan.</span> <span class='ocrx_word' id='word_1_4' title='bbox 866 207 900 238; x_wconf 63' lang='grc' dir='ltr'>ὃ.</span> <span class='ocrx_word' id='word_1_5' title='bbox 930 205 1063 238; x_wconf 76' lang='lat' dir='ltr'>llilurii</span> <span class='ocrx_word' id='word_1_6' title='bbox 1093 205 1215 246; x_wconf 72' lang='lat' dir='ltr'>Episc.</span> <span class='ocrx_word' id='word_1_7' title='bbox 1243 205 1349 237; x_wconf 83' lang='lat' dir='ltr'>Conf.</span> <span class='ocrx_word' id='word_1_8' title='bbox 1375 210 1410 238; x_wconf 78' lang='lat' dir='ltr'>ct</span> <span class='ocrx_word' id='word_1_9' title='bbox 1437 205 1543 238; x_wconf 78' lang='lat' dir='ltr'>Doct.</span> 
     </span>
    </p>
   </div>
   <div class='ocr_carea' id='block_1_2' title="bbox 198 297 1024 561">
    <p class='ocr_par' dir='ltr' id='par_1_2' title="bbox 198 297 1024 451">
     <span class='ocr_line' id='line_1_2' title="bbox 199 297 1024 350; baseline 0 -12"><span class='ocrx_word' id='word_1_10' title='bbox 199 299 454 350; x_wconf 86' lang='lat' dir='ltr'>provocent:</span> <span class='ocrx_word' id='word_1_11' title='bbox 476 299 690 348; x_wconf 91' lang='lat' dir='ltr'>quatenus</span> <span class='ocrx_word' id='word_1_12' title='bbox 711 310 896 349; x_wconf 89' lang='lat' dir='ltr'>quorum</span> <span class='ocrx_word' id='word_1_13' title='bbox 916 297 1024 338; x_wconf 89' lang='lat' dir='ltr'>sole-</span> 
     </span>
     <span class='ocr_line' id='line_1_3' title="bbox 199 352 1024 404; baseline 0.001 -11"><span class='ocrx_word' id='word_1_14' title='bbox 199 353 315 394; x_wconf 89' lang='lat' dir='ltr'>mnia</span> <span class='ocrx_word' id='word_1_15' title='bbox 348 352 532 404; x_wconf 81' lang='lat' dir='ltr'>agimuS,</span> <span class='ocrx_word' id='word_1_16' title='bbox 571 353 701 394; x_wconf 88' lang='lat' dir='ltr'>etiam</span> <span class='ocrx_word' id='word_1_17' title='bbox 733 358 858 395; x_wconf 90' lang='lat' dir='ltr'>actus</span> <span class='ocrx_word' id='word_1_18' title='bbox 889 354 1024 395; x_wconf 87' lang='lat' dir='ltr'>imite-</span> 
     </span>
     <span class='ocr_line' id='line_1_4' title="bbox 198 409 695 451; baseline 0.002 -1"><span class='ocrx_word' id='word_1_19' title='bbox 198 422 303 450; x_wconf 92' lang='lat' dir='ltr'>mur.</span> <span class='ocrx_word' id='word_1_20' title='bbox 344 409 429 450; x_wconf 91' lang='lat' dir='ltr'>Per</span> <span class='ocrx_word' id='word_1_21' title='bbox 447 409 695 451; x_wconf 91' lang='lat' dir='ltr'>Dominum.</span> 
     </span>
    </p>

    <p class='ocr_par' dir='ltr' id='par_1_3' title="bbox 204 471 1024 561">
     <span class='ocr_line' id='line_1_5' title="bbox 257 471 1024 505; baseline -0.001 -1"><span class='ocrx_word' id='word_1_22' title='bbox 257 472 294 504; x_wconf 84' lang='lat' dir='ltr'>ln</span> <span class='ocrx_word' id='word_1_23' title='bbox 328 471 351 504; x_wconf 90' lang='grc' dir='ltr'>Ι.</span> <span class='ocrx_word' id='word_1_24' title='bbox 385 471 579 504; x_wconf 79' lang='lat' dir='ltr'>Nocturno</span> <span class='ocrx_word' id='word_1_25' title='bbox 615 471 817 505; x_wconf 76' lang='lat' dir='ltr'>Lectiones</span> <span class='ocrx_word' id='word_1_26' title='bbox 852 471 898 504; x_wconf 80' lang='lat' dir='ltr'>dc</span> <span class='ocrx_word' id='word_1_27' title='bbox 928 471 1024 504; x_wconf 74' lang='lat' dir='ltr'>Scri-</span> 
     </span>
     <span class='ocr_line' id='line_1_6' title="bbox 204 524 569 561; baseline 0.003 -9"><span class='ocrx_word' id='word_1_28' title='bbox 204 525 312 561; x_wconf 75' lang='lat' dir='ltr'>ptura</span> <span class='ocrx_word' id='word_1_29' title='bbox 339 524 569 553; x_wconf 70' lang='lat' dir='ltr'>occurrente.</span> 
     </span>
    </p>
   </div>
   <div class='ocr_carea' id='block_1_3' title="bbox 426 589 801 628">
    <p class='ocr_par' dir='ltr' id='par_1_4' title="bbox 426 589 801 628">
     <span class='ocr_line' id='line_1_7' title="bbox 426 589 801 628; baseline 0 0"><span class='ocrx_word' id='word_1_30' title='bbox 426 590 473 628; x_wconf 92' lang='lat' dir='ltr'>In</span> <span class='ocrx_word' id='word_1_31' title='bbox 502 589 551 628; x_wconf 91' lang='grc' dir='ltr'>ΙΙ.</span> <span class='ocrx_word' id='word_1_32' title='bbox 581 590 801 628; x_wconf 82' lang='lat' dir='ltr'>Nocturno.</span> 
     </span>
    </p>
   </div>
   <div class='ocr_carea' id='block_1_4' title="bbox 200 654 1032 2002">
    <p class='ocr_par' dir='ltr' id='par_1_5' title="bbox 506 654 726 695">
     <span class='ocr_line' id='line_1_8' title="bbox 506 654 726 695; baseline 0 -2"><span class='ocrx_word' id='word_1_33' title='bbox 506 654 655 695; x_wconf 79' lang='lat' dir='ltr'>Lectio</span> <span class='ocrx_word' id='word_1_34' title='bbox 677 655 726 693; x_wconf 81' lang='lat' dir='ltr'>iv.</span> 
     </span>
    </p>

    <p class='ocr_par' dir='ltr' id='par_1_6' title="bbox 228 716 1026 774">
     <span class='ocr_line' id='line_1_9' title="bbox 228 716 1026 769; baseline -0.003 -10"><span class='ocrx_word' id='word_1_35' title='bbox 228 725 285 774; x_wconf 44' lang='lat'>³:²5,</span> <span class='ocrx_word' id='word_1_36' title='bbox 319 717 480 759; x_wconf 87' lang='lat' dir='ltr'>ilarius</span> <span class='ocrx_word' id='word_1_37' title='bbox 526 717 569 758; x_wconf 92' lang='lat' dir='ltr'>in</span> <span class='ocrx_word' id='word_1_38' title='bbox 611 717 849 769; x_wconf 88' lang='lat' dir='ltr'>Aquitania</span> <span class='ocrx_word' id='word_1_39' title='bbox 891 716 1026 757; x_wconf 93' lang='lat' dir='ltr'>nobili</span> 
     </span>
    </p>

    <p class='ocr_par' dir='ltr' id='par_1_7' title="bbox 243 770 1027 827">
     <span class='ocr_line' id='line_1_10' title="bbox 243 773 1027 827; baseline -0.001 -12"><span class='ocrx_word' id='word_1_40' title='bbox 243 777 292 827; x_wconf 64' lang='lat'>3}</span> <span class='ocrx_word' id='word_1_41' title='bbox 350 776 509 825; x_wconf 86' lang='lat' dir='ltr'>genere</span> <span class='ocrx_word' id='word_1_42' title='bbox 550 779 700 823; x_wconf 87' lang='lat' dir='ltr'>natus,</span> <span class='ocrx_word' id='word_1_43' title='bbox 746 773 946 815; x_wconf 89' lang='lat' dir='ltr'>doctrina</span> <span class='ocrx_word' id='word_1_44' title='bbox 984 777 1027 814; x_wconf 92' lang='lat' dir='ltr'>et</span> 
     </span>
    </p>

    <p class='ocr_par' dir='ltr' id='par_1_8' title="bbox 200 827 1032 2002">
     <span class='ocr_line' id='line_1_11' title="bbox 249 827 1027 882; baseline -0.001 -11"><span class='ocrx_word' id='word_1_45' title='bbox 249 828 260 841; x_wconf 69' lang='lat'><em>‘</em></span> <span class='ocrx_word' id='word_1_46' title='bbox 277 827 286 841; x_wconf 56' lang='lat'><em>⁴</em></span> <span class='ocrx_word' id='word_1_47' title='bbox 351 830 603 882; x_wconf 92' lang='lat' dir='ltr'>eloquentia</span> <span class='ocrx_word' id='word_1_48' title='bbox 652 829 864 872; x_wconf 80' lang='lat' dir='ltr'>excelluit.</span> <span class='ocrx_word' id='word_1_49' title='bbox 944 829 1027 880; x_wconf 89' lang='lat' dir='ltr'>Qui</span> 
     </span>
     <span class='ocr_line' id='line_1_12' title="bbox 200 886 1025 938; baseline 0 -12"><span class='ocrx_word' id='word_1_50' title='bbox 200 886 388 938; x_wconf 92' lang='lat' dir='ltr'>primum</span> <span class='ocrx_word' id='word_1_51' title='bbox 413 887 456 927; x_wconf 93' lang='lat' dir='ltr'>in</span> <span class='ocrx_word' id='word_1_52' title='bbox 481 886 760 928; x_wconf 91' lang='lat' dir='ltr'>matrimonio</span> <span class='ocrx_word' id='word_1_53' title='bbox 788 886 912 938; x_wconf 83' lang='lat' dir='ltr'>quasi</span> <span class='ocrx_word' id='word_1_54' title='bbox 935 888 1025 927; x_wconf 91' lang='lat' dir='ltr'>mo-</span> 
     </span>
     <span class='ocr_line' id='line_1_13' title="bbox 201 942 1028 995; baseline 0.001 -12"><span class='ocrx_word' id='word_1_55' title='bbox 201 942 330 984; x_wconf 89' lang='lat' dir='ltr'>nachi</span> <span class='ocrx_word' id='word_1_56' title='bbox 358 943 491 984; x_wconf 91' lang='lat' dir='ltr'>vitam</span> <span class='ocrx_word' id='word_1_57' title='bbox 519 943 622 994; x_wconf 88' lang='lat' dir='ltr'>egit:</span> <span class='ocrx_word' id='word_1_58' title='bbox 659 942 817 985; x_wconf 90' lang='lat' dir='ltr'>deinde</span> <span class='ocrx_word' id='word_1_59' title='bbox 844 947 1028 995; x_wconf 91' lang='lat' dir='ltr'>propter</span> 
     </span>
     <span class='ocr_line' id='line_1_14' title="bbox 201 999 1027 1052; baseline 0 -12"><span class='ocrx_word' id='word_1_60' title='bbox 201 999 443 1050; x_wconf 85' lang='lat' dir='ltr'>singulares</span> <span class='ocrx_word' id='word_1_61' title='bbox 454 1000 637 1041; x_wconf 85' lang='lat' dir='ltr'>virtutes</span> <span class='ocrx_word' id='word_1_62' title='bbox 647 1000 927 1041; x_wconf 91' lang='lat' dir='ltr'>Pictavorum</span> <span class='ocrx_word' id='word_1_63' title='bbox 941 1002 1027 1052; x_wconf 93' lang='lat' dir='ltr'>epi-</span> 
     </span>
     <span class='ocr_line' id='line_1_15' title="bbox 201 1056 1028 1121; baseline 0 -25"><span class='ocrx_word' id='word_1_64' title='bbox 201 1067 363 1108; x_wconf 92' lang='lat' dir='ltr'>scopus</span> <span class='ocrx_word' id='word_1_65' title='bbox 391 1058 580 1097; x_wconf 90' lang='lat' dir='ltr'>creatur:</span> <span class='ocrx_word' id='word_1_66' title='bbox 611 1056 731 1121; x_wconf 86' lang='lat' dir='ltr'>quod</span> <span class='ocrx_word' id='word_1_67' title='bbox 757 1069 913 1097; x_wconf 91' lang='lat' dir='ltr'>munus</span> <span class='ocrx_word' id='word_1_68' title='bbox 941 1056 1028 1109; x_wconf 92' lang='lat' dir='ltr'>epi-</span> 
     </span>
     <span class='ocr_line' id='line_1_16' title="bbox 201 1112 1028 1164; baseline 0 -11"><span class='ocrx_word' id='word_1_69' title='bbox 201 1112 381 1164; x_wconf 88' lang='lat' dir='ltr'>scopale</span> <span class='ocrx_word' id='word_1_70' title='bbox 414 1113 476 1154; x_wconf 89' lang='lat' dir='ltr'>sic</span> <span class='ocrx_word' id='word_1_71' title='bbox 508 1113 658 1163; x_wconf 87' lang='lat' dir='ltr'>gessit,</span> <span class='ocrx_word' id='word_1_72' title='bbox 690 1118 738 1154; x_wconf 91' lang='lat' dir='ltr'>ut</span> <span class='ocrx_word' id='word_1_73' title='bbox 769 1125 794 1154; x_wconf 93' lang='lat' dir='ltr'>a</span> <span class='ocrx_word' id='word_1_74' title='bbox 824 1112 1028 1154; x_wconf 90' lang='lat' dir='ltr'>fidelibus</span> 
     </span>
     <span class='ocr_line' id='line_1_17' title="bbox 203 1169 1029 1221; baseline 0.001 -12"><span class='ocrx_word' id='word_1_75' title='bbox 203 1181 417 1210; x_wconf 91' lang='lat' dir='ltr'>summam</span> <span class='ocrx_word' id='word_1_76' title='bbox 460 1169 636 1211; x_wconf 91' lang='lat' dir='ltr'>laudem</span> <span class='ocrx_word' id='word_1_77' title='bbox 677 1171 1029 1221; x_wconf 89' lang='lat' dir='ltr'>consequeretur.</span> 
     </span>
     <span class='ocr_line' id='line_1_18' title="bbox 202 1225 1028 1278; baseline 0.001 -12"><span class='ocrx_word' id='word_1_78' title='bbox 202 1225 299 1275; x_wconf 92' lang='lat' dir='ltr'>Quo</span> <span class='ocrx_word' id='word_1_79' title='bbox 318 1227 532 1278; x_wconf 89' lang='lat' dir='ltr'>tempore,</span> <span class='ocrx_word' id='word_1_80' title='bbox 560 1239 659 1268; x_wconf 92' lang='lat' dir='ltr'>cum</span> <span class='ocrx_word' id='word_1_81' title='bbox 678 1226 930 1276; x_wconf 86' lang='lat' dir='ltr'>terroribus,</span> <span class='ocrx_word' id='word_1_82' title='bbox 953 1225 1028 1267; x_wconf 92' lang='lat' dir='ltr'>bo-</span> 
     </span>
     <span class='ocr_line' id='line_1_19' title="bbox 200 1282 1029 1335; baseline 0.001 -13"><span class='ocrx_word' id='word_1_83' title='bbox 200 1283 358 1323; x_wconf 90' lang='lat' dir='ltr'>norum</span> <span class='ocrx_word' id='word_1_84' title='bbox 373 1282 646 1335; x_wconf 69' lang='lat' dir='ltr'>spoliatione,</span> <span class='ocrx_word' id='word_1_85' title='bbox 667 1282 830 1333; x_wconf 84' lang='lat' dir='ltr'>exsilio,</span> <span class='ocrx_word' id='word_1_86' title='bbox 851 1287 894 1324; x_wconf 90' lang='lat' dir='ltr'>et</span> <span class='ocrx_word' id='word_1_87' title='bbox 913 1282 1029 1324; x_wconf 91' lang='lat' dir='ltr'>omni</span> 
     </span>
     <span class='ocr_line' id='line_1_20' title="bbox 202 1337 1029 1391; baseline 0 -12"><span class='ocrx_word' id='word_1_88' title='bbox 202 1337 460 1380; x_wconf 89' lang='lat' dir='ltr'>crudelitate</span> <span class='ocrx_word' id='word_1_89' title='bbox 482 1339 762 1381; x_wconf 74' lang='lat' dir='ltr'>Constantius</span> <span class='ocrx_word' id='word_1_90' title='bbox 788 1340 1029 1391; x_wconf 91' lang='lat' dir='ltr'>imperator</span> 
     </span>
     <span class='ocr_line' id='line_1_21' title="bbox 203 1394 1029 1446; baseline 0.002 -11"><span class='ocrx_word' id='word_1_91' title='bbox 203 1394 455 1437; x_wconf 91' lang='lat' dir='ltr'>Catholicos</span> <span class='ocrx_word' id='word_1_92' title='bbox 470 1398 662 1446; x_wconf 82' lang='lat' dir='ltr'>vexaret,</span> <span class='ocrx_word' id='word_1_93' title='bbox 676 1396 759 1437; x_wconf 92' lang='lat' dir='ltr'>nisi</span> <span class='ocrx_word' id='word_1_94' title='bbox 774 1395 830 1437; x_wconf 92' lang='lat' dir='ltr'>ad</span> <span class='ocrx_word' id='word_1_95' title='bbox 842 1396 1029 1437; x_wconf 88' lang='lat' dir='ltr'>Arianas</span> 
     </span>
     <span class='ocr_line' id='line_1_22' title="bbox 202 1452 1029 1504; baseline 0.001 -12"><span class='ocrx_word' id='word_1_96' title='bbox 202 1456 353 1504; x_wconf 88' lang='lat' dir='ltr'>partes</span> <span class='ocrx_word' id='word_1_97' title='bbox 397 1455 648 1494; x_wconf 83' lang='lat' dir='ltr'>transirent:</span> <span class='ocrx_word' id='word_1_98' title='bbox 693 1452 887 1493; x_wconf 77' lang='lat' dir='ltr'>Hilarius</span> <span class='ocrx_word' id='word_1_99' title='bbox 923 1457 1029 1494; x_wconf 91' lang='lat' dir='ltr'>tam-</span> 
     </span>
     <span class='ocr_line' id='line_1_23' title="bbox 203 1508 1030 1559; baseline 0.001 -10"><span class='ocrx_word' id='word_1_100' title='bbox 203 1521 334 1559; x_wconf 91' lang='lat' dir='ltr'>quam</span> <span class='ocrx_word' id='word_1_101' title='bbox 352 1508 647 1550; x_wconf 89' lang='lat' dir='ltr'>firmissimum</span> <span class='ocrx_word' id='word_1_102' title='bbox 660 1522 831 1550; x_wconf 90' lang='lat' dir='ltr'>murum</span> <span class='ocrx_word' id='word_1_103' title='bbox 846 1521 893 1550; x_wconf 92' lang='lat' dir='ltr'>se</span> <span class='ocrx_word' id='word_1_104' title='bbox 907 1509 1030 1550; x_wconf 91' lang='lat' dir='ltr'>Aria-</span> 
     </span>
     <span class='ocr_line' id='line_1_24' title="bbox 203 1564 1031 1617; baseline 0.002 -13"><span class='ocrx_word' id='word_1_105' title='bbox 203 1564 271 1605; x_wconf 91' lang='lat' dir='ltr'>nis</span> <span class='ocrx_word' id='word_1_106' title='bbox 298 1567 544 1617; x_wconf 91' lang='lat' dir='ltr'>opponens,</span> <span class='ocrx_word' id='word_1_107' title='bbox 571 1566 745 1607; x_wconf 92' lang='lat' dir='ltr'>illorum</span> <span class='ocrx_word' id='word_1_108' title='bbox 770 1565 963 1607; x_wconf 91' lang='lat' dir='ltr'>furorem</span> <span class='ocrx_word' id='word_1_109' title='bbox 987 1566 1031 1606; x_wconf 90' lang='lat' dir='ltr'>in</span> 
     </span>
     <span class='ocr_line' id='line_1_25' title="bbox 203 1617 1030 1675; baseline 0.002 -13"><span class='ocrx_word' id='word_1_110' title='bbox 203 1633 251 1662; x_wconf 89' lang='lat' dir='ltr'>se</span> <span class='ocrx_word' id='word_1_111' title='bbox 277 1622 524 1664; x_wconf 89' lang='lat' dir='ltr'>concitavit.</span> <span class='ocrx_word' id='word_1_112' title='bbox 564 1623 720 1675; x_wconf 89' lang='lat' dir='ltr'>Itaque</span> <span class='ocrx_word' id='word_1_113' title='bbox 748 1617 899 1663; x_wconf 72' lang='lat' dir='ltr'>multis‘</span> <span class='ocrx_word' id='word_1_114' title='bbox 923 1624 1030 1674; x_wconf 94' lang='lat' dir='ltr'>peti-</span> 
     </span>
     <span class='ocr_line' id='line_1_26' title="bbox 202 1677 1031 1728; baseline 0 -10"><span class='ocrx_word' id='word_1_115' title='bbox 202 1682 274 1719; x_wconf 92' lang='lat' dir='ltr'>tus</span> <span class='ocrx_word' id='word_1_116' title='bbox 293 1677 471 1728; x_wconf 87' lang='lat' dir='ltr'>insidiis,</span> <span class='ocrx_word' id='word_1_117' title='bbox 491 1678 669 1720; x_wconf 90' lang='lat' dir='ltr'>tandem</span> <span class='ocrx_word' id='word_1_118' title='bbox 689 1677 792 1720; x_wconf 93' lang='lat' dir='ltr'>dolo</span> <span class='ocrx_word' id='word_1_119' title='bbox 811 1678 1031 1720; x_wconf 86' lang='lat' dir='ltr'>Saturnini</span> 
     </span>
     <span class='ocr_line' id='line_1_27' title="bbox 203 1733 1031 1787; baseline 0.002 -13"><span class='ocrx_word' id='word_1_120' title='bbox 203 1733 475 1775; x_wconf 77' lang='lat' dir='ltr'>Arelatensis</span> <span class='ocrx_word' id='word_1_121' title='bbox 514 1735 728 1787; x_wconf 89' lang='lat' dir='ltr'>episcopi,</span> <span class='ocrx_word' id='word_1_122' title='bbox 771 1733 826 1776; x_wconf 90' lang='lat' dir='ltr'>de</span> <span class='ocrx_word' id='word_1_123' title='bbox 862 1734 1031 1787; x_wconf 70' lang='lat' dir='ltr'>synodo</span> 
     </span>
     <span class='ocr_line' id='line_1_28' title="bbox 203 1790 1032 1843; baseline 0.002 -13"><span class='ocrx_word' id='word_1_124' title='bbox 203 1790 443 1832; x_wconf 81' lang='lat' dir='ltr'>Biterrensi</span> <span class='ocrx_word' id='word_1_125' title='bbox 475 1791 519 1831; x_wconf 93' lang='lat' dir='ltr'>in</span> <span class='ocrx_word' id='word_1_126' title='bbox 547 1790 782 1843; x_wconf 72' lang='lat' dir='ltr'>Phrygiam</span> <span class='ocrx_word' id='word_1_127' title='bbox 813 1790 1032 1842; x_wconf 87' lang='lat' dir='ltr'>relegatus</span> 
     </span>
     <span class='ocr_line' id='line_1_29' title="bbox 205 1846 1032 1898; baseline 0 -10"><span class='ocrx_word' id='word_1_128' title='bbox 205 1851 285 1888; x_wconf 88' lang='lat' dir='ltr'>est:</span> <span class='ocrx_word' id='word_1_129' title='bbox 313 1846 388 1887; x_wconf 92' lang='lat' dir='ltr'>ubi</span> <span class='ocrx_word' id='word_1_130' title='bbox 412 1852 456 1888; x_wconf 92' lang='lat' dir='ltr'>et</span> <span class='ocrx_word' id='word_1_131' title='bbox 478 1849 698 1889; x_wconf 89' lang='lat' dir='ltr'>mortuum</span> <span class='ocrx_word' id='word_1_132' title='bbox 721 1847 960 1898; x_wconf 79' lang='lat' dir='ltr'>suscitavit,</span> <span class='ocrx_word' id='word_1_133' title='bbox 989 1852 1032 1889; x_wconf 91' lang='lat' dir='ltr'>et</span> 
     </span>
     <span class='ocr_line' id='line_1_30' title="bbox 203 1902 1031 1957; baseline 0.001 -14"><span class='ocrx_word' id='word_1_134' title='bbox 203 1902 340 1944; x_wconf 91' lang='lat' dir='ltr'>libros</span> <span class='ocrx_word' id='word_1_135' title='bbox 365 1902 599 1945; x_wconf 90' lang='lat' dir='ltr'>duodecim</span> <span class='ocrx_word' id='word_1_136' title='bbox 623 1904 798 1957; x_wconf 89' lang='lat' dir='ltr'>scripsit</span> <span class='ocrx_word' id='word_1_137' title='bbox 817 1903 872 1946; x_wconf 92' lang='lat' dir='ltr'>de</span> <span class='ocrx_word' id='word_1_138' title='bbox 891 1904 1031 1945; x_wconf 90' lang='lat' dir='ltr'>Trini-</span> 
     </span>
     <span class='ocr_line' id='line_1_31' title="bbox 204 1960 684 2002; baseline 0.004 -2"><span class='ocrx_word' id='word_1_139' title='bbox 204 1961 295 2000; x_wconf 88' lang='lat' dir='ltr'>tate</span> <span class='ocrx_word' id='word_1_140' title='bbox 315 1964 466 2001; x_wconf 92' lang='lat' dir='ltr'>contra</span> <span class='ocrx_word' id='word_1_141' title='bbox 484 1960 684 2002; x_wconf 88' lang='lat' dir='ltr'>Arianos.</span> 
     </span>
    </p>
   </div>
   <div class='ocr_carea' id='block_1_5' title="bbox 205 2022 1033 2348">
    <p class='ocr_par' dir='ltr' id='par_1_9' title="bbox 205 2022 1033 2348">
     <span class='ocr_line' id='line_1_32' title="bbox 263 2022 1029 2076; baseline 0.004 -12"><span class='ocrx_word' id='word_1_142' title='bbox 263 2022 309 2072; x_wconf 62' lang='lat' dir='ltr'>R:-</span> <span class='ocrx_word' id='word_1_143' title='bbox 334 2024 486 2065; x_wconf 91' lang='lat' dir='ltr'>Inveni</span> <span class='ocrx_word' id='word_1_144' title='bbox 510 2025 655 2067; x_wconf 91' lang='lat' dir='ltr'>David</span> <span class='ocrx_word' id='word_1_145' title='bbox 679 2038 854 2067; x_wconf 88' lang='lat' dir='ltr'>servum</span> <span class='ocrx_word' id='word_1_146' title='bbox 874 2038 1029 2076; x_wconf 92' lang='lat' dir='ltr'>meum,</span> 
     </span>
     <span class='ocr_line' id='line_1_33' title="bbox 207 2079 1031 2124; baseline 0.004 -4"><span class='ocrx_word' id='word_1_147' title='bbox 207 2079 306 2121; x_wconf 91' lang='lat' dir='ltr'>oleo</span> <span class='ocrx_word' id='word_1_148' title='bbox 332 2086 484 2122; x_wconf 89' lang='lat' dir='ltr'>sancto</span> <span class='ocrx_word' id='word_1_149' title='bbox 510 2094 608 2123; x_wconf 91' lang='lat' dir='ltr'>meo</span> <span class='ocrx_word' id='word_1_150' title='bbox 634 2083 739 2123; x_wconf 82' lang='lat' dir='ltr'>unxi</span> <span class='ocrx_word' id='word_1_151' title='bbox 765 2095 882 2124; x_wconf 91' lang='lat' dir='ltr'>eum:</span> <span class='ocrx_word' id='word_1_152' title='bbox 902 2080 922 2101; x_wconf 81' lang='lat'>*</span> <span class='ocrx_word' id='word_1_153' title='bbox 942 2083 1031 2123; x_wconf 91' lang='lat' dir='ltr'>Ma-</span> 
     </span>
     <span class='ocr_line' id='line_1_34' title="bbox 205 2127 1033 2181; baseline 0.005 -5"><span class='ocrx_word' id='word_1_154' title='bbox 205 2149 286 2177; x_wconf 90' lang='lat' dir='ltr'>nus</span> <span class='ocrx_word' id='word_1_155' title='bbox 302 2137 416 2178; x_wconf 91' lang='lat' dir='ltr'>enim</span> <span class='ocrx_word' id='word_1_156' title='bbox 428 2151 526 2179; x_wconf 93' lang='lat' dir='ltr'>mea</span> <span class='ocrx_word' id='word_1_157' title='bbox 541 2138 819 2181; x_wconf 78' lang='lat' dir='ltr'>auxiliabitur</span> <span class='ocrx_word' id='word_1_158' title='bbox 834 2139 885 2181; x_wconf 92' lang='lat' dir='ltr'>ei.</span> <span class='ocrx_word' id='word_1_159' title='bbox 905 2127 954 2179; x_wconf 63' lang='lat' dir='ltr'>V·</span> <span class='ocrx_word' id='word_1_160' title='bbox 966 2139 1033 2180; x_wconf 91' lang='lat' dir='ltr'>Ni·</span> 
     </span>
     <span class='ocr_line' id='line_1_35' title="bbox 206 2192 1032 2246; baseline 0.005 -13"><span class='ocrx_word' id='word_1_161' title='bbox 206 2192 266 2233; x_wconf 95' lang='lat' dir='ltr'>hil</span> <span class='ocrx_word' id='word_1_162' title='bbox 290 2193 492 2245; x_wconf 87' lang='lat' dir='ltr'>proficiet</span> <span class='ocrx_word' id='word_1_163' title='bbox 519 2194 718 2236; x_wconf 88' lang='lat' dir='ltr'>inimicus</span> <span class='ocrx_word' id='word_1_164' title='bbox 743 2196 787 2236; x_wconf 93' lang='lat' dir='ltr'>in</span> <span class='ocrx_word' id='word_1_165' title='bbox 812 2208 883 2246; x_wconf 88' lang='lat' dir='ltr'>eo,</span> <span class='ocrx_word' id='word_1_166' title='bbox 918 2200 962 2237; x_wconf 91' lang='lat' dir='ltr'>et</span> <span class='ocrx_word' id='word_1_167' title='bbox 986 2196 1032 2236; x_wconf 91' lang='lat' dir='ltr'>fi-</span> 
     </span>
     <span class='ocr_line' id='line_1_36' title="bbox 208 2249 1032 2302; baseline 0.005 -13"><span class='ocrx_word' id='word_1_168' title='bbox 208 2249 290 2290; x_wconf 92' lang='lat' dir='ltr'>lius</span> <span class='ocrx_word' id='word_1_169' title='bbox 309 2249 550 2302; x_wconf 87' lang='lat' dir='ltr'>iniquitatis</span> <span class='ocrx_word' id='word_1_170' title='bbox 569 2264 657 2292; x_wconf 91' lang='lat' dir='ltr'>non</span> <span class='ocrx_word' id='word_1_171' title='bbox 676 2252 853 2294; x_wconf 82' lang='lat' dir='ltr'>nocebit</span> <span class='ocrx_word' id='word_1_172' title='bbox 872 2252 921 2294; x_wconf 92' lang='lat' dir='ltr'>ei.</span> <span class='ocrx_word' id='word_1_173' title='bbox 945 2252 1032 2293; x_wconf 93' lang='lat' dir='ltr'>Ma-</span> 
     </span>
     <span class='ocr_line' id='line_1_37' title="bbox 207 2318 549 2348; baseline 0.003 -2"><span class='ocrx_word' id='word_1_174' title='bbox 207 2318 288 2346; x_wconf 90' lang='lat' dir='ltr'>nus</span> <span class='ocrx_word' id='word_1_175' title='bbox 308 2318 423 2347; x_wconf 89' lang='lat' dir='ltr'>emm</span> <span class='ocrx_word' id='word_1_176' title='bbox 440 2319 549 2348; x_wconf 88' lang='lat' dir='ltr'>mea.</span> 
     </span>
    </p>
   </div>
   <div class='ocr_carea' id='block_1_6' title="bbox 523 2374 727 2415">
    <p class='ocr_par' dir='ltr' id='par_1_10' title="bbox 523 2374 727 2415">
     <span class='ocr_line' id='line_1_38' title="bbox 523 2374 727 2415; baseline 0 -2"><span class='ocrx_word' id='word_1_177' title='bbox 523 2374 670 2415; x_wconf 85' lang='lat' dir='ltr'>Lectio</span> <span class='ocrx_word' id='word_1_178' title='bbox 691 2388 727 2414; x_wconf 88' lang='lat' dir='ltr'>v.</span> 
     </span>
    </p>
   </div>
   <div class='ocr_carea' id='block_1_7' title="bbox 210 2441 1035 2775">
    <p class='ocr_par' dir='ltr' id='par_1_11' title="bbox 210 2441 1035 2775">
     <span class='ocr_line' id='line_1_39' title="bbox 294 2441 1033 2494; baseline 0.001 -10"><span class='ocrx_word' id='word_1_179' title='bbox 294 2441 551 2484; x_wconf 89' lang='lat' dir='ltr'>uadriennio</span> <span class='ocrx_word' id='word_1_180' title='bbox 580 2447 683 2494; x_wconf 92' lang='lat' dir='ltr'>post</span> <span class='ocrx_word' id='word_1_181' title='bbox 710 2445 865 2484; x_wconf 89' lang='lat' dir='ltr'>coacto</span> <span class='ocrx_word' id='word_1_182' title='bbox 894 2446 1033 2485; x_wconf 90' lang='lat' dir='ltr'>conci-</span> 
     </span>
     <span class='ocr_line' id='line_1_40' title="bbox 311 2498 1034 2541; baseline 0.003 -2"><span class='ocrx_word' id='word_1_183' title='bbox 311 2498 371 2540; x_wconf 94' lang='lat' dir='ltr'>lio</span> <span class='ocrx_word' id='word_1_184' title='bbox 404 2498 460 2539; x_wconf 90' lang='lat' dir='ltr'>ad</span> <span class='ocrx_word' id='word_1_185' title='bbox 487 2498 728 2539; x_wconf 83' lang='lat' dir='ltr'>Seleuciam</span> <span class='ocrx_word' id='word_1_186' title='bbox 755 2500 934 2541; x_wconf 75' lang='lat' dir='ltr'>Isaariae</span> <span class='ocrx_word' id='word_1_187' title='bbox 967 2513 1034 2541; x_wconf 93' lang='lat' dir='ltr'>ur-</span> 
     </span>
     <span class='ocr_line' id='line_1_41' title="bbox 210 2554 1034 2608; baseline 0.002 -13"><span class='ocrx_word' id='word_1_188' title='bbox 210 2554 329 2604; x_wconf 89' lang='lat' dir='ltr'>bem,</span> <span class='ocrx_word' id='word_1_189' title='bbox 369 2554 563 2596; x_wconf 82' lang='lat' dir='ltr'>Hilarius</span> <span class='ocrx_word' id='word_1_190' title='bbox 595 2554 750 2596; x_wconf 87' lang='lat' dir='ltr'>adesse</span> <span class='ocrx_word' id='word_1_191' title='bbox 783 2556 1034 2608; x_wconf 78' lang='lat' dir='ltr'>compulsus</span> 
     </span>
     <span class='ocr_line' id='line_1_42' title="bbox 211 2610 1035 2665; baseline 0 -12"><span class='ocrx_word' id='word_1_192' title='bbox 211 2616 292 2653; x_wconf 85' lang='lat' dir='ltr'>est:</span> <span class='ocrx_word' id='word_1_193' title='bbox 327 2623 378 2652; x_wconf 89' lang='lat' dir='ltr'>ac</span> <span class='ocrx_word' id='word_1_194' title='bbox 415 2610 573 2653; x_wconf 90' lang='lat' dir='ltr'>deinde</span> <span class='ocrx_word' id='word_1_195' title='bbox 610 2611 1035 2665; x_wconf 81' lang='lat' dir='ltr'>Constantinopolim</span> 
     </span>
     <span class='ocr_line' id='line_1_43' title="bbox 210 2667 1035 2721; baseline 0.001 -13"><span class='ocrx_word' id='word_1_196' title='bbox 210 2667 445 2720; x_wconf 88' lang='lat' dir='ltr'>profectus,</span> <span class='ocrx_word' id='word_1_197' title='bbox 459 2667 534 2709; x_wconf 92' lang='lat' dir='ltr'>ubi</span> <span class='ocrx_word' id='word_1_198' title='bbox 549 2670 793 2709; x_wconf 83' lang='lat' dir='ltr'>extremum</span> <span class='ocrx_word' id='word_1_199' title='bbox 807 2668 910 2710; x_wconf 90' lang='lat' dir='ltr'>fidei</span> <span class='ocrx_word' id='word_1_200' title='bbox 925 2671 1035 2721; x_wconf 86' lang='lat' dir='ltr'>peri-</span> 
     </span>
     <span class='ocr_line' id='line_1_44' title="bbox 211 2724 1035 2775; baseline 0 -9"><span class='ocrx_word' id='word_1_201' title='bbox 211 2724 356 2766; x_wconf 88' lang='lat' dir='ltr'>culum</span> <span class='ocrx_word' id='word_1_202' title='bbox 381 2724 697 2775; x_wconf 86' lang='lat' dir='ltr'>animadvertit,</span> <span class='ocrx_word' id='word_1_203' title='bbox 721 2725 860 2767; x_wconf 89' lang='lat' dir='ltr'>tribus</span> <span class='ocrx_word' id='word_1_204' title='bbox 879 2725 1035 2767; x_wconf 90' lang='lat' dir='ltr'>libellis</span> 
     </span>
    </p>
   </div>
   <div class='ocr_carea' id='block_1_8' title="bbox 1076 296 1913 2778">
    <p class='ocr_par' dir='ltr' id='par_1_12' title="bbox 1076 296 1906 1299">
     <span class='ocr_line' id='line_1_45' title="bbox 1077 296 1900 353; baseline 0.005 -16"><span class='ocrx_word' id='word_1_205' title='bbox 1077 296 1252 349; x_wconf 82' lang='lat' dir='ltr'>publice</span> <span class='ocrx_word' id='word_1_206' title='bbox 1276 297 1405 347; x_wconf 88' lang='lat' dir='ltr'>datis,</span> <span class='ocrx_word' id='word_1_207' title='bbox 1431 298 1694 341; x_wconf 84' lang='lat' dir='ltr'>audientiam</span> <span class='ocrx_word' id='word_1_208' title='bbox 1718 300 1900 353; x_wconf 91' lang='lat' dir='ltr'>impera·</span> 
     </span>
     <span class='ocr_line' id='line_1_46' title="bbox 1077 354 1900 406; baseline 0.006 -13"><span class='ocrx_word' id='word_1_209' title='bbox 1077 354 1185 394; x_wconf 89' lang='lat' dir='ltr'>toris</span> <span class='ocrx_word' id='word_1_210' title='bbox 1204 355 1426 406; x_wconf 90' lang='lat' dir='ltr'>poposcit,</span> <span class='ocrx_word' id='word_1_211' title='bbox 1451 359 1499 396; x_wconf 94' lang='lat' dir='ltr'>ut</span> <span class='ocrx_word' id='word_1_212' title='bbox 1522 354 1577 397; x_wconf 94' lang='lat' dir='ltr'>de</span> <span class='ocrx_word' id='word_1_213' title='bbox 1601 355 1688 398; x_wconf 90' lang='lat' dir='ltr'>fide</span> <span class='ocrx_word' id='word_1_214' title='bbox 1709 369 1809 398; x_wconf 91' lang='lat' dir='ltr'>cum</span> <span class='ocrx_word' id='word_1_215' title='bbox 1828 354 1900 397; x_wconf 91' lang='lat' dir='ltr'>ad-</span> 
     </span>
     <span class='ocr_line' id='line_1_47' title="bbox 1076 410 1901 464; baseline 0.004 -14"><span class='ocrx_word' id='word_1_216' title='bbox 1076 410 1281 451; x_wconf 87' lang='lat' dir='ltr'>versariis</span> <span class='ocrx_word' id='word_1_217' title='bbox 1298 422 1446 452; x_wconf 89' lang='lat' dir='ltr'>coram</span> <span class='ocrx_word' id='word_1_218' title='bbox 1462 410 1716 464; x_wconf 88' lang='lat' dir='ltr'>disputaret.</span> <span class='ocrx_word' id='word_1_219' title='bbox 1734 412 1901 454; x_wconf 90' lang='lat' dir='ltr'>Verum</span> 
     </span>
     <span class='ocr_line' id='line_1_48' title="bbox 1078 466 1902 509; baseline 0.002 -2"><span class='ocrx_word' id='word_1_220' title='bbox 1078 478 1176 507; x_wconf 91' lang='lat' dir='ltr'>cum</span> <span class='ocrx_word' id='word_1_221' title='bbox 1217 466 1425 508; x_wconf 84' lang='lat' dir='ltr'>Ursacius</span> <span class='ocrx_word' id='word_1_222' title='bbox 1466 471 1511 508; x_wconf 89' lang='lat' dir='ltr'>et</span> <span class='ocrx_word' id='word_1_223' title='bbox 1545 467 1710 509; x_wconf 88' lang='lat' dir='ltr'>Valens</span> <span class='ocrx_word' id='word_1_224' title='bbox 1750 467 1902 509; x_wconf 90' lang='lat' dir='ltr'>Ariani</span> 
     </span>
     <span class='ocr_line' id='line_1_49' title="bbox 1078 523 1901 578; baseline 0.004 -15"><span class='ocrx_word' id='word_1_225' title='bbox 1078 523 1308 575; x_wconf 84' lang='lat' dir='ltr'>episcopi‚.</span> <span class='ocrx_word' id='word_1_226' title='bbox 1336 535 1448 575; x_wconf 90' lang='lat' dir='ltr'>quos</span> <span class='ocrx_word' id='word_1_227' title='bbox 1492 523 1684 565; x_wconf 79' lang='lat' dir='ltr'>Hilarius</span> <span class='ocrx_word' id='word_1_228' title='bbox 1729 524 1901 578; x_wconf 81' lang='lat' dir='ltr'>scriptis</span> 
     </span>
     <span class='ocr_line' id='line_1_50' title="bbox 1078 579 1902 632; baseline 0.004 -13"><span class='ocrx_word' id='word_1_229' title='bbox 1078 579 1340 629; x_wconf 88' lang='lat' dir='ltr'>confutarat,</span> <span class='ocrx_word' id='word_1_230' title='bbox 1364 580 1595 632; x_wconf 84' lang='lat' dir='ltr'>praesentis</span> <span class='ocrx_word' id='word_1_231' title='bbox 1615 579 1902 622; x_wconf 85' lang='lat' dir='ltr'>eruditionem</span> 
     </span>
     <span class='ocr_line' id='line_1_51' title="bbox 1077 636 1903 690; baseline 0.002 -14"><span class='ocrx_word' id='word_1_232' title='bbox 1077 636 1454 688; x_wconf 86' lang='lat' dir='ltr'>pertimescerent,</span> <span class='ocrx_word' id='word_1_233' title='bbox 1506 636 1762 678; x_wconf 87' lang='lat' dir='ltr'>Constantio</span> <span class='ocrx_word' id='word_1_234' title='bbox 1806 649 1903 690; x_wconf 86' lang='lat' dir='ltr'>per-</span> 
     </span>
     <span class='ocr_line' id='line_1_52' title="bbox 1078 693 1903 746; baseline 0.004 -14"><span class='ocrx_word' id='word_1_235' title='bbox 1078 693 1325 743; x_wconf 90' lang='lat' dir='ltr'>suaserunt,</span> <span class='ocrx_word' id='word_1_236' title='bbox 1354 698 1401 734; x_wconf 94' lang='lat' dir='ltr'>ut</span> <span class='ocrx_word' id='word_1_237' title='bbox 1426 693 1573 746; x_wconf 87' lang='lat' dir='ltr'>specie</span> <span class='ocrx_word' id='word_1_238' title='bbox 1598 693 1777 734; x_wconf 89' lang='lat' dir='ltr'>honoris</span> <span class='ocrx_word' id='word_1_239' title='bbox 1803 706 1903 735; x_wconf 89' lang='lat' dir='ltr'>eum</span> 
     </span>
     <span class='ocr_line' id='line_1_53' title="bbox 1079 748 1902 802; baseline 0.002 -13"><span class='ocrx_word' id='word_1_240' title='bbox 1079 748 1123 789; x_wconf 94' lang='lat' dir='ltr'>in</span> <span class='ocrx_word' id='word_1_241' title='bbox 1155 761 1281 790; x_wconf 90' lang='lat' dir='ltr'>suum</span> <span class='ocrx_word' id='word_1_242' title='bbox 1310 749 1614 802; x_wconf 90' lang='lat' dir='ltr'>episcopatum</span> <span class='ocrx_word' id='word_1_243' title='bbox 1641 749 1902 791; x_wconf 72' lang='lat' dir='ltr'>restitueret.</span> 
     </span>
     <span class='ocr_line' id='line_1_54' title="bbox 1078 804 1904 858; baseline 0.004 -13"><span class='ocrx_word' id='word_1_244' title='bbox 1078 804 1203 846; x_wconf 92' lang='lat' dir='ltr'>Tunc</span> <span class='ocrx_word' id='word_1_245' title='bbox 1221 805 1438 846; x_wconf 90' lang='lat' dir='ltr'>Hilarium</span> <span class='ocrx_word' id='word_1_246' title='bbox 1460 818 1484 847; x_wconf 93' lang='lat' dir='ltr'>e</span> <span class='ocrx_word' id='word_1_247' title='bbox 1507 805 1660 858; x_wconf 81' lang='lat' dir='ltr'>praelio</span> <span class='ocrx_word' id='word_1_248' title='bbox 1679 805 1904 848; x_wconf 79' lang='lat' dir='ltr'>haeretico-</span> 
     </span>
     <span class='ocr_line' id='line_1_55' title="bbox 1079 862 1904 914; baseline 0.002 -12"><span class='ocrx_word' id='word_1_249' title='bbox 1079 874 1175 902; x_wconf 91' lang='lat' dir='ltr'>rum</span> <span class='ocrx_word' id='word_1_250' title='bbox 1190 863 1493 912; x_wconf 88' lang='lat' dir='ltr'>revertentem,</span> <span class='ocrx_word' id='word_1_251' title='bbox 1512 867 1561 903; x_wconf 92' lang='lat' dir='ltr'>ut</span> <span class='ocrx_word' id='word_1_252' title='bbox 1575 862 1715 914; x_wconf 91' lang='lat' dir='ltr'>inquit</span> <span class='ocrx_word' id='word_1_253' title='bbox 1728 866 1904 904; x_wconf 84' lang='lat' dir='ltr'>sanctus</span> 
     </span>
     <span class='ocr_line' id='line_1_56' title="bbox 1079 917 1905 970; baseline 0.002 -12"><span class='ocrx_word' id='word_1_254' title='bbox 1079 917 1390 970; x_wconf 90' lang='lat' dir='ltr'>Hieronymus,</span> <span class='ocrx_word' id='word_1_255' title='bbox 1436 918 1676 960; x_wconf 87' lang='lat' dir='ltr'>Galliarum</span> <span class='ocrx_word' id='word_1_256' title='bbox 1721 918 1905 960; x_wconf 88' lang='lat' dir='ltr'>ecclesia</span> 
     </span>
     <span class='ocr_line' id='line_1_57' title="bbox 1081 974 1903 1028; baseline 0.002 -13"><span class='ocrx_word' id='word_1_257' title='bbox 1081 974 1311 1027; x_wconf 85' lang='lat' dir='ltr'>complexa</span> <span class='ocrx_word' id='word_1_258' title='bbox 1335 980 1417 1016; x_wconf 89' lang='lat' dir='ltr'>est:</span> <span class='ocrx_word' id='word_1_259' title='bbox 1443 987 1574 1027; x_wconf 92' lang='lat' dir='ltr'>quem</span> <span class='ocrx_word' id='word_1_260' title='bbox 1599 975 1656 1016; x_wconf 93' lang='lat' dir='ltr'>ad</span> <span class='ocrx_word' id='word_1_261' title='bbox 1681 975 1903 1028; x_wconf 88' lang='lat' dir='ltr'>episcopa-</span> 
     </span>
     <span class='ocr_line' id='line_1_58' title="bbox 1080 1031 1906 1084; baseline 0 -12"><span class='ocrx_word' id='word_1_262' title='bbox 1080 1035 1174 1072; x_wconf 86' lang='lat' dir='ltr'>tum</span> <span class='ocrx_word' id='word_1_263' title='bbox 1219 1034 1396 1073; x_wconf 76' lang='lat' dir='ltr'>seci&#39;itus</span> <span class='ocrx_word' id='word_1_264' title='bbox 1441 1037 1508 1074; x_wconf 88' lang='lat' dir='ltr'>est</span> <span class='ocrx_word' id='word_1_265' title='bbox 1551 1032 1781 1082; x_wconf 87' lang='lat' dir='ltr'>Martinus,</span> <span class='ocrx_word' id='word_1_266' title='bbox 1832 1031 1906 1084; x_wconf 92' lang='lat' dir='ltr'>qui</span> 
     </span>
     <span class='ocr_line' id='line_1_59' title="bbox 1080 1087 1906 1142; baseline -0.001 -13"><span class='ocrx_word' id='word_1_267' title='bbox 1080 1089 1238 1140; x_wconf 86' lang='lat' dir='ltr'>postea</span> <span class='ocrx_word' id='word_1_268' title='bbox 1246 1088 1491 1130; x_wconf 91' lang='lat' dir='ltr'>Turonensi</span> <span class='ocrx_word' id='word_1_269' title='bbox 1505 1089 1680 1142; x_wconf 80' lang='lat' dir='ltr'>praefuit</span> <span class='ocrx_word' id='word_1_270' title='bbox 1693 1087 1906 1130; x_wconf 79' lang='lat' dir='ltr'>ecclesiae:</span> 
     </span>
     <span class='ocr_line' id='line_1_60' title="bbox 1080 1143 1905 1198; baseline 0 -13"><span class='ocrx_word' id='word_1_271' title='bbox 1080 1147 1338 1196; x_wconf 83' lang='lat' dir='ltr'>tantumque</span> <span class='ocrx_word' id='word_1_272' title='bbox 1374 1144 1449 1186; x_wconf 93' lang='lat' dir='ltr'>illo</span> <span class='ocrx_word' id='word_1_273' title='bbox 1489 1145 1672 1187; x_wconf 90' lang='lat' dir='ltr'>doctore</span> <span class='ocrx_word' id='word_1_274' title='bbox 1707 1143 1905 1198; x_wconf 88' lang='lat' dir='ltr'>profecit,</span> 
     </span>
     <span class='ocr_line' id='line_1_61' title="bbox 1083 1199 1906 1254; baseline 0.001 -13"><span class='ocrx_word' id='word_1_275' title='bbox 1083 1205 1291 1252; x_wconf 91' lang='lat' dir='ltr'>quantum</span> <span class='ocrx_word' id='word_1_276' title='bbox 1318 1201 1407 1253; x_wconf 89' lang='lat' dir='ltr'>ejus</span> <span class='ocrx_word' id='word_1_277' title='bbox 1430 1203 1589 1254; x_wconf 89' lang='lat' dir='ltr'>postea</span> <span class='ocrx_word' id='word_1_278' title='bbox 1606 1201 1814 1243; x_wconf 86' lang='lat' dir='ltr'>sanctitas</span> <span class='ocrx_word' id='word_1_279' title='bbox 1834 1199 1906 1242; x_wconf 92' lang='lat' dir='ltr'>de—</span> 
     </span>
     <span class='ocr_line' id='line_1_62' title="bbox 1082 1257 1273 1299; baseline 0 -1"><span class='ocrx_word' id='word_1_280' title='bbox 1082 1257 1273 1299; x_wconf 86' lang='lat' dir='ltr'>claravit.</span> 
     </span>
    </p>

    <p class='ocr_par' dir='ltr' id='par_1_13' title="bbox 1082 1314 1909 1638">
     <span class='ocr_line' id='line_1_63' title="bbox 1136 1314 1906 1369; baseline -0.001 -13"><span class='ocrx_word' id='word_1_281' title='bbox 1136 1317 1186 1369; x_wconf 67' lang='lat' dir='ltr'>R·</span> <span class='ocrx_word' id='word_1_282' title='bbox 1218 1314 1352 1355; x_wconf 92' lang='lat' dir='ltr'>Posui</span> <span class='ocrx_word' id='word_1_283' title='bbox 1381 1314 1642 1366; x_wconf 89' lang='lat' dir='ltr'>adjutorium</span> <span class='ocrx_word' id='word_1_284' title='bbox 1670 1325 1803 1367; x_wconf 90' lang='lat' dir='ltr'>super</span> <span class='ocrx_word' id='word_1_285' title='bbox 1829 1325 1906 1366; x_wconf 94' lang='lat' dir='ltr'>po-</span> 
     </span>
     <span class='ocr_line' id='line_1_64' title="bbox 1082 1369 1907 1422; baseline -0.001 -10"><span class='ocrx_word' id='word_1_286' title='bbox 1082 1372 1257 1421; x_wconf 91' lang='lat' dir='ltr'>tentem,</span> <span class='ocrx_word' id='word_1_287' title='bbox 1277 1376 1320 1413; x_wconf 89' lang='lat' dir='ltr'>et</span> <span class='ocrx_word' id='word_1_288' title='bbox 1341 1370 1532 1412; x_wconf 84' lang='lat' dir='ltr'>exaltavi</span> <span class='ocrx_word' id='word_1_289' title='bbox 1547 1371 1734 1412; x_wconf 90' lang='lat' dir='ltr'>electum</span> <span class='ocrx_word' id='word_1_290' title='bbox 1749 1369 1804 1412; x_wconf 93' lang='lat' dir='ltr'>de</span> <span class='ocrx_word' id='word_1_291' title='bbox 1818 1369 1907 1422; x_wconf 89' lang='lat' dir='ltr'>ple-</span> 
     </span>
     <span class='ocr_line' id='line_1_65' title="bbox 1082 1426 1906 1469; baseline -0.002 0"><span class='ocrx_word' id='word_1_292' title='bbox 1082 1427 1138 1469; x_wconf 91' lang='lat' dir='ltr'>be</span> <span class='ocrx_word' id='word_1_293' title='bbox 1161 1440 1271 1469; x_wconf 89' lang='lat' dir='ltr'>mea:</span> <span class='ocrx_word' id='word_1_294' title='bbox 1294 1432 1316 1455; x_wconf 79' lang='lat'>¹⁸¹</span> <span class='ocrx_word' id='word_1_295' title='bbox 1339 1427 1495 1469; x_wconf 91' lang='lat' dir='ltr'>Manus</span> <span class='ocrx_word' id='word_1_296' title='bbox 1525 1428 1639 1469; x_wconf 86' lang='lat' dir='ltr'>enim</span> <span class='ocrx_word' id='word_1_297' title='bbox 1664 1439 1763 1469; x_wconf 90' lang='lat' dir='ltr'>mea</span> <span class='ocrx_word' id='word_1_298' title='bbox 1790 1426 1906 1467; x_wconf 86' lang='lat' dir='ltr'>auxi-</span> 
     </span>
     <span class='ocr_line' id='line_1_66' title="bbox 1082 1481 1907 1532; baseline -0.002 -7"><span class='ocrx_word' id='word_1_299' title='bbox 1082 1483 1259 1525; x_wconf 89' lang='lat' dir='ltr'>liabitur</span> <span class='ocrx_word' id='word_1_300' title='bbox 1286 1484 1337 1526; x_wconf 94' lang='lat' dir='ltr'>ei.</span> <span class='ocrx_word' id='word_1_301' title='bbox 1382 1481 1432 1532; x_wconf 66' lang='lat' dir='ltr'>V.</span> <span class='ocrx_word' id='word_1_302' title='bbox 1465 1484 1618 1526; x_wconf 86' lang='lat' dir='ltr'>Inveni</span> <span class='ocrx_word' id='word_1_303' title='bbox 1643 1482 1789 1526; x_wconf 90' lang='lat' dir='ltr'>David</span> <span class='ocrx_word' id='word_1_304' title='bbox 1821 1495 1907 1524; x_wconf 87' lang='lat' dir='ltr'>ser-</span> 
     </span>
     <span class='ocr_line' id='line_1_67' title="bbox 1082 1539 1909 1590; baseline -0.001 -9"><span class='ocrx_word' id='word_1_305' title='bbox 1082 1554 1186 1582; x_wconf 87' lang='lat' dir='ltr'>vum</span> <span class='ocrx_word' id='word_1_306' title='bbox 1207 1553 1366 1590; x_wconf 90' lang='lat' dir='ltr'>meum,</span> <span class='ocrx_word' id='word_1_307' title='bbox 1395 1540 1493 1582; x_wconf 90' lang='lat' dir='ltr'>oleo</span> <span class='ocrx_word' id='word_1_308' title='bbox 1517 1545 1669 1583; x_wconf 89' lang='lat' dir='ltr'>sancto</span> <span class='ocrx_word' id='word_1_309' title='bbox 1687 1552 1788 1582; x_wconf 90' lang='lat' dir='ltr'>meo</span> <span class='ocrx_word' id='word_1_310' title='bbox 1804 1539 1909 1581; x_wconf 84' lang='lat' dir='ltr'>unxi</span> 
     </span>
     <span class='ocr_line' id='line_1_68' title="bbox 1085 1597 1522 1638; baseline 0 0"><span class='ocrx_word' id='word_1_311' title='bbox 1085 1609 1195 1638; x_wconf 90' lang='lat' dir='ltr'>eum.</span> <span class='ocrx_word' id='word_1_312' title='bbox 1222 1597 1378 1638; x_wconf 89' lang='lat' dir='ltr'>Manus</span> <span class='ocrx_word' id='word_1_313' title='bbox 1398 1597 1522 1638; x_wconf 90' lang='lat' dir='ltr'>enim.</span> 
     </span>
    </p>

    <p class='ocr_par' dir='ltr' id='par_1_14' title="bbox 1384 1653 1607 1695">
     <span class='ocr_line' id='line_1_69' title="bbox 1384 1653 1607 1695; baseline -0.009 -1"><span class='ocrx_word' id='word_1_314' title='bbox 1384 1653 1535 1695; x_wconf 91' lang='lat' dir='ltr'>Lectio</span> <span class='ocrx_word' id='word_1_315' title='bbox 1556 1653 1607 1692; x_wconf 86' lang='lat' dir='ltr'>vi.</span> 
     </span>
    </p>

    <p class='ocr_par' dir='ltr' id='par_1_15' title="bbox 1192 1709 1909 1762">
     <span class='ocr_line' id='line_1_70' title="bbox 1192 1709 1909 1762; baseline 0 -12"><span class='ocrx_word' id='word_1_316' title='bbox 1192 1722 1302 1760; x_wconf 87' lang='lat' dir='ltr'>agna</span> <span class='ocrx_word' id='word_1_317' title='bbox 1345 1709 1553 1762; x_wconf 86' lang='lat' dir='ltr'>deinceps</span> <span class='ocrx_word' id='word_1_318' title='bbox 1597 1709 1909 1762; x_wconf 87' lang='lat' dir='ltr'>tranquillitate</span> 
     </span>
    </p>

    <p class='ocr_par' dir='ltr' id='par_1_16' title="bbox 1084 1765 1913 2778">
     <span class='ocr_line' id='line_1_71' title="bbox 1208 1765 1911 1808; baseline 0.001 -2"><span class='ocrx_word' id='word_1_319' title='bbox 1208 1766 1491 1807; x_wconf 91' lang='lat' dir='ltr'>Pictavorum</span> <span class='ocrx_word' id='word_1_320' title='bbox 1518 1765 1748 1808; x_wconf 89' lang='lat' dir='ltr'>ecclesiam</span> <span class='ocrx_word' id='word_1_321' title='bbox 1777 1765 1911 1807; x_wconf 90' lang='lat' dir='ltr'>admi-</span> 
     </span>
     <span class='ocr_line' id='line_1_72' title="bbox 1084 1822 1910 1875; baseline -0.001 -12"><span class='ocrx_word' id='word_1_322' title='bbox 1084 1822 1297 1863; x_wconf 90' lang='lat' dir='ltr'>nistravit:</span> <span class='ocrx_word' id='word_1_323' title='bbox 1343 1822 1619 1875; x_wconf 88' lang='lat' dir='ltr'>Galliamque</span> <span class='ocrx_word' id='word_1_324' title='bbox 1662 1822 1910 1864; x_wconf 86' lang='lat' dir='ltr'>universam</span> 
     </span>
     <span class='ocr_line' id='line_1_73' title="bbox 1085 1878 1910 1931; baseline -0.001 -11"><span class='ocrx_word' id='word_1_325' title='bbox 1085 1878 1281 1928; x_wconf 80' lang='lat' dir='ltr'>adduxit,</span> <span class='ocrx_word' id='word_1_326' title='bbox 1300 1883 1348 1920; x_wconf 92' lang='lat' dir='ltr'>ut</span> <span class='ocrx_word' id='word_1_327' title='bbox 1362 1879 1624 1920; x_wconf 85' lang='lat' dir='ltr'>Arianorum</span> <span class='ocrx_word' id='word_1_328' title='bbox 1640 1878 1910 1931; x_wconf 88' lang='lat' dir='ltr'>impietatem</span> 
     </span>
     <span class='ocr_line' id='line_1_74' title="bbox 1085 1933 1910 1977; baseline -0.001 -1"><span class='ocrx_word' id='word_1_329' title='bbox 1085 1934 1408 1977; x_wconf 87' lang='lat' dir='ltr'>condemnaret.</span> <span class='ocrx_word' id='word_1_330' title='bbox 1450 1935 1616 1977; x_wconf 89' lang='lat' dir='ltr'>Multos</span> <span class='ocrx_word' id='word_1_331' title='bbox 1643 1934 1781 1976; x_wconf 90' lang='lat' dir='ltr'>libros</span> <span class='ocrx_word' id='word_1_332' title='bbox 1807 1933 1910 1976; x_wconf 90' lang='lat' dir='ltr'>scri-</span> 
     </span>
     <span class='ocr_line' id='line_1_75' title="bbox 1085 1991 1910 2045; baseline -0.001 -13"><span class='ocrx_word' id='word_1_333' title='bbox 1085 1991 1175 2045; x_wconf 86' lang='lat' dir='ltr'>psit</span> <span class='ocrx_word' id='word_1_334' title='bbox 1199 1991 1310 2033; x_wconf 89' lang='lat' dir='ltr'>mira</span> <span class='ocrx_word' id='word_1_335' title='bbox 1335 1991 1594 2034; x_wconf 81' lang='lat' dir='ltr'>eruditione:</span> <span class='ocrx_word' id='word_1_336' title='bbox 1622 2004 1733 2044; x_wconf 92' lang='lat' dir='ltr'>quos</span> <span class='ocrx_word' id='word_1_337' title='bbox 1758 2003 1910 2032; x_wconf 89' lang='lat' dir='ltr'>omnes</span> 
     </span>
     <span class='ocr_line' id='line_1_76' title="bbox 1086 2047 1910 2101; baseline -0.002 -11"><span class='ocrx_word' id='word_1_338' title='bbox 1086 2053 1263 2090; x_wconf 92' lang='lat' dir='ltr'>sanctus</span> <span class='ocrx_word' id='word_1_339' title='bbox 1299 2048 1594 2101; x_wconf 87' lang='lat' dir='ltr'>Hieronymus</span> <span class='ocrx_word' id='word_1_340' title='bbox 1634 2047 1692 2090; x_wconf 91' lang='lat' dir='ltr'>ad</span> <span class='ocrx_word' id='word_1_341' title='bbox 1726 2047 1910 2096; x_wconf 89' lang='lat' dir='ltr'>Laetam,</span> 
     </span>
     <span class='ocr_line' id='line_1_77' title="bbox 1086 2103 1910 2158; baseline -0.001 -12"><span class='ocrx_word' id='word_1_342' title='bbox 1086 2106 1179 2147; x_wconf 91' lang='lat' dir='ltr'>sine</span> <span class='ocrx_word' id='word_1_343' title='bbox 1215 2105 1304 2146; x_wconf 89' lang='lat' dir='ltr'>ulla</span> <span class='ocrx_word' id='word_1_344' title='bbox 1346 2105 1506 2147; x_wconf 91' lang='lat' dir='ltr'>erroris</span> <span class='ocrx_word' id='word_1_345' title='bbox 1541 2103 1790 2158; x_wconf 87' lang='lat' dir='ltr'>suspicione</span> <span class='ocrx_word' id='word_1_346' title='bbox 1823 2103 1910 2154; x_wconf 87' lang='lat' dir='ltr'>legi</span> 
     </span>
     <span class='ocr_line' id='line_1_78' title="bbox 1085 2160 1911 2215; baseline -0.004 -12"><span class='ocrx_word' id='word_1_347' title='bbox 1085 2175 1218 2215; x_wconf 90' lang='lat' dir='ltr'>posse</span> <span class='ocrx_word' id='word_1_348' title='bbox 1246 2164 1433 2204; x_wconf 87' lang='lat' dir='ltr'>testatur</span> <span class='ocrx_word' id='word_1_349' title='bbox 1458 2161 1542 2202; x_wconf 90' lang='lat' dir='ltr'>illis</span> <span class='ocrx_word' id='word_1_350' title='bbox 1567 2161 1728 2203; x_wconf 85' lang='lat' dir='ltr'>verbis:</span> <span class='ocrx_word' id='word_1_351' title='bbox 1754 2160 1911 2201; x_wconf 90' lang='lat' dir='ltr'>Hilarii</span> 
     </span>
     <span class='ocr_line' id='line_1_79' title="bbox 1085 2217 1910 2271; baseline -0.001 -12"><span class='ocrx_word' id='word_1_352' title='bbox 1085 2218 1221 2260; x_wconf 89' lang='lat' dir='ltr'>libros</span> <span class='ocrx_word' id='word_1_353' title='bbox 1238 2218 1451 2260; x_wconf 88' lang='lat' dir='ltr'>inoffenso</span> <span class='ocrx_word' id='word_1_354' title='bbox 1470 2218 1672 2260; x_wconf 79' lang='lat' dir='ltr'>decurrat</span> <span class='ocrx_word' id='word_1_355' title='bbox 1684 2217 1809 2271; x_wconf 89' lang='lat' dir='ltr'>pede.</span> <span class='ocrx_word' id='word_1_356' title='bbox 1833 2217 1910 2258; x_wconf 92' lang='lat' dir='ltr'>Mi-</span> 
     </span>
     <span class='ocr_line' id='line_1_80' title="bbox 1085 2273 1911 2331; baseline -0.002 -15"><span class='ocrx_word' id='word_1_357' title='bbox 1085 2275 1227 2331; x_wconf 85' lang='lat' dir='ltr'>gravit</span> <span class='ocrx_word' id='word_1_358' title='bbox 1258 2275 1301 2316; x_wconf 91' lang='lat' dir='ltr'>in</span> <span class='ocrx_word' id='word_1_359' title='bbox 1334 2274 1493 2316; x_wconf 88' lang='lat' dir='ltr'>coelum</span> <span class='ocrx_word' id='word_1_360' title='bbox 1523 2274 1676 2317; x_wconf 88' lang='lat' dir='ltr'>Idibus</span> <span class='ocrx_word' id='word_1_361' title='bbox 1707 2274 1732 2315; x_wconf 90' lang='lat' dir='ltr'><strong>J</strong></span> <span class='ocrx_word' id='word_1_362' title='bbox 1734 2273 1911 2323; x_wconf 88' lang='lat' dir='ltr'>anuarii,</span> 
     </span>
     <span class='ocr_line' id='line_1_81' title="bbox 1086 2330 1911 2383; baseline -0.002 -9"><span class='ocrx_word' id='word_1_363' title='bbox 1086 2331 1393 2374; x_wconf 87' lang='lat' dir='ltr'>Valentiniano</span> <span class='ocrx_word' id='word_1_364' title='bbox 1414 2336 1457 2373; x_wconf 88' lang='lat' dir='ltr'>et</span> <span class='ocrx_word' id='word_1_365' title='bbox 1474 2330 1660 2373; x_wconf 89' lang='lat' dir='ltr'>Valente</span> <span class='ocrx_word' id='word_1_366' title='bbox 1679 2331 1911 2383; x_wconf 89' lang='lat' dir='ltr'>imperato-</span> 
     </span>
     <span class='ocr_line' id='line_1_82' title="bbox 1086 2387 1911 2440; baseline -0.001 -11"><span class='ocrx_word' id='word_1_367' title='bbox 1086 2387 1217 2437; x_wconf 60' lang='lat' dir='ltr'>ribus</span> <span class='ocrx_word' id='word_1_368' title='bbox 1245 2400 1358 2429; x_wconf 92' lang='lat' dir='ltr'>anno</span> <span class='ocrx_word' id='word_1_369' title='bbox 1386 2392 1488 2440; x_wconf 92' lang='lat' dir='ltr'>post</span> <span class='ocrx_word' id='word_1_370' title='bbox 1514 2387 1735 2429; x_wconf 92' lang='lat' dir='ltr'>Christum</span> <span class='ocrx_word' id='word_1_371' title='bbox 1761 2391 1911 2428; x_wconf 91' lang='lat' dir='ltr'>natum</span> 
     </span>
     <span class='ocr_line' id='line_1_83' title="bbox 1086 2443 1911 2495; baseline -0.002 -9"><span class='ocrx_word' id='word_1_372' title='bbox 1086 2443 1392 2486; x_wconf 89' lang='lat' dir='ltr'>trecentesimo</span> <span class='ocrx_word' id='word_1_373' title='bbox 1452 2444 1725 2495; x_wconf 82' lang='lat' dir='ltr'>sexagesimo</span> <span class='ocrx_word' id='word_1_374' title='bbox 1782 2455 1911 2485; x_wconf 90' lang='lat' dir='ltr'>nono.</span> 
     </span>
     <span class='ocr_line' id='line_1_84' title="bbox 1087 2499 1911 2542; baseline -0.002 0"><span class='ocrx_word' id='word_1_375' title='bbox 1087 2501 1198 2542; x_wconf 91' lang='lat' dir='ltr'>Eum</span> <span class='ocrx_word' id='word_1_376' title='bbox 1224 2514 1249 2542; x_wconf 91' lang='lat' dir='ltr'>a</span> <span class='ocrx_word' id='word_1_377' title='bbox 1267 2500 1413 2541; x_wconf 91' lang='lat' dir='ltr'>multis</span> <span class='ocrx_word' id='word_1_378' title='bbox 1431 2499 1635 2542; x_wconf 88' lang='lat' dir='ltr'>Patribus</span> <span class='ocrx_word' id='word_1_379' title='bbox 1654 2505 1697 2542; x_wconf 92' lang='lat' dir='ltr'>et</span> <span class='ocrx_word' id='word_1_380' title='bbox 1716 2499 1911 2542; x_wconf 92' lang='lat' dir='ltr'>conciliis</span> 
     </span>
     <span class='ocr_line' id='line_1_85' title="bbox 1087 2556 1912 2608; baseline -0.001 -10"><span class='ocrx_word' id='word_1_381' title='bbox 1087 2558 1298 2608; x_wconf 87' lang='lat' dir='ltr'>insignem</span> <span class='ocrx_word' id='word_1_382' title='bbox 1316 2556 1526 2598; x_wconf 80' lang='lat' dir='ltr'>Ecclesiae</span> <span class='ocrx_word' id='word_1_383' title='bbox 1543 2557 1784 2598; x_wconf 90' lang='lat' dir='ltr'>Doctorem</span> <span class='ocrx_word' id='word_1_384' title='bbox 1807 2569 1912 2598; x_wconf 89' lang='lat' dir='ltr'>nun-</span> 
     </span>
     <span class='ocr_line' id='line_1_86' title="bbox 1088 2612 1912 2666; baseline -0.001 -11"><span class='ocrx_word' id='word_1_385' title='bbox 1088 2616 1312 2666; x_wconf 87' lang='lat' dir='ltr'>cupatum,</span> <span class='ocrx_word' id='word_1_386' title='bbox 1344 2618 1476 2666; x_wconf 89' lang='lat' dir='ltr'>atque</span> <span class='ocrx_word' id='word_1_387' title='bbox 1508 2613 1571 2654; x_wconf 94' lang='lat' dir='ltr'>uti</span> <span class='ocrx_word' id='word_1_388' title='bbox 1600 2613 1733 2655; x_wconf 90' lang='lat' dir='ltr'>talem</span> <span class='ocrx_word' id='word_1_389' title='bbox 1764 2613 1808 2654; x_wconf 91' lang='lat' dir='ltr'>in</span> <span class='ocrx_word' id='word_1_390' title='bbox 1840 2612 1912 2654; x_wconf 90' lang='lat' dir='ltr'>ali·</span> 
     </span>
     <span class='ocr_line' id='line_1_87' title="bbox 1090 2668 1913 2722; baseline -0.002 -11"><span class='ocrx_word' id='word_1_391' title='bbox 1090 2674 1196 2722; x_wconf 92' lang='lat' dir='ltr'>quot</span> <span class='ocrx_word' id='word_1_392' title='bbox 1227 2669 1492 2711; x_wconf 86' lang='lat' dir='ltr'>dioecesibus</span> <span class='ocrx_word' id='word_1_393' title='bbox 1524 2669 1702 2719; x_wconf 90' lang='lat' dir='ltr'>cultum,</span> <span class='ocrx_word' id='word_1_394' title='bbox 1735 2668 1913 2711; x_wconf 87' lang='lat' dir='ltr'>tandem</span> 
     </span>
     <span class='ocr_line' id='line_1_88' title="bbox 1087 2724 1912 2778; baseline -0.002 -11"><span class='ocrx_word' id='word_1_395' title='bbox 1087 2727 1275 2768; x_wconf 86' lang='lat' dir='ltr'>instante</span> <span class='ocrx_word' id='word_1_396' title='bbox 1299 2725 1469 2778; x_wconf 69' lang='lat' dir='ltr'>synodo</span> <span class='ocrx_word' id='word_1_397' title='bbox 1488 2726 1793 2777; x_wconf 85' lang='lat' dir='ltr'>Burdigalensi</span> <span class='ocrx_word' id='word_1_398' title='bbox 1809 2724 1912 2766; x_wconf 86' lang='lat' dir='ltr'>Pius</span> 
     </span>
    </p>
   </div>
   <div class='ocr_carea' id='block_1_9' title="bbox 133 146 1978 2823">
    <p class='ocr_par' dir='ltr' id='par_1_17' title="bbox 133 146 1978 2823">
     <span class='ocr_line' id='line_1_89' title="bbox 133 146 1978 2823; baseline 0 0"><span class='ocrx_word' id='word_1_399' title='bbox 133 146 1978 2823; x_wconf 95' lang='lat' dir='ltr'> </span> 
     </span>
    </p>
   </div>
  </div>
 </body>
</html>
