2040 2990
631 219 731 253 Infra
760 220 1053 253 Hebdomadam
1079 220 1391 263 Septiiaacsimae.

163 316 270 365 diso,
285 317 515 358 vescimur:
531 316 585 358 de
597 316 739 359 fructu
753 331 858 359 vero
873 318 987 369 ligni,

163 372 282 425 quod
296 378 363 414 est
381 373 425 413 in
442 373 587 415 medio
605 373 806 426 paradisi,
825 377 987 427 praece-

160 429 227 482 pit
256 429 383 471 nobis
411 430 532 471 Deus
560 442 614 471 ne
643 431 987 472 comederemus:

162 490 205 527 et
236 498 291 527 ne
322 489 600 537 tangeremus
633 487 758 538 illud,
791 500 845 529 ne
875 488 987 530 forte

160 543 406 584 moriamur.
434 544 556 585 Dixit
573 550 718 587 autem
737 557 915 598 serpens
931 546 987 587 ad

160 599 399 641 mulierem:
424 600 716 654 Nequaquam
736 607 877 644 morte
898 615 986 644 mo-

160 656 337 696 riemini.
386 657 477 698 Scit
505 659 618 699 enim
645 659 766 700 Deus
797 659 916 710 quod
943 660 987 700 in

162 716 440 765 quocumque
460 713 530 756 die
551 714 827 756 comederitis
848 728 901 756 ex
923 729 986 765 eo,

161 770 409 821 aperientur
445 771 559 812 oculi
596 772 748 813 vestri:
789 777 832 813 et
869 773 985 814 eritis

161 826 272 867 sicut
288 825 357 876 dii,
377 827 563 869 scientes
579 827 743 870 bonum
758 833 800 869 et
815 829 986 870 malum.

160 881 285 923 Vidit
316 883 446 933 igitur
478 884 633 926 mulier
670 884 788 937 quod
822 885 986 927 bonum

160 943 277 980 esset
290 938 455 990 lignum
470 939 526 982 ad
541 941 817 991 vescendum,
835 947 878 983 et
893 942 985 994 pul-

160 994 311 1035 chrum
331 996 485 1046 oculis,
506 1001 778 1050 aspectuque
798 997 984 1040 delecta-

158 1050 265 1092 bile:
302 1058 346 1093 et
377 1052 476 1095 tulit
509 1053 563 1095 de
596 1054 740 1095 fructu
773 1054 907 1104 illius,
942 1060 985 1097 et

159 1107 367 1149 comedit:
404 1109 615 1162 deditque
646 1111 741 1152 viro
776 1124 875 1160 suo,
913 1112 985 1164 qui

159 1164 359 1206 comedit.
396 1166 453 1208 Et
475 1167 615 1219 aperti
638 1172 738 1208 sunt
763 1168 877 1209 oculi
898 1181 983 1209 am-

157 1219 324 1262 borum.
379 1222 426 1271 Rg.
473 1223 762 1265 Plantaverat.
790 1225 881 1265 322.

463 1280 613 1320 Lectio
636 1281 673 1319 ii.

230 1347 392 1387 umque
412 1339 720 1386 cognovissent
735 1343 894 1379 se'esse
910 1351 983 1379 nu-

248 1390 346 1441 dos,
371 1394 635 1434 consuerunt
658 1393 763 1434 folia
788 1394 912 1443 ficus,
940 1399 983 1436 et

158 1446 353 1489 fecerunt
377 1448 458 1489 sibi
482 1449 764 1501 perizomata.
803 1450 860 1491 Et
884 1463 983 1491 cum

158 1503 382 1546 audissent
411 1517 567 1547 vocem
593 1505 772 1547 Domini
798 1507 882 1548 Dei
911 1507 982 1549 de-

158 1559 421 1602 ambulantis
446 1562 490 1602 in
517 1562 724 1614 paradiso
752 1563 808 1604 ad
833 1576 982 1605 auram

156 1621 260 1669 post
273 1617 512 1668 meridiem,
530 1618 761 1661 abscondit
776 1632 822 1661 se
838 1619 982 1661 Adam

157 1677 201 1714 et
224 1685 335 1715 uxor
353 1675 443 1727 ejus
467 1687 492 1715 a
510 1674 622 1716 facie
640 1675 817 1716 Domini
835 1677 920 1718 Dei
938 1677 981 1717 in

155 1729 302 1771 medio
329 1730 433 1781 ligni
460 1731 663 1784 paradisi.
705 1732 982 1785 Vocavitque

156 1785 370 1828 Dominus
394 1787 515 1829 Deus
539 1787 700 1838 Adam,
728 1793 772 1830 et
795 1788 905 1831 dixit
928 1790 982 1831 ei:

156 1841 242 1883 Ubi
261 1842 332 1884 es?
369 1844 453 1894 Qui
476 1844 550 1886 ait:
576 1845 745 1886 Vocem
767 1850 887 1887 tuam
911 1859 981 1887 au-

157 1897 246 1940 divi
263 1900 307 1940 in
324 1900 547 1952 paradiso:
571 1906 615 1943 et
632 1902 768 1951 timui,
789 1914 842 1943 eo
863 1902 982 1954 quod

155 1955 297 1998 nudus
318 1969 474 2007 essem,
494 1963 538 1999 et
557 1957 770 2000 abscondi
788 1971 868 1999 me.
903 1959 983 2000 Cui

157 2010 280 2053 dixit:
295 2013 401 2063 Quis
418 2014 532 2055 enim
546 2014 754 2056 indicavit
765 2014 845 2056 tibi
862 2014 981 2067 quod

155 2067 298 2110 nudus
319 2082 450 2120 esses,
469 2070 552 2111 nisi
566 2070 686 2122 quod
704 2083 758 2112 ex
776 2071 906 2122 ligno,
926 2071 981 2112 de

157 2136 244 2176 quo
269 2128 568 2178 praeceperam
595 2126 675 2169 tibi
702 2140 755 2169 ne
781 2127 980 2169 comede-

155 2193 245 2230 res,
280 2181 535 2224 comedisti?
584 2183 794 2235 Dixitque
821 2183 981 2225 Adam:

155 2236 325 2287 Mulier,
351 2251 482 2290 quam
501 2238 661 2281 dedisti
680 2239 785 2280 mihi
805 2240 979 2291 sociam,

155 2291 278 2335 dedit
295 2293 401 2335 mihi
419 2294 475 2337 de
493 2295 622 2346 ligno,
643 2301 686 2338 et
706 2296 888 2337 comedi.
925 2297 981 2337 Et

155 2348 264 2391 dixit
281 2350 496 2392 Dominus
515 2352 637 2393 Deus
660 2352 716 2394 ad
741 2352 980 2394 mulierem:

155 2405 300 2454 Quare
315 2406 400 2448 hoc
417 2407 578 2449 fecisti?
608 2409 716 2459 Quae
735 2408 979 2461 respondit:

154 2460 342 2513 Serpens
363 2462 538 2516 decepit
555 2477 635 2514 me,
655 2469 699 2506 et
718 2464 900 2506 comedi.

205 2517 256 2568 R.
283 2518 399 2560 Ecce
418 2519 573 2561 Adam.
600 2521 690 2561 323.

452 2574 603 2616 Lectio
625 2576 679 2615 iii.

231 2633 250 2670 t
272 2630 331 2671 ait
350 2630 564 2673 Dominus
583 2633 704 2674 Deus
728 2632 784 2674 ad
803 2634 977 2685 serpen-

249 2690 354 2727 tem:
380 2687 490 2736 Quia
513 2688 654 2730 fecisti
677 2689 777 2738 hoc,
801 2687 976 2742 maledi·

156 2746 251 2783 ctus
277 2755 323 2784 es
349 2742 460 2784 inter
486 2745 632 2786 omnia
657 2745 908 2795 animantia,
934 2748 977 2786 et

1040 318 1203 361 bestias
1230 325 1375 361 terrae:
1404 334 1535 373 super
1561 328 1715 374 pectus
1743 329 1865 365 tuum

1039 375 1266 427 gradieris,
1294 382 1337 418 et
1355 382 1515 419 terram
1539 379 1744 421 comedes
1766 393 1864 422 cun-

1041 433 1121 474 ctis
1158 432 1312 474 diebus
1340 434 1442 475 vitae
1473 441 1570 477 tuae.
1614 436 1864 479 Inimicitias

1039 502 1202 542 ponam
1222 490 1334 531 inter
1352 495 1395 532 te
1416 496 1459 532 et
1476 492 1715 542 mulierem,
1740 499 1782 535 et
1801 507 1864 535 se—

1039 559 1139 587 men
1153 551 1277 588 tuum
1293 552 1336 588 et
1351 560 1498 589 semen
1513 548 1640 589 illius:
1655 549 1750 601 ipsa
1764 553 1864 591 con-

1039 607 1152 644 teret
1167 608 1300 656 caput
1313 609 1448 653 tuum,
1468 609 1511 645 et
1525 610 1573 646 tu
1591 605 1863 647 insidiaberis

1041 659 1246 701 calcaneo
1272 660 1372 710 ejus.
1410 660 1581 702 Mulieri
1606 674 1781 713 quoque
1805 663 1864 704 di-

1039 716 1117 756 xit:
1136 716 1440 769 Multiplicabo
1461 721 1675 758 aerumnas
1694 723 1802 768 tuas,
1823 724 1865 760 et

1040 775 1279 825 conceptus
1311 778 1430 814 tuos:
1464 774 1507 814 in
1538 773 1691 816 dolore
1723 776 1864 827 paries

1039 829 1168 878 filios,
1195 835 1238 871 et
1258 829 1339 871 sub
1358 830 1440 871 viri
1459 833 1679 882 potestate
1699 832 1798 881 eris,
1823 838 1865 874 et

1038 886 1133 938 ipse
1167 886 1461 928 dominabitur
1493 887 1565 928 tui.
1621 887 1732 929 Adae
1761 901 1863 930 vero

1040 942 1167 984 dixit:
1201 943 1312 993 Quia
1340 942 1500 984 audisti
1533 956 1686 984 vocem
1715 946 1863 986 uxoris

1039 1003 1140 1049 tuae,
1162 1004 1205 1040 et
1222 999 1453 1041 comedisti
1472 999 1527 1041 de
1547 1000 1679 1050 ligno,
1701 1014 1754 1042 ex
1776 1014 1862 1053 quo

1037 1058 1337 1108 praeceperam
1376 1056 1456 1097 tibi
1500 1069 1555 1098 ne
1600 1057 1863 1108 comederes,

1036 1112 1269 1154 maledicta
1288 1117 1403 1154 terra
1422 1113 1464 1152 in
1485 1115 1617 1164 opere
1638 1118 1729 1154 tuo:
1747 1114 1790 1154 in
1806 1114 1862 1155 la·
1907 1124 1909 1126 ’

1037 1168 1218 1210 boribus
1236 1169 1442 1210 comedes
1459 1182 1512 1210 ex
1528 1181 1579 1210 ea
1595 1170 1760 1211 cunctis
1776 1170 1861 1212 die-

1036 1224 1119 1266 bus
1147 1226 1248 1267 vitae
1275 1231 1374 1267 tuae.
1423 1226 1578 1277 Spinas
1607 1231 1650 1267 et
1677 1226 1861 1268 tribulos

1036 1282 1295 1332 germinabit
1324 1282 1422 1333 tibi,
1458 1287 1501 1324 et
1533 1282 1739 1323 comedes
1767 1283 1860 1324 her-

1036 1337 1137 1379 bam
1164 1344 1302 1380 terrae.
1355 1339 1406 1380 In
1439 1337 1598 1380 sudore
1627 1338 1770 1380 vultus
1798 1341 1861 1381 tui

1036 1395 1224 1436 vesceris
1248 1408 1376 1447 pane,
1402 1395 1542 1436 donec
1566 1396 1798 1436 revertaris
1818 1396 1860 1436 in

1034 1456 1195 1492 terram
1224 1451 1278 1494 de
1312 1465 1398 1504 qua
1429 1456 1628 1504 sumptus
1661 1464 1726 1492 es:
1761 1453 1861 1504 quia

1034 1508 1177 1560 pulvis
1202 1521 1263 1558 es,
1292 1514 1335 1550 et
1358 1509 1401 1549 in
1425 1508 1651 1561 pulverem
1675 1511 1860 1550 reverte-

1034 1565 1103 1605 ris.
1139 1566 1196 1606 Et
1221 1566 1394 1606 vocavit
1413 1564 1556 1606 Adam
1576 1577 1734 1606 nomen
1756 1568 1860 1606 uxo-

1034 1621 1092 1662 ris
1108 1634 1212 1671 suae,
1228 1622 1367 1663 Heva:
1388 1634 1440 1662 eo
1457 1621 1576 1673 quod
1591 1626 1729 1662 mater
1744 1627 1860 1663 esset

1035 1680 1290 1719 cunctorum
1308 1678 1556 1719 viventium.

1086 1734 1133 1783 R.
1163 1734 1250 1776 Ubi
1270 1740 1336 1776 est
1354 1734 1479 1776 Abel.
1507 1735 1598 1775 323.

1085 1790 1153 1830 Ad
1175 1791 1215 1829 M
1222 1792 1345 1841 agnis.
1370 1793 1467 1831 Ant.
1506 1790 1637 1833 Tolle
1652 1790 1770 1842 quod
1794 1794 1858 1831 tu-

1034 1862 1108 1889 um
1132 1853 1212 1897 est,
1236 1848 1260 1874 *
1280 1852 1322 1888 et
1345 1846 1470 1897 vade;
1495 1847 1595 1899 quia
1614 1859 1695 1897 ego
1714 1846 1857 1888 bonus

1034 1917 1140 1954 sum,
1161 1903 1264 1945 dicit
1283 1903 1509 1944 Dominus.

1244 2006 1406 2042 Feria
1436 2006 1646 2053 Quinta.

1224 2065 1288 2105 De
1325 2064 1435 2106 libro
1474 2065 1667 2106 Genesis.

1134 2125 1285 2166 Lectio
1307 2126 1330 2165 i.
1596 2127 1698 2178 Cap.
1714 2129 1750 2167 4.

1143 2182 1244 2223 dam
1283 2195 1388 2223 vero
1429 2182 1635 2233 cognovit
1674 2184 1856 2223 uxorem

1041 2190 1123 2218 ‘³=-s'‘*i‡

1042 2220 1053 2275 y.
1159 2251 1282 2279 suam
1309 2238 1498 2280 Hevam:
1529 2251 1626 2291 quae
1655 2238 1856 2290 concepit

1033 2302 1076 2337 et
1107 2295 1277 2347 peperit
1311 2295 1435 2344 Cain,
1471 2294 1637 2336 dicens:
1673 2293 1855 2335 Possedi

1032 2352 1251 2393 hominem
1281 2364 1360 2403 per
1387 2351 1540 2392 Deum.
1576 2351 1854 2402 Rursumque

1031 2408 1200 2460 peperit
1235 2407 1412 2449 fratrem
1453 2409 1542 2459 ejus
1579 2406 1701 2447 Abel.
1755 2406 1854 2447 Fuit

1031 2469 1177 2509 autem
1196 2463 1309 2506 Abel
1327 2469 1479 2516 pastor
1499 2463 1660 2512 ovium,
1686 2467 1729 2503 et
1749 2463 1853 2504 Cain

1031 2520 1230 2571 agricola.
1277 2520 1458 2561 Factum
1487 2524 1554 2560 est
1581 2523 1725 2559 autem
1751 2522 1852 2570 post

1029 2576 1189 2618 multos
1208 2576 1302 2618 dies
1319 2581 1368 2618 ut
1386 2575 1560 2617 offerret
1575 2575 1679 2615 Cain
1699 2573 1753 2615 de
1770 2574 1851 2614 frti-

1030 2632 1172 2674 ctibus
1187 2637 1314 2674 terrae
1329 2635 1508 2674 munera
1519 2631 1718 2672 Domino.
1739 2629 1851 2670 Abel

1031 2701 1206 2740 quoque
1254 2688 1412 2730 obtulit
1457 2687 1511 2729 de
1555 2685 1849 2739 primogenitis

1028 2745 1170 2796 gregis
1196 2745 1279 2794 sui,
1307 2749 1351 2786 et
1377 2744 1432 2786 de
1458 2743 1658 2796 adipibus
1685 2743 1849 2783 eorum:
