2080 2990
604 206 670 240 Dic
695 208 725 239 8.
755 208 837 241 Dec.

885 210 1074 242 immacul
1100 210 1277 251 (loncept.
1307 211 1342 243 1⁷3.
1367 211 1410 243 M.
1440 212 1477 243 Y.

1811 208 1876 243 381

248 300 421 350 Venite,
445 305 488 341 et
508 300 651 342 videte
674 302 808 352 opera
826 301 1010 352 Domini,

199 368 296 408 quae
313 356 461 408 posuit
479 355 678 409 prodigia
693 369 825 409 super
839 362 1012 399 terram:

197 413 221 439 *
251 412 449 454 auferens
480 412 595 454 bella
625 425 763 465 usque
794 413 851 455 ad
881 413 1012 456 finem

195 472 334 509 terrae.

246 524 409 566 Arcum
445 526 657 575 conteret,
695 529 738 566 et
773 525 1013 577 confringet

195 592 328 621 arma:
346 581 369 606 *
389 585 432 622 et
451 586 573 622 scuta
592 581 819 623 comburet
836 582 934 632 igni.

245 636 429 687 vacate,
457 642 500 679 et
526 637 669 679 videte
701 638 903 690 quoniam
931 651 1011 689 ego

196 705 291 733 sum
304 693 437 735 Deus:
452 694 475 720 *
491 693 715 736 exaltabor
729 694 773 735 in
789 694 1012 745 Gentibus,

197 753 241 790 et
259 749 485 792 exaltabor
502 751 546 790 in
563 755 690 792 terra.

246 805 460 847 Dominus
487 807 693 848 virtutum
719 806 962 848 nobiscum:
989 809 1013 835 *

196 863 423 914 susceptor
441 868 590 904 noster
607 863 728 904 Deus
746 863 893 905 Jacob.

250 925 346 965 Ant.
368 926 543 979 Adiuvit
563 940 658 969 eam
671 927 792 969 Deus
809 941 936 970 mane
953 928 1012 969 di-

196 981 356 1032 111001ος
382 984 667 1026 sanctificavit
688 983 1013 1026 tabernaculum

196 1050 321 1079 suum
340 1038 601 1081 Altissimus.

250 1104 348 1144 Ant.
371 1104 573 1146 Gloriosa
590 1106 614 1131 *
633 1105 750 1147 dicta
769 1110 868 1147 sunt
886 1105 940 1147 de
959 1110 1013 1156 te,

197 1159 349 1200 civitas
375 1160 477 1202 Dei:
506 1161 704 1203 fundavit
730 1166 775 1203 te
802 1162 1013 1203 Dominus

195 1214 240 1255 in
257 1216 478 1258 montibus
498 1218 669 1259 sanctis.

468 1292 662 1332 psalmus
683 1293 747 1332 86.

196 1347 272 1452 F
285 1354 546 1397 undamenta
581 1357 671 1407 ejus
711 1357 755 1397 in
795 1357 1014 1399 montibus

291 1412 466 1453 sanctis:
485 1413 508 1439 *
527 1411 667 1463 diligit
684 1413 897 1454 Dominus
916 1427 1013 1466 por-

195 1471 262 1563 335
285 1467 389 1564 51100
412 1480 543 1520 super
568 1469 711 1510 omnia
734 1469 1015 1511 tabernacula

221 1535 301 1564 aco
335 1554 343 1562 .

249 1578 453 1675 Gllpriosa
471 1579 587 1621 dicta
605 1585 705 1622 sunt
725 1580 780 1622 de
798 1585 853 1631 te,
872 1582 895 1607 *
915 1582 1013 1623 civi-

195 1639 263 1676 tas
328 1635 377 1676 ei.

246 1690 415 1732 Memor
433 1704 508 1733 ero
530 1692 695 1742 Rahab,
717 1697 761 1734 et
778 1692 1014 1745 Babylonis

196 1746 220 1772 *
239 1747 465 1788 5016011001
483 1761 564 1790 016.

247 1803 362 1848 Εο06
393 1803 662 1854 alienigenae,
699 1809 742 1846 et
774 1805 935 1857 Tyrus,
971 1810 1015 1847 et

196 1859 386 1955 plopulus
412 1859 687 1913 AEthiopum‚
714 1861 738 1886 *
764 1861 809 1902 111
840 1861 1014 1903 fuerunt

195 1929 210 1955 1
244 1928 295 1956 1c.

247 1970 471 2023 Numquid
494 1972 598 2013 Sion
622 1972 756 2014 dicet:
782 1973 944 2023 Homo,
971 1978 1015 2015 et

195 2026 328 2068 homo
347 2032 473 2068 natus
493 2032 560 2069 est
578 2028 622 2068 in
641 2041 705 2070 ea:
719 2029 743 2055 *
759 2033 802 2070 et
814 2029 909 2081 ipse
923 2029 1013 2070 fun-

197 2081 317 2124 davit
336 2095 432 2124 eam
450 2083 721 2125 Altissimus?

248 2138 463 2180 Dominus
494 2139 687 2182 narrabit
716 2140 759 2181 in
791 2140 1015 2192 scripturis

197 2194 472 2247 populorum,
491 2200 535 2237 et
548 2196 805 2248 principum:
815 2197 839 2223 *
849 2196 1014 2246 horum,

199 2251 273 2302 qui
291 2250 463 2292 fuerunt
482 2251 526 2292 in
545 2264 606 2293 ea.

247 2306 366 2348 Sicut
383 2307 625 2349 laetantium
647 2308 839 2349 omnium
856 2310 879 2335 *
898 2307 1013 2350 habi-

198 2362 306 2403 tatio
326 2367 392 2404 est
410 2363 454 2404 in
472 2368 527 2405 te.

250 2423 348 2463 Ant.
381 2425 584 2470 Gloriosa
612 2428 727 2471 dicta
754 2434 853 2471 sunt
880 2429 934 2470 de
961 2434 1014 2478 te,

200 2482 350 2524 civitas
375 2483 478 2526 Dei:
510 2485 706 2527 fundavit
733 2490 777 2527 16
804 2485 1015 2526 1)(’11111005

198 2538 242 2578 10
260 2539 478 2581 montibus
498 2541 669 2582 sanctis.

252 2589 300 2640 V·
326 2599 376 2639 In
396 2598 482 2641 hoc
504 2602 690 2651 cognovi
715 2602 920 2654 quoniam
942 2613 1014 2641 vo-

199 2653 317 2695 luisti
335 2667 414 2696 me.
441 2651 491 2702 Rt·
522 2657 737 2706 Quoniam
754 2670 841 2698 non
859 2656 1014 2707 gaude-

200 2709 263 2752 bit
282 2710 479 2752 inimicus
496 2725 618 2754 meus
637 2726 768 2766 super
786 2726 866 2755 me.

353 2853 416 2877 Pars
431 2853 564 2878 Hiemalis.

1175 308 1323 345 Sermo
1352 305 1489 346 sancti
1514 305 1767 357 Hieronymi

1341 361 1599 413 Presbyteri.

1196 414 1250 447 Dc
1277 415 1547 457 Assnmptionc
1577 415 1611 447 13.
1640 416 1681 448 31.
1710 418 1734 447 Υ

1363 468 1508 508 Lectio
1532 469 1580 507 iv.

1094 526 1709 634 ue²¹t¹³sgfissr13¹s¹33¹¹ts³en32⁵eert
1738 526 1879 635 ἓῖῗὲῗς

1066 590 1146 662 L4
1162 634 1184 661 ²²¹
1205 638 1360 689 Maria,
1393 638 1447 680 ab
1475 638 1644 688 Angelo
1677 637 1879 680 divinitus

1066 694 1318 744 declaratur,
1334 708 1431 736 cum
1446 694 1615 735 dicitur:
1634 695 1730 735 Ave
1744 695 1882 745 gratia

1065 751 1208 803 plena,
1231 751 1445 792 Dominus
1465 755 1623 792 tecum:
1650 749 1880 792 benedicta

1063 812 1112 848 tu
1133 807 1176 847 in
1198 806 1459 848 mulieribus.
1495 805 1675 847 Talibus
1696 819 1881 857 namque

1066 862 1248 904 decebat
1260 863 1484 913 Virginem
1499 862 1779 915 oppignorari
1793 876 1881 903 mu-

1066 919 1250 969 neribus,
1270 924 1318 961 ut
1338 924 1452 960 65561
1469 919 1608 970 gratia
1626 918 1764 971 plena,
1786 931 1882 971 quae

1066 975 1185 1017 dedit
1213 975 1334 1017 coelis
1362 975 1560 1026 gloriam,
1587 975 1713 1016 terris
1736 976 1882 1016 Domi-

1065 1045 1176 1082 num,
1191 1033 1430 1084 pacemque
1445 1031 1614 1080 refudit,
1629 1031 1761 1072 fidem
1772 1032 1882 1072 Gen-

1065 1087 1197 1137 tibus,
1226 1088 1357 1129 finem
1384 1088 1515 1137 vitiis,
1546 1087 1648 1128 vitae
1677 1087 1883 1137 ordinem,

1064 1143 1257 1185 moribus
1277 1143 1558 1196 disciplinam.
1591 1143 1647 1184 Et
1664 1142 1776 1185 bene
1795 1143 1883 1195 ple-

1065 1213 1130 1250 03,
1151 1200 1250 1252 quia
1269 1200 1424 1241 ceteris
1442 1212 1521 1252 per
1539 1204 1685 1252 partes
1704 1202 1883 1251 praesta-

1064 1261 1150 1298 tur:
1176 1257 1325 1297 Mariae
1350 1269 1455 1298 vero
1483 1255 1609 1297 simul
1634 1268 1681 1297 56
1706 1260 1800 1296 1013
1824 1256 1883 1296 10-

1065 1312 1175 1354 fudit
1189 1312 1414 1365 plenitudo
1429 1312 1591 1363 gratiae.
1613 1312 1729 1353 Vere
1744 1312 1883 1364 plena,

1067 1369 1166 1420 quia
1200 1369 1282 1410 etsi
1315 1369 1359 1408 in
1393 1369 1552 1410 sanctis
1583 1367 1805 1418 Patribus,
1840 1372 1884 1409 61

1064 1424 1295 1477 Prophetis
1334 1425 1473 1475 gratia
1513 1425 1644 1465 fuisse
1685 1423 1883 1474 creditur,

1064 1493 1151 1521 non
1178 1486 1321 1522 tamen
1351 1483 1529 1522 eatenus
1555 1480 1700 1532 plena:
1731 1480 1774 1520 in
1796 1480 1883 1521 Μ3-

1065 1539 1173 1577 11310
1203 1550 1308 1578 vero
1339 1539 1474 1578 totius
1506 1536 1676 1587 gratiae,
1714 1548 1810 1588 quae
1841 1536 1885 1576 in

1067 1592 1240 1634 Christo
1256 1597 1332 1642 est,
1352 1592 1578 1645 plenitudo
1594 1592 1722 1641 venit,
1739 1604 1884 1643 quam-

1067 1661 1197 1700 quam
1216 1648 1350 1690 aliter.
1382 1649 1438 1690 Et
1456 1647 1556 1690 ideo
1575 1648 1726 1700 inquit:
1750 1648 1884 1689 Bene-

1067 1705 1182 1746 dicta
1203 1710 1251 1746 tu
1273 1705 1316 1745 in
1339 1704 1602 1746 mulieribus:
1629 1704 1674 1745 id
1698 1709 1763 1745 est
1786 1703 1884 1755 plus

1065 1760 1312 1810 benedicta,
1341 1774 1470 1813 quam
1495 1773 1645 1802 omnes
1672 1760 1884 1801 mulieres.

1066 1817 1132 1858 Ac
1146 1830 1224 1869 per
1240 1817 1324 1858 hoc
1341 1816 1552 1868 quidquid
1568 1815 1883 1857 maledictionis

1066 1873 1254 1914 infusum
1270 1878 1336 1914 est
1349 1885 1428 1925 per
1439 1873 1619 1922 Hevam,
1633 1877 1774 1914 totum
1789 1871 1883 1913 abs-

1066 1929 1164 1970 tulit
1197 1928 1443 1970 benedictio
1475 1928 1635 1969 Mariae.
1686 1927 1753 1968 De
1788 1928 1884 1980 ipsa

1066 1984 1271 2026 Salomon
1294 1985 1337 2025 in
1357 1984 1560 2034 canticis,
1585 1984 1709 2035 quasi
1731 1984 1773 2024 in
1795 1983 1882 2024 lau-

1067 2039 1167 2082 dem
1194 2041 1302 2092 ejus:
1335 2040 1464 2090 Veni,
1496 2040 1650 2092 inquit,
1682 2039 1884 2081 colomba

1065 2109 1178 2146 mea,
1204 2095 1479 2137 immaculata
1503 2108 1610 2137 mea.
1647 2096 1671 2136 J
1674 2108 1743 2136 am
1770 2096 1883 2136 enim

1065 2152 1203 2194 hiems
1228 2152 1413 2202 transiit,
1439 2151 1576 2194 imber
1602 2151 1722 2201 abiit,
1751 2157 1794 2193 et
1819 2164 1882 2192 re-

1066 2209 1206 2249 cessit.
1243 2208 1311 2249 Ac
1334 2207 1490 2249 deinde
1513 2207 1666 2260 inquit:
1691 2207 1805 2249 Veni
1828 2207 1882 2249 de

1065 2264 1243 2314 Libano,
1262 2264 1372 2314 veni,
1392 2263 1681 2305 coronaberis.

1115 2316 1165 2367 R.
1191 2320 1284 2371 Ego
1304 2332 1359 2361 ex
1377 2332 1452 2361 ore
1471 2319 1682 2361 Altissimi
1700 2318 1882 2371 prodivi,

1066 2376 1355 2428 primogenita
1385 2380 1483 2417 ante
1516 2388 1687 2417 omnem
1716 2378 1881 2416 0163111-

1066 2444 1172 2472 ram:
1200 2444 1281 2482 ego
1306 2432 1388 2473 feci
1411 2432 1455 2473 in
1480 2431 1602 2473 coelis
1626 2435 1674 2472 ut
1698 2431 1882 2472 oriretur

1066 2487 1209 2529 lumen
1224 2487 1486 2530 indeficiens.
1502 2484 1523 2507 *
1540 2487 1745 2528 Nondum
1760 2491 1881 2528 erant

1066 2543 1221 2598 abyssi,
1245 2548 1289 2585 et
1312 2557 1393 2595 ego
1413 2545 1496 2595 jam
1519 2545 1731 2595 concepta
1754 2555 1881 2584 eram.

1066 2593 1114 2638 Υ-
1142 2600 1262 2641 Deus
1285 2601 1400 2641 enim
1426 2599 1588 2641 creavit
1611 2612 1680 2640 me
1702 2599 1745 2639 in
1767 2599 1880 2650 justi-

1066 2656 1137 2705 tia,
1162 2660 1205 2696 et
1227 2655 1513 2708 apprehendit
1535 2668 1709 2696 manum
1731 2666 1880 2702 meam,

1067 2716 1110 2753 et
1128 2713 1317 2753 servavit
1334 2724 1414 2753 me.
1441 2711 1657 2753 Nondum.

1067 530 1089 587 [ἦ.

1613 2839 1678 2874 25*
