2080 2990
786 206 996 240 Commune
1021 205 1234 247 Virginum.

1792 208 1863 252 [97]

149 305 284 347 decus
314 310 448 357 atque
483 308 791 347 ornamentum
824 305 979 357 gratiae

148 361 376 415 spiritalis,
413 362 517 403 laeta
541 362 735 412 indoles,
763 361 908 403 laudis
936 365 980 402 et

148 418 330 459 honoris
362 431 476 471 opus
505 421 725 470 integrum
757 424 889 469 atque
919 417 980 457 in-

149 478 418 527 corruptum,
439 475 523 516 Dei
541 476 689 526 imago
706 474 980 526 respondens

149 530 206 572 ad
221 531 558 572 sanctimoniam
568 531 759 580 Domini,
768 529 981 571 illustrior

148 587 296 639 portio
321 587 467 639 gregis
488 587 662 629 Christi.
701 586 878 628 Gaudet
901 598 981 638 per

148 643 263 693 illas,
295 648 428 695 atque
462 644 506 684 in
531 643 617 684 illis
643 643 824 694 largiter
851 642 982 683 floret

150 699 364 741 Ecclesiae
383 699 537 741 matris
556 699 749 751 gloriosa
769 697 981 740 foecundi-

149 760 232 797 tas:
257 758 512 807 quantoque
531 756 632 808 plus
652 755 836 808 copiosa
852 754 981 805 virgi-

150 811 265 853 nitas
285 815 470 853 numero
491 824 571 853 suo
587 811 723 861 addit,
741 816 866 852 tanto
881 810 982 863 plus

149 867 359 919 gaudium
383 868 537 909 matris
562 868 769 919 augescit.
806 866 879 908 Ad
902 866 982 907 has

150 923 383 976 loquimur,
398 924 478 965 has
489 923 777 965 adhortamur
789 923 981 964 affectio-

149 993 205 1022 ne
215 980 365 1032 potius
376 993 507 1032 quam
514 982 753 1032 potestate:
763 992 853 1021 non
862 978 984 1030 quod

152 1036 352 1086 extremi,
383 1041 427 1077 et
445 1036 629 1086 minimi,
660 1041 704 1078 et
723 1035 983 1076 humilitatis

150 1097 316 1133 nostrae
347 1092 588 1134 admodum
621 1092 787 1133 conscii
815 1090 984 1143 aliquid

152 1147 210 1190 ad
230 1151 463 1190 censuram
482 1148 673 1190 licentiae
694 1148 983 1197 vindicemus3

153 1204 233 1246 sed
257 1204 377 1257 quod
402 1204 458 1246 ad
483 1204 826 1246 sollicitudinem
844 1204 984 1255 magis

153 1261 285 1310 cauti,
311 1261 412 1313 plus
439 1260 494 1302 de
515 1261 683 1302 diaboli
702 1260 985 1302 infestatione

152 1318 396 1359 timeamus.

205 1375 256 1426 R.
286 1374 480 1426 Propter
507 1374 758 1423 veritatem,
794 1378 839 1414 et
867 1385 984 1413 man-

155 1429 453 1478 suetudinem,
483 1434 526 1471 et
543 1430 768 1481 justitiam:
787 1429 809 1453 *
829 1430 886 1470 Et
912 1428 984 1470 de-

157 1486 290 1528 ducet
323 1491 368 1527 te
399 1485 659 1527 mirabiliter
689 1485 872 1527 dextera
899 1490 985 1526 tua.

156 1537 207 1590 V.
227 1542 384 1595 Specie
402 1547 479 1583 tua
497 1547 540 1583 et
561 1541 891 1595 pulchritudine
910 1547 986 1583 tua

155 1598 354 1649 intende,
378 1600 594 1651 prospere
618 1598 829 1652 procede,
858 1603 903 1640 et
922 1611 985 1640 re-

155 1668 251 1707 gna.
286 1656 354 1697 Et.

467 1706 621 1746 Lectio
643 1720 678 1746 v.
702 1734 710 1746 .

155 1761 366 1867 Neque
386 1768 528 1809 inanis
551 1767 648 1809 haec
668 1767 815 1808 cautio
835 1772 917 1817 est,
943 1772 987 1808 et

265 1837 378 1866 vana
399 1824 611 1874 formido,
638 1837 736 1875 quae
757 1823 814 1865 ad
832 1823 987 1864 salutis

156 1881 272 1921 viam
287 1880 488 1930 consulit,
509 1893 608 1932 quae
627 1879 848 1921 dominica
867 1885 912 1921 et
927 1880 987 1920 vi-

156 1936 263 1978 telia
282 1938 510 1989 praecepta
525 1935 731 1986 custodit,
751 1940 800 1976 ut
820 1948 919 1987 quae
940 1948 987 1976 se

158 1991 334 2033 Christo
346 1991 602 2041 dicaverint,
619 1996 663 2033 et
674 2004 700 2032 a
711 1991 875 2032 carnali
886 2003 987 2032 con-

157 2049 431 2101 cupiscentia
450 2048 720 2095 recedentes,
739 2052 830 2089 tam
845 2060 987 2097 carne,

158 2117 290 2157 quam
309 2110 457 2146 mente
477 2117 524 2146 se
539 2105 636 2145 Deo
652 2104 865 2151 voverint,
886 2116 986 2144 con-

158 2164 377 2202 summent
402 2173 516 2214 opus
543 2173 671 2202 suum
697 2172 857 2211 magno
877 2161 987 2211 prae-

157 2217 247 2258 mio
281 2217 563 2259 destinatum:
597 2229 678 2258 nec
711 2216 858 2257 ornari
890 2216 987 2267 jam,

158 2278 234 2315 aut
251 2273 428 2326 placere
446 2276 669 2326 cuiquam,
689 2272 774 2313 nisi
793 2273 986 2313 Domino

159 2341 257 2379 suo,
274 2329 497 2379 studeant,
521 2342 547 2370 a
565 2341 653 2381 quo
674 2334 719 2370 et
737 2327 988 2369 mercedem

158 2385 421 2436 virginitatis
473 2387 754 2438 exspectant,
814 2384 988 2426 dicente

158 2441 273 2493 ipso:
292 2441 394 2483 Non
417 2454 570 2483 omnes
593 2441 772 2494 capiunt
792 2440 987 2489 verbum,

159 2497 239 2538 sed
277 2497 340 2538 illi
377 2498 535 2550 quibus
575 2497 726 2539 datum
761 2502 838 2538 est.
879 2496 988 2537 Sunt

160 2553 275 2594 enim
299 2554 537 2606 spadones,
567 2554 641 2606 qui
668 2567 723 2595 ex
748 2556 875 2594 fitero
899 2564 986 2592 ma-

159 2608 240 2649 tris
269 2609 332 2650 sic
357 2610 450 2650 nati
477 2614 593 2651 sunt:
626 2615 670 2651 et
699 2614 801 2650 sunt
829 2608 986 2660 spado-

159 2677 253 2714 nes,
273 2665 349 2716 qui
366 2667 510 2707 coacti
528 2670 630 2707 sunt
650 2665 705 2706 ab
722 2664 986 2713 hominibus;

159 2725 204 2762 et
227 2726 329 2762 sunt
353 2721 591 2774 spadones,
619 2722 694 2773 qui
722 2724 891 2773 seipsos
920 2733 986 2761 ca-

313 2860 377 2884 Pars
393 2859 526 2884 Hiemalis.

1033 306 1285 345 straverunt
1311 309 1496 357 propter
1521 318 1705 356 regnum
1731 304 1863 346 coelo-

1033 373 1142 401 rum.

1092 419 1143 470 R.
1173 416 1378 459 Dilexisti
1401 418 1631 469 justitiam‚
1659 422 1703 458 et
1731 417 1866 458 odisti

1033 472 1328 524 iniquitatem:
1358 479 1382 503 *
1401 474 1646 526 Propterea
1670 474 1795 514 unxit
1820 479 1864 514 te

1034 529 1173 578 Deus,
1225 529 1346 570 Deus
1392 534 1494 571 tuus
1541 529 1640 570 oleo
1687 529 1865 571 laetitiae.

1039 583 1092 634 V.
1112 585 1301 638 Propter
1322 586 1572 635 veritatem,
1603 590 1646 626 et
1666 599 1864 627 mansue-

1033 641 1249 691 tudinem,
1279 647 1323 684 et
1351 642 1572 694 justitiam.
1613 643 1866 694 Propterea.

1340 713 1494 753 Lectio
1519 713 1570 753 vi.

1038 766 1238 871 Denuo
1267 780 1444 819 quoque
1468 781 1549 820 per
1572 767 1684 809 hanc
1708 768 1867 819 Angeli

1142 837 1297 865 vocem
1317 824 1600 866 continentiae
1620 838 1776 865 munus
1801 837 1866 865 os-

1036 879 1252 930 tenditur,
1305 880 1534 931 virginitas
1587 880 1867 932 praedicatur.

1036 937 1096 977 Hi
1128 941 1246 986 sunt,
1285 937 1359 989 qui
1396 949 1495 978 cum
1529 936 1787 977 mulieribus
1820 949 1867 977 se

1036 1005 1123 1034 non
1160 993 1572 1045 coinquinaverunt:
1609 993 1798 1044 virgines
1828 1005 1868 1034 e-

1037 1050 1125 1090 nim
1144 1051 1495 1102 permanserunt:
1518 1048 1564 1089 hi
1589 1054 1690 1089 sunt
1710 1049 1784 1101 qui
1805 1062 1867 1090 se-

1039 1108 1231 1157 quuntur
1251 1105 1427 1156 Agnum
1454 1108 1734 1157 quocumque
1758 1106 1868 1146 ierit.

1036 1162 1193 1213 Neque
1214 1162 1329 1202 enim
1348 1166 1520 1202 tantum
1539 1161 1747 1202 masculis
1767 1174 1867 1202 con-

1037 1218 1234 1260 tinentiae
1262 1218 1449 1268 gratiam
1475 1218 1691 1258 Dominus
1719 1230 1869 1270 repro-

1037 1275 1190 1323 mittit,
1235 1279 1278 1315 et
1316 1274 1498 1314 feminas
1535 1275 1749 1326 praeterit:
1790 1273 1869 1315 sed

1039 1331 1247 1382 quoniam
1266 1330 1426 1371 femina
1445 1331 1528 1371 viri
1547 1331 1695 1383 portio
1719 1335 1800 1380 est,
1826 1334 1869 1371 et

1039 1400 1093 1428 ex
1122 1400 1174 1428 eo
1205 1392 1381 1439 sumpta
1413 1392 1546 1438 atque
1575 1387 1762 1427 formata
1791 1391 1869 1435 est,

1038 1444 1082 1483 in
1097 1443 1338 1496 Scripturis
1360 1443 1450 1484 fere
1470 1443 1673 1483 omnibus
1694 1442 1750 1483 ad
1770 1454 1869 1495 pro-

1039 1499 1279 1552 toplastum
1290 1500 1412 1540 Deus
1427 1499 1634 1551 loquitur,
1652 1499 1753 1550 quia
1768 1503 1870 1539 sunt

1040 1555 1128 1596 duo
1159 1555 1203 1596 in
1233 1568 1363 1596 carne
1392 1568 1493 1604 una,
1527 1561 1571 1596 et
1599 1555 1643 1595 in
1671 1555 1868 1595 masculo

1040 1612 1169 1653 simul
1189 1611 1460 1663 significatur
1482 1616 1525 1652 et
1541 1612 1712 1652 femina.
1741 1610 1870 1661 Quod

1040 1669 1077 1709 si
1105 1668 1329 1709 Christum
1363 1668 1632 1709 continentia
1660 1668 1869 1719 sequitur,

1041 1730 1084 1766 et
1104 1737 1240 1776 regno
1257 1725 1341 1766 Dei
1362 1724 1590 1775 virginitas
1609 1724 1870 1765 destinatur:

1041 1781 1149 1832 quid
1169 1786 1236 1822 est
1256 1780 1341 1821 illis
1362 1793 1462 1821 cum
1481 1782 1656 1821 terreno
1676 1779 1807 1828 cultu,
1827 1783 1871 1819 et

1040 1850 1140 1878 cum
1165 1837 1451 1886 ornamentis,
1481 1835 1639 1887 quibus
1669 1835 1773 1877 dum
1796 1835 1869 1875 ho-

1039 1893 1231 1934 minibus
1262 1893 1439 1945 placere
1472 1892 1684 1943 gestiunt,
1726 1891 1869 1932 Deum

1041 1947 1292 1990 offendunt?
1416 1949 1418 1953 ’

1094 2008 1143 2059 R.
1161 2009 1413 2050 Afferentur
1431 2008 1542 2058 Regi
1559 2008 1749 2059 virgines
1767 2012 1870 2059 post

1041 2078 1168 2114 eam,
1194 2065 1408 2117 proximae
1442 2064 1532 2115 ejus
1564 2064 1586 2087 *
1621 2063 1870 2104 Afferentur

1039 2121 1120 2163 tibi
1169 2121 1213 2161 in
1264 2121 1417 2162 laetitia
1471 2125 1515 2161 et
1566 2119 1869 2160 exsultatione.

1041 2171 1091 2223 V.
1136 2177 1292 2230 Specie
1335 2182 1412 2218 tua
1457 2180 1501 2217 et
1545 2175 1868 2228 pulchritudine

1039 2239 1115 2275 tua
1142 2233 1330 2282 intende,
1358 2235 1570 2285 prospere
1594 2231 1797 2284 procede,
1826 2236 1869 2272 et

1039 2303 1184 2341 regna.
1237 2289 1498 2330 Afferentur.
1555 2287 1704 2328 Gloria
1740 2287 1867 2328 Patri.

1040 2346 1301 2388 Afferentur.

1262 2420 1311 2459 In
1332 2420 1403 2458 ΙΙΙ.
1426 2419 1649 2458 Nocturno.

1040 2490 1194 2532 Lectio
1216 2490 1357 2531 sancti
1376 2488 1601 2539 Evangelii
1626 2486 1866 2529 secundum

1322 2546 1591 2588 Matthaeum.

1144 2608 1298 2648 Lectio
1320 2607 1387 2646 vii.
1583 2606 1685 2655 Cap.
1708 2606 1763 2643 19.

1038 2658 1115 2764 In
1168 2663 1244 2704 illo
1299 2665 1518 2714 tempore:
1571 2661 1866 2702 Accesserunt

1113 2718 1170 2760 ad
1208 2719 1359 2760 Jesum
1396 2717 1603 2770 pharisaei
1646 2717 1865 2757 tentantes

1628 2844 1659 2876 G
