2040 2990
191 195 232 228 16
808 194 1004 226 Dominica
1032 193 1080 226 ad
1107 192 1266 225 Laudes.

189 285 485 335 misericordia
518 286 622 335 ejuS,
654 286 677 311 *
711 291 753 326 et
790 299 926 337 usque
963 286 1005 325 in

188 342 509 391 generationem
531 347 574 382 et
592 342 917 390 generatiOnem
938 342 1005 381 ve-

190 399 291 439 ritas
311 398 410 446 ejus.

463 450 655 489 Psalmus
676 451 738 489 62.

275 520 351 548 eus
371 508 490 549 Deus
509 521 631 549 meus
651 509 673 533 *
694 508 749 549 ad
772 514 815 550 te
836 508 889 549 de
909 509 1005 549 luce

190 511 272 614 D
299 563 441 613 vigilo.

236 619 380 660 Sitivit
403 619 446 659 in
471 626 514 660 te
538 620 679 659 anima
700 632 811 666 mea,
831 621 853 643 *
875 632 1003 671 quam

185 675 482 727 multipliciter
501 675 579 716 tibi
600 688 702 716 caro
722 688 827 716 mea.

238 732 285 770 In
306 737 421 771 terra
442 730 630 777 deserta,
657 737 699 771 et
718 731 849 779 invia,
876 737 918 772 et
944 732 1003 771 in-

185 788 368 837 aquOsa:
400 788 422 811 *
455 787 517 826 sic
555 787 597 826 in
635 792 786 827 sancto
820 788 1003 838 apparui

184 841 278 888 tibi,
302 848 348 882 ut
370 842 559 882 viderem
580 843 781 883 virtutem
802 848 935 887 tuam,
962 849 1004 884 et

184 897 366 945 gloriam
387 903 516 938 tuam.

236 953 449 1002 Quossiam
483 953 634 993 melior
667 959 732 994 est
762 955 1002 995 misericor—

185 1008 254 1048 dia
290 1014 362 1048 tua
395 1022 526 1060 super
559 1010 682 1050 vitas:
711 1012 733 1034 *
761 1009 872 1050 labia
906 1023 1002 1051 mea

185 1063 422 1104 laudabunt
442 1070 495 1105 te.

233 1119 304 1159 Sic
329 1119 582 1160 benedicam
604 1126 647 1161 te
672 1121 713 1160 in
740 1121 826 1162 vita
852 1134 961 1162 mea:
980 1123 1002 1147 *

183 1179 226 1215 et
259 1174 300 1214 in
336 1175 509 1216 nomine
545 1182 622 1216 tuo
660 1176 814 1217 levabo
850 1190 1003 1218 manus

184 1242 313 1270 meas,

233 1285 353 1326 Sicut
368 1285 496 1337 adipe
508 1292 551 1327 et
565 1288 826 1339 pinguedine
839 1289 1001 1340 replea—

181 1346 251 1381 tur
272 1341 413 1381 anima
435 1355 545 1383 mea:
565 1344 587 1368 *
608 1349 651 1384 et
670 1342 798 1384 labiis
818 1345 1000 1386 exsulta-

182 1396 312 1436 tionis
331 1396 525 1438 laudabit
545 1411 594 1439 os
616 1412 771 1440 meum.

233 1452 277 1491 Si
301 1464 467 1493 memor
492 1454 549 1494 fui
574 1455 636 1495 tui
662 1468 792 1507 super
818 1462 1001 1497 stratum

183 1519 344 1554 meum,
369 1508 411 1547 in
437 1510 659 1550 matutinis
683 1511 931 1552 meditabor
958 1512 1001 1552 in

183 1567 240 1602 te:
259 1563 281 1586 *
302 1563 401 1613 quia
422 1563 538 1604 fuisti
557 1564 727 1616 adjutor
745 1580 877 1611 meus.

236 1617 290 1658 Et
308 1618 351 1657 in
372 1619 615 1661 velamento
640 1621 805 1662 alarum
829 1626 1001 1664 tuarum

183 1673 422 1721 exsultabo,
437 1674 622 1716 adhaesit
633 1677 774 1717 anima
790 1691 886 1719 mea
901 1686 1003 1731 post

182 1733 240 1769 te:
257 1730 279 1754 *
299 1742 367 1770 me
387 1732 580 1782 suscepit
599 1731 778 1773 dextera
799 1739 883 1775 tua.

235 1785 323 1836 Ipsi
350 1797 453 1827 vero
480 1787 522 1826 in
550 1800 707 1828 vanum
736 1790 1002 1841 quaesierunt

183 1840 368 1880 animam
389 1853 544 1890 meam,
570 1843 810 1886 introibunt
834 1846 875 1886 in
899 1847 1001 1888 infe·

184 1895 299 1935 riora
322 1902 464 1937 terrae:
484 1899 506 1922 *
525 1899 752 1941 tradentur
778 1901 821 1941 in
848 1915 1002 1943 manus

182 1950 326 1998 gladii,
344 1957 489 2003 partes
509 1954 702 2006 vulpium
724 1963 860 1998 erunt.

236 2006 330 2046 Rex
351 2020 454 2047 vero
474 2008 694 2051 laetabitur
717 2011 759 2051 in
780 2013 891 2061 Deo,
914 2014 1000 2055 lau-

185 2060 404 2102 dabl'mtur
430 2076 581 2105 omnes
608 2066 679 2116 qui
706 2067 845 2116 jurant
870 2069 911 2109 in
933 2083 1000 2111 eo:

184 2116 207 2139 *
233 2117 332 2167 quia
359 2117 631 2160 obstruCtum
656 2127 722 2162 est
749 2135 798 2162 os
823 2124 999 2176 loquen-

184 2170 291 2211 tium
311 2172 467 2225 iniqua.

240 2229 308 2263 Hic
325 2240 399 2263 non
418 2231 556 2265 dicitur
571 2231 703 2267 Gloria
720 2234 834 2270 Patri.

456 2287 648 2328 l'salnius
668 2292 732 2329 66.

186 2333 350 2437 Deus
386 2338 641 2382 misereatur
668 2346 826 2394 nostri,
859 2353 902 2388 et
929 2348 999 2390 be-

291 2391 463 2434 nedicat
483 2395 626 2436 nobis:
643 2398 665 2422 *
683 2398 896 2443 illuminet
910 2404 999 2444 vul-

184 2451 275 2486 tum
291 2459 415 2510 suum
431 2462 562 2501 super
578 2465 667 2501 nos,
687 2460 730 2495 et
744 2456 1000 2500 misereatur

186 2507 331 2542 nostrl.

238 2556 295 2597 Ut
322 2563 636 2606 cognoscamus
669 2564 710 2603 in
742 2571 855 2607 terra
886 2569 997 2610 viam

184 2616 319 2651 tuam:
334 2614 357 2637 *
373 2614 413 2653 in
434 2616 634 2658 omnibus
655 2620 869 2663 Gentibus
889 2625 996 2665 salu-

184 2668 276 2708 tare
295 2673 427 2710 tuum.

1113 283 1415 324 Confiteantur
1434 282 1515 324 tibi
1534 282 1689 334 p6puli
1707 283 1843 324 Deus:
1863 284 1886 309 *

1059 339 1351 380 confiteantur
1370 337 1451 380 tibi
1472 338 1625 390 p6puli
1645 351 1808 380 omnes.

1110 395 1335 435 Laetentur
1353 400 1397 435 et
1417 394 1638 436 exsultent
1657 395 1840 437 Gentes:
1863 398 1886 422 *

1059 451 1266 502 quoniam
1291 450 1457 501 judicas
1478 450 1669 502 pepulos
1688 451 1733 491 in
1753 452 1886 504 aequi-

1058 509 1158 555 tate,
1179 512 1222 547 et
1237 506 1402 547 Gentes
1422 506 1464 546 in
1484 511 1601 547 terra
1622 506 1782 557 dirigis.
1844 551 1848 554 ,

1110 563 1411 603 Confiteantur
1446 561 1524 603 tibi
1565 563 1718 615 p6puli
1754 563 1887 613 Deus,

1058 619 1347 659 confiteantur
1375 618 1453 659 tibi
1484 618 1636 670 pepuli
1669 631 1835 661 omnes:
1863 621 1886 646 *

1057 680 1173 716 terra
1193 674 1314 715 dedit
1333 674 1520 715 fructum
1541 687 1678 715 suum.

1110 730 1347 771 Benedicat
1358 743 1438 770 nos
1450 730 1581 779 Deus,
1595 731 1716 772 Deus
1725 737 1886 781 noster,

1057 785 1287 827 benedicat
1314 798 1394 826 nos
1422 787 1557 827 Deus:
1577 788 1599 812 *
1625 792 1669 828 et
1691 789 1887 830 metuant

1057 856 1154 883 eum
1176 855 1327 883 omnes
1347 842 1455 883 fines
1476 848 1617 884 terrae.

1109 902 1259 943 Gloria
1280 903 1408 943 Patri.

1109 964 1192 1004 Per
1213 964 1397 1003 Annum.
1427 965 1526 1004 Ant.
1560 963 1760 1015 Alleluia,
1785 965 1884 1007 alle-

1056 1019 1151 1070 luia.

1111 1081 1209 1120 Ant.
1239 1081 1348 1120 Tres
1368 1081 1503 1131 pueri.

1151 1161 1375 1201 Canticum
1397 1162 1526 1201 trium
1548 1176 1796 1214 puerorum.

1338 1227 1513 1261 Danielis
1530 1228 1559 1261 3.
1579 1239 1608 1262 e.

1138 1291 1350 1333 enedicite
1376 1293 1521 1333 omnia
1547 1295 1683 1345 Opera
1707 1294 1885 1335 Domini

1164 1347 1369 1388 Domino:
1401 1349 1423 1374 *
1456 1348 1632 1390 laudate
1661 1355 1705 1391 et
1737 1363 1885 1404 super-

1056 1402 1245 1443 exaltate
1265 1416 1363 1444 eum
1383 1404 1426 1444 in
1447 1404 1618 1446 saecula.

1108 1458 1360 1500 Benedicite
1394 1460 1551 1510 Angeli
1587 1461 1765 1502 D6mini
1796 1462 1885 1503 Do-

1054 1514 1188 1554 mino:
1207 1515 1230 1540 *
1250 1514 1494 1558 benedicite
1515 1517 1615 1558 coeli
1634 1518 1838 1560 Domino.

1108 1570 1359 1612 Benedicite
1375 1585 1502 1624 aquae
1519 1585 1682 1623 omnes,
1703 1587 1802 1626 quae
1817 1587 1884 1616 su-

1055 1638 1133 1676 per
1153 1626 1290 1666 coelos
1311 1633 1421 1676 sunt,
1442 1628 1648 1670 DOmino:
1667 1631 1691 1655 '⁸‘
1709 1629 1884 1672 benedi-

1055 1681 1139 1721 cite
1176 1693 1329 1724 omnes
1366 1684 1550 1726 virtutes
1586 1685 1763 1727 Domini
1796 1687 1884 1727 Do-

1055 1737 1182 1777 mino.

1107 1793 1359 1836 Benedicite
1389 1796 1454 1836 sol
1484 1802 1527 1838 et
1551 1797 1654 1838 luna
1677 1798 1884 1840 Domino:

1055 1849 1077 1873 *
1096 1848 1340 1892 benedicite
1361 1852 1499 1893 stellae
1520 1853 1621 1894 coeli
1639 1853 1843 1904 Domino.

1108 1905 1359 1948 Benedicite
1392 1909 1533 1949 omnis
1564 1909 1718 1951 imber'
1736 1915 1780 1952 et
1811 1922 1883 1952 ros

1054 1960 1260 2002 DOmino:
1279 1963 1302 1988 *
1322 1962 1567 2006 benedicite
1588 1978 1740 2007 omnes
1760 1967 1882 2019 spiri-

1054 2021 1123 2056 tus
1143 2017 1225 2058 Dei
1244 2018 1446 2060 Domino.

1105 2073 1358 2115 Benedicite
1395 2076 1506 2125 ignis
1543 2082 1586 2118 et
1622 2082 1758 2119 aestus
1794 2078 1882 2119 Do-

1053 2128 1185 2169 mino:
1204 2130 1227 2155 *
1251 2129 1496 2173 benedicite
1521 2133 1656 2182 frigus
1680 2139 1725 2175 et
1748 2138 1882 2175 aestus

1053 2183 1253 2225 Domino.

1104 2239 1356 2282 Benedicite
1390 2255 1512 2284 rores
1540 2250 1584 2285 et
1610 2247 1765 2296 pruina
1793 2245 1881 2286 Do-

1052 2295 1184 2336 mino:
1212 2297 1235 2321 *
1263 2296 1508 2340 benedicite
1541 2300 1642 2349 gelu
1674 2306 1718 2342 et
1746 2301 1881 2351 frigus

1051 2350 1253 2393 Domino.

1103 2406 1356 2449 Benedicite
1384 2410 1546 2458 glacies
1575 2417 1619 2453 et
1645 2413 1767 2454 nives
1791 2413 1879 2454 Do—

1052 2462 1182 2502 mino:
1210 2464 1233 2488 *
1261 2463 1505 2507 benedicite
1533 2473 1686 2509 noctes
1714 2473 1759 2510 et
1786 2468 1879 2510 dies

1052 2517 1252 2559 D6mino.

1103 2573 1354 2616 Benedicite
1387 2577 1458 2618 lux
1492 2584 1535 2619 et
1566 2578 1760 2620 tenebrae
1790 2580 1877 2621 Do-

1050 2629 1182 2668 mino:
1210 2630 1231 2653 *
1261 2629 1504 2675 benedicite
1534 2634 1703 2684 fulgura
1733 2641 1776 2676 et
1802 2649 1876 2677 nu-

1050 2682 1128 2724 bes
1147 2685 1347 2726 DOmino.
