2080 2990
227 224 329 269 [308]

660 228 856 262 Orationis
883 229 924 262 D.
950 229 994 262 N.
1019 229 1051 262 ,1.
1078 230 1117 262 C.
1145 230 1181 262 in
1208 229 1335 262 Monte
1362 228 1513 262 oliveti.

228 327 367 363 tuam:
404 323 427 348 *
460 322 556 374 ipsa
584 335 655 364 me
687 322 983 373 deduxerunt,
1017 329 1061 365 et

228 377 506 419 adduxerunt
543 378 586 419 in
624 384 819 421 montem
860 385 1059 421 sanctum

227 438 361 481 tuum,
390 438 434 474 et
461 434 503 474 in
532 433 817 476 tabernacula
844 440 929 476 tua.

279 489 335 530 Et
361 489 554 531 introibo
581 490 638 531 ad
664 490 801 532 altare
825 491 925 532 Dei:
953 491 976 517 *
1003 490 1060 531 ad

228 544 391 593 Deum,
438 546 512 597 qui
553 545 748 587 laetificat
789 548 1059 598 juventutem

228 612 382 640 meam.

282 655 538 697 Confitebor
564 656 645 698 tibi
672 659 716 697 in
745 657 911 699 cithara
937 657 1059 698 Deus

227 711 350 752 Deus
368 725 506 753 meus:
529 713 553 738 *
578 725 714 765 quare
737 713 875 754 tristis
900 726 947 754 es
972 713 1059 753 ani-

228 780 298 807 ma
317 766 438 809 mea?
460 773 503 809 et
525 781 660 820 quare
680 768 918 810 conturbas
938 767 1032 811 me?

280 823 418 875 Spera
450 824 493 864 in
526 825 643 873 Deo,
678 825 884 876 quoniam
916 824 1060 866 adhuc

229 878 476 920 confitebor
512 880 592 920 illi:
628 881 652 905 *
689 880 880 922 salutare
914 880 1060 921 vultus

228 935 325 984 mei,
346 940 389 976 et
407 935 528 976 Deus
548 948 684 976 meus.

281 998 378 1035 Ant.
401 997 509 1034 (lum
529 992 678 1041 oratis,
699 1004 785 1032 non
807 992 927 1032 oritis
947 992 1060 1034 sicut

228 1045 482 1098 hypocn‘tae‚
504 1047 577 1098 qui
598 1054 744 1088 amant
763 1048 806 1087 in
826 1049 1060 1100 synagogis

185 1150 187 1154 Α
229 1108 273 1142 et
313 1102 355 1142 in
398 1103 566 1153 angulis
607 1104 853 1155 platearum
895 1109 1060 1145 stantes

229 1160 373 1207 orare,
399 1163 447 1199 ut
470 1158 700 1200 videantur
726 1160 780 1201 ab
799 1160 1061 1201 hominibus.

284 1221 380 1259 Ant.
424 1219 491 1258 Tu
531 1220 678 1256 autem
714 1228 814 1256 cum
853 1217 1060 1266 oraveris,

228 1269 341 1311 intra
360 1271 403 1310 in
422 1270 669 1312 cubiculum
688 1276 825 1322 tuum,
846 1277 890 1313 et
909 1272 1059 1313 clauso

231 1326 360 1375 ostio,
381 1339 459 1366 ora
478 1327 653 1368 Patrem
672 1332 794 1368 tuum
814 1328 857 1368 in
877 1328 1058 1369 abscon-

229 1380 334 1422 dito.

496 1437 695 1476 Psalmus
724 1438 789 1475 63.

228 1493 443 1597 Exaudi
481 1495 602 1536 Deus
640 1496 883 1537 orationem
916 1509 1059 1538 meam

325 1563 423 1591 cum
453 1550 680 1602 deprecor:
708 1552 731 1576 *
760 1564 785 1592 a
813 1552 970 1593 timore
999 1553 1058 1593 in-

281 1661 517 1702 Protexisti
544 1675 615 1703 me
645 1675 670 1702 a
698 1665 916 1704 conventu
940 1664 1058 1704 mali-

229 1717 468 1766 gnantium:
487 1718 511 1742 *
531 1730 556 1757 a
579 1718 856 1760 multitudine
876 1722 1059 1771 operan-

229 1772 337 1812 tium
355 1772 639 1824 iniquitatem.

282 1828 393 1877 Quia
413 1830 680 1870 exacuerunt
703 1834 752 1870 ut
770 1830 963 1879 gladium
982 1830 1058 1871 lin—

229 1895 336 1932 guas
377 1896 492 1924 suas:
529 1885 552 1909 *
588 1884 867 1927 intenderunt
909 1899 1059 1927 arcum

228 1951 320 1979 rem
349 1942 561 1988 amaram,
596 1944 644 1981 ut
677 1944 884 1991 sagittent
915 1942 957 1982 in
987 1955 1057 1983 oc-

229 1994 357 2035 cultis
384 1995 722 2036 immaculatum.

280 2049 434 2091 Subito
460 2051 728 2102 sagittabunt
753 2065 868 2102 eum,
902 2058 946 2095 et
970 2067 1057 2095 non

229 2104 462 2146 timebunt:
490 2107 513 2131 *
542 2106 825 2149 firmaverunt
856 2109 939 2150 sibi
971 2123 1057 2151 ser-

228 2162 403 2201 monem
422 2174 621 2212 nequam.

280 2216 579 2258 Narraverunt
632 2222 680 2258 ut
735 2219 1059 2262 absconderent

231 2271 428 2356 laqueos:
455 2273 479 2297 *
507 2272 721 2315 dixerunt:
758 2276 864 2325 Quis
892 2276 1058 2319 videbit

229 2339 323 2368 eos.

280 2383 470 2424 Scrutoti
491 2389 592 2425 sunt
614 2384 879 2436 iniquitates:
898 2388 922 2412 *
942 2386 1058 2429 defe-

227 2440 379 2479 cerunt
398 2442 644 2481 scrutantes
664 2442 883 2483 scrutinio.

279 2494 476 2535 Accedet
502 2495 635 2536 homo
664 2495 721 2537 ad
750 2509 826 2537 cor
853 2498 1004 2539 altum:
1033 2500 1056 2525 *

227 2554 271 2590 et
290 2549 554 2591 exaltabitur
572 2551 705 2592 Deus.

278 2605 457 2655 Sagittae
486 2607 767 2658 parvulorum
800 2608 928 2649 factae
957 2615 1058 2652 sunt

226 2660 368 2712 plagae
397 2663 562 2702 eorum:
582 2663 605 2687 *
629 2668 672 2704 et
696 2663 927 2705 infirmotae
956 2671 1057 2707 sunt

227 2721 379 2757 contra
399 2729 476 2758 eos
496 2717 654 2768 linguae
674 2721 836 2760 eorum.

1166 323 1424 365 Conturbati
1443 328 1544 364 sunt
1563 335 1716 365 omnes
1737 325 1810 376 qui
1826 323 1943 366 vide-

1112 379 1219 421 bant
1242 392 1334 421 eos:
1353 380 1377 405 *
1398 384 1442 420 et
1464 379 1609 420 timuit
1633 380 1774 420 omnis
1797 379 1944 421 homo.

1164 436 1221 476 Et
1245 435 1610 476 annuntiaverunt
1638 437 1775 487 opera
1797 435 1896 484 Dei,
1919 436 1942 461 *

1113 497 1157 532 et
1176 491 1291 532 facta
1312 491 1403 542 ejus
1422 490 1740 532 intellexerunt.

1163 546 1407 587 Laetabitur
1430 547 1569 597 justus
1594 546 1638 586 in
1661 547 1871 596 Domino,
1899 551 1944 588 et

1112 602 1309 654 sperabit
1327 602 1371 642 in
1391 615 1460 651 eo,
1479 603 1503 627 *
1523 606 1567 643 et
1586 601 1881 644 laudabuntur
1899 614 1943 643 o-

1112 671 1237 700 mnes
1256 658 1363 700 recti
1384 657 1529 699 corde.

1168 727 1266 767 Ant.
1308 727 1376 767 Tu
1418 729 1565 765 autem
1601 736 1701 764 cum
1737 723 1943 773 oraveris,

1112 780 1225 821 intra
1243 781 1284 820 in
1303 779 1552 821 cubiculum
1569 784 1709 829 tuum,
1729 785 1774 821 ct
1792 780 1943 821 clauso

1113 837 1247 933 gsttio,
1268 848 1345 877 ora
1364 837 1540 877 Patrem
1557 841 1682 878 tuum
1699 836 1743 876 in
1762 835 1944 877 abscon-

1145 906 1158 932 1
1180 904 1219 932 o.

1168 963 1265 1002 Ant.
1304 960 1483 1001 Factum
1517 962 1585 998 est
1617 962 1763 998 autem
1790 957 1834 998 in
1860 957 1946 998 illis

1114 1013 1281 1063 diebus,
1304 1013 1408 1055 exiit
1425 1013 1448 1053 J
1452 1025 1552 1053 esus
1573 1012 1615 1052 in
1635 1018 1831 1054 montem
1850 1015 1945 1054 orai-

1113 1075 1250 1165 g,·et
1266 1075 1369 1111 erat
1392 1071 1659 1121 pernoctans
1683 1069 1727 1108 in
1747 1069 1945 1111 oratione

1157 1138 1207 1166 e1.

1373 1213 1573 1253 Psalmus
1593 1215 1685 1253 120.

1114 1275 1307 1380 Leveivi
1333 1275 1486 1317 oculos
1505 1288 1629 1316 meos
1652 1276 1696 1316 in
1716 1281 1903 1326 montes,
1923 1278 1947 1304 *

1207 1331 1323 1373 1111ᾶο
1343 1332 1489 1373 veniet
1507 1331 1716 1372 auxilium
1734 1332 1850 1373 mihi.

1165 1393 1387 1434 Auxilium
1402 1405 1548 1433 meum
1568 1405 1594 1433 a
1612 1392 1818 1443 Domino,
1831 1393 1856 1419 *
1873 1393 1947 1446 qui

1114 1450 1216 1491 fecit
1235 1449 1397 1490 coelum
1417 1454 1461 1490 et
1478 1453 1652 1490 terram.

1164 1509 1266 1550 Non
1304 1509 1380 1550 det
1415 1509 1458 1548 in
1497 1509 1839 1550 commotionem
1871 1521 1942 1561 pe-

1113 1565 1214 1607 dem
1242 1571 1382 1606 tuum:
1410 1565 1434 1590 *
1462 1577 1604 1617 neque
1634 1564 1843 1606 dormitet
1872 1564 1947 1617 qui

1113 1620 1310 1662 custodit
1330 1626 1385 1661 te.

1164 1681 1280 1722 Ecce
1301 1694 1388 1722 non
1411 1680 1667 1722 dormitabit
1684 1694 1827 1733 neque
1848 1679 1946 1723 dor-

1112 1737 1227 1785 miet,
1245 1738 1269 1763 *
1290 1737 1363 1788 qui
1384 1736 1578 1778 custodit
1597 1737 1745 1778 Israel.

1163 1797 1380 1837 Dominus
1409 1797 1604 1839 custodit
1630 1802 1692 1847 te,
1726 1797 1944 1838 Dominus

1111 1853 1331 1905 protectio
1350 1858 1440 1902 tua,
1455 1853 1479 1878 *
1494 1866 1627 1905 super
1646 1866 1823 1894 manum
1841 1851 1944 1895 dex-

1111 1914 1251 1950 teram
1269 1914 1401 1950 tuam.

1163 1969 1248 2010 Per
1277 1968 1394 2009 diem
1421 1969 1488 2010 sol
1516 1981 1603 2009 non
1630 1974 1729 2010 uret
1752 1973 1811 2010 te:
1829 1969 1853 1994 ¹⁸¹
1871 1981 1942 2010 ne-

1113 2037 1197 2075 que
1218 2024 1319 2065 luna
1340 2037 1420 2076 per
1441 2030 1627 2066 noctem.

1162 2084 1379 2125 Dominus
1417 2084 1613 2126 custodit
1651 2090 1695 2126 te
1730 2084 1785 2126 ab
1824 2085 1943 2126 omni

1111 2139 1243 2181 malo:
1277 2140 1301 2166 *
1339 2140 1562 2182 custodiat
1598 2140 1787 2181 animam
1823 2145 1945 2182 tuam

1111 2196 1339 2236 Dominus.

1163 2257 1380 2297 Dominus
1400 2257 1622 2298 custodiat
1636 2257 1863 2298 introitum
1877 2261 1943 2298 tu-

1111 2325 1201 2361 um,
1244 2318 1287 2353 et
1329 2312 1494 2353 exitum
1534 2318 1673 2354 tuum:
1705 2313 1729 2338 *
1763 2325 1818 2353 ex
1858 2312 1943 2354 hoc

1110 2381 1234 2417 nunc,
1264 2373 1308 2409 et
1335 2381 1475 2420 usque
1504 2369 1547 2408 in
1575 2368 1796 2409 saeculum.

1164 2439 1263 2478 Ant.
1302 2438 1482 2478 Factum
1515 2440 1583 2476 est
1611 2440 1759 2477 autem
1787 2436 1830 2476 in
1857 2436 1943 2476 illis

1111 2490 1282 2540 diebus,
1302 2491 1407 2532 exiit
1425 2491 1450 2532 J
1452 2503 1552 2532 esus
1570 2491 1612 2531 in
1632 2496 1828 2555 montem
1845 2494 1941 2555 ora-

1109 2560 1192 2644 {igi
1204 2553 1248 2588 et
1272 2553 1367 2589 erat
1391 2549 1655 2599 pernoctans
1679 2561 1721 2587 m
1743 2549 1941 2588 oratione

1163 2666 1212 2716 Y.
1256 2668 1389 2708 Pater
1425 2667 1501 2715 mi,
1541 2667 1575 2707 si
1613 2667 1826 2719 possibile
1863 2673 1940 2709 est.

1110 2727 1160 2777 R.
1187 2723 1403 2763 Transeat
1426 2735 1451 2763 a
1474 2735 1544 2764 me
1567 2723 1682 2764 calix
1705 2723 1798 2765 iste.
