2040 2990
703 182 813 216 Feria
840 182 972 225 quinta
998 183 1047 216 acl
1072 183 1308 218 Matutinum.
1815 180 1859 215 75

196 277 355 318 Parcet
395 274 582 328 pauperi
619 278 663 316 et
697 274 835 327 inopi:
871 276 896 302 *
933 279 976 316 et

146 333 313 374 animas
341 335 587 385 pauperum
614 331 759 372 salvas
787 331 930 373 faciet.

195 390 264 431 Ex
290 389 436 431 usuris
464 393 508 430 et
531 388 763 440 iniquitate
788 387 976 430 redimet

146 447 313 488 animas
355 447 523 486 cerum:
563 447 587 472 *
629 449 673 486 et
714 444 975 487 honorabile

144 515 305 545 nomen
334 504 488 544 cerum
515 514 666 543 coram
691 501 781 542 illo.

195 559 253 601 Et
280 559 409 609 vivet,
438 563 483 600 et
510 557 688 600 dabitur
713 558 754 600 ei
782 557 837 605 de
865 571 973 600 auro

144 616 335 667 Arabiae,
351 621 395 658 et
410 614 657 657 adorabunt
675 614 730 656 de
749 615 847 667 ipso
865 628 973 656 sem-

143 686 238 725 per:
266 674 290 700 *
317 677 412 714 tota
440 671 513 714 die·
538 671 802 713 benedicent
831 672 881 713 ei.

189 730 246 771 Et
270 730 353 771 erit
374 729 699 770 firmamentum
725 728 770 768 in
793 733 911 770 terra
929 729 973 769 in

145 786 325 827 summis
350 786 577 835 mentium,
602 785 973 837 superextolletur

105 886 106 889 ,
144 855 275 895 super
302 842 519 884 Libanum
545 842 713 883 fructus
743 843 850 894 ejus:
877 844 901 870 *
930 848 973 884 et

144 899 363 941 florebunt
390 899 445 941 de
469 899 649 941 civitate
675 899 788 940 sicut
807 899 973 941 foenum

142 960 285 998 terrae.

194 1013 260 1055 Sit
293 1026 454 1055 nomen
488 1015 579 1066 ejus
611 1013 894 1056 benedictum
927 1014 972 1054 in

143 1070 320 1112 saecula:
360 1072 385 1098 *
424 1075 527 1112 ante
567 1070 707 1113 solem
743 1072 972 1123 permanet

142 1139 303 1169 nomen
332 1128 435 1180 ejus.

194 1185 251 1225 Et
275 1183 592 1226 benedicentur
619 1185 664 1225 in
689 1184 789 1237 ipso
818 1197 971 1226 omnes

142 1240 284 1282 tribus
306 1245 454 1282 terrae:
480 1242 504 1268 *
524 1253 677 1283 omnes
695 1241 862 1283 Gentes
884 1254 971 1282 ma-

141 1297 411 1349 gnificabunt
440 1310 549 1339 eum.

193 1353 462 1396 Benedictus
501 1355 718 1396 Deminus
752 1355 873 1396 Deus
909 1355 970 1395 Is-

142 1410 245 1460 rael,
273 1412 297 1438 *
325 1411 400 1462 qui
427 1411 532 1452 facit
558 1411 776 1452 mirabilia
804 1411 940 1452 solus:

194 1466 252 1508 Et
278 1466 561 1509 benedictum
586 1480 747 1509 nomen
771 1469 970 1520 majesta-

142 1524 199 1565 tis
237 1523 328 1576 ejus
360 1523 405 1564 in
437 1526 666 1566 aeternum:
698 1526 722 1552 *
755 1530 799 1566 et
832 1524 969 1577 reple-

142 1580 260 1622 bitur
286 1582 517 1633 majestate
551 1582 642 1633 eius
669 1581 811 1623 omnis
838 1586 970 1623 terra:

141 1636 233 1687 fiat,
259 1637 348 1678 fiat.

195 1702 295 1743 Ant.
315 1702 429 1744 Esto
446 1703 554 1744 mihi
568 1704 758 1746 Demine
772 1705 816 1745 in
827 1705 971 1747 Deum

139 1761 451 1813 protecterem.

195 1819 294 1861 Ant.
335 1821 555 1864 Liberasti
583 1822 761 1874 virgam.

413 1902 612 1943 Psalmus
640 1903 703 1943 72.

145 1962 329 2087 Quam
355 1978 498 2020 bonus
526 1978 664 2020 Israel
689 1979 810 2021 Deus
838 1981 862 2007 *
889 1980 969 2030 his,

265 2035 339 2086 qui
366 2040 490 2077 recto
518 2039 621 2077 sunt
648 2035 796 2077 corde!

193 2090 282 2132 Mei
296 2096 443 2133 autem
453 2105 567 2144 pene
576 2093 687 2134 moti
700 2098 802 2134 sunt
817 2093 968 2146 pedes:

142 2149 166 2174 *
191 2160 306 2200 pene
334 2147 459 2189 effusi
487 2154 589 2190 sunt
616 2162 793 2201 gressus
820 2151 918 2192 mei.

194 2204 307 2254 Quia
326 2205 468 2247 zelavi
493 2219 625 2258 super
644 2206 830 2258 iniquos,
854 2209 878 2234 *
895 2220 968 2260 pa-

143 2273 239 2301 cem
265 2264 551 2314 peccaterum
579 2261 745 2304 videns.

195 2317 307 2367 Quia
341 2331 429 2359 non
466 2323 534 2360 est
571 2320 799 2371 respectus
836 2320 969 2361 morti

143 2375 309 2415 eerum:
328 2376 352 2401 *
373 2379 417 2416 et
435 2375 759 2417 firmamentum
777 2376 821 2416 in
839 2375 969 2428 plaga

143 2442 304 2472 eorum.

193 2486 245 2527 In
271 2487 426 2529 labere
451 2487 678 2530 heminum
703 2502 792 2531 non
815 2493 926 2537 sunt,
945 2491 969 2516 *

144 2547 188 2583 et
224 2556 323 2584 cum
357 2543 609 2587 hominibus
647 2558 738 2587 non
779 2545 968 2595 flagella-

142 2598 323 2640 buntur:

194 2655 303 2697 Ideo
318 2657 459 2699 tenuit
470 2670 548 2699 eos
562 2658 779 2711 superbia,
790 2660 814 2686 *
825 2659 968 2710 operti

143 2717 245 2753 sunt
262 2712 493 2765 iniquitate
513 2719 557 2756 et
576 2715 802 2767 impietate
821 2727 910 2756 sua.

1080 275 1254 318 Prediit
1293 277 1418 328 quasi
1450 290 1504 318 ex
1536 277 1668 330 adipe
1702 278 1856 329 iniqui-

1028 336 1097 373 tas
1126 334 1295 374 eerum:
1327 334 1351 360 *
1378 334 1644 375 transierunt
1676 335 1721 374 in
1755 334 1854 375 affe-

1028 393 1149 430 ctum
1177 389 1333 435 cordis.

1080 445 1406 497 Cogitaverunt,
1432 451 1476 488 et
1499 446 1636 488 locuti
1660 453 1762 490 sunt
1785 462 1855 491 ne-

1028 503 1224 554 quitiam:
1249 505 1274 530 *
1302 503 1580 555 iniquitatem
1607 504 1651 544 in
1681 506 1855 547 excelso

1026 559 1164 601 locati
1192 564 1305 601 sunt.

1078 616 1329 658 Posuerunt
1351 617 1395 657 in
1414 616 1575 659 coelum
1600 631 1650 660 os
1670 633 1812 661 suum:
1831 622 1854 646 *

1028 679 1071 717 et
1090 674 1238 725 lingua
1261 675 1413 715 eerum
1434 676 1637 717 transivit
1659 677 1704 717 in
1728 681 1854 719 terra.

1077 730 1187 772 Ideo
1208 732 1491 772 convertetur
1512 732 1704 784 po'pulus
1731 747 1853 775 meus

1026 788 1111 829 hie:
1136 789 1159 814 *
1184 792 1228 829 et
1252 786 1347 828 dies
1369 787 1489 839 pleni
1510 788 1786 832 invenientur
1810 792 1854 832 in

1026 857 1100 887 eis.

1077 902 1134 943 Et
1149 901 1369 943 dixerunt:
1381 902 1615 951 Quemodo
1628 905 1711 946 scit
1722 905 1854 956 Deus,

1025 960 1049 986 *
1078 963 1122 1000 et
1150 958 1187 999 si
1216 963 1284 1000 est
1311 958 1495 999 scientia
1523 959 1567 999 in
1596 961 1793 1003 excelso?

1075 1015 1192 1057 Ecce
1225 1015 1310 1067 ipsi
1338 1019 1612 1067 peccatereS‚
1646 1023 1689 1059 et
1721 1018 1853 1060 abun-

1026 1072 1182 1113 dantes
1218 1072 1263 1115 in
1296 1071 1478 1123 saeculo,
1515 1076 1538 1102 *
1571 1074 1854 1117 obtinuerunt

1025 1128 1213 1170 divitias.

1076 1185 1133 1227 Et
1161 1185 1268 1227 dixi:
1304 1186 1422 1238 Ergo
1452 1187 1545 1228 sine
1574 1199 1706 1228 causa
1733 1189 1851 1239 justi-

1024 1242 1154 1283 ficavi
1182 1255 1258 1284 cor
1288 1255 1450 1293 meum,
1487 1244 1510 1269 *
1548 1248 1591 1285 et
1624 1244 1710 1285 lavi
1738 1246 1851 1287 inter

1024 1299 1281 1341 innocentes
1308 1313 1463 1341 manus
1490 1313 1625 1341 meas:

1075 1357 1132 1397 Et
1159 1356 1220 1397 fui
1249 1356 1494 1408 flagellatus
1523 1362 1618 1398 tota
1646 1357 1728 1408 die,
1756 1360 1780 1385 *
1808 1364 1851 1400 et

1024 1413 1256 1464 castigatio
1285 1426 1383 1454 mea
1410 1414 1455 1454 in
1481 1414 1719 1455 matutinis.

1075 1469 1120 1510 Si
1139 1468 1354 1510 dicebam:
1381 1470 1585 1512 Narrabo
1607 1471 1684 1512 sic:
1704 1472 1728 1498 *
1748 1484 1850 1513 ecce

1023 1526 1247 1567 natienem
1277 1526 1469 1567 filierum
1495 1529 1671 1568 tuerum
1702 1540 1849 1580 repro-

1022 1582 1135 1623 bavi

1075 1639 1395 1681 Existimabam
1443 1644 1492 1681 ut
1537 1643 1849 1691 cognescerem

1022 1695 1119 1746 hoc,
1147 1698 1170 1723 *
1198 1695 1325 1738 labor
1353 1702 1420 1738 est
1448 1701 1549 1738 ante
1575 1710 1661 1738 me:

1073 1753 1229 1795 Donec
1269 1753 1428 1795 intrem
1463 1754 1509 1794 in
1543 1753 1847 1795 Sanctuarium

1021 1810 1123 1851 Dei:
1145 1811 1168 1836 *
1191 1815 1235 1852 et
1262 1810 1502 1861 intelligam
1527 1810 1572 1850 in
1598 1811 1848 1852 novissimis

1022 1869 1185 1908 eerum.

1073 1923 1390 1964 Verumtamen
1412 1927 1597 1975 propter
1621 1923 1750 1965 dolos
1772 1937 1847 1976 po-

1022 1980 1149 2021 suisti
1168 1980 1245 2021 eis:
1264 1980 1288 2006 *
1309 1979 1507 2031 dejecisti
1526 1992 1602 2021 eos
1624 1980 1728 2022 dum
1747 1981 1847 2022 alle-

1022 2038 1238 2077 varentur.

1074 2092 1309 2143 Quemodo
1341 2093 1446 2135 facti
1478 2098 1579 2134 sunt
1605 2093 1651 2134 in
1679 2093 1847 2135 desola-

1020 2149 1197 2199 tienem,
1225 2149 1373 2191 subito
1407 2149 1673 2191 defecerunt:
1700 2151 1723 2176 *
1752 2163 1847 2202 per-

1021 2206 1164 2247 ierunt
1191 2211 1376 2259 propter
1408 2207 1685 2258 iniquitatem
1713 2219 1846 2247 suam.

1072 2262 1208 2304 Velut
1231 2263 1448 2304 semnium
1468 2263 1738 2314 surgentium
1758 2263 1845 2303 De-

1020 2319 1152 2370 mine‚
1179 2321 1203 2347 *
1230 2320 1275 2360 in
1303 2319 1482 2361 civitate
1509 2324 1585 2360 tua
1612 2319 1845 2370 imaginem

1020 2376 1221 2428 ipserum
1246 2376 1303 2418 ad
1330 2375 1512 2416 nihilum
1539 2375 1723 2426 rediges.

1074 2433 1186 2483 Quia
1195 2433 1511 2474 inflammatum
1522 2437 1589 2473 est
1604 2444 1680 2473 cor
1690 2444 1844 2480 meum,

1022 2494 1065 2531 et
1084 2502 1210 2531 renes
1229 2489 1316 2531 mei
1336 2488 1594 2530 commutati
1615 2493 1729 2529 sunt:
1752 2488 1775 2513 *
1802 2492 1845 2528 et

1022 2558 1103 2597 ego
1132 2545 1189 2587 ad.
1215 2545 1398 2586 nihilum
1425 2545 1631 2587 redactus
1660 2557 1771 2594 sum,
1800 2548 1843 2584 et

1019 2603 1196 2644 nescivi.

1071 2659 1132 2700 Ut
1163 2661 1402 2711 jumentum
1430 2659 1569 2699 factus
1602 2670 1697 2698 sum
1724 2655 1842 2707 apud

991 2706 997 2763 Ι
1019 2720 1080 2756 te:
1107 2717 1131 2743 *
1159 2720 1203 2757 et
1232 2727 1313 2765 ego
1341 2727 1515 2766 semper
1541 2719 1695 2755 tecum.
