2040 2990
762 201 806 234 In
829 201 1052 245 Epiphania
1075 202 1241 237 Domini.

147 302 244 330 sum
257 290 394 332 Deus:
408 291 432 316 *
447 291 674 334 exaltabor
688 292 732 333 in
748 293 972 343 Gentibus,

147 350 191 388 et
217 346 445 389 exaltabor
471 348 516 389 in
542 352 669 390 terra.

197 401 411 445 Deminus
443 404 652 446 virtutum
678 405 921 447 nobiscum:
948 406 972 432 *

147 459 376 512 susceptor
403 465 553 502 noster
579 460 700 503 Deus
727 461 875 503 Jacob.

201 520 300 559 Ant.
325 516 533 558 Fluminis
556 519 745 570 impetus
768 518 972 569 laetificat,

146 571 327 625 alleluja,
347 573 570 615 civitatem
587 574 682 623 Dei,
701 574 883 626 alleluja.

202 633 301 673 Ant.
323 629 498 671 Psallite
516 630 614 671 Deo
633 635 797 681 nostro,
816 632 839 657 *
858 631 971 684 psal-

145 685 238 728 lite:
264 685 439 738 psallite
461 686 574 738 Regi
599 691 769 737 nostro,
796 687 971 740 psallite

147 742 378 795 sapienter.
422 788 620 831 psalmus
648 790 703 830 46

228 855 351 884 mnes
393 842 558 884 Gentes
601 842 798 895 plaudite
839 844 971 885 mani-

247 897 349 941 bus:
384 899 408 925 *
440 898 618 951 jubilate
648 899 746 941 Deo
782 900 826 941 in
862 913 971 942 voce

145 955 456 997 exsultatienis.

197 1012 414 1062 Queniam
426 1012 640 1053 Dominus
657 1011 866 1062 excelsus,
887 1017 971 1054 ter-

144 1067 296 1110 ribilis:
306 1068 330 1095 *
340 1068 438 1110 Rex
455 1081 638 1120 magnus
653 1081 785 1121 super
798 1081 971 1111 omnem

143 1129 317 1166 terram.

195 1180 387 1233 Subjecit
399 1181 589 1235 pepulos
604 1181 746 1223 nobis:
758 1181 782 1207 *
794 1186 837 1224 et
857 1182 968 1224 Gen-

143 1242 211 1279 tes
238 1237 319 1279 sub
346 1237 534 1291 pedibus
561 1238 734 1280 nostris.

196 1294 339 1346 Elegit
357 1293 484 1336 nobis
507 1294 811 1337 haereditatem
831 1296 970 1336 suam:

143 1349 167 1376 *
195 1350 388 1403 speciem
413 1350 563 1400 Jacob,
592 1364 722 1403 quam
750 1351 911 1393 dilexit.

195 1406 408 1449 Ascendit
422 1407 543 1449 Deus
558 1407 603 1448 in
618 1407 766 1460 jubilo:
782 1408 805 1433 *
823 1412 866 1450 et
881 1407 969 1449 De-

143 1463 284 1505 minus
310 1463 356 1504 in
382 1476 492 1505 voce
518 1463 648 1505 tubae.

194 1519 374 1562 Psallite
400 1519 497 1561 Deo
529 1524 697 1569 nostro,
729 1520 918 1572 psallite:
945 1521 969 1547 *

143 1574 317 1628 psallite
344 1575 458 1627 Regi
483 1580 647 1625 nostro,
674 1575 860 1628 psallite.

196 1631 412 1682 Quoniam
426 1632 524 1674 Rex
538 1632 677 1673 omnis
691 1637 821 1674 terrae
834 1633 969 1675 Deus:

143 1688 168 1715 *
194 1688 371 1742 psallite
394 1688 626 1741 sapienter.

195 1744 417 1797 Regnabit
442 1745 564 1787 Deus
591 1757 724 1798 super
744 1745 926 1787 Gentes:
944 1746 968 1771 *

143 1802 264 1844 Deus
289 1801 414 1844 sedet
436 1813 570 1854 super
597 1800 748 1843 sedem
773 1806 969 1843 sanctam

143 1871 278 1900 suam.

193 1914 420 1967 Principes
435 1913 702 1967 populerum
715 1913 969 1964 congregati

144 1974 245 2012 sunt
280 1983 379 2012 cum
409 1970 507 2012 Deo
540 1969 779 2012 Abraham:
811 1970 835 1995 *
864 1971 967 2021 quo—

82 2022 85 2029 '
143 2027 260 2068 niam
279 2026 340 2069 dii
362 2027 498 2068 fortes
522 2030 663 2076 terrae,
687 2025 967 2068 vehementer

145 2082 304 2126 elevati
331 2088 441 2125 sunt.

198 2140 297 2181 Ant.
329 2139 505 2181 Psallite
532 2139 629 2180 Deo
654 2142 825 2188 nostro,
855 2138 966 2190 psal-

143 2195 235 2237 lite:
261 2195 435 2248 psallite
460 2195 572 2246 Regi
599 2199 769 2244 nostro,
795 2194 968 2247 psallite

144 2252 375 2304 sapienter.

197 2302 249 2356 V.
287 2308 441 2350 Omnis
477 2312 596 2349 terra
633 2306 789 2349 aderet
825 2311 889 2357 te,
925 2311 969 2348 et

144 2364 304 2416 psallat
324 2364 414 2406 tibi.
454 2366 504 2417 Rv.
518 2363 740 2405 Psalmum
763 2363 880 2405 dicat
895 2365 968 2404 no-

144 2421 249 2462 mini
266 2426 343 2463 tuo
362 2421 561 2462 Domine.

323 2488 392 2528 De
418 2487 534 2528 Isaia
559 2485 791 2538 Propheta.

248 2543 402 2585 Lectio
421 2544 445 2585 i.
698 2543 716 2557 “
804 2543 850 2562 ⁷⁷

152 2609 214 2657 ff>
270 2620 294 2639 ··

152 2609 257 2707 &Q
279 2670 404 2709 quas:
431 2663 476 2700 et
500 2658 575 2711 qui
598 2670 686 2698 non
709 2655 880 2698 habetis
905 2667 968 2695 ar-
1000 2706 1003 2711 Ι
1801 2707 1810 2715 .

156 2706 255 2739 »Λ
278 2715 466 2765 gentum,
489 2715 737 2766 properate,
762 2712 902 2762 emite,
927 2715 970 2752 et
991 2705 998 2769 Ι
1019 2710 1149 2752 bitur.
1201 2711 1258 2752 Et
1290 2710 1573 2752 ambulabunt
1604 2710 1767 2751 Gentes
1798 2720 1842 2748 m

1024 291 1256 334 comedite:
1276 295 1430 343 venite,
1451 295 1580 337 emite
1598 295 1766 348 absque
1783 308 1846 336 ar-

1023 350 1171 400 gento,
1197 354 1240 390 et
1260 349 1426 402 absque
1445 351 1533 392 ulla
1552 353 1847 394 comutatiene

1023 405 1171 446 vinum
1189 411 1232 447 et
1250 406 1328 447 lac.
1357 406 1502 456 Quare
1521 408 1768 463 appenditis
1783 421 1847 450 ar-

1023 463 1200 513 gentum
1214 475 1303 504 non
1320 462 1364 503 in
1380 463 1576 515 panibus,
1596 467 1640 506 et
1651 464 1847 507 laborem

1023 523 1217 560 vestrum
1235 531 1325 560 non
1342 519 1386 560 in
1406 519 1655 562 saturitate?
1683 521 1846 563 Audite

1023 574 1251 616 audientes
1269 588 1354 625 me,
1377 581 1420 617 et
1438 576 1654 618 comedite
1672 577 1846 628 bonum,

1024 635 1067 672 et
1086 630 1375 673 delectabitur
1392 632 1436 672 in
1456 633 1741 676 crassitudine
1760 635 1845 675 ani-

1022 700 1094 728 ma
1131 693 1288 729 vestra.
1341 688 1552 731 Inclinate
1592 702 1741 731 aurem
1776 703 1845 732 ve-

1023 748 1174 794 stram,
1200 749 1244 786 et
1263 747 1408 787 venite
1429 745 1485 787 ad
1506 758 1590 787 me:
1616 746 1778 796 audite,
1804 752 1846 788 et

1023 800 1140 841 vivet
1169 801 1311 842 anima
1338 806 1502 851 vestra,
1531 807 1575 843 et
1599 802 1750 844 feriam
1773 816 1845 844 vo—

1022 855 1192 898 biscum
1215 862 1393 910 pactum
1419 858 1746 911 sempiternum,
1771 860 1845 900 mi-

1023 913 1284 956 sericordias
1323 915 1468 956 David
1509 915 1673 957 fideles.
1731 916 1846 958 Ecce

1022 974 1182 1012 testem
1208 971 1383 1024 pepulis
1412 971 1514 1014 dedi
1542 985 1659 1023 eum,
1690 972 1846 1015 ducem

1022 1039 1073 1068 ac
1091 1030 1414 1081 praeceptorem
1433 1029 1656 1070 Gentibus.

1078 1099 1130 1151 Rg.
1154 1097 1300 1139 Hedie
1331 1098 1375 1138 in
1401 1098 1426 1139 J
1429 1098 1594 1140 ordane
1621 1098 1845 1151 baptizato

1020 1153 1211 1195 Domino
1235 1154 1376 1206 aperti
1400 1159 1501 1196 sunt
1524 1154 1639 1205 coeli,
1656 1159 1709 1196 ·et
1734 1156 1845 1196 sicut

1022 1209 1226 1251 columba
1250 1223 1383 1263 super
1406 1223 1505 1252 eum
1522 1211 1708 1263 Spiritus
1729 1225 1844 1252 man-

1021 1266 1091 1316 sit,
1121 1271 1165 1308 et
1191 1279 1279 1308 vox
1305 1267 1449 1308 Patris
1475 1267 1681 1309 intonuit:
1715 1268 1738 1293 *
1760 1268 1845 1309 Hic

1022 1327 1090 1364 est
1117 1323 1254 1365 Filius
1285 1336 1408 1365 meus
1443 1323 1647 1373 dilectus,
1682 1324 1725 1364 in
1758 1336 1844 1375 quo

1019 1379 1126 1420 mihi
1153 1379 1265 1421 bene
1292 1379 1547 1432 complacui.
1589 1373 1637 1425 V.
1655 1380 1844 1421 Descen-

1021 1435 1085 1477 dit
1102 1435 1289 1488 Spiritus
1313 1441 1489 1477 sanctus
1509 1436 1730 1489 corporali
1749 1438 1843 1489 spe-

1021 1492 1087 1534 cie
1107 1493 1220 1535 sicut
1238 1492 1441 1534 columba
1459 1493 1502 1533 in
1517 1493 1670 1545 ipsum,
1695 1497 1739 1534 et
1757 1505 1844 1534 vox

1021 1548 1076 1590 de
1096 1549 1210 1591 coelo
1230 1549 1345 1591 facta
1364 1553 1441 1591 est.
1468 1549 1553 1590 Hic
1573 1554 1650 1591 est.

1075 1613 1307 1647 Praedictum
1315 1611 1617 1655 Responsorium
1630 1611 1798 1645 diciturh
1805 1622 1848 1645 ac

1025 1662 1097 1704 die,
1123 1666 1159 1696 et
1183 1661 1222 1695 in
1243 1661 1446 1695 Dominica
1471 1660 1569 1694 infra
1593 1659 1786 1698 Octavam,
1813 1664 1849 1694 ct

1024 1711 1062 1744 in
1079 1710 1141 1744 die
1155 1710 1301 1744 Octava
1318 1714 1478 1743 tantum:
1498 1708 1584 1741 aliis
1602 1717 1693 1741 vcro
1711 1708 1846 1741 diebus

1024 1756 1123 1793 infra
1147 1758 1342 1801 Octavam,
1367 1758 1448 1800 ejus
1471 1758 1558 1790 loco
1584 1756 1723 1789 dicitur
1747 1766 1825 1798 seq.

1075 1815 1120 1858 R.
1139 1814 1231 1849 Tria
1255 1818 1344 1849 sunt
1366 1816 1524 1848 munera
1547 1813 1733 1857 pretiesa,
1758 1823 1845 1857 quae

1021 1862 1240 1897 obtulerunt
1255 1861 1359 1905 Magi
1375 1861 1542 1896 Demino
1564 1861 1604 1895 in
1620 1861 1682 1895 die
1701 1861 1786 1904 ista,
1808 1865 1845 1895 et

1019 1910 1164 1945 habent
1179 1910 1219 1944 in
1235 1919 1276 1944 se
1291 1909 1422 1944 divina
1434 1909 1630 1953 mysteria:
1649 1907 1669 1930 ss
1681 1909 1726 1943 In
1740 1919 1844 1953 auro,

1019 1961 1062 1992 ut
1082 1957 1307 1992 ostendatur
1322 1957 1440 2001 Regis
1456 1956 1644 2001 potentia:
1667 1956 1708 1991 in
1723 1956 1844 1999 thure,

1020 2005 1267 2040 Sacerd6tem
1288 2015 1470 2049 magnum
1494 2004 1712 2039 considera:
1745 2008 1782 2039 et
1805 2004 1845 2038 in

1019 2053 1186 2097 myrrha,
1198 2052 1440 2087 Dominicam
1453 2052 1699 2096 sepulturam.
1723 2046 1766 2091 V.
1779 2052 1845 2087 Sa-

1019 2101 1111 2136 lutis
1141 2104 1286 2135 nostrae
1318 2101 1511 2135 aucterem
1538 2100 1643 2143 Magi
1673 2099 1845 2135 venerati

1021 2152 1110 2184 sunt
1131 2148 1172 2183 in
1193 2147 1406 2192 cunabulis,
1428 2152 1465 2183 et
1482 2148 1529 2183 de
1550 2147 1743 2183 thesauris
1763 2147 1844 2182 suis

1019 2196 1205 2242 mysticas
1233 2196 1269 2231 ei
1294 2198 1493 2231 munerum
1521 2196 1671 2240 species
1700 2195 1844 2230 obtule-

1019 2248 1118 2280 runt.
1154 2244 1199 2279 In
1222 2254 1327 2280 auro.

1126 2311 1278 2352 Lectio
1299 2311 1337 2351 ii.
1553 2309 1655 2361 Cap.
1670 2311 1741 2349 60.

1025 2371 1208 2479 Surge,
1219 2373 1463 2415 illuminare
1472 2373 1728 2438 Jerusalem:
1744 2374 1845 2441 quia

1107 2435 1225 2471 vemt
1238 2430 1385 2472 lumen
1399 2435 1531 2480 tuum,
1547 2435 1590 2472 et
1604 2430 1744 2481 glorla
1756 2430 1843 2470 Do·

1020 2486 1125 2527 mini
1148 2499 1280 2539 super
1302 2491 1346 2528 te
1370 2491 1467 2528 orta
1491 2491 1569 2528 est.
1606 2486 1717 2536 Quia
1741 2498 1843 2527 ecce

1020 2542 1216 2584 tenebrae
1236 2543 1435 2595 operient
1450 2547 1622 2592 terram,
1643 2546 1688 2583 et
1703 2541 1842 2591 caligo

955 2621 968 2627 -
1020 2598 1228 2651 populos:
1265 2611 1397 2651 super
1428 2603 1472 2640 te
1504 2603 1650 2640 autem
1681 2597 1843 2639 orietur

1020 2655 1247 2704 Deminus,
1272 2659 1316 2697 et
1333 2654 1472 2705 gloria
1492 2656 1583 2707 ejus
1602 2654 1646 2694 in
1665 2658 1709 2694 te
1726 2651 1842 2694 vide-
