2040 2990
184 191 231 226 84
760 185 864 218 Fcriu
892 192 998 218 sextu
1026 184 1073 217 ud
1100 184 1335 218 Mututinum.

294 279 550 330 Capitulum.
665 280 784 319 Rom.
804 282 857 319 153.
872 280 909 320 d.

183 342 335 448 Nox
363 347 608 399 praecessit,
638 344 733 387 dies
761 349 907 385 autem
935 356 1007 395 ap-

303 403 627 455 propinquavit.
652 401 921 454 Abjieiamus
946 413 1008 440 er-

183 471 238 510 go
254 461 389 511 Opera
404 459 694 508 tenebrarum,
714 463 757 499 et
776 457 1007 498 induamur

183 528 302 556 arma
331 516 450 557 lucis.
508 516 629 557 Sicut
655 516 699 556 in
724 514 796 556 die
824 513 1007 554 honeste

182 571 464 614 ambulemus.

496 639 702 690 Hymnus.

311 721 369 749 ux
398 720 501 749 ecce
530 707 668 758 surgit
696 710 838 757 aurea,

338 764 510 806 Pallens
540 765 726 805 facessat
754 764 941 813 caecitas,

285 821 394 870 Quae
424 826 595 862 nosmet
622 821 666 861 in
693 833 893 873 praeceps
923 820 997 862 diu

284 878 445 918 ErrOre
472 878 606 919 traxit
634 877 775 919 devio.

238 942 342 984 Ilaec
370 942 445 983 lux
473 944 673 984 serenum
701 943 908 991 censerat,

285 999 512 1051 Purusque
540 1012 619 1040 nos
642 1004 825 1052 praestet
855 998 954 1039 sibi:

284 1055 403 1096 Nihil
431 1056 662 1108 loquamur
690 1055 942 1097 subdolum:

284 1112 525 1154 Volvumus
556 1112 792 1154 obscurum
820 1111 937 1153 nihil.

234 1176 303 1218 Sic
331 1182 424 1218 tota
453 1177 658 1219 decurrat
687 1177 791 1227 dies,

282 1233 350 1275 Ne
374 1233 519 1285 lingua
543 1233 744 1280 mendax,
769 1247 823 1275 ne
851 1247 1005 1275 manus

283 1290 465 1332 Oculive
494 1295 679 1343 peccent
707 1290 876 1340 lubrici,

282 1346 349 1388 Ne
377 1360 491 1388 noxa
520 1360 681 1400 corpus
710 1348 917 1399 inquinet.

233 1412 491 1463 Speculator
519 1418 636 1454 astat
660 1412 860 1465 desuper,

282 1469 364 1518 Qui
393 1482 472 1510 nos
502 1469 657 1511 diebus
686 1469 900 1518 Omnibus,

282 1525 509 1577 Actusque
538 1532 716 1567 nostros
744 1527 960 1579 prespicit

283 1581 320 1621 A
350 1581 445 1623 luce
470 1583 611 1635 prima
639 1582 684 1623 in
712 1584 956 1635 vesperum.

240 1647 329 1687 Deo
357 1647 476 1688 Patri
506 1647 563 1688 sit
590 1647 741 1699 gluria,

283 1703 475 1755 Eiusque
504 1704 587 1745 soli
614 1704 738 1755 Filio,

284 1759 392 1800 Cum
419 1760 583 1812 Spiritu
612 1761 841 1811 Paraclito,

284 1816 411 1857 Nunc
439 1822 482 1858 et
509 1830 588 1869 per
608 1830 736 1859 omne
764 1818 984 1860 saeculum.

491 1874 642 1916 Amen.

235 1948 283 1999 Y.
311 1955 485 2008 Repleti
515 1970 662 1997 sumus
687 1970 814 1999 mane
840 1958 1004 2001 miseri·
1068 1959 1077 1997 3¹

182 2011 334 2052 curdia
368 2018 453 2052 tua.
500 2010 547 2061 R·-
583 2013 924 2065 Exsultavimus,
962 2021 1005 2057 et
1098 2016 1148 2046 ‘2⁴³⁴

183 2066 390 2121 delectati
418 2082 576 2110 sumus.

235 2128 303 2168 Ad
332 2128 491 2170 Bcned.
519 2130 618 2170 Ant.
652 2130 700 2170 In
727 2132 958 2174 sanctitate
982 2135 1005 2160 *

183 2183 422 2225 serviamus
463 2184 672 2236 Domino,
715 2192 758 2228 et
802 2187 1005 2231 liberabit

183 2253 265 2281 nos
293 2239 348 2282 ab
377 2241 563 2282 inimicis
592 2244 766 2284 nostris.

239 2301 373 2336 Preces
402 2303 556 2345 quando
594 2303 785 2340 dicuntur.
819 2306 1005 2341 habentur

183 2359 298 2391 supra
326 2350 360 2387 in
390 2350 496 2384 Fcriu
525 2351 567 2384 ΙΙ.
593 2351 644 2386 52.

542 2432 648 2459 2-<1>-0

215 2520 363 2561 Feria
391 2522 536 2562 sexta
563 2522 627 2563 ad
654 2524 972 2567 Matutinum.

236 2590 406 2631 invitat.
436 2591 681 2634 Adoremus
710 2594 956 2646 Dominum,
982 2605 1003 2625 ¹⁸

184 2647 399 2697 Quoniam
428 2647 523 2700 ipse
553 2649 654 2690 fecit
683 2663 773 2691 nos.

238 2706 302 2745 I‘s.
345 2707 506 2758 Venite,
535 2710 813 2752 exsultemus.
841 2713 876 2752 2.

1379 279 1590 330 Hymnus.

1191 354 1219 380 u
1247 339 1479 381 Trinitatis
1507 340 1674 391 Unitas,

1216 396 1383 438 Orbem
1406 398 1612 449 potenter
1637 410 1736 450 quae
1762 398 1890 450 regis,

1163 452 1358 495 Attende
1386 453 1529 495 laudis
1558 454 1789 505 canticum,

1164 509 1296 560 Quod
1324 509 1592 552 excubantes
1620 511 1859 564 psallimus.

1116 574 1224 616 Nam
1252 575 1415 617 lectulo
1445 576 1749 628 consurgimus

1164 631 1319 673 Noctis
1349 632 1500 684 quie'to
1529 634 1743 686 ternpore,

1163 689 1221 730 Ut
1249 689 1496 739 flagitemus
1526 690 1721 731 Omnium

1163 745 1203 786 A
1230 750 1275 787 te
1302 745 1520 787 medelam
1548 746 1789 789 vulnerum.

1116 811 1210 859 Quo
1230 811 1383 853 fraude
1406 811 1622 864 quidquid
1638 812 1890 855 daemonum

1162 868 1213 908 In
1242 868 1449 910 noctibus
1479 868 1754 922 deliquimus,

1163 924 1403 976 Abstergat
1430 925 1542 967 illud
1569 926 1744 968 co'elitus

1163 982 1272 1023 Tuae
1296 984 1498 1035 potestas
1525 982 1690 1033 gloriae.

1115 1047 1178 1088 Ne
1206 1060 1368 1100 corpus
1396 1052 1511 1090 astet
1540 1047 1781 1099 sordidum,

1162 1104 1257 1146 Nec
1286 1110 1440 1158 torpor
1468 1105 1604 1147 instet
1631 1104 1844 1156 curdium,

1161 1162 1229 1203 Ne
1258 1162 1451 1203 criminis
1480 1162 1686 1214 contagio

1163 1218 1384 1271 Tepescat
1414 1218 1546 1261 ardor
1576 1219 1768 1272 spiritus.

1114 1282 1181 1324 Ob
1206 1283 1292 1325 hoc
1315 1283 1601 1337 Redemptor,
1627 1286 1890 1336 quaesumuS‚

1162 1340 1304 1393 Reple
1333 1346 1409 1382 tuo
1435 1353 1516 1382 nos
1544 1341 1720 1391 lumine,

1162 1397 1246 1438 Per
1276 1397 1397 1449 quod
1427 1397 1597 1439 dierum
1626 1397 1802 1440 circulis

1159 1454 1303 1495 Nullis
1332 1457 1509 1496 ruamus
1537 1454 1721 1496 actibus.

1112 1520 1293 1569 Praesta,
1321 1519 1453 1560 Pater
1479 1519 1687 1572 piissime,

1160 1576 1370 1628 Patrique
1398 1589 1580 1629 compar
1606 1576 1755 1627 Unice,

1162 1632 1272 1674 Cum
1299 1633 1467 1686 Spiritu
1495 1633 1715 1675 Paraclito

1162 1690 1370 1741 Regnans
1397 1702 1478 1743 per
1507 1702 1636 1732 omne
1665 1688 1887 1739 saeculum.

1395 1747 1550 1788 Amen.

1112 1809 1212 1849 Ant.
1245 1807 1490 1849 Exsultate.

1324 1868 1524 1909 Psalmus
1553 1869 1623 1907 80.

1064 1930 1077 1950 ‘³
1139 1958 1146 1961 .,
1162 1925 1367 1967 xsultate
1385 1926 1483 1967 Deo
1508 1924 1700 1978 adjutori
1719 1928 1888 1966 nostro:

1135 1985 1165 2014 ·‚-·:÷
1200 1984 1223 2008 *
1251 1981 1430 2033 jubilate
1459 1982 1555 2024 Deo
1583 1981 1732 2024 Jacob.

1251 2039 1418 2080 Sumite
1447 2039 1679 2092 psalmum,
1713 2043 1757 2080 et
1785 2037 1888 2080 date

1058 2097 1329 2148 tympanum:
1340 2097 1363 2122 *
1378 2095 1636 2148 psalterium
1650 2094 1888 2148 jucundum

1059 2164 1157 2192 cum
1186 2150 1365 2192 cithara.

1110 2208 1348 2250 Buccinate
1380 2209 1423 2249 in
1451 2209 1696 2250 Neomenia
1723 2208 1840 2259 tuba,
1863 2210 1887 2235 *

1059 2265 1102 2305 in
1126 2264 1283 2315 insigni
1310 2264 1381 2306 die
1406 2265 1696 2308 solemnitatis
1715 2270 1887 2307 vestrae.

1110 2321 1222 2371 Quia
1241 2323 1515 2374 praeceptum
1539 2323 1583 2363 in
1602 2322 1742 2364 Israel
1763 2326 1844 2364 est:
1863 2323 1887 2349 *

1060 2382 1102 2419 et
1131 2376 1338 2427 iudicium
1366 2378 1462 2419 Deo
1491 2378 1640 2420 Jacob.

1109 2434 1432 2475 TestimOnium
1466 2435 1510 2476 in
1539 2435 1706 2488 Joseph
1737 2434 1886 2488 pusuit

1058 2490 1177 2540 illud,
1188 2503 1287 2531 cum
1299 2493 1438 2532 exiret
1454 2491 1509 2533 de
1520 2498 1639 2534 terra
1649 2491 1847 2545 AEgthi:
1862 2491 1885 2516 *

1058 2546 1400 2598 linguam,quam
1410 2547 1886 2598 nonnoverat‚audivit.

1108 2603 1300 2644 Divertit
1350 2603 1405 2644 ab
1452 2605 1659 2646 oneribus
1704 2604 1886 2647 dorsum

1058 2660 1162 2710 ejus:
1181 2662 1204 2685 ²⁸¹
1221 2672 1375 2700 manus
1402 2661 1493 2711 ejus
1519 2661 1562 2702 in
1586 2660 1778 2714 cuphino
1798 2673 1885 2703 ser-

1058 2716 1238 2756 vierunt.
