2080 2990
687 261 898 294 Commune
923 260 1176 303 plurimorum
1202 259 1422 303 Martyrum.

471 355 670 395 Psalmus
692 356 749 394 14.

230 418 599 478 qggj‘xg01111nequis
632 417 848 459 habitabit
882 417 926 457 in
962 421 1024 457 ta·

230 475 317 530 εξῗᾞι
349 474 588 516 bernaculo
626 473 726 516 tuo?
759 474 782 499 *
815 478 891 514 aut
927 473 1024 524 quis

268 536 317 556 μ’·
350 531 597 583 requiescet
622 531 665 571 in
693 534 843 571 monte
870 534 1023 570 sancto

191 587 295 630 tuo?

245 644 329 693 Qui
351 642 592 694 ingreditur
616 643 708 683 sine
727 641 910 691 macula,
929 642 952 666 *
982 646 1026 682 et

193 702 401 753 operatur
420 699 643 751 justitiam:

246 757 330 806 Qui
353 755 547 807 lequitur
570 755 801 796 veritatem
826 754 869 794 in
890 753 1025 795 corde

193 825 284 862 suo,
300 813 323 838 *
339 812 413 864 qui
432 824 520 852 non
539 811 627 862 egit
646 810 795 852 dolum
814 811 859 850 in
878 810 1026 859 lingua

194 882 292 910 sua:

245 925 340 965 Nec
363 925 468 966 fecit
485 923 688 976 preximo
709 935 789 963 suo
810 922 983 970 malum,
1002 922 1026 947 *

194 986 238 1022 et
258 979 546 1033 opprobrium
569 991 656 1020 non
679 979 850 1030 accepit
874 977 1025 1019 adver-

194 1050 268 1078 sus
286 1037 514 1089 preximos
534 1047 649 1076 suos.

245 1092 318 1134 Ad
336 1092 518 1133 nihilum
537 1090 753 1133 deductus
774 1096 841 1132 est
864 1091 907 1130 in
927 1103 1026 1131 con-

194 1151 350 1201 spectu
378 1149 469 1200 ejus
496 1147 726 1197 malignus:
763 1147 786 1172 *
823 1147 1026 1188 timentes

195 1210 341 1246 autem
359 1204 599 1245 Deminum
618 1203 852 1253 glorificat:

245 1261 328 1311 Qui
356 1262 469 1312 jurat
496 1260 701 1312 preximo
731 1272 827 1309 suo,
867 1264 910 1300 et
937 1271 1026 1300 non

193 1317 373 1369 decipit,
397 1317 421 1342 *
451 1316 524 1368 qui
544 1316 776 1368 pecliniam
797 1328 921 1356 suam
938 1327 1026 1355 non

194 1372 316 1415 dedit
335 1372 391 1414 ad
411 1376 600 1421 usuram,
630 1377 673 1413 et
690 1375 875 1413 munera
894 1383 1026 1423 super

192 1429 472 1470 innocentem
491 1441 579 1469 non
600 1428 788 1480 accepit:

247 1485 331 1535 Qui
357 1485 461 1526 facit
482 1484 594 1534 haec,
618 1485 640 1510 *
668 1497 756 1525 non
779 1483 1027 1525 movebitur

194 1541 237 1582 in
266 1543 489 1583 aeternum.

247 1606 345 1646 Ant.
380 1604 510 1646 Dabo
543 1605 706 1646 sanctis
738 1605 847 1646 meis
880 1604 1028 1646 locum

194 1661 465 1702 nominatum
501 1661 547 1702 in
578 1673 715 1712 regno
749 1661 893 1702 Patris
929 1661 1027 1710 mei,

194 1715 300 1757 dicit
326 1717 553 1758 Deminus.

247 1781 346 1822 Ant.
379 1781 568 1831 Sanctis,
604 1781 679 1832 qui
705 1782 749 1822 in
777 1786 896 1823 terra
925 1787 1025 1823 sunt

194 1837 300 1888 ejus,
320 1837 344 1862 *
371 1837 621 1878 mirificavit
649 1850 801 1879 omnes
829 1838 1026 1879 volunta-

193 1897 260 1934 tes
288 1905 408 1934 meas
436 1893 549 1934 inter
576 1893 687 1934 illos.

470 1980 670 2021 Psalmus
691 1983 749 2021 15.

269 2037 455 2077 onserva
479 2048 550 2076 me
578 2035 783 2085 Demine‚
821 2036 1027 2088 queniam

194 2037 265 2144 C
287 2092 462 2144 speravi
490 2091 533 2131 in
561 2096 616 2132 te.
642 2092 665 2117 *
688 2092 793 2132 Dixi
819 2092 1027 2133 Demino:

194 2147 316 2189 Deus
340 2161 465 2190 meus
490 2160 536 2188 es
559 2153 623 2197 tu,
658 2148 866 2200 queniam
890 2148 1026 2190 bone-

194 2216 292 2244 rum
309 2206 509 2246 meerum
528 2217 616 2245 non
636 2217 750 2255 eges.

246 2260 432 2310 Sanctis,
458 2261 532 2313 qui
552 2265 653 2301 sunt
675 2261 718 2301 in
737 2265 854 2302 terra
874 2261 980 2312 ejus,
1004 2260 1027 2285 *

194 2316 442 2358 mirificavit
466 2329 619 2358 omnes
638 2317 888 2358 voluntates
906 2329 1028 2358 meas

194 2372 333 2413 ineis.

247 2428 548 2481 Multiplicatae
599 2434 700 2470 sunt
753 2429 1028 2470 infirmitates

197 2485 364 2525 eorum:
383 2485 407 2510 *
425 2487 583 2537 pestea
602 2485 968 2526 acceleraverunt.

247 2540 350 2581 Non
395 2540 675 2592 congregabo
725 2540 1028 2582 conventicula

197 2598 350 2637 eerum
375 2596 430 2638 de
459 2597 758 2648 sanguinibus,
782 2598 805 2622 *
831 2610 912 2638 nec
942 2610 1028 2638 me-

196 2664 294 2692 mor
327 2664 403 2693 ero
431 2653 656 2694 neminum
681 2656 834 2695 eorum
862 2665 942 2705 per
969 2652 1028 2693 la-

196 2707 269 2749 bia
287 2720 396 2749 mea.

249 2764 465 2805 Deminus
488 2777 592 2816 pars
615 2764 887 2807 haereditatis
906 2777 1028 2814 meae,

1076 356 1119 392 et
1139 351 1288 392 calicis
1307 352 1407 392 mei:
1426 352 1449 377 *
1468 356 1516 393 tu
1537 366 1594 401 eS,
1616 353 1689 405 qui
1705 355 1910 394 restitues

1075 406 1382 449 haereditatem
1401 421 1544 449 meam
1563 408 1679 449 mihi.

1128 464 1274 505 Funes
1289 463 1542 506 ceciderunt
1555 464 1661 505 mihi
1675 466 1718 506 in
1729 465 1910 517 praecla-

1076 521 1151 561 ris:
1175 521 1198 546 *
1225 520 1386 561 etenim
1416 519 1652 562 haereditas
1677 534 1775 562 mea
1799 534 1910 574 prae-

1078 577 1196 618 clara
1216 581 1284 617 est
1302 576 1418 616 mihi.

1129 632 1397 674 Benedicam
1433 633 1691 683 D6minum,
1730 634 1804 685 qui
1839 636 1911 675 tri-

1077 689 1171 731 buit
1190 689 1296 730 mihi
1318 689 1604 731 intellectum:
1623 690 1646 715 *
1666 692 1844 742 insuper
1869 694 1913 731 et

1078 758 1218 798 usque
1238 745 1294 787 ad
1312 750 1489 787 noctem
1512 746 1823 798 increpuerunt
1841 759 1912 787 me

1078 815 1206 843 renes
1224 803 1321 843 mei.

1103 857 1426 914 ,Providebam
1457 858 1696 898 Deminum
1733 858 1776 898 in
1814 871 1913 899 con-

1079 917 1233 967 spectu
1260 927 1360 955 meo
1389 927 1578 966 semper:
1603 915 1626 940 *
1653 915 1860 966 queniam
1889 927 1914 955 a

1079 970 1246 1012 dextris
1266 975 1334 1011 est
1353 970 1469 1019 mihi,
1488 983 1543 1011 ne
1563 972 1855 1011 commevear.

1129 1027 1320 1079 Propter
1361 1026 1446 1068 hoc
1487 1026 1686 1068 laetatum
1728 1032 1794 1068 est
1837 1040 1914 1068 cor

1078 1096 1240 1132 meum,
1280 1088 1323 1124 et
1356 1082 1591 1124 exsultavit
1623 1082 1770 1133 lingua
1801 1096 1914 1124 mea:

1078 1140 1101 1165 *
1130 1142 1308 1191 insuper
1337 1144 1381 1180 et
1410 1151 1513 1180 caro
1541 1152 1639 1180 mea
1667 1140 1915 1191 requiescet

1078 1196 1121 1236 in
1142 1208 1231 1248 spe.

1132 1252 1349 1302 Queniam
1384 1264 1473 1292 non
1511 1251 1790 1304 derelinques
1827 1253 1913 1293 ani-

1079 1321 1196 1349 mam
1223 1321 1368 1349 meam
1395 1308 1439 1348 in
1467 1308 1652 1349 inferno:
1680 1309 1703 1334 *
1730 1321 1811 1350 nec
1841 1308 1913 1350 da-

1079 1364 1147 1406 bis
1184 1360 1393 1405 sanctum'
1420 1369 1544 1405 tuum
1580 1364 1731 1406 videre
1765 1377 1912 1406 corru-

1078 1421 1287 1473 ptienem.

1130 1478 1272 1518 Notas
1296 1477 1401 1517 mihi
1425 1477 1567 1518 fecisti
1586 1478 1679 1518 vias
1698 1478 1816 1527 vitae,
1840 1477 1913 1519 ad-

1079 1533 1283 1586 implebis
1302 1546 1372 1574 me
1392 1533 1544 1574 laetitia
1564 1546 1664 1574 cum
1678 1533 1803 1575 vultu
1821 1539 1914 1575 tuo:

1079 1591 1103 1616 *
1129 1590 1446 1631 delectatienes
1470 1590 1514 1630 in
1539 1589 1723 1631 dextera
1746 1595 1822 1631 tua
1846 1604 1913 1631 us-

1081 1660 1166 1699 que
1185 1647 1229 1687 in
1248 1646 1392 1687 finem.

1135 1711 1234 1750 Ant.
1268 1711 1456 1759 Sanctis,
1494 1710 1568 1762 qui
1593 1711 1636 1750 in
1664 1715 1783 1752 terra
1812 1716 1913 1752 sunt

1080 1767 1189 1818 ejus,
1223 1767 1472 1808 mirificavit
1491 1779 1643 1808 omnes
1664 1766 1913 1808 voluntates

1079 1835 1201 1864 meas
1220 1823 1334 1864 inter
1353 1822 1464 1863 illos.

1136 1888 1232 1927 Ant.
1266 1887 1414 1927 Sancti
1444 1887 1517 1938 qui
1546 1891 1726 1938 sperant
1753 1886 1797 1926 in
1823 1887 1912 1927 De-

1079 1942 1219 1991 mino,
1261 1943 1284 1968 *
1331 1941 1556 1984 habebunt
1598 1941 1912 1990 fortitudinem,

1080 2001 1305 2040 assument
1327 2011 1493 2050 pennas
1518 2003 1565 2039 ut
1589 1998 1766 2050 aquilae,
1794 1998 1912 2039 vola-

1079 2053 1199 2103 bunt,
1228 2059 1271 2096 et
1290 2067 1378 2095 non
1398 2053 1613 2096 deficient.

1355 2139 1555 2179 Psalmus
1575 2141 1638 2179 23.

1080 2202 1304 2307 Demini
1337 2210 1404 2247 est
1435 2211 1569 2255 terra,
1607 2211 1652 2248 et
1684 2205 1912 2259 plenitudo

1185 2262 1291 2313 ejus:
1313 2262 1337 2287 *
1362 2261 1482 2303 orbis
1501 2263 1734 2311 terrarum,
1761 2266 1806 2304 et
1824 2261 1913 2303 uni—

1080 2318 1197 2358 versi
1217 2318 1291 2370 qui
1310 2317 1510 2359 habitant
1528 2318 1572 2358 in
1592 2331 1657 2359 eo.

1133 2374 1245 2424 Quia
1271 2374 1367 2426 ipse
1397 2387 1530 2427 super
1554 2374 1691 2415 maria
1715 2373 1914 2414 fundavit

1082 2443 1197 2471 eum:
1215 2430 1239 2455 *
1260 2435 1304 2472 et
1332 2443 1464 2482 super
1489 2430 1668 2471 flumina
1692 2431 1912 2482 praepara-

1081 2486 1144 2527 vit
1163 2498 1274 2526 eum.

1134 2542 1242 2592 Quis
1275 2541 1484 2583 ascendet
1520 2542 1564 2581 in
1597 2545 1792 2582 montem
1824 2540 1911 2580 De-

1080 2596 1207 2638 mini?
1227 2598 1250 2623 *
1271 2602 1346 2639 aut
1366 2598 1462 2650 quis
1483 2596 1617 2638 stabit
1634 2597 1678 2637 in
1696 2596 1796 2637 loco
1816 2608 1910 2636 san—

1082 2658 1155 2694 cto
1176 2651 1290 2705 ejus?

1133 2710 1351 2751 Innocens
1401 2708 1603 2749 manibus
1654 2712 1698 2749 et
1746 2705 1909 2746 mundo

1082 2764 1232 2814 corde,
1260 2766 1283 2791 *
1313 2765 1387 2816 qui
1413 2776 1502 2804 non
1527 2763 1697 2815 accepit
1723 2762 1768 2802 in
1795 2773 1909 2802 vano
