2040 2990
561 214 736 249 Sccundu
762 215 824 249 die
850 216 946 250 infra
973 216 1155 251 Octavam
1184 218 1422 261 Epiphaniae.

441 307 592 348 Lectio
613 308 666 348 iii.

213 372 287 402 um
310 359 425 400 enim
447 359 642 401 nondum
660 360 751 402 nati
771 360 963 411 fuissent,

228 420 304 458 aut
331 415 496 468 aliquid
521 416 626 458 boni
655 419 862 467 egissent,
890 422 964 459 aut

135 473 249 523 mali,
267 473 329 524 (ut
343 472 584 514 secundum
600 473 858 515 electionem
872 487 977 531 pro-¹

135 530 329 583 positum
347 529 431 571 Dei
450 531 660 581 maneret)
681 543 769 572 non
789 542 843 571 ex
862 532 962 583 ope-

136 585 274 636 ribus,
303 585 382 627 sed
410 599 464 627 ex
491 588 677 628 vocante
706 585 870 627 dictum
898 591 963 628 est

137 643 191 685 ei:
211 643 323 693 Quia
336 643 474 694 major
489 632 651 684 serviet
664 643 831 692 minori,
851 643 963 684 sicut

136 700 349 752 scriptum
377 703 462 741 est:
493 698 631 741 Jacob
662 698 813 748 dilexi,
845 700 962 741 Esau

135 761 281 797 autem
300 755 403 797 odio
422 755 566 797 habui.
594 755 709 806 Quid
727 768 830 806 ergo
849 755 960 797 dice-

135 811 255 854 mus?
281 811 493 864 numquid
515 812 720 865 iniquitas
742 812 858 864 apud
877 813 960 854 De-

135 868 231 910 um?
267 867 407 910 Absit.
443 868 586 921 Moysi
607 868 720 910 enim
740 868 860 910 dicit:
884 869 960 910 Mi-

134 924 314 967 serebor
337 925 458 976 cujus
480 925 705 966 misereor:
733 930 777 966 et
796 925 960 967 miseri-

134 981 330 1024 cordiam
343 980 567 1034 praestabo
579 982 698 1033 cujus
708 981 959 1023 miserebor.

133 1038 270 1090 Igitur
289 1050 378 1079 non
398 1037 600 1087 volentis,
623 1051 765 1090 neque
788 1040 959 1080 curren-

132 1095 198 1146 tis,
222 1093 302 1136 sed
320 1094 564 1135 miserentis
584 1099 650 1136 est
668 1094 762 1136 Dei.

186 1150 238 1203 R.
261 1151 406 1201 Reges
424 1150 614 1192 Tharsis.
641 1151 734 1192 252.

361 1217 411 1256 In
437 1217 488 1257 H.
516 1217 739 1259 Nocturno.

132 1272 285 1314 Sermo
314 1273 454 1314 sancti
478 1273 713 1325 Augustini
739 1273 958 1326 Episcopi.

133 1328 249 1364 Serm.
263 1330 293 1364 2.
310 1330 356 1365 dc
368 1330 519 1374 Epiph.‚
538 1332 604 1374 qui
619 1336 677 1367 est
692 1333 750 1367 30.
766 1333 812 1367 dc
826 1333 958 1377 Temp.

433 1378 585 1420 Lectio
605 1380 658 1420 iv.

145 1432 314 1481 :01de
345 1436 521 1485 partum
549 1433 742 1484 Virginis
774 1433 957 1475 adoran-

144 1484 147 1494 '
173 1489 233 1544 a).
302 1488 407 1530 dum
422 1489 539 1540 Magi
557 1488 612 1531 ab
633 1489 812 1532 Oriente
831 1492 957 1532 vene-

187 1540 200 1571 ἶ
212 1544 233 1550 ”
301 1549 411 1587 runt.
434 1546 564 1587 Hunc
578 1545 694 1587 diem
709 1545 840 1588 hodie
856 1546 958 1588 cele-

130 1599 325 1643 bramus:
352 1601 452 1643 huic
472 1601 668 1644 debitum
691 1602 957 1645 solemnitati

129 1659 376 1700 sermonem
401 1657 704 1711 persolvimus.
744 1659 836 1700 Illis
862 1660 955 1702 dies

127 1714 210 1756 iste
223 1714 390 1767 primus
404 1714 556 1765 illuxit,
574 1715 868 1758 anniversaria
882 1730 956 1759 no-

126 1770 195 1812 bis
213 1771 450 1813 festivitate
469 1771 607 1813 rediit.
638 1771 709 1812 Illi
728 1778 853 1814 erant
872 1774 955 1826 pri-

127 1827 260 1868 mitiae
281 1827 504 1878 Gentium,
528 1840 609 1869 nos
631 1828 824 1881 populus
844 1829 956 1871 Gen-

126 1883 246 1925 tium.
288 1883 430 1925 Nobis
456 1884 542 1925 hoc
568 1883 714 1935 lingua
742 1885 957 1927 nuntiavit

127 1939 460 1993 Apostolorum,
485 1940 610 1982 stella
628 1940 713 1982 illis
731 1945 955 1993 tamquam

126 1995 273 2048 lingua
310 1996 542 2038 coelorum:
578 2001 622 2038 et
659 1997 786 2038 nobis
822 1997 954 2039 iidem

128 2053 343 2105 Apestoli,
366 2057 590 2105 tamquam
610 2052 682 2094 alii
701 2053 811 2103 coeli,
836 2067 954 2096 enar-

127 2111 333 2151 raverunt
350 2109 536 2161 gloriam
555 2109 649 2151 Dei.

182 2165 530 2219 Rz.1]luminare,
562 2165 805 2207 illuminare
833 2166 857 2206 J
860 2169 953 2208 eru

128 2222 274 2272 salem,
295 2222 396 2274 quia
413 2222 532 2264 venit
549 2222 625 2263 lux
643 2227 733 2263 tua:
757 2223 779 2247 *
790 2223 846 2263 Et
854 2222 953 2287 glo-

127 2278 191 2319 ria
205 2278 383 2320 Domini
401 2291 533 2331 super
547 2282 592 2320 te
612 2283 709 2319 orta
728 2283 805 2320 est.
834 2273 885 2325 V.
898 2279 954 2320 Et

128 2334 413 2377 ambulabunt
432 2335 631 2377 Gentes'
620 2348 663 2375 1n
686 2334 847 2376 lumine
867 2339 953 2383 tuo,

128 2395 171 2432 et
189 2403 315 2442 reges
334 2391 378 2432 in
398 2390 633 2486 sleendore
653 2396 775 2433 ortus
794 2391 867 2433 tui.
887 2391 953 2433 Et.

475 2446 588 2487 ectio
609 2461 645 2487 v.

131 2495 393 2600 Magnum
417 2505 754 2545 sacramentum:
779 2504 822 2544 in
843 2516 952 2556 prae-

252 2558 346 2611 sepi
359 2559 539 2611 jacebat,
559 2564 603 2601 et
616 2560 770 2611 Magos
789 2559 844 2600 ab
861 2559 952 2600 Ori-

128 2615 227 2655 ente
269 2613 473 2657 ducebat:
517 2616 870 2658 abscondebatur
909 2615 952 2655 in

128 2669 317 2720 stabulo,
345 2675 389 2712 et
413 2671 732 2722 agnoscebatur
755 2673 798 2713 in
823 2671 952 2713 coelo:
1002 2706 1006 2712 .

127 2731 175 2768 ut
201 2726 372 2777 agnitus
397 2727 441 2767 in
466 2728 580 2770 coelo
604 2729 952 2770 manifestaretur

1777 213 1841 248 261

1014 306 1059 346 in
1076 306 1261 358 stabulo,
1282 312 1326 349 et
1343 307 1636 360 appellaretur
1651 310 1840 363 Epipha-

1002 359 1086 404 'nia
1112 363 1206 405 dies
1234 363 1334 414 iste,
1364 364 1483 416 quod
1508 365 1639 407 latine
1664 368 1840 409 manife-

1015 419 1146 461 statio
1167 419 1253 461 dici
1272 425 1436 473 potest:
1464 421 1590 463 simul
1609 424 1699 474 ejus
1718 424 1839 465 celsi-

1014 475 1210 518 tudinem
1233 476 1606 530 humilitatemque
1625 482 1840 521 commen-

1016 531 1139 582 dans,
1164 538 1211 574 ut
1231 534 1305 585 qui
1327 533 1371 574 in
1395 536 1548 586 aperto
1573 535 1686 576 coelo
1708 536 1839 587 signis

1015 589 1195 631 sidereis
1220 590 1546 632 monstrabatur
1570 605 1768 642 magnus,
1796 594 1839 633 in

1014 649 1200 696 angusto
1225 646 1469 688 diversorio
1496 650 1702 700 quaesitus
1725 649 1839 691 inve-

1013 703 1178 744 niretur
1219 703 1454 753 invalidus,
1494 704 1759 746 infantilibus
1796 706 1839 746 in

1013 758 1219 800 membris
1229 765 1368 809 natus,
1382 759 1734 812 infantilibusque
1744 775 1840 813 pan-

1013 815 1079 856 m‘s
1103 815 1340 866 involutus,
1367 816 1622 858 adoraretur
1646 830 1671 858 a
1689 817 1838 868 Magis,

1013 871 1238 913 timeretur
1258 885 1282 913 a
1300 872 1437 914 malis.

1102 956 1118 976 v.
1126 933 1288 974 Omnes
1300 932 1355 975 de
1365 933 1481 975 Saba
1491 933 1675 984 venient,
1686 948 1838 976 aurum

1014 994 1057 1030 et
1071 994 1089 1030 t
1120 1002 1171 1030 us
1185 988 1442 1040 deferenteS,
1458 995 1500 1031 et
1515 990 1688 1032 laudem
1699 992 1839 1032 Domi-

1012 1058 1069 1087 no
1089 1046 1373 1096 anuntiantes,
1402 1051 1425 1076 *
1440 1046 1637 1099 Allelaja,
1657 1047 1837 1099 alleluia,

1013 1101 1193 1153 alleluja.
1216 1100 1266 1152 V.
1275 1103 1421 1154 Reges
1433 1103 1612 1144 Tharsis
1628 1109 1671 1146 et
1684 1104 1837 1145 insulae

1012 1162 1193 1200 munera
1213 1158 1412 1209 offerent,
1436 1172 1561 1210 reges
1580 1160 1775 1201 Arabum
1795 1165 1838 1202 et

1012 1214 1127 1256 Saba
1146 1214 1262 1257 dona
1281 1214 1512 1257 adducent.
1539 1215 1736 1268 Alleluia.

1314 1283 1466 1325 Lectio
1487 1285 1539 1324 vi.

1091 1340 1215 1382 imuit
1247 1340 1360 1382 enim
1393 1353 1491 1382 eum
1520 1353 1598 1382 rex
1624 1341 1837 1388 Herodes,

1111 1396 1276 1438 eisdem
1313 1397 1395 1438 sibi
1431 1397 1570 1448 Magis
1607 1397 1836 1439 nuntianti-

1010 1453 1108 1503 bus,
1133 1466 1231 1494 cum
1253 1453 1396 1495 adhuc
1417 1455 1663 1506 quaererent
1681 1456 1836 1506 parvu-

1010 1509 1110 1559 lum,
1131 1523 1261 1562 quem
1278 1511 1575 1560 cognoverant
1593 1510 1707 1551 coelo
1725 1514 1836 1552 teste

1010 1567 1095 1618 jam
1112 1571 1272 1607 natum.
1301 1566 1416 1616 Quid
1432 1566 1513 1608 erit
1529 1566 1719 1608 tribunal
1733 1566 1837 1618 judi·
1882 1598 1886 1610 ,

1011 1623 1165 1672 cantis,
1193 1622 1367 1675 quando
1387 1622 1602 1675 superbos
1621 1635 1747 1673 reges
1767 1636 1836 1664 cu-

1010 1678 1170 1721 nabula
1190 1678 1414 1720 terrebant
1431 1677 1629 1720 infantis?
1663 1680 1835 1730 Quanto
1882 1719 1883 1725 ,

1011 1735 1251 1777 consultius
1279 1748 1421 1785 reges,
1449 1747 1537 1776 non
1563 1735 1674 1776 sicut
1698 1736 1835 1776 Hero-

1010 1792 1104 1841 des,
1125 1792 1370 1833 interficere
1390 1796 1602 1843 quaerant,
1626 1791 1705 1833 sed
1724 1791 1836 1833 sicut

1009 1848 1142 1899 Magi,
1170 1847 1318 1900 potius
1342 1846 1528 1888 adorare
1554 1846 1834 1896 delectentur,

1009 1904 1093 1955 jam
1117 1903 1362 1956 praesertim
1387 1915 1502 1952 eum,
1529 1903 1602 1955 qui
1627 1908 1670 1944 et
1685 1903 1834 1971 ipsam

1009 1964 1215 2008 mortem,
1251 1972 1380 2011 quam
1408 1934 1611 2024 cupiebat
1638 1959 1835 2001 immicus

1009 2015 1178 2066 inferre,
1200 2015 1330 2057 etiam
1349 2028 1430 2068 pro
1450 2015 1557 2083 ipsis
1575 2016 1759 2057 inimicis
1779 2016 1834 2057 ab

1008 2071 1192 2114 inimicis
1219 2071 1442 2121 sustinuit,
1473 2074 1658 2124 eamque
1682 2072 1726 2112 in
1754 2085 1833 2113 suo

1009 2130 1195 2180 corpore
1216 2130 1387 2169 occisus
1409 2127 1581 2169 occidit.
1618 2128 1694 2170 Pie
1713 2130 1833 2170 time-

1010 2189 1084 2225 ant
1106 2196 1233 2234 reges
1255 2183 1311 2225 ad
1333 2184 1476 2225 Patris
1500 2183 1726 2226 dexteram
1749 2185 1832 2236 jam

1009 2239 1248 2290 sedentem,
1269 2253 1399 2292 quem
1417 2253 1494 2282 rex
1513 2240 1671 2293 impius
1690 2240 1833 2282 timuit

1008 2295 1150 2337 adhuc
1169 2297 1320 2338 matris
1339 2295 1475 2338 ubera
1493 2296 1767 2338 lambentem.

1060 2356 1111 2407 R.
1135 2357 1253 2409 Magi
1274 2357 1461 2399 veniunt.
1489 2358 1583 2398 255.

1232 2430 1282 2469 In
1300 2430 1371 2468 ΙΙΙ.
1391 2429 1612 2469 Nocturno.

1008 2490 1161 2531 Lectio
1186 2491 1327 2532 sancti
1345 2491 1570 2542 Evangelii
1593 2490 1831 2532 secundum

1289 2546 1554 2588 Matthaeum.

1111 2610 1262 2652 Lectio
1283 2611 1349 2651 vii.
1575 2611 1676 2662 Cap.
1690 2612 1726 2650 2.

1079 2685 1153 2712 um
1171 2676 1299 2713 natus
1321 2676 1437 2713 esset
1454 2672 1479 2712 J
1482 2684 1581 2713 esus
1600 2672 1643 2712 in
1662 2669 1829 2711 Bethle-

1094 2727 1194 2769 hem
1207 2728 1231 2768 J
1232 2727 1319 2769 uda
1335 2728 1378 2768 in
1393 2728 1546 2770 diebus
1560 2726 1749 2768 Herodis
1765 2738 1827 2766 re-
