2080 2990
611 210 820 244 Commune
846 206 1093 242 Confessoris
1118 216 1195 240 non
1220 206 1429 240 Pontilicis.

450 305 604 346 Lectio
626 304 710 344 viii.

165 357 311 463 Duo
335 371 483 407 autem
507 370 624 414 sunt,
653 376 753 415 quae
775 362 993 414 jubentur,

257 427 301 464 et
316 421 490 463 lumbos
505 422 782 470 restringere,
798 423 842 459 et
856 417 993 458 lucer-

164 491 242 520 nas
261 480 427 520 tenere:
454 482 504 519 ut
531 481 575 519 et
602 475 819 517 munditia
844 474 902 515 sit
927 486 994 514 ca—

164 534 329 576 stitatis
353 534 398 574 in
421 536 627 586 corpore,
651 536 696 573 et
718 531 866 571 lumen
884 530 994 571 veri-

163 590 268 632 tatis
298 590 343 631 in
382 589 654 642 operatione.
702 585 995 638 Redemptori

164 646 328 688 etenim
360 651 515 687 nostro
551 657 687 686 unum
724 643 818 683 sine
853 641 993 683 altero

163 702 339 755 placere
365 704 645 754 nequaquam
668 702 835 752 potest:
863 698 900 738 si
919 702 996 738 aut

164 759 201 799 is
221 759 296 810 qui
314 758 433 800 bona
451 758 552 810 agit,
572 755 717 798 adhuc
732 754 918 796 luxuriae
934 754 995 794 in-

165 814 447 866 quinamenta
464 826 554 855 non
574 812 752 854 deserit:
772 815 847 851 aut
866 810 903 851 is
921 810 995 861 qui

165 870 369 912 castitate
405 869 681 923 praeeminet,
717 867 908 908 necdum
948 879 995 907 se

164 939 245 978 per
267 926 385 968 bona
416 928 552 978 opera
581 926 768 966 exercet.
803 922 899 964 Nec
928 924 995 963 ca-

165 983 293 1024 stitas
327 995 432 1032 ergo
466 993 626 1032 magna
658 985 725 1021 est
753 979 847 1020 sine
874 979 994 1020 bono

165 1040 312 1091 opere,
328 1051 410 1080 nec
427 1051 539 1091 opus
553 1037 719 1079 bonum
733 1041 800 1077 est
815 1034 996 1087 aliquod

166 1095 260 1136 sine
281 1094 496 1136 castitate.
528 1093 617 1135 Sed
637 1097 680 1134 et
700 1093 737 1133 si
761 1095 996 1143 utrumque

166 1151 324 1202 agitur,
347 1155 503 1200 restat,
529 1155 577 1191 ut
600 1149 798 1202 quisquis
820 1148 894 1189 ille
918 1152 997 1197 est,

166 1219 245 1259 spe
271 1207 328 1248 ad
351 1209 587 1260 supernam
615 1206 806 1259 patriam
832 1203 996 1253 tendat,

167 1268 211 1304 et
227 1266 506 1316 nequaquam
521 1275 568 1304 se
584 1275 609 1303 a
623 1261 741 1303 vitiis
752 1273 834 1313 pro
844 1260 997 1302 mundi

166 1318 292 1371 hujus
311 1319 544 1361 honestate
564 1320 798 1360 contineat.

221 1377 273 1428 Rz.
302 1375 399 1417 Sint
428 1375 567 1416 lumbi
595 1374 731 1415 vestri
756 1373 997 1426 praecincti,

168 1436 212 1472 et
246 1431 438 1472 lucernae
475 1430 682 1472 ardentes
719 1430 764 1470 in
795 1429 997 1470 manibus

168 1487 344 1528 vestris:
357 1489 381 1514 ¹⁸¹
396 1487 454 1528 Et
467 1499 547 1528 vos
566 1485 730 1527 similes
746 1485 998 1526 hominibus

169 1542 529 1595 exspectantibus
579 1542 806 1583 dominum
856 1554 998 1591 suum,

170 1598 346 1651 quando
363 1601 610 1640 revertatur
624 1611 651 1639 a
664 1598 840 1650 nuptiis.
858 1593 910 1645 V.
922 1597 998 1641 Vi-

168 1654 302 1705 gilate
322 1667 440 1705 ergo,
461 1655 564 1707 quia
586 1655 764 1696 nescitis
783 1666 870 1706 qua
889 1653 999 1694 hora

169 1710 386 1752 Dominus
415 1715 561 1752 vester
587 1713 800 1752 venturus
827 1710 896 1751 sit.
932 1709 999 1750 Et.

173 1765 326 1808 Gloria
343 1767 476 1808 Patri.
507 1767 576 1808 Et.

224 1825 389 1867 Bened.
416 1822 485 1865 Ad
503 1823 772 1864 societatem.

474 1881 629 1923 Lectio
649 1881 704 1921 ix.

255 1937 273 1974 t
291 1946 372 1975 vos
394 1935 557 1976 similes
576 1934 828 1976 hominibus
848 1946 1000 1986 exspe-

261 1990 484 2032 ctantibus
493 1990 720 2032 dominum
728 2003 866 2039 suum,
875 2002 1002 2041 quan-

172 2047 231 2089 do
248 2049 495 2088 revertatur
512 2059 538 2087 a
553 2046 734 2098 nuptiis:
753 2050 801 2087 ut
816 2059 916 2087 cum
931 2047 1000 2086 ve-

172 2103 286 2144 nerit
305 2107 350 2144 et
368 2102 628 2155 pulsaverit,
652 2101 884 2143 confestim
902 2103 1000 2153 ape-

173 2159 287 2200 riant
318 2159 367 2200 ei.
406 2159 543 2200 Venit
576 2159 740 2211 quippe
769 2157 1001 2206 Dominus,

174 2227 274 2255 cum
293 2214 350 2255 ad
368 2214 578 2265 judicium
601 2216 829 2267 properat:
854 2213 1002 2265 pulsat

173 2282 290 2319 vero,
310 2283 410 2311 cum
425 2271 511 2322 jam
525 2283 605 2323 per
620 2268 895 2322 aegritudinis
912 2281 1001 2309 mo-

173 2325 323 2367 lestias
351 2339 447 2368 esse
470 2331 659 2368 mortem
679 2326 867 2367 vicinam
891 2324 1001 2366 desi-

174 2386 288 2432 gnat.
330 2382 410 2423 Cui
440 2382 671 2423 confestim
701 2384 933 2434 aperimus,
966 2381 1002 2421 si

175 2436 290 2478 hunc
310 2450 407 2480 cum
427 2440 577 2480 amore
592 2438 865 2490 suscipimus.
888 2437 1003 2488 Ape-

176 2495 262 2534 rire
282 2494 398 2534 enim
421 2494 555 2545 judici
578 2494 773 2546 pulsanti
792 2505 879 2534 non
898 2492 1003 2541 vult,

177 2549 252 2600 qui
282 2550 401 2591 exire
425 2549 480 2591 de
510 2552 698 2602 corpore
723 2548 931 2601 trepidat:
960 2553 1004 2589 et

175 2604 326 2646 videre
343 2617 453 2655 eum,
474 2619 605 2657 quem
621 2607 941 2657 contempsisse
956 2617 1003 2645 se

176 2660 390 2710 meminit,
425 2661 614 2712 judicem
646 2661 866 2703 formidat.
920 2661 1005 2710 Qui

177 2721 325 2758 autem
358 2716 414 2758 de
446 2730 525 2758 sua
556 2730 636 2770 spe
667 2722 711 2759 et
746 2717 1005 2770 operatione

1046 307 1227 345 securus
1252 308 1335 353 est,
1360 303 1555 356 pulsanti
1578 302 1810 343 confestim
1834 303 1874 342 a·

1045 360 1176 412 perit,
1202 360 1303 412 quia
1319 359 1449 400 laetus
1467 359 1656 411 judicem
1676 358 1875 399 sustinet.

1045 416 1101 457 Et
1122 429 1222 457 cum
1240 420 1416 468 tempus
1437 417 1700 467 propinquae
1720 414 1875 455 mortis

1047 472 1290 521 advenerit,
1323 471 1378 512 de
1405 471 1546 522 gloria
1573 470 1875 511 retributionis

1046 528 1281 569 hilarescit.

1108 585 1168 626 Te
1187 585 1331 626 Deum
1347 583 1589 624 laudamus.
1609 584 1669 623 14.

1335 659 1414 700 Ad
1440 659 1637 700 Laudes

1259 722 1310 751 et
1348 727 1445 759 per
1484 716 1679 750 Horas.

1103 773 1202 813 Ant.
1222 774 1251 811 1.
1280 773 1468 814 Domine
1494 772 1688 824 quinque
1712 771 1877 812 talenta

1048 831 1071 857 *
1085 829 1309 871 tradidisti
1324 828 1444 870 mihi:
1465 841 1568 870 ecce
1584 828 1670 869 alia
1685 828 1876 880 quinque

1048 885 1377 938 superlucratus
1396 898 1504 926 sum.

1102 945 1170 985 Ps,
1206 942 1422 983 Dominus
1449 940 1659 992 regnavit.
1688 941 1746 980 15.

1102 1001 1138 1039 2.
1161 1000 1281 1050 Euge
1301 1010 1427 1039 serve
1447 997 1573 1047 bone,
1593 996 1616 1022 *
1636 997 1681 1037 in
1699 995 1877 1037 modico

1048 1055 1201 1103 fidelis,
1216 1055 1332 1096 intra
1344 1055 1387 1095 in
1398 1053 1607 1106 gandium
1616 1052 1794 1093 Domini
1804 1052 1878 1093 tui.

1106 1113 1141 1151 3.
1174 1110 1336 1152 Fidelis
1364 1123 1518 1151 servus
1546 1109 1570 1135 *
1599 1113 1643 1150 et
1668 1108 1878 1161 prudens,

1051 1180 1181 1219 quern
1220 1166 1449 1208 constituit
1485 1166 1702 1207 Dominus
1746 1177 1879 1216 super

1049 1224 1259 1265 familiam
1280 1236 1414 1264 suam.

1103 1282 1141 1320 4.
1185 1280 1350 1320 Beatus
1383 1278 1457 1319 ille
1487 1290 1659 1326 servus,
1691 1277 1715 1302 *
1749 1288 1879 1327 quem

1051 1349 1150 1377 cum
1170 1336 1339 1377 venerit
1358 1334 1575 1376 Dominus
1596 1334 1703 1385 ejus,
1726 1337 1769 1373 et
1788 1331 1879 1384 pul-

1051 1392 1215 1434 saverit
1242 1393 1430 1443 januam,
1458 1389 1674 1431 invenerit
1701 1388 1880 1438 vigilan-

1050 1453 1151 1490 tem.

1105 1506 1143 1545 5.
1171 1505 1308 1545 Serve
1327 1504 1443 1545 bone
1462 1503 1485 1528 *
1506 1507 1550 1543 et
1576 1500 1736 1550 fidelis,
1768 1500 1881 1541 intra

1052 1561 1095 1601 in
1115 1560 1324 1611 gaudium
1342 1559 1522 1600 Domini
1541 1558 1616 1599 tui.

1159 1619 1422 1672 Capitulum.
1572 1616 1704 1657 Eccli.
1724 1616 1781 1655 31.

1052 1677 1259 1783 Beatus
1279 1681 1359 1730 vir,
1388 1681 1463 1732 qui
1482 1678 1685 1721 inventus
1705 1682 1772 1719 est
1790 1678 1882 1718 sine

1159 1737 1350 1778 macula:
1393 1741 1436 1777 et
1478 1735 1553 1787 qui
1588 1739 1692 1787 post
1729 1747 1882 1774 aurum

1052 1806 1141 1834 non
1161 1793 1284 1842 abiit,
1309 1805 1390 1833 nec
1415 1791 1610 1844 speravit
1633 1790 1677 1830 in
1696 1789 1883 1841 pecunia

1054 1854 1098 1891 et
1118 1849 1347 1891 thesauris.
1384 1848 1491 1898 Quis
1518 1851 1585 1888 est
1610 1846 1696 1895 hic,
1725 1850 1769 1886 et
1793 1845 1881 1885 lau-

1054 1905 1256 1947 dabimus
1285 1903 1405 1946 eum?
1435 1903 1539 1945 fecit
1568 1904 1683 1943 enim
1710 1900 1882 1942 mirabi-

1054 1961 1112 2002 lia
1130 1961 1175 2001 in
1194 1961 1285 2002 vita
1304 1973 1391 2001 sua.

1367 2015 1579 2066 Hymnus.

1152 2094 1230 2124 esu
1249 2083 1414 2124 corona
1432 2080 1601 2128 celsior,

1171 2139 1228 2179 Et
1248 2138 1410 2179 veritas
1430 2135 1669 2184 sublimior,

1132 2194 1217 2244 Qui
1236 2192 1466 2235 confitenti
1486 2191 1662 2233 servulo

1132 2249 1304 2291 Reddis
1322 2250 1516 2302 perenne
1534 2247 1779 2300 praemium:

1083 2315 1152 2355 Da
1170 2313 1437 2367 supplicanti
1456 2312 1603 2362 coetui,

1133 2371 1274 2422 Hujus
1292 2371 1460 2421 rogatu,
1482 2368 1604 2410 noxii

1133 2426 1458 2468 Remissionem
1478 2424 1682 2474 criminis,

1133 2482 1399 2535 Rumpendo
1418 2493 1578 2522 nexum
1598 2479 1770 2520 vinculi.

1084 2547 1198 2588 Anni
1216 2549 1394 2588 reverso
1414 2547 1625 2597 tempore,

1135 2603 1242 2645 Dies
1261 2602 1432 2644 refulsit
1450 2600 1624 2646 himine,

1134 2661 1232 2710 Quo
1253 2659 1439 2700 Sanctus
1458 2657 1529 2697 hic
1548 2655 1604 2697 de
1624 2656 1809 2706 corpore

1135 2714 1340 2767 Migravit
1358 2714 1470 2755 inter
1489 2711 1645 2753 sidera.
