2080 2990
778 223 986 255 (Immmme
1015 222 1125 255 unius
1156 221 1342 263 Martyris

207 316 341 356 vitam
360 315 523 364 mundi,
552 320 596 357 et
614 316 813 368 pervenit
832 315 888 357 ad
908 314 1036 356 coele-

208 372 291 413 stia
311 384 454 422 regna.
482 372 721 415 Fundatus.

262 431 417 471 sscned.
452 430 707 480 l'nigenitus
726 430 810 471 Dei
830 428 976 470 Filius.

515 488 665 528 Lectio
688 488 723 527 ii.

287 550 304 586 t
328 558 442 586 nunc
467 557 571 586 ecce
595 556 676 593 ego
704 544 795 584 scio
824 543 923 595 quia
949 545 1035 583 am-

298 601 412 654 plius
437 614 524 642 non
544 599 748 642 videbitis
775 600 929 641 faciem
949 612 1035 640 me-

204 671 274 699 am
303 671 383 699 vos
412 670 583 706 omnes,
613 670 693 710 per
719 669 830 708 quos
854 655 1035 697 transivi

204 714 451 767 praedicans
485 727 666 765 regnum
698 713 792 754 Dei.
838 713 1035 764 Quapro—

203 776 302 824 pter
335 773 562 813 contestor
590 783 670 811 vos
703 769 915 811 hodierna
951 768 1034 818 die,

204 828 306 880 quia
338 827 528 869 mundus
561 840 657 867 sum
690 839 715 867 a
748 825 958 875 sanguine
990 827 1035 866 ό-

202 885 377 926 mnium.
410 884 511 925 Non
533 883 646 925 enim
666 882 909 931 subterfugi
930 883 1035 934 quo-

202 941 344 982 minus
382 940 683 982 annuntiarem
724 952 852 980 omne
895 941 1034 980 consi-

202 997 307 1038 lium
336 998 419 1038 Dei
453 997 590 1038 vobis.
635 995 864 1037 Attendite
896 995 1034 1045 vobis,

202 1060 246 1095 et
265 1054 470 1095 universo
495 1053 626 1104 gregi,
655 1053 697 1093 in
723 1066 811 1104 quo
836 1065 917 1094 vos
942 1052 1034 1105 Spi-

202 1111 310 1152 ritus
335 1116 513 1152 sanctus
537 1110 687 1163 posuit
712 1112 946 1162 episcopos
970 1111 1033 1150 re-

201 1180 304 1218 gere
334 1167 575 1209 Ecclesiam
601 1167 700 1215 Dei,
730 1179 862 1218 quam
890 1166 1034 1218 acqui-

201 1224 304 1266 sivit
327 1224 538 1274 sanguine
562 1236 654 1264 suo.
691 1223 786 1273 Ego
811 1223 903 1264 scio
929 1225 1033 1275 quo-

200 1282 316 1321 niam
340 1280 564 1322 intrabunt
588 1285 692 1333 post
717 1279 1032 1321 discessionem

199 1350 342 1378 meam
356 1337 448 1390 lupi
464 1339 648 1390 rapaces
663 1337 706 1377 in
722 1349 813 1386 vos,
833 1349 921 1377 non
936 1349 1032 1389 par-

200 1396 350 1435 centes
370 1394 503 1445 gregi.
539 1394 595 1435 Et
615 1407 669 1435 ex
690 1393 815 1434 vobis
835 1393 942 1445 ipsis
963 1406 1033 1434 ex-

200 1454 380 1501 surgent
395 1451 475 1491 viri
494 1450 726 1502 loquentes
745 1452 966 1502 perversa,
986 1454 1034 1491 ut

199 1507 422 1549 abducant
442 1507 683 1559 discipulos
706 1511 810 1559 post
834 1519 893 1548 se.
928 1507 1032 1547 Pro-

198 1568 298 1616 pter
333 1563 452 1615 quod
484 1563 662 1615 vigilate
690 1563 901 1604 memoria
934 1563 1032 1604 reti-

198 1621 367 1661 nentes:
388 1620 594 1671 queniam
609 1633 690 1672 per
704 1620 937 1661 triennium
957 1632 1031 1661 no-

199 1681 269 1718 cte
295 1682 339 1718 et
363 1676 434 1718 die
458 1690 545 1718 non
571 1676 757 1725 cessavi,
786 1689 884 1717 cum
909 1676 1032 1717 lacri-

199 1733 281 1773 mis
326 1746 510 1774 monens
560 1734 916 1785 unumquemque
961 1746 1031 1774 ve-

201 1794 350 1831 strum.

254 1847 302 1896 Rg.
333 1846 486 1887 Justus
513 1846 777 1897 germinabit
810 1846 922 1888 sicut
953 1845 1032 1887 11Ίί-

198 1916 286 1943 um:
312 1904 332 1925 *
358 1904 415 1944 Et
435 1903 610 1945 florebit
633 1903 676 1943 in
697 1905 910 1944 aeternum
930 1908 1031 1945 ante

199 1959 447 2000 Dominum.
483 1955 532 2006 Υ
565 1959 795 2001 Plantatus
823 1960 867 2000 in
896 1959 1029 2002 domo

197 2016 390 2065 D6mini,
427 2017 469 2057 in
499 2017 619 2058 atriis
649 2015 807 2058 domus
839 2017 923 2059 Dei
955 2029 1030 2058 no-

199 2072 288 2114 stri.
317 2073 383 2114 Et.

254 2127 413 2169 Bened.
443 2129 629 2181 Spiritus
650 2131 789 2173 sancti
809 2130 960 2181 gratia.

496 2186 647 2227 Lectio
671 2187 721 2226 iii.

280 2246 299 2283 t
322 2254 436 2283 nunc
460 2244 720 2285 commendo
745 2256 825 2286 vos
850 2245 959 2293 Deo,
988 2249 1032 2286 et

310 2297 445 2339 verbo
474 2299 627 2349 gratiae
655 2300 807 2352 ipsius,
853 2301 926 2352 qui
954 2313 1030 2353 po-

197 2358 294 2395 tens
323 2359 391 2396 est
415 2354 652 2405 aedificare,
690 2362 733 2398 et
761 2356 867 2398 dare
895 2357 1030 2399 haere-

199 2409 384 2452 ditatem
420 2411 464 2451 in
497 2412 779 2454 sanctificatis
817 2413 1030 2455 omnibus.

197 2466 442 2518 Argentum
471 2472 515 2509 et
543 2481 712 2518 aurum,
758 2474 833 2510 aut
862 2475 1030 2512 vestem

197 2522 356 2564 nullius
377 2525 624 2577 concupivi,
657 2525 771 2567 sicut
790 2526 873 2578 ipsi
893 2527 1029 2568 scitis:

199 2580 405 2632 queniam
442 2580 498 2622 ad
535 2593 602 2631 ea,
644 2594 743 2633 quae
778 2581 883 2623 mihi
917 2595 1029 2635 opus

198 2641 337 2686 erant,
367 2642 410 2678 et
434 2636 500 2677 his
522 2638 595 2689 qui
614 2651 786 2680 mecum
810 2643 926 2687 sunt,
953 2639 1029 2680 mi-

197 2693 493 2735 nistraverunt
526 2707 681 2735 manus
714 2694 821 2736 istae.
872 2695 1029 2736 Omnia

197 2749 371 2792 ostendi
399 2749 544 2801 vobis,
582 2751 788 2803 quoniam
818 2751 881 2794 sic
910 2751 1027 2796 labo-

1091 314 1249 361 rantes,
1272 315 1449 365 oportet
1468 315 1693 366 suscipere
1712 314 1920 364 infirmos,

1091 382 1142 410 ae
1172 369 1421 411 meminisse
1449 369 1571 411 verbi
1599 370 1777 412 Demini
1804 371 1920 420 Jesu,

1091 426 1297 478 quoniam
1334 426 1430 478 ipse
1467 425 1591 468 dixit:
1637 427 1815 468 Beatius
1853 433 1920 469 est

1090 483 1228 533 magis
1265 482 1390 532 dare,
1435 495 1566 535 quam
1603 485 1814 536 accipere.
1864 485 1921 526 Et

1090 552 1189 580 cum
1208 539 1303 580 haec
1323 539 1520 588 dixisset,
1556 540 1713 592 positis
1736 540 1920 590 genibus

1090 596 1179 637 suis
1200 596 1344 637 oravit
1363 609 1463 637 cum
1484 595 1686 637 Omnibus
1704 596 1800 638 illis.
1831 597 1919 638 Ma-

1089 665 1200 703 gnus
1220 658 1365 694 autem
1387 653 1516 694 fletus
1538 652 1680 695 factus
1700 658 1767 695 est
1786 654 1919 695 omni-

1090 722 1177 750 um:
1197 714 1241 751 et
1255 709 1596 762 procumbentes
1612 722 1745 762 super
1760 710 1919 752 collum

1088 766 1222 816 Pauli,
1250 766 1564 808 osculabantur
1584 779 1695 815 eum,
1719 766 1920 809 dolentes

1089 823 1276 864 maxime
1308 824 1352 863 in
1385 822 1542 871 verbo,
1586 823 1705 875 quod
1739 822 1920 873 dixerat,

1091 880 1295 931 queniam
1320 880 1510 932 amplius
1535 880 1690 921 faciem
1717 880 1807 931 ejus
1831 892 1919 922 non

1089 942 1235 978 essent
1259 937 1404 978 visuri.
1438 937 1494 978 Et
1519 936 1797 978 deducebant
1820 949 1919 979 eum

1089 993 1144 1034 ad
1164 1006 1330 1035 navem.

1143 1063 1190 1113 R.
1217 1060 1307 1100 Iste
1329 1058 1537 1109 cognovit
1556 1058 1776 1109 justitiam,
1797 1062 1841 1099 et
1861 1057 1919 1099 vi-

1089 1115 1153 1157 dit
1183 1115 1399 1157 mirabilia
1430 1128 1604 1165 magna,
1643 1120 1687 1156 et
1720 1114 1920 1156 exoravit

1091 1173 1378 1214 Altissimum:
1405 1177 1426 1199 *
1456 1173 1513 1213 Et
1544 1172 1745 1213 inventus
1776 1177 1844 1213 est
1874 1172 1918 1212 in

1088 1233 1271 1271 numero
1291 1231 1555 1271 sanctorum.
1583 1226 1631 1277 Υ’.
1652 1228 1748 1270 Iste
1763 1233 1831 1270 est
1846 1228 1919 1280 qui

1087 1287 1351 1339 contempsit
1379 1287 1513 1327 vitam
1544 1284 1710 1334 mundi,
1749 1289 1793 1326 et
1823 1297 1919 1338 per-

1087 1344 1206 1384 venit
1225 1343 1281 1384 ad
1296 1342 1495 1384 coelestia
1514 1355 1658 1394 regna.
1678 1342 1744 1383 Et.
1767 1341 1919 1383 Gloria

1086 1400 1216 1441 Patri.
1245 1401 1312 1442 Et.

1314 1473 1362 1512 In
1391 1472 1439 1513 Π.
1468 1473 1693 1513 Nocturno.

1143 1544 1242 1584 Ant.
1259 1541 1355 1581 Filii
1369 1540 1594 1583 hominum
1605 1541 1629 1567 *
1640 1541 1800 1583 scitote
1817 1542 1919 1594 quia

1085 1596 1180 1637 Dfis
1201 1603 1402 1639 sanctum
1422 1611 1549 1639 suum
1569 1597 1830 1640 mirificavit.

1375 1670 1574 1711 Psalmus
1594 1672 1631 1710 4.

1139 1733 1169 1774 ῑ
1203 1741 1276 1769 um
1308 1729 1561 1771 invocarem
1592 1729 1816 1771 exaudivit
1847 1742 1918 1771 me

1090 1821 1091 1824 ,
1124 1825 1187 1843 V
1219 1786 1341 1827 Deus
1365 1787 1542 1838 justitiae
1567 1799 1695 1831 meae:
1723 1788 1747 1813 *
1774 1787 1819 1828 in
1845 1787 1917 1829 tri-

1092 1834 1189 1865 &2:12
1220 1842 1443 1885 bulatione
1463 1843 1656 1887 dilatasti
1676 1845 1792 1886 mihi.

1136 1899 1345 1942 Miserere
1364 1901 1460 1951 mei,
1475 1902 1499 1927 *
1519 1907 1563 1944 et
1583 1901 1742 1945 exaudi
1757 1902 1917 1944 oratio-

1084 1969 1185 1998 nem
1204 1969 1358 1998 meam.

1137 2013 1234 2054 Filii
1267 2013 1495 2056 hominum
1526 2019 1758 2068 usquequo
1795 2016 1917 2066 gravi

1085 2069 1242 2113 corde?
1271 2071 1295 2096 *
1323 2075 1371 2112 ut
1403 2071 1510 2123 quid
1543 2072 1720 2123 diligitis
1753 2071 1916 2113 vanita-

1084 2133 1184 2176 tem,
1213 2132 1257 2169 et
1278 2129 1473 2179 quaeritis
1492 2127 1793 2171 mendacium?

1135 2184 1192 2226 Et
1229 2184 1386 2226 scitote
1423 2185 1630 2236 quoniam
1668 2185 1917 2227 mirificavit

1083 2241 1299 2282 Dominus
1323 2247 1523 2283 sanctum
1546 2255 1689 2283 suum:
1715 2242 1738 2267 *
1765 2241 1915 2283 Demi-

1083 2310 1165 2339 nus
1198 2297 1406 2339 exaudiet
1437 2311 1508 2340 me
1536 2311 1636 2340 eum
1664 2297 1913 2340 clamavero

1084 2353 1141 2396 ad
1160 2366 1271 2396 eum.

1135 2411 1394 2461 Irascimini,
1428 2416 1471 2453 et
1498 2412 1634 2454 nolite
1661 2413 1863 2464 peecare:
1891 2414 1915 2439 *

1085 2481 1184 2521 quae
1208 2467 1352 2510 dicitis
1376 2468 1418 2508 in
1444 2468 1652 2510 cordibus
1675 2469 1844 2518 vestris
1871 2469 1915 2510 in

1083 2524 1299 2566 cubilibus
1318 2524 1478 2566 vestris
1501 2525 1854 2577 compungimini.

1135 2581 1387 2624 Sacrificate
1426 2582 1689 2623 sacrificium
1726 2581 1914 2634 justitiae,

1085 2643 1128 2680 et
1155 2640 1332 2691 sperate
1359 2638 1402 2678 in
1430 2638 1632 2679 D6min0.
1652 2640 1675 2663 *
1699 2639 1826 2680 Multi
1854 2637 1914 2681 di-

1083 2700 1200 2736 cunt:
1229 2695 1336 2745 Quis
1354 2694 1548 2736 ostendit
1567 2695 1695 2737 nobis
1715 2693 1855 2737 bona?

1134 2752 1360 2804 Signatum
1389 2757 1457 2794 est
1488 2764 1621 2805 super
1653 2764 1735 2794 nos
1766 2751 1913 2794 lumen
