2040 2990
381 297 430 335 In
448 297 499 336 ΙΙ.
518 297 739 338 Nocturno.

226 356 381 396 Sermo
405 356 544 398 sancti
567 356 727 398 Leonis
751 357 897 410 Papae.

311 417 427 453 Serm.
452 421 481 454 4.
507 420 554 455 de
579 421 808 464 Epiphania.

449 472 599 514 Lectio
620 474 672 513 iv.

157 533 185 571 ,f
220 539 252 574 ε
264 529 409 565 ustum
429 529 473 566 et
492 525 762 575 rationabile,
785 526 972 569 dilectis-

156 576 191 636 ηυξ
223 574 257 629 23
281 581 389 632 simi,
400 594 516 623 verae
527 582 703 634 pietatis
715 581 973 635 obsequium

159 656 174 657 ’
215 632 257 658 ³2³¹
281 643 364 687 est,
393 638 436 678 in
456 637 628 688 diebus,
654 639 727 691 qui
751 638 908 681 divinae
929 643 971 681 o·

149 706 256 745 pera
300 694 614 736 misericordiae
654 698 972 748 protestantur,

149 754 245 791 toto
272 749 405 792 corde
430 750 637 803 gaudere,
667 756 709 793 et
733 751 971 795 honorifice

150 818 216 855 ea,
237 820 334 859 quae
355 806 411 848 ad
430 806 616 849 salutem
634 813 829 850 nostram
848 814 972 860 gesta

148 867 259 912 sunt,
296 862 534 914 celebrare,
579 867 763 906 vocante
798 878 878 907 nos
915 866 971 907 ad

147 917 259 960 hanc
299 919 581 962 devotionem
620 921 716 974 ipsa
750 923 970 963 recurren-

146 974 256 1016 tium
283 978 531 1029 temporum
557 977 669 1028 lege,
710 990 809 1030 quae
843 978 970 1020 nobis

146 1036 250 1083 post
270 1031 396 1083 diem,
415 1033 460 1074 in
480 1046 567 1085 quo
589 1035 834 1075 coaeternus
849 1035 970 1077 Patri

146 1087 281 1129 Filius
310 1089 395 1131 Dei
429 1094 557 1132 natus
594 1103 649 1132 ex
680 1091 860 1142 Virgine
893 1098 969 1143 est,

146 1142 270 1186 brevi
294 1145 525 1187 intervallo
544 1146 802 1200 Epiphaniae
826 1149 970 1190 intulit

146 1200 319 1253 festum,
374 1215 428 1244 ex
473 1203 747 1256 apparitione
790 1204 969 1246 Domini

145 1260 458 1301 consecratum.

197 1314 248 1366 R.
280 1314 545 1366 Illuminare,
576 1316 819 1359 illuminare
847 1318 872 1358 J
876 1321 967 1359 eru-

144 1369 290 1421 salem,
311 1372 411 1424 quia
430 1373 548 1415 venit
565 1373 640 1414 lux
658 1378 747 1415 tua:
762 1373 785 1397 ²*
802 1375 859 1415 Et
877 1375 966 1425 glo-

144 1427 209 1468 ria
221 1427 400 1469 Domini
420 1442 551 1482 super
565 1434 610 1471 te
625 1435 723 1471 orta
738 1435 814 1472 est.
841 1422 893 1474 V.
911 1431 967 1472 Et

143 1483 428 1526 ambulabunt
448 1485 613 1528 Gentes
636 1486 680 1527 in
699 1486 860 1528 lumine
878 1492 966 1537 tuo,

144 1544 188 1636 e}
204 1553 331 1591 reges
350 1541 393 1582 in
411 1541 646 1594 splendore
667 1547 790 1585 ortus
809 1543 882 1585 tui.
910 1544 967 1585 Et

141 1609 170 1647 g
188 1597 290 1638 oria.

452 1648 603 1690 Lectio
623 1664 660 1690 v.

144 1698 215 1804 In
234 1718 321 1758 quo
340 1706 444 1748 fidei
459 1712 621 1749 nostrae
637 1720 842 1759 magnum
856 1723 964 1762 prae-

203 1762 361 1804 sidium
390 1763 665 1816 providentia
694 1763 838 1806 divina
866 1779 964 1808 con-

141 1818 296 1860 stituit:
318 1823 380 1868 ut,
401 1818 505 1860 dum
524 1819 707 1861 solemni
725 1823 964 1864 veneratio-

141 1887 195 1916 ne
230 1875 439 1916 recolitur
477 1875 660 1918 adorata
690 1877 734 1917 in
772 1877 963 1919 exordiis

141 1931 230 1971 suis
257 1931 496 1973 Salvatoris
528 1932 724 1982 infantia,
757 1946 837 1985 per
867 1934 964 1986 ipsa

140 1987 366 2038 originalia
405 1987 666 2031 documenta
704 1989 963 2042 probaretur

140 2044 231 2084 veri
263 2043 451 2086 hominis
481 2044 525 2086 in
558 2045 730 2087 Christo
763 2051 860 2088 orta
890 2059 962 2088 na-

139 2102 248 2141 tura.
276 2101 375 2142 Hoc
394 2101 508 2143 enim
528 2106 604 2151 est,
624 2101 743 2153 quod
758 2103 962 2154 justificat

140 2156 315 2208 impios:
338 2157 423 2199 hoc
442 2163 524 2207 est,
551 2158 671 2210 quod
691 2171 744 2200 ex
761 2162 961 2211 peccato-

139 2211 260 2253 ribus
287 2213 391 2255 facit
417 2218 608 2264 sanctos,
642 2215 678 2255 si
705 2215 748 2255 in
776 2228 862 2257 uno
892 2228 961 2257 eo-

140 2267 326 2321 demque
344 2270 533 2312 Domino
552 2276 704 2313 nostro
721 2272 746 2313 J
749 2285 826 2313 esu
844 2272 961 2314 Chri-

139 2329 208 2366 sto
234 2330 277 2366 et
296 2339 399 2367 vera
417 2327 586 2376 Deitas,
616 2333 660 2369 et
684 2341 787 2369 vera
812 2328 960 2370 creda-

138 2384 208 2421 tur
242 2381 504 2425 humanitas:
539 2384 706 2434 Deitas,
745 2397 829 2436 qua
861 2390 960 2426 ante

139 2549 326 2591 vissimis
346 2550 498 2593 diebus
516 2553 560 2593 in
579 2553 719 2594 forma
738 2553 852 2594 servi
871 2554 959 2593 uni-

139 2609 209 2646 tus
230 2610 296 2647 est
313 2606 488 2648 homini.

598 201 798 236 Dominica
826 203 922 238 infra
947 204 1131 239 Octavam
1156 206 1394 249 Epiphaniae.

140 2438 284 2479 omnia
310 2439 471 2480 saecula
493 2440 537 2480 in
556 2440 695 2482 forma
716 2440 799 2482 Dei
818 2443 960 2492 aequa-
1022 2446 1078 2499 014
1101 2446 1150 2496 ¹515„

140 2492 193 2533 lis
223 2498 289 2535 est
315 2495 450 2536 Patri:
482 2495 744 2546 humanitas,
774 2509 858 2548 qua
886 2509 959 2537 no·
1020 2491 1033 2511 '
1057 2497 1100 2557 25}
1139 2503 1145 2524 ²

1026 296 1216 339 Domino
1249 301 1562 353 annuntiantes,
1594 305 1614 328 *
1651 304 1846 356 Alleluia,

1026 353 1212 405 alleluja,
1241 355 1420 408 alleluja.
1463 355 1511 405 V.
1541 360 1683 410 Reges
1712 361 1846 402 Thar-

1027 409 1086 450 sis
1113 415 1156 452 et
1178 412 1330 453 insulae
1354 416 1531 455 munera
1557 416 1755 466 offerent,
1783 431 1845 459 re-

1027 479 1103 517 ges
1130 468 1327 510 Arabum
1360 474 1403 511 et
1429 470 1543 512 Saba
1571 472 1684 514 dona
1711 474 1845 515 addu-

1025 528 1134 564 cent.
1161 524 1358 577 Allehija,
1378 526 1558 578 allehiJa,
1577 529 1755 582 alleluja.

1327 598 1476 639 Lectio
1498 598 1548 638 vi.

1093 654 1122 695 d
1141 655 1438 698 roborandum
1457 670 1561 709 ergo
1577 659 1688 701 hanc
1702 661 1844 711 fidem,

1129 723 1227 763 quae
1251 718 1403 755 contra
1428 727 1578 756 omnes
1598 719 1844 768 pronuntia-

1023 766 1153 808 batur
1183 771 1371 820 errores,
1408 783 1461 812 ex
1493 784 1648 823 magna
1675 779 1845 824 gestum

1024 828 1090 865 est
1116 824 1249 866 divini
1272 826 1437 878 pietate
1461 828 1643 880 consilii,
1671 835 1718 871 ut
1740 843 1844 882 gens

1022 880 1067 920 in
1094 880 1329 934 longinqua
1354 883 1586 925 Orientalis
1611 886 1753 938 plagae
1782 900 1843 928 re-

1022 937 1150 988 gione
1176 941 1436 990 consistens,
1463 953 1561 992 quae
1586 943 1843 994 spectando-

1022 1005 1118 1034 rum
1136 994 1327 1036 siderum
1343 1001 1437 1038 arte
1451 997 1654 1049 pollebat,
1675 999 1843 1050 signum

1022 1050 1112 1090 nati
1129 1051 1264 1102 pueri,
1286 1052 1359 1104 qui
1374 1065 1506 1106 supra
1522 1066 1693 1096 omnem
1708 1056 1842 1097 Israel

1023 1111 1139 1148 esset
1157 1112 1430 1159 regnaturus,
1456 1113 1684 1163 acciperet.
1716 1113 1843 1154 Nova

1022 1163 1181 1204 etenim
1200 1164 1375 1206 claritas
1395 1166 1512 1218 apud
1531 1167 1683 1219 Magos
1703 1169 1841 1210 stellae

1020 1218 1266 1261 illustrioris
1287 1223 1501 1274 apparuit,
1521 1227 1565 1264 et
1583 1224 1841 1266 intuentium

1022 1276 1188 1317 animos
1215 1277 1275 1318 ita
1300 1278 1586 1321 admiratione
1610 1281 1677 1321 sui
1701 1281 1840 1334 splen-

1021 1332 1140 1373 doris
1160 1333 1369 1386 implevit,
1392 1340 1440 1376 ut
1463 1339 1738 1389 nequaquam
1758 1338 1840 1379 sibi

1020 1388 1249 1431 crederent
1258 1391 1575 1442 negligendum,
1590 1393 1708 1444 quod
1718 1399 1839 1436 tanto

1019 1445 1298 1488 nuntiabatur
1316 1447 1488 1490 indicio.

1074 1502 1125 1553 R.
1146 1503 1263 1554 Magi
1281 1504 1468 1546 veniunt.
1486 1506 1580 1546 255.

1244 1591 1293 1629 In
1311 1590 1380 1628 111.
1400 1589 1620 1628 Nocturno.

1021 1657 1173 1700 Lectio
1197 1659 1335 1701 saneti
1354 1660 1578 1712 Evangelii
1602 1662 1839 1704 secandum

1344 1716 1518 1758 Lucam.

1126 1783 1277 1825 Lectio
1299 1785 1364 1824 vii.
1548 1785 1647 1834 Cap.
1662 1784 1697 1822 2.
1715 1782 1739 1821 f.

1091 1863 1163 1890 um
1182 1849 1322 1891 factus
1342 1855 1458 1892 esset
1476 1851 1501 1891 J
1503 1864 1603 1892 esus
1626 1851 1837 1891 annorum

1117 1905 1364 1956 duedecim,
1391 1906 1726 1948 ascendentibus
1753 1906 1835 1947 illis

1015 1961 1040 2001 J
1043 1961 1333 2013 erosolymam
1353 1962 1592 2005 secundum
1609 1965 1835 2004 consuetu-

1016 2017 1161 2058 dinem
1189 2017 1275 2060 diei
1297 2018 1411 2068 festi,
1439 2021 1836 2071 consummatisque

1016 2073 1186 2123 diebus,
1232 2087 1329 2116 cum
1376 2075 1584 2126 redirent,
1628 2076 1836 2117 remansit

1014 2143 1123 2182 puer
1153 2131 1279 2172 Jesus
1311 2131 1355 2172 in
1386 2131 1639 2174 Jerusalem.
1684 2132 1740 2173 Et
1771 2133 1834 2172 re-

1014 2186 1141 2238 liqua.

1124 2263 1311 2306 Homilia
1339 2265 1478 2306 saneti
1505 2265 1727 2307 Ambrosii

1314 2321 1535 2374 Episcopi.

1086 2382 1167 2417 Lib.
1191 2384 1221 2418 2.
1249 2385 1286 2417 in
1311 2395 1391 2428 cap.
1416 2386 1445 2419 2.
1472 2386 1596 2425 Lucae,
1622 2386 1658 2419 in
1683 2387 1765 2420 tine.

1198 2440 1459 2484 duodecimo
1491 2455 1621 2492 anno,
1655 2447 1702 2483 ut
1733 2443 1832 2493 legi-

1115 2544 1116 2548 ,
1200 2511 1310 2547 mus,
1363 2499 1605 2540 Dominicae
1650 2499 1832 2552 sumitur

1058 2550 1066 2576 2
1086 2551 1126 2577 ὧν
1202 2554 1509 2606 disputationis
1595 2554 1830 2596 exordium.

1012 2609 1096 2650 Hic
1124 2610 1237 2651 enim
1264 2610 1557 2663 praedicandae
1581 2610 1683 2652 fidei
1706 2622 1829 2651 evan-

195 2660 414 2711 R1.Omnes
442 2663 497 2705 de
524 2664 638 2706 Saba
665 2666 856 2714 venient,
889 2677 958 2705 au·
997 2665 1290 2716 ,gelizantium
1335 2670 1539 2708 namerus
1578 2665 1828 2708 debebatur.

139 2730 235 2758 rum
253 2722 296 2759 et
313 2717 414 2759 thus
434 2718 693 2770 deferentes,
720 2726 763 2762 et
787 2720 959 2762 laudem
986 2703 1105 2769 {Nec
1137 2722 1278 2763 otiose
1309 2724 1536 2781 immemor
1563 2724 1739 2763 suorum
1766 2733 1828 2761 se-
