2040 2990
199 223 265 258 364
666 226 733 259 lm-
758 228 814 258 ἱίι).
845 226 937 258 Nox:
986 228 1019 259 S.
1048 227 1211 259 Andreae
1236 228 1424 269 Apostoli.

200 323 304 367 trus,
323 322 366 359 et
380 317 601 360 Andream
615 318 795 358 fratrem
810 318 909 368 ejus,
926 317 1019 359 mit-

201 375 342 416 tentes
361 379 453 416 rete
472 375 516 415 in
534 387 664 415 mare.
691 374 748 415 Et
767 374 945 426 reliqua.

247 438 435 483 Homilia
455 440 594 482 sancti
616 439 819 490 Gregorii
838 439 982 491 Papae.

357 501 520 534 llomiliu
538 501 567 533 Γ).
591 501 625 533 ιιι
646 500 863 539 Evangelia.

210 559 243 584 cz.
286 557 332 593 ἧς
350 544 526 594 udistis,
584 544 742 585 fratres
801 542 1020 591 carissimi,

212 596 214 605 ’
237 601 281 656 ,⁵4
366 601 466 652 quia
493 576 549 642 a’d
572 603 698 642 unius
722 599 922 651 jussionis
947 611 1019 640 vo-

210 651 307 681 *ss
365 669 459 698 cem
483 657 640 699 Petrus
664 662 707 698 et
733 655 932 697 Andreas
958 668 1020 696 re-

201 713 316 754 lictis
344 713 510 755 retibus
543 714 682 755 secnti
710 718 808 754 sunt
836 712 1020 754 Redem-

200 771 383 822 ptorem.
434 770 565 811 Nulla
596 782 701 811 vero
734 769 847 810 hunc
878 769 1021 810 facere

202 825 345 867 adhuc
369 827 578 868 miracula
596 825 810 875 viderant3
838 825 943 866 nihil
967 825 1020 867 ab

203 894 256 924 eo
286 881 340 924 de
366 883 547 935 praemio
575 885 751 924 aeternae
775 881 1021 924 retributio-

202 938 269 978 nis
296 938 534 980 audierant:
563 944 606 980 et
634 944 778 980 tamen
807 938 863 979 ad
890 951 1023 979 unum

202 994 378 1035 Domini
426 997 712 1048 praeceptum,
766 995 849 1036 hoc
904 994 1022 1047 quod

204 1051 431 1103 possidere
459 1051 733 1101 videbantur,
763 1051 886 1093 obliti
914 1056 1022 1092 sunt.

203 1107 375 1157 Quanta
413 1121 492 1149 nos
534 1109 623 1159 ejus
665 1108 873 1149 miracula
907 1107 1022 1149 vide—

203 1177 309 1213 mus,
326 1170 432 1216 quot
443 1165 624 1216 flagellis
636 1165 877 1215 affligimur,
894 1177 1022 1216 quan-

203 1220 258 1261 tis
279 1221 492 1262 minarum
512 1221 820 1274 asperitatibus
836 1220 1023 1263 deterre-

203 1292 308 1327 mur,
324 1283 367 1320 et
381 1283 527 1320 tamen
540 1280 771 1321 vocantem
786 1279 910 1331 sequi
924 1291 1022 1320 con-

203 1334 455 1377 temnimus?

256 1392 303 1441 R*-
324 1391 475 1433 Oravit
495 1397 671 1433 sanctus
691 1392 901 1441 Andreas,
921 1392 1024 1434 dum

204 1450 443 1500 respiceret
468 1448 511 1489 in
536 1448 712 1497 coelum,
742 1454 784 1490 et
803 1461 912 1490 voce
936 1462 1023 1490 ma-

203 1513 287 1550 gna
306 1500 510 1542 clamavit
534 1506 577 1542 et
597 1501 720 1542 dixit:
744 1501 812 1542 Tu
838 1514 884 1542 es
902 1501 1023 1543 Deus

203 1569 342 1606 meus,
376 1569 504 1608 quem
530 1557 635 1598 vidi:
667 1570 721 1599 ne
750 1570 819 1598 me
843 1558 1023 1610 patiaris

204 1611 258 1653 ab
278 1612 411 1665 impio
431 1612 572 1663 jndice
590 1612 767 1665 deponi:
781 1619 802 1639 *
819 1614 929 1664 Quia
943 1614 1023 1655 vir-

202 1672 341 1710 tutem
362 1674 523 1710 sanctae
543 1670 684 1710 crucis
704 1670 871 1721 agnovi.
892 1669 939 1719 Y.
956 1670 1023 1711 Tu

204 1737 250 1766 es
275 1727 482 1776 magister
506 1738 628 1766 meus
655 1725 868 1776 Christus,
894 1739 1023 1778 quem

204 1780 351 1830 dilexi,
383 1794 511 1833 quem
539 1782 741 1833 cognovi,
770 1795 899 1834 quem
925 1795 1023 1824 con-

204 1837 344 1878 fessus
377 1851 487 1879 sum:
524 1838 829 1880 tantummodo
866 1839 909 1880 in
940 1839 1025 1880 ista

203 1906 312 1935 voce
332 1894 490 1936 exaudi
507 1908 587 1937 me.
616 1895 736 1945 Quia.

488 1954 637 1994 Lectio
661 1955 739 1993 viii.

207 2003 277 2107 In
297 2006 409 2048 coelo
429 2007 512 2058 jam
530 2007 664 2057 sedet,
689 2007 831 2060 quide
847 2021 1023 2050 conver-

263 2062 385 2104 sione
408 2075 488 2104 nos
512 2063 731 2106 admonet:
757 2066 839 2117 jam
859 2066 958 2117 jugo
978 2066 1024 2107 fi-

205 2117 276 2160 dei
314 2118 426 2159 colla
455 2120 659 2161 Gentium
691 2121 901 2172 subdidit,
941 2123 1025 2174 jam

204 2174 356 2216 mundi
374 2175 559 2226 gloriam
584 2178 753 2227 stravit,
781 2179 865 2228 iam
888 2179 1024 2220 ruinis

205 2231 295 2282 ejus
324 2231 717 2283 crebrescentibus,
747 2233 931 2276 districti
959 2237 1025 2277 sui

205 2287 348 2339 judicii
391 2287 505 2329 diem
546 2290 912 2342 propinquantem
953 2292 1023 2335 de-

204 2343 388 2384 nuntiat.
429 2350 471 2385 et
502 2350 647 2387 tamen
680 2347 869 2399 superba
901 2361 1022 2390 mens

205 2404 355 2441 nostra
373 2399 515 2441 adhuc
538 2414 624 2442 non
644 2402 737 2443 vult
760 2402 844 2444 hoc
865 2411 1022 2456 sponte

206 2455 424 2506 deserere,
450 2457 568 2508 quod
590 2458 783 2509 quotidie
802 2461 975 2512 perdit
964 2476 1023 2503 1n-

205 2513 305 2552 vita.
342 2488 457 2562 Quid
475 2525 595 2563 ergo,
621 2513 776 2555 fratres
802 2518 1023 2568 carissimi,

207 2567 341 2620 quid
330 2581 373 2608 1n
395 2569 485 2620 ejus
504 2568 662 2620 judicio
687 2570 844 2612 dicturi
865 2585 1023 2623 sumus,

207 2623 279 2676 qui
298 2623 353 2665 ab
373 2627 520 2666 amore
539 2627 766 2677 praesentis
781 2629 928 2670 saeculi
943 2643 1023 2672 nec

139 2693 142 2697 ’
204 2681 439 2733 praeceptis
468 2681 695 2733 flectimur,
729 2696 808 2725 nec
837 2685 1022 2727 verberi-

204 2736 287 2778 bus
307 2736 607 2778 emendamur?

1128 322 1174 362 R.
1205 315 1373 358 Videns
1399 328 1572 358 crucem
1595 315 1795 358 Andreas
1820 328 1890 358 ex·

1073 373 1290 423 clamavit,
1318 372 1482 414 dicens:
1514 373 1551 414 Ο
1578 385 1685 414 crux
1709 372 1891 414 admira-

1072 428 1186 478 bilis,
1212 442 1238 470 ο
1263 442 1369 471 crux
1393 428 1707 480 desiderabilis,
1734 442 1760 471 o
1784 441 1891 470 crux

1074 498 1172 537 quae
1206 498 1285 538 per
1316 490 1459 527 totum
1486 485 1694 527 mundum
1721 485 1892 527 riitilas:

1075 550 1095 571 *
1122 542 1304 595 Suscipe
1339 541 1600 595 discipulum
1629 541 1807 592 Christi,
1840 554 1891 583 ac

1073 611 1152 663 pter
1170 603 1214 640 te
1232 612 1301 640 me
1320 599 1516 651 recipiat,
1544 599 1617 651 qui
1640 611 1719 652 per
1737 603 1782 641 te
1802 601 1890 640 mo·

1074 655 1189 697 riens
1208 669 1278 697 me
1297 655 1493 697 redemit.
1512 655 1558 707 V.
1583 655 1620 697 O
1640 655 1757 697 bona
1775 668 1892 705 crux,

1076 725 1174 764 quae
1211 712 1415 754 decerem
1448 717 1491 754 et
1525 711 1893 765 pulchritudinem

1075 768 1130 810 de
1178 769 1383 811 membris
1429 769 1605 811 Domini
1654 769 1894 822 suscepisti.

1075 826 1268 879 Suscipe.
1299 826 1446 868 Gloria
1463 826 1593 868 Patri.
1620 825 1812 878 Sfiscipe.

1376 893 1523 932 Lectio
1546 893 1597 931 ix.

1075 951 1202 1057 Sed
1231 952 1417 994 fortasse
1450 953 1605 1005 aliquis
1637 953 1780 995 tacitis
1812 952 1895 994 sibi

1158 1009 1495 1061 cogitationibus
1510 1009 1640 1051 dicat:
1655 1009 1727 1051 Ad
1741 1022 1895 1051 vocem

1076 1066 1350 1107 Dominicam
1376 1068 1558 1118 uterque
1590 1067 1673 1108 iste
1700 1067 1895 1120 piscator

1077 1121 1192 1175 quid,
1214 1127 1289 1164 aut
1310 1126 1518 1174 quantum
1538 1122 1711 1172 dimisit,
1731 1123 1805 1175 qui
1822 1135 1895 1175 pe-

1075 1191 1129 1220 ne
1147 1178 1253 1219 nihil
1272 1178 1443 1220 habuit?
1468 1178 1555 1220 Sed
1572 1179 1655 1221 hac
1674 1180 1718 1220 in
1737 1192 1795 1229 re,
1814 1179 1894 1220 fra-

1074 1241 1164 1277 tres
1192 1235 1418 1284 carissimi,
1450 1235 1653 1277 affectum
1686 1235 1895 1278 debemus

1075 1291 1221 1344 potius
1235 1294 1433 1343 pensare,
1449 1305 1579 1344 quam
1590 1305 1778 1334 censum.
1796 1291 1897 1333 Mul-

1075 1353 1168 1389 tum
1187 1348 1372 1400 reliquit,
1394 1349 1467 1401 qui
1486 1348 1568 1390 sibi
1585 1348 1691 1390 nihil
1705 1348 1895 1391 retinuit:

1075 1404 1257 1447 multum
1276 1405 1466 1457 reliquit,
1486 1406 1560 1457 qui
1580 1405 1897 1458 quantamlibet

1075 1474 1240 1515 parum,
1259 1466 1401 1503 totum
1423 1461 1626 1503 deseruit.
1662 1461 1790 1504 Certe
1813 1474 1895 1503 nos

1076 1523 1119 1559 et
1142 1517 1291 1559 habita
1315 1531 1414 1559 cum
1438 1521 1586 1560 amore
1610 1517 1895 1571 possidemus,

1076 1579 1119 1616 et
1147 1587 1212 1623 ea,
1246 1588 1344 1627 quae
1376 1575 1551 1616 minime
1585 1574 1812 1624 habemus,
1842 1587 1896 1616 ex

1076 1630 1293 1672 desiderio
1315 1631 1559 1683 quaerimus.
1586 1631 1771 1673 Multum
1790 1643 1895 1683 ergo

1074 1687 1229 1729 Petrus
1249 1692 1292 1728 et
1309 1687 1509 1729 Andreas
1527 1686 1699 1737 dimisit,
1720 1687 1895 1740 quando

1075 1745 1258 1796 uterque
1289 1744 1420 1785 etiam
1458 1743 1675 1786 desideria
1706 1743 1895 1786 habendi

1077 1800 1316 1852 dereliquit.
1376 1805 1434 1843 Te
1452 1801 1604 1842 Deum.
1630 1802 1690 1842 14.

1335 1881 1414 1923 Ad
1439 1881 1635 1923 Laudes

1280 1951 1329 1978 ct
1368 1956 1463 1987 per
1502 1945 1693 1978 Horas.

1130 2003 1162 2040 Α
1172 2008 1224 2041 nt.
1256 2003 1281 2039 1.
1328 1999 1454 2041 Salve
1491 2012 1598 2042 crux
1632 2001 1840 2054 pretiosa,
1871 2002 1895 2027 *

1077 2057 1250 2109 suscipe
1283 2057 1542 2110 discipulum
1575 2059 1686 2110 ejus,
1718 2058 1791 2111 qui
1823 2071 1895 2112 pe-

1076 2113 1227 2166 pendit
1254 2114 1298 2155 in
1324 2118 1368 2155 te
1395 2117 1600 2166 magister
1626 2127 1749 2156 meus
1778 2114 1895 2156 Chri-

1076 2175 1180 2211 stus.

1130 2229 1193 2267 Ps.
1218 2226 1424 2267 Dominus
1446 2227 1654 2279 regnavit.
1674 2228 1732 2268 15.

1128 2290 1162 2328 2.
1196 2288 1351 2327 Beatus
1375 2287 1574 2329 Andreas
1593 2288 1616 2313 *
1641 2287 1810 2338 orabat,
1835 2288 1895 2330 di-

1076 2354 1192 2383 cens:
1216 2342 1402 2384 Domine
1422 2343 1518 2384 Rex
1536 2345 1712 2385 aeternae
1731 2344 1894 2394 gloriae,

1076 2397 1248 2451 soseipe
1267 2411 1335 2440 me
1352 2399 1614 2451 pendentem
1629 2400 1673 2440 in
1686 2400 1894 2452 patibulo.

1128 2462 1163 2498 3.
1187 2458 1379 2500 Andreas
1395 2459 1555 2501 Christi
1574 2460 1770 2511 famulus,
1791 2462 1814 2487 *
1834 2460 1894 2503 di-

1075 2527 1182 2566 gnus
1198 2515 1281 2556 Dei
1296 2515 1549 2567 Apostolus,
1567 2519 1798 2568 germanus
1816 2518 1894 2560 Pe-

1076 2571 1142 2620 tri,
1163 2576 1205 2612 et
1222 2571 1265 2612 in
1284 2572 1488 2623 passione
1508 2573 1664 2614 socius.

1128 2634 1163 2671 4.
1195 2631 1427 2672 Maximilla
1451 2632 1623 2675 Christo
1648 2633 1847 2675 amabilis
1869 2634 1893 2660 *

1074 2688 1173 2729 tulit
1191 2700 1350 2739 corpus
1369 2689 1584 2740 Apostoli,
1608 2690 1774 2742 optimo
1794 2689 1892 2732 loco

1075 2756 1173 2787 cum
1191 2744 1455 2787 aromatibus
1478 2745 1687 2799 sepelivit.

2036 2212 2040 2218 .
2036 2174 2040 2178 .
2033 2105 2040 2138 -
2031 1555 2040 2079 -.—.————.——.-—----
2036 1494 2040 1516 -
