2040 2990
192 222 258 257 354

194 321 302 371 Quae
326 319 490 372 pariter
510 332 667 362 vocem
690 319 851 360 inimici
874 331 1020 371 perse-

195 377 367 429 quentis
413 377 609 430 expauit,
651 376 695 417 in
736 375 1020 428 sequentibus

192 433 355 474 Psalmi
388 433 635 485 subjiciens:
669 433 792 474 Dixit
829 432 942 474 enim
976 432 1021 472 in

193 490 327 532 eorde
347 503 443 540 suo,
464 490 638 532 Oblitus
658 496 726 533 est
743 491 881 538 Deus,
900 490 1020 530 aver-

192 548 246 588 tit
269 547 426 589 faciem
455 560 595 597 suam,
626 560 681 589 ne
706 547 853 589 videat
880 558 1020 598 usque

193 605 237 645 in
256 604 398 646 finem.

242 668 291 718 R..
321 661 482 703 Factus
502 666 578 703 est.
598 662 699 702 350.

491 743 644 783 Lectio
668 743 719 782 iii.

283 814 407 843 erum
429 801 501 843 ille
525 814 613 842 non
636 800 907 843 obliviscitur
927 813 1020 842 ora-

281 858 447 900 tienem
463 861 724 911 pauperum,
743 871 886 911 neque
901 860 1019 900 aver-

192 915 244 956 tit
272 914 429 957 faciem
457 928 580 957 suam
615 927 640 956 a
669 914 949 968 sperantibus
977 915 1021 956 in

192 984 256 1013 se:
290 972 394 1023 quin
425 972 573 1025 petius
602 977 646 1013 et
674 973 892 1014 certantes
921 984 1021 1013 cum

192 1028 411 1078 hostibus,
442 1034 491 1070 ut
522 1029 713 1079 vincant,
752 1028 944 1080 adjuvat,
977 1033 1021 1070 et

191 1085 382 1126 victores
405 1085 449 1126 in
470 1087 682 1127 aeternum
707 1087 901 1127 coronat.
934 1085 1020 1127 Un-

192 1141 247 1184 de
266 1142 337 1183 hic
357 1155 534 1195 quoque
553 1144 704 1195 aperte
725 1142 898 1193 dicitur,
919 1143 1021 1195 quia

191 1198 300 1240 vidit
321 1211 396 1241 eos
417 1199 669 1242 laborantes
688 1200 731 1241 in
753 1200 1021 1252 remigando.

192 1255 328 1298 Videt
349 1256 513 1309 quippe
532 1256 748 1298 Deminus
767 1257 1021 1300 laborantes

191 1313 234 1353 in
259 1313 385 1362 mari,
418 1314 617 1365 quamvis
648 1314 744 1367 ipse
775 1315 945 1367 positus
977 1315 1021 1356 in

191 1374 323 1411 terra:
353 1370 453 1423 quia
482 1371 563 1412 etsi
587 1370 645 1412 ad
668 1371 823 1412 horam
845 1371 1020 1414 differre

191 1425 391 1469 videatur
405 1427 613 1469 auxilium
626 1427 844 1470 tribulatis
858 1429 1021 1482 impen-

192 1483 312 1534 dere,
332 1484 611 1526 nihilominus
632 1498 724 1535 eOS‚
751 1498 806 1527 ne
824 1486 868 1526 in
887 1485 1020 1527 tribu-

192 1540 428 1582 latic'mibus
452 1541 674 1592 deficiant,
700 1555 792 1584 suae
816 1545 1021 1595 respectu

191 1597 369 1649 pietatis
400 1598 678 1641 corroborat:
713 1605 757 1641 et
783 1599 1020 1652 aliquando

193 1654 324 1695 etiam
357 1655 590 1697 manifesto
623 1656 860 1708 adjutorio,
892 1657 1020 1699 victis

192 1710 542 1762 adversitatibus,
563 1713 689 1765 quasi
704 1713 883 1756 calcatis
899 1713 1021 1755 seda-

190 1770 334 1820 tisque
381 1768 592 1811 fluctuum
637 1770 930 1812 voluminibus
974 1771 1021 1811 li·

190 1824 326 1867 berat.

244 1886 294 1936 Κ.
320 1882 504 1924 Movens
524 1883 702 1926 Abram.
719 1885 821 1926 350.

245 1941 294 1990 ,Υ
320 1944 497 1996 Repleti
526 1958 675 1988 sumus
703 1959 831 1988 mane
856 1947 1020 1989 miseri-

193 1999 343 2041 cerdia
358 2006 443 2042 tua.
464 2005 514 2044 R.
533 2003 870 2054 Exsultavimus‚
891 2010 934 2047 et
949 2005 1020 2047 de-

191 2055 341 2099 lectati
360 2070 520 2100 sumus.

245 2124 315 2164 Ad
338 2125 498 2165 Bened.
527 2125 626 2164 Ant.
656 2126 726 2165 Me
744 2123 905 2164 etenim
922 2125 946 2151 *
965 2123 1021 2165 de

194 2172 264 2215 die
283 2174 327 2215 in
348 2174 465 2217 diem
485 2184 701 2229 quaerunt,
729 2184 773 2221 et
795 2180 908 2223 scire
927 2181 1020 2222 vias

193 2243 314 2273 meas
334 2232 496 2275 volunt.

243 2299 391 2333 Deinde
418 2298 489 2331 dic.
514 2298 662 2331 Preces.
689 2296 742 2331 52.

522 2359 685 2399 Oratio.

271 2416 397 2458 desto
417 2416 605 2459 Domine
628 2418 1021 2471 supplicatiOnibus

296 2474 470 2524 nostris,
491 2479 534 2515 et
553 2474 762 2516 concede:
783 2480 830 2517 ut
850 2476 934 2518 hoc
953 2490 1020 2519 so-

192 2529 334 2571 lemne
371 2530 588 2582 jejunium,
632 2531 752 2584 quod
794 2533 1020 2576 animabus

193 2587 543 2640 corporibusque
565 2588 768 2630 curandis
788 2589 1021 2632 salubriter

192 2643 436 2686 institutum
457 2650 541 2694 est,
566 2644 729 2687 deveto
754 2647 933 2687 servitio
954 2660 1020 2689 ce-

192 2701 423 2743 lebremus.
451 2702 535 2744 Per
554 2702 804 2744 Dominum.

733 231 904 264 Sabbato
928 230 953 263 1.
980 229 1017 262 in
1043 228 1357 271 Quadragesima.

1308 318 1499 357 Sabbato
1525 319 1672 356 Primo

1192 378 1247 418 in
1279 378 1780 428 Quadragesima.

1306 444 1384 485 Ad.
1410 444 1677 496 vesperas.

1151 508 1411 560 Capitulum.
1612 509 1649 548 2.
1670 508 1766 549 Cor.
1786 509 1823 548 6.

1074 560 1315 663 -ratres2
1334 560 1577 602 Hortamur
1590 572 1682 611 vos,
1699 573 1755 603 ne
1770 561 1814 602 in
1830 564 1901 603 va-

1179 628 1309 657 cuum
1339 617 1526 667 gratiam
1554 617 1638 660 Dei
1669 618 1902 671 recipiatis.

1074 672 1151 713 Ait
1171 673 1302 714 enim:
1326 673 1550 727 Tempore
1568 676 1755 728 accepto
1774 687 1902 717 exau-

1075 728 1164 770 divi
1182 734 1242 779 te,
1269 734 1313 771 et
1338 730 1382 771 in
1408 729 1479 772 die
1503 731 1658 773 salutis
1683 730 1829 784 adjuvi
1847 736 1903 774 te.

1382 796 1593 846 Hymnus.

1194 846 1270 888 udi
1288 847 1476 900 benigne
1496 849 1708 892 Conditor

1203 903 1392 946 Nostras
1415 919 1572 958 preces
1596 919 1696 948 cum
1716 907 1903 958 fletibus,

1151 962 1203 1002 In
1221 961 1307 1003 hoc
1326 975 1453 1004 sacro
1473 963 1631 1014 jejunio

1151 1019 1291 1060 Fusas
1312 1019 1671 1072 quadragenario.

1101 1085 1328 1126 Scrutator
1348 1084 1462 1127 alme
1481 1085 1692 1137 cOrdium,

1152 1140 1332 1182 Infirma
1350 1146 1399 1183 tu
1417 1142 1504 1184 scis
1524 1142 1699 1184 virium:

1152 1197 1225 1239 Ad
1243 1202 1287 1240 te
1307 1198 1497 1240 reversis
1518 1199 1676 1242 exhibe

1151 1255 1441 1297 Remissioms
1459 1257 1656 1307 gratiam.

1103 1319 1287 1362 Multum
1307 1321 1485 1373 quidem
1502 1322 1795 1375 peccavimus,

1152 1377 1240 1420 Sed
1258 1391 1392 1431 parce
1413 1378 1740 1421 confitentibus:

1152 1434 1224 1476 Ad
1243 1435 1431 1477 neminis
1451 1435 1627 1478 laudem
1644 1436 1708 1478 tui

1155 1492 1314 1534 Confer
1333 1491 1551 1535 medelam
1570 1492 1800 1544 languidis.

1102 1557 1308 1600 Concede
1328 1562 1528 1600 nostrum
1547 1558 1717 1600 conteri

1154 1615 1325 1667 Corpus
1345 1627 1425 1667 per
1444 1614 1769 1666 abstinentiam3

1154 1671 1307 1724 Culpae
1327 1675 1375 1713 ut
1394 1671 1644 1723 relinquant
1663 1671 1874 1724 pabulum

1153 1728 1178 1769 J
1181 1728 1307 1780 ejuna
1326 1727 1461 1769 corda
1480 1728 1719 1770 criminum.

1101 1795 1269 1835 Praesta
1290 1793 1422 1836 beata
1442 1794 1645 1845 Trinitas,

1153 1849 1356 1892 Concede
1377 1849 1564 1903 simplex
1582 1850 1752 1901 Unitas;

1152 1908 1212 1950 Ut
1230 1907 1457 1949 fructuosa
1477 1907 1563 1949 sint
1581 1907 1667 1948 tuis

1150 1966 1175 2007 J
1178 1965 1420 2018 ejuniorum
1438 1967 1631 2006 munera.
1658 1964 1812 2007 Amen.

1128 2022 1179 2072 V.
1206 2021 1388 2074 Angelis
1417 2021 1507 2063 suis
1531 2021 1653 2062 Deus
1678 2020 1904 2064 mandavit

1075 2080 1130 2123 de
1149 2085 1204 2122 te.
1231 2082 1282 2133 R.
1297 2078 1357 2121 Ut
1376 2078 1628 2121 cust6diant
1647 2082 1691 2120 te
1710 2078 1755 2119 in
1769 2078 1903 2120 omni·

1074 2137 1156 2179 bus
1175 2137 1258 2178 viis
1275 2135 1373 2178 tuis.

1128 2194 1199 2234 Ad
1227 2193 1401 2244 Magnif.
1442 2193 1541 2232 Ant.
1582 2194 1705 2234 Tune
1729 2191 1903 2232 invoca-

1072 2250 1153 2300 bis,
1168 2251 1192 2278 *
1208 2254 1251 2291 et
1271 2247 1488 2290 Deminus
1508 2246 1727 2289 exaudiet:
1746 2246 1903 2289 clama·

1074 2307 1153 2356 bis,
1172 2311 1216 2349 et
1235 2305 1367 2347 dicet:
1386 2304 1502 2346 Ecce
1520 2303 1685 2345 adsum.

1410 2361 1574 2402 Oratio.

1161 2433 1251 2470 eus,
1273 2419 1346 2472 qui
1359 2418 1604 2460 Ecclesiam
1620 2423 1742 2460 tuam
1759 2420 1903 2460 annua

1179 2475 1556 2527 Quadragesimali
1594 2474 1903 2516 observatiene

1075 2533 1297 2587 purificas:
1325 2536 1491 2585 praesta
1517 2531 1691 2572 familiae
1718 2536 1823 2582 tuae;
1855 2536 1903 2573 ut

1076 2589 1195 2643 quod
1221 2602 1247 2630 a
1269 2594 1313 2631 te
1337 2588 1535 2630 obtinere
1558 2587 1819 2630 abstinendo
1842 2590 1902 2628 ni·

1073 2648 1194 2695 titur,
1213 2646 1298 2686 hoc
1317 2644 1445 2687 bonis
1464 2645 1673 2698 operibus
1693 2645 1902 2697 exsequa-

1074 2709 1156 2746 tur.
1182 2703 1267 2744 Per
1286 2702 1532 2743 Deminum.

782 2794 813 2797 e*
818 2779 1159 2817 -ὴεςὸᾒῆᾲιῆκ
