<?xml version="1.0" encoding="UTF-8"?>
<!DOCTYPE html PUBLIC "-//W3C//DTD XHTML 1.0 Transitional//EN"
    "http://www.w3.org/TR/xhtml1/DTD/xhtml1-transitional.dtd">
<html xmlns="http://www.w3.org/1999/xhtml" xml:lang="en" lang="en">
 <head>
  <title>
</title>
<meta http-equiv="Content-Type" content="text/html;charset=utf-8" />
  <meta name='ocr-system' content='tesseract 3.04.00' />
  <meta name='ocr-capabilities' content='ocr_page ocr_carea ocr_par ocr_line ocrx_word'/>
</head>
<body>
  <div class='ocr_page' id='page_1' title='image "./p1breviariumroma00cathuoft_0867.png"; bbox 0 0 2080 2990; ppageno 0'>
   <div class='ocr_carea' id='block_1_1' title="bbox 560 260 1409 296">
    <p class='ocr_par' dir='ltr' id='par_1_1' title="bbox 560 260 1409 296">
     <span class='ocr_line' id='line_1_1' title="bbox 560 260 1409 296; baseline 0.005 -4"><span class='ocrx_word' id='word_1_1' title='bbox 560 260 755 294; x_wconf 81' lang='lat' dir='ltr'>Orationis</span> <span class='ocrx_word' id='word_1_2' title='bbox 780 260 822 295; x_wconf 90' lang='lat' dir='ltr'>D.</span> <span class='ocrx_word' id='word_1_3' title='bbox 849 261 893 294; x_wconf 82' lang='lat' dir='ltr'>N.</span> <span class='ocrx_word' id='word_1_4' title='bbox 917 261 950 294; x_wconf 84' lang='lat' dir='ltr'>·J.</span> <span class='ocrx_word' id='word_1_5' title='bbox 976 261 1015 295; x_wconf 87' lang='lat' dir='ltr'>C.</span> <span class='ocrx_word' id='word_1_6' title='bbox 1044 262 1079 294; x_wconf 89' lang='lat' dir='ltr'>in</span> <span class='ocrx_word' id='word_1_7' title='bbox 1106 262 1232 296; x_wconf 72' lang='lat' dir='ltr'>Monte</span> <span class='ocrx_word' id='word_1_8' title='bbox 1257 263 1409 296; x_wconf 66' lang='lat' dir='ltr'>oliveti.</span> 
     </span>
    </p>
   </div>
   <div class='ocr_carea' id='block_1_2' title="bbox 130 356 957 578">
    <p class='ocr_par' dir='ltr' id='par_1_2' title="bbox 130 356 957 412">
     <span class='ocr_line' id='line_1_2' title="bbox 130 356 957 412; baseline -0.002 -10"><span class='ocrx_word' id='word_1_9' title='bbox 130 356 259 410; x_wconf 85' lang='lat' dir='ltr'>Laus,</span> <span class='ocrx_word' id='word_1_10' title='bbox 272 360 415 401; x_wconf 92' lang='lat' dir='ltr'>honor</span> <span class='ocrx_word' id='word_1_11' title='bbox 427 360 558 409; x_wconf 83' lang='lat' dir='ltr'>Patri,</span> <span class='ocrx_word' id='word_1_12' title='bbox 572 360 818 412; x_wconf 75' lang='lat' dir='ltr'>genitaeque</span> <span class='ocrx_word' id='word_1_13' title='bbox 828 360 957 410; x_wconf 80' lang='lat' dir='ltr'>Proli,</span> 
     </span>
    </p>

    <p class='ocr_par' dir='ltr' id='par_1_3' title="bbox 179 415 955 512">
     <span class='ocr_line' id='line_1_3' title="bbox 179 415 955 468; baseline 0.001 -11"><span class='ocrx_word' id='word_1_14' title='bbox 179 416 259 458; x_wconf 92' lang='lat' dir='ltr'>Cui</span> <span class='ocrx_word' id='word_1_15' title='bbox 291 415 442 457; x_wconf 88' lang='lat' dir='ltr'>datum</span> <span class='ocrx_word' id='word_1_16' title='bbox 474 429 635 456; x_wconf 89' lang='lat' dir='ltr'>nomen</span> <span class='ocrx_word' id='word_1_17' title='bbox 666 429 798 468; x_wconf 91' lang='lat' dir='ltr'>super</span> <span class='ocrx_word' id='word_1_18' title='bbox 827 429 955 458; x_wconf 91' lang='lat' dir='ltr'>omne</span> 
     </span>
     <span class='ocr_line' id='line_1_4' title="bbox 436 484 595 512; baseline 0 0"><span class='ocrx_word' id='word_1_19' title='bbox 436 484 595 512; x_wconf 90' lang='lat' dir='ltr'>nomen</span> 
     </span>
    </p>

    <p class='ocr_par' dir='ltr' id='par_1_4' title="bbox 177 526 956 578">
     <span class='ocr_line' id='line_1_5' title="bbox 177 526 956 578; baseline -0.001 -9"><span class='ocrx_word' id='word_1_20' title='bbox 177 528 234 569; x_wconf 90' lang='lat' dir='ltr'>Et</span> <span class='ocrx_word' id='word_1_21' title='bbox 251 527 481 569; x_wconf 84' lang='lat' dir='ltr'>Paracleto</span> <span class='ocrx_word' id='word_1_22' title='bbox 507 526 643 568; x_wconf 90' lang='lat' dir='ltr'>decus</span> <span class='ocrx_word' id='word_1_23' title='bbox 667 532 799 578; x_wconf 87' lang='lat' dir='ltr'>atque</span> <span class='ocrx_word' id='word_1_24' title='bbox 818 528 956 568; x_wconf 89' lang='lat' dir='ltr'>virtus</span> 
     </span>
    </p>
   </div>
   <div class='ocr_carea' id='block_1_3' title="bbox 126 583 956 920">
    <p class='ocr_par' dir='ltr' id='par_1_5' title="bbox 126 583 956 920">
     <span class='ocr_line' id='line_1_6' title="bbox 282 583 878 635; baseline 0 -12"><span class='ocrx_word' id='word_1_25' title='bbox 282 584 421 624; x_wconf 87' lang='lat' dir='ltr'><strong>Omne</strong></span> <span class='ocrx_word' id='word_1_26' title='bbox 441 595 522 635; x_wconf 90' lang='lat' dir='ltr'>per</span> <span class='ocrx_word' id='word_1_27' title='bbox 540 595 694 623; x_wconf 84' lang='lat' dir='ltr'>aevum.</span> <span class='ocrx_word' id='word_1_28' title='bbox 725 583 878 624; x_wconf 90' lang='lat' dir='ltr'>Amen.</span> 
     </span>
     <span class='ocr_line' id='line_1_7' title="bbox 183 638 955 695; baseline -0.003 -5"><span class='ocrx_word' id='word_1_29' title='bbox 183 638 231 690; x_wconf 65' lang='lat' dir='ltr'>Ys-</span> <span class='ocrx_word' id='word_1_30' title='bbox 246 647 404 689; x_wconf 90' lang='lat' dir='ltr'>Tristis</span> <span class='ocrx_word' id='word_1_31' title='bbox 424 652 491 688; x_wconf 90' lang='lat' dir='ltr'>est</span> <span class='ocrx_word' id='word_1_32' title='bbox 510 647 653 688; x_wconf 84' lang='lat' dir='ltr'>anima</span> <span class='ocrx_word' id='word_1_33' title='bbox 667 660 775 688; x_wconf 90' lang='lat' dir='ltr'>mea.</span> <span class='ocrx_word' id='word_1_34' title='bbox 806 646 855 695; x_wconf 60' lang='lat' dir='ltr'>Rg.</span> <span class='ocrx_word' id='word_1_35' title='bbox 876 647 955 688; x_wconf 88' lang='lat' dir='ltr'>Us-</span> 
     </span>
     <span class='ocr_line' id='line_1_8' title="bbox 128 702 507 755; baseline -0.003 -11"><span class='ocrx_word' id='word_1_36' title='bbox 128 716 212 755; x_wconf 93' lang='lat' dir='ltr'>que</span> <span class='ocrx_word' id='word_1_37' title='bbox 232 702 290 744; x_wconf 89' lang='lat' dir='ltr'>ad</span> <span class='ocrx_word' id='word_1_38' title='bbox 308 708 507 744; x_wconf 91' lang='lat' dir='ltr'>mortem.</span> 
     </span>
     <span class='ocr_line' id='line_1_9' title="bbox 181 762 956 817; baseline 0.004 -12"><span class='ocrx_word' id='word_1_39' title='bbox 181 763 251 805; x_wconf 87' lang='lat' dir='ltr'>Ad</span> <span class='ocrx_word' id='word_1_40' title='bbox 272 763 445 814; x_wconf 78' lang='lat' dir='ltr'>Magnis.</span> <span class='ocrx_word' id='word_1_41' title='bbox 472 763 570 804; x_wconf 87' lang='lat' dir='ltr'>Ant.</span> <span class='ocrx_word' id='word_1_42' title='bbox 599 762 755 807; x_wconf 66' lang='lat' dir='ltr'>Positis</span> <span class='ocrx_word' id='word_1_43' title='bbox 774 767 956 817; x_wconf 80' lang='lat' dir='ltr'>genibus</span> 
     </span>
     <span class='ocr_line' id='line_1_10' title="bbox 128 822 956 873; baseline -0.001 -9"><span class='ocrx_word' id='word_1_44' title='bbox 128 822 294 873; x_wconf 75' lang='lat' dir='ltr'>orabat,</span> <span class='ocrx_word' id='word_1_45' title='bbox 314 822 478 865; x_wconf 85' lang='lat' dir='ltr'>dicens:</span> <span class='ocrx_word' id='word_1_46' title='bbox 501 823 643 873; x_wconf 78' lang='lat' dir='ltr'>Pater,</span> <span class='ocrx_word' id='word_1_47' title='bbox 668 822 704 862; x_wconf 91' lang='lat' dir='ltr'>si</span> <span class='ocrx_word' id='word_1_48' title='bbox 724 823 800 871; x_wconf 88' lang='lat' dir='ltr'>vis,</span> <span class='ocrx_word' id='word_1_49' title='bbox 820 828 956 863; x_wconf 88' lang='lat' dir='ltr'>trans-</span> 
     </span>
     <span class='ocr_line' id='line_1_11' title="bbox 126 879 956 920; baseline 0 -1"><span class='ocrx_word' id='word_1_50' title='bbox 126 879 191 919; x_wconf 89' lang='lat' dir='ltr'>fer</span> <span class='ocrx_word' id='word_1_51' title='bbox 215 879 397 920; x_wconf 88' lang='lat' dir='ltr'>calicem</span> <span class='ocrx_word' id='word_1_52' title='bbox 420 879 552 920; x_wconf 88' lang='lat' dir='ltr'>istum</span> <span class='ocrx_word' id='word_1_53' title='bbox 576 891 601 918; x_wconf 90' lang='lat' dir='ltr'>a</span> <span class='ocrx_word' id='word_1_54' title='bbox 624 890 710 919; x_wconf 90' lang='lat' dir='ltr'>me:</span> <span class='ocrx_word' id='word_1_55' title='bbox 743 882 956 919; x_wconf 81' lang='lat' dir='ltr'>verumta-</span> 
     </span>
    </p>
   </div>
   <div class='ocr_carea' id='block_1_4' title="bbox 126 933 987 983">
    <p class='ocr_par' dir='ltr' id='par_1_6' title="bbox 126 933 987 983">
     <span class='ocr_line' id='line_1_12' title="bbox 126 933 987 983; baseline 0.001 -9"><span class='ocrx_word' id='word_1_56' title='bbox 126 947 227 975; x_wconf 93' lang='lat' dir='ltr'>men</span> <span class='ocrx_word' id='word_1_57' title='bbox 258 947 347 975; x_wconf 93' lang='lat' dir='ltr'>non</span> <span class='ocrx_word' id='word_1_58' title='bbox 378 947 476 975; x_wconf 90' lang='lat' dir='ltr'>mea</span> <span class='ocrx_word' id='word_1_59' title='bbox 507 933 727 983; x_wconf 82' lang='lat' dir='ltr'>voluntas,</span> <span class='ocrx_word' id='word_1_60' title='bbox 773 933 852 975; x_wconf 90' lang='lat' dir='ltr'>sed</span> <span class='ocrx_word' id='word_1_61' title='bbox 883 939 958 975; x_wconf 90' lang='lat' dir='ltr'>tua</span> <span class='ocrx_word' id='word_1_62' title='bbox 985 955 987 962; x_wconf 51' lang='grc' dir='ltr'><strong><em>ι</em></strong></span> 
     </span>
    </p>
   </div>
   <div class='ocr_carea' id='block_1_5' title="bbox 127 989 630 1082">
    <p class='ocr_par' dir='ltr' id='par_1_7' title="bbox 127 989 630 1082">
     <span class='ocr_line' id='line_1_13' title="bbox 127 989 213 1031; baseline 0 -1"><span class='ocrx_word' id='word_1_63' title='bbox 127 989 213 1031; x_wconf 87' lang='lat' dir='ltr'>fiat.</span> 
     </span>
     <span class='ocr_line' id='line_1_14' title="bbox 466 1042 630 1082; baseline -0.012 0"><span class='ocrx_word' id='word_1_64' title='bbox 466 1042 630 1082; x_wconf 81' lang='lat' dir='ltr'>Oratio.</span> 
     </span>
    </p>
   </div>
   <div class='ocr_carea' id='block_1_6' title="bbox 126 1109 959 1496">
    <p class='ocr_par' dir='ltr' id='par_1_8' title="bbox 219 1109 957 1161">
     <span class='ocr_line' id='line_1_15' title="bbox 219 1109 957 1161; baseline -0.004 -9"><span class='ocrx_word' id='word_1_65' title='bbox 219 1111 363 1152; x_wconf 73' lang='lat' dir='ltr'>Omine</span> <span class='ocrx_word' id='word_1_66' title='bbox 380 1111 405 1151; x_wconf 91' lang='lat' dir='ltr'><strong>J</strong></span> <span class='ocrx_word' id='word_1_67' title='bbox 407 1123 484 1152; x_wconf 94' lang='lat' dir='ltr'>esu</span> <span class='ocrx_word' id='word_1_68' title='bbox 504 1110 686 1159; x_wconf 84' lang='lat' dir='ltr'>Christe,</span> <span class='ocrx_word' id='word_1_69' title='bbox 709 1110 782 1161; x_wconf 93' lang='lat' dir='ltr'>qui</span> <span class='ocrx_word' id='word_1_70' title='bbox 801 1110 844 1149; x_wconf 95' lang='lat' dir='ltr'>in</span> <span class='ocrx_word' id='word_1_71' title='bbox 862 1109 957 1150; x_wconf 92' lang='lat' dir='ltr'>hor-</span> 
     </span>
    </p>

    <p class='ocr_par' dir='ltr' id='par_1_9' title="bbox 126 1165 959 1496">
     <span class='ocr_line' id='line_1_16' title="bbox 232 1165 958 1218; baseline -0.004 -10"><span class='ocrx_word' id='word_1_72' title='bbox 232 1172 279 1208; x_wconf 93' lang='lat' dir='ltr'>to</span> <span class='ocrx_word' id='word_1_73' title='bbox 295 1166 431 1208; x_wconf 89' lang='lat' dir='ltr'>verbo</span> <span class='ocrx_word' id='word_1_74' title='bbox 453 1171 496 1207; x_wconf 90' lang='lat' dir='ltr'>et</span> <span class='ocrx_word' id='word_1_75' title='bbox 511 1165 713 1218; x_wconf 80' lang='lat' dir='ltr'>exemplo</span> <span class='ocrx_word' id='word_1_76' title='bbox 730 1178 810 1206; x_wconf 89' lang='lat' dir='ltr'>nos</span> <span class='ocrx_word' id='word_1_77' title='bbox 831 1167 958 1206; x_wconf 81' lang='lat' dir='ltr'>orare</span> 
     </span>
     <span class='ocr_line' id='line_1_17' title="bbox 129 1220 958 1284; baseline -0.007 -18"><span class='ocrx_word' id='word_1_78' title='bbox 129 1223 334 1272; x_wconf 82' lang='lat' dir='ltr'>docuisti,</span> <span class='ocrx_word' id='word_1_79' title='bbox 362 1222 420 1263; x_wconf 92' lang='lat' dir='ltr'>ad</span> <span class='ocrx_word' id='word_1_80' title='bbox 446 1221 735 1263; x_wconf 71' lang='lat' dir='ltr'>tentatianum</span> <span class='ocrx_word' id='word_1_81' title='bbox 763 1220 958 1284; x_wconf 83' lang='lat' dir='ltr'>pericula</span> 
     </span>
     <span class='ocr_line' id='line_1_18' title="bbox 128 1276 959 1333; baseline -0.006 -12"><span class='ocrx_word' id='word_1_82' title='bbox 128 1277 392 1333; x_wconf 88' lang='lat' dir='ltr'>superanda.</span> <span class='ocrx_word' id='word_1_83' title='bbox 421 1277 615 1319; x_wconf 82' lang='lat' dir='ltr'>concede</span> <span class='ocrx_word' id='word_1_84' title='bbox 643 1276 878 1329; x_wconf 77' lang='lat' dir='ltr'>propitius3</span> <span class='ocrx_word' id='word_1_85' title='bbox 911 1282 959 1317; x_wconf 91' lang='lat' dir='ltr'>ut</span> 
     </span>
     <span class='ocr_line' id='line_1_19' title="bbox 127 1332 958 1386; baseline -0.007 -9"><span class='ocrx_word' id='word_1_86' title='bbox 127 1349 209 1377; x_wconf 94' lang='lat' dir='ltr'>nos</span> <span class='ocrx_word' id='word_1_87' title='bbox 242 1334 430 1376; x_wconf 73' lang='lat' dir='ltr'>oratiani</span> <span class='ocrx_word' id='word_1_88' title='bbox 464 1346 639 1386; x_wconf 86' lang='lat' dir='ltr'>semper</span> <span class='ocrx_word' id='word_1_89' title='bbox 664 1332 834 1382; x_wconf 82' lang='lat' dir='ltr'>intenti,</span> <span class='ocrx_word' id='word_1_90' title='bbox 868 1333 958 1383; x_wconf 90' lang='lat' dir='ltr'>ejus</span> 
     </span>
     <span class='ocr_line' id='line_1_20' title="bbox 129 1388 957 1460; baseline -0.006 -27"><span class='ocrx_word' id='word_1_91' title='bbox 129 1392 360 1460; x_wconf 67' lang='lat' dir='ltr'>copiosum</span> <span class='ocrx_word' id='word_1_92' title='bbox 395 1390 584 1431; x_wconf 86' lang='lat' dir='ltr'>fructum</span> <span class='ocrx_word' id='word_1_93' title='bbox 626 1388 837 1439; x_wconf 78' lang='lat' dir='ltr'>06nsequi</span> <span class='ocrx_word' id='word_1_94' title='bbox 872 1401 957 1428; x_wconf 90' lang='lat' dir='ltr'>me-</span> 
     </span>
     <span class='ocr_line' id='line_1_21' title="bbox 126 1446 803 1496; baseline -0.009 -7"><span class='ocrx_word' id='word_1_95' title='bbox 126 1450 314 1489; x_wconf 86' lang='lat' dir='ltr'>reamur:</span> <span class='ocrx_word' id='word_1_96' title='bbox 342 1446 426 1496; x_wconf 91' lang='lat' dir='ltr'>Qui</span> <span class='ocrx_word' id='word_1_97' title='bbox 444 1446 556 1487; x_wconf 90' lang='lat' dir='ltr'>vivis</span> <span class='ocrx_word' id='word_1_98' title='bbox 572 1450 615 1486; x_wconf 92' lang='lat' dir='ltr'>et</span> <span class='ocrx_word' id='word_1_99' title='bbox 635 1457 803 1494; x_wconf 83' lang='lat' dir='ltr'>regnas.</span> 
     </span>
    </p>
   </div>
   <div class='ocr_carea' id='block_1_7' title="bbox 289 1530 791 1572">
    <p class='ocr_par' dir='ltr' id='par_1_10' title="bbox 289 1530 791 1572">
     <span class='ocr_line' id='line_1_22' title="bbox 289 1530 791 1572; baseline -0.008 0"><span class='ocrx_word' id='word_1_100' title='bbox 289 1531 378 1572; x_wconf 83' lang='lat' dir='ltr'>Ad</span> <span class='ocrx_word' id='word_1_101' title='bbox 403 1530 791 1572; x_wconf 71' lang='lat' dir='ltr'>matutinum.</span> 
     </span>
    </p>
   </div>
   <div class='ocr_carea' id='block_1_8' title="bbox 128 1593 959 1874">
    <p class='ocr_par' dir='ltr' id='par_1_11' title="bbox 128 1593 959 1749">
     <span class='ocr_line' id='line_1_23' title="bbox 181 1593 959 1637; baseline -0.001 -3"><span class='ocrx_word' id='word_1_102' title='bbox 181 1593 307 1634; x_wconf 86' lang='lat' dir='ltr'>Invit.</span> <span class='ocrx_word' id='word_1_103' title='bbox 336 1593 557 1637; x_wconf 82' lang='lat' dir='ltr'><strong>Christum</strong></span> <span class='ocrx_word' id='word_1_104' title='bbox 575 1596 599 1635; x_wconf 89' lang='lat' dir='ltr'><strong>J</strong></span> <span class='ocrx_word' id='word_1_105' title='bbox 603 1607 725 1636; x_wconf 90' lang='lat' dir='ltr'>esum</span> <span class='ocrx_word' id='word_1_106' title='bbox 748 1594 792 1634; x_wconf 92' lang='lat' dir='ltr'>in</span> <span class='ocrx_word' id='word_1_107' title='bbox 811 1598 959 1634; x_wconf 92' lang='lat' dir='ltr'>monte</span> 
     </span>
     <span class='ocr_line' id='line_1_24' title="bbox 129 1648 959 1694; baseline -0.005 -1"><span class='ocrx_word' id='word_1_108' title='bbox 129 1652 355 1694; x_wconf 85' lang='lat' dir='ltr'>Olivarum</span> <span class='ocrx_word' id='word_1_109' title='bbox 375 1654 574 1694; x_wconf 91' lang='lat' dir='ltr'>orantem</span> <span class='ocrx_word' id='word_1_110' title='bbox 588 1651 611 1674; x_wconf 84' lang='lat'>*</span> <span class='ocrx_word' id='word_1_111' title='bbox 625 1651 787 1691; x_wconf 90' lang='lat' dir='ltr'>Venite</span> <span class='ocrx_word' id='word_1_112' title='bbox 807 1648 959 1690; x_wconf 83' lang='lat' dir='ltr'>adore-</span> 
     </span>
     <span class='ocr_line' id='line_1_25' title="bbox 128 1722 238 1749; baseline 0 0"><span class='ocrx_word' id='word_1_113' title='bbox 128 1722 238 1749; x_wconf 91' lang='lat' dir='ltr'>mus.</span> 
     </span>
    </p>

    <p class='ocr_par' dir='ltr' id='par_1_12' title="bbox 182 1763 734 1818">
     <span class='ocr_line' id='line_1_26' title="bbox 182 1763 734 1818; baseline -0.004 -9"><span class='ocrx_word' id='word_1_114' title='bbox 182 1763 250 1803; x_wconf 69' lang='grc' dir='ltr'>ΡΞ-</span> <span class='ocrx_word' id='word_1_115' title='bbox 271 1763 438 1818; x_wconf 87' lang='lat' dir='ltr'>Venite,</span> <span class='ocrx_word' id='word_1_116' title='bbox 456 1767 734 1809; x_wconf 82' lang='lat' dir='ltr'>exsultemus.</span> 
     </span>
    </p>

    <p class='ocr_par' dir='ltr' id='par_1_13' title="bbox 182 1828 891 1874">
     <span class='ocr_line' id='line_1_27' title="bbox 182 1828 891 1874; baseline 0.003 -11"><span class='ocrx_word' id='word_1_117' title='bbox 182 1829 359 1874; x_wconf 85' lang='lat' dir='ltr'><strong>Hymnus</strong></span> <span class='ocrx_word' id='word_1_118' title='bbox 383 1834 424 1863; x_wconf 88' lang='lat' dir='ltr'>ut</span> <span class='ocrx_word' id='word_1_119' title='bbox 449 1839 566 1873; x_wconf 85' lang='lat' dir='ltr'>supra</span> <span class='ocrx_word' id='word_1_120' title='bbox 590 1828 628 1862; x_wconf 92' lang='lat' dir='ltr'>in</span> <span class='ocrx_word' id='word_1_121' title='bbox 653 1828 769 1871; x_wconf 83' lang='lat' dir='ltr'>Vesp.</span> <span class='ocrx_word' id='word_1_122' title='bbox 793 1830 891 1874; x_wconf 85' lang='lat'>[304]</span> 
     </span>
    </p>
   </div>
   <div class='ocr_carea' id='block_1_9' title="bbox 371 1902 722 1943">
    <p class='ocr_par' dir='ltr' id='par_1_14' title="bbox 371 1902 722 1943">
     <span class='ocr_line' id='line_1_28' title="bbox 371 1902 722 1943; baseline -0.006 -1"><span class='ocrx_word' id='word_1_123' title='bbox 371 1902 422 1942; x_wconf 89' lang='lat' dir='ltr'>In</span> <span class='ocrx_word' id='word_1_124' title='bbox 442 1903 474 1942; x_wconf 88' lang='lat'>1.</span> <span class='ocrx_word' id='word_1_125' title='bbox 496 1902 722 1943; x_wconf 82' lang='lat' dir='ltr'>Nocturno.</span> 
     </span>
    </p>
   </div>
   <div class='ocr_carea' id='block_1_10' title="bbox 129 1966 961 2182">
    <p class='ocr_par' dir='ltr' id='par_1_15' title="bbox 129 1966 961 2133">
     <span class='ocr_line' id='line_1_29' title="bbox 182 1966 960 2020; baseline 0.001 -14"><span class='ocrx_word' id='word_1_126' title='bbox 182 1966 282 2007; x_wconf 89' lang='lat' dir='ltr'>Ant.</span> <span class='ocrx_word' id='word_1_127' title='bbox 330 1966 443 2012; x_wconf 87' lang='lat' dir='ltr'><strong>Ante</strong></span> <span class='ocrx_word' id='word_1_128' title='bbox 479 1970 725 2011; x_wconf 73' lang='lat' dir='ltr'>oratidnem</span> <span class='ocrx_word' id='word_1_129' title='bbox 756 1969 960 2020; x_wconf 75' lang='lat' dir='ltr'>praepara</span> 
     </span>
     <span class='ocr_line' id='line_1_30' title="bbox 131 2023 961 2075; baseline -0.006 -8"><span class='ocrx_word' id='word_1_130' title='bbox 131 2026 318 2067; x_wconf 88' lang='lat' dir='ltr'>animam</span> <span class='ocrx_word' id='word_1_131' title='bbox 348 2030 486 2075; x_wconf 83' lang='lat' dir='ltr'>tuam,</span> <span class='ocrx_word' id='word_1_132' title='bbox 518 2030 562 2067; x_wconf 88' lang='lat' dir='ltr'>et</span> <span class='ocrx_word' id='word_1_133' title='bbox 592 2025 682 2066; x_wconf 92' lang='lat' dir='ltr'>noli</span> <span class='ocrx_word' id='word_1_134' title='bbox 710 2036 806 2065; x_wconf 90' lang='lat' dir='ltr'>esse</span> <span class='ocrx_word' id='word_1_135' title='bbox 836 2023 961 2074; x_wconf 83' lang='lat' dir='ltr'>quasi</span> 
     </span>
     <span class='ocr_line' id='line_1_31' title="bbox 129 2081 689 2133; baseline -0.004 -11"><span class='ocrx_word' id='word_1_136' title='bbox 129 2082 263 2123; x_wconf 91' lang='lat' dir='ltr'>homo</span> <span class='ocrx_word' id='word_1_137' title='bbox 285 2082 359 2133; x_wconf 92' lang='lat' dir='ltr'>qui</span> <span class='ocrx_word' id='word_1_138' title='bbox 376 2086 517 2123; x_wconf 87' lang='lat' dir='ltr'>tentat</span> <span class='ocrx_word' id='word_1_139' title='bbox 535 2081 689 2122; x_wconf 91' lang='lat' dir='ltr'>Deum.</span> 
     </span>
    </p>

    <p class='ocr_par' dir='ltr' id='par_1_16' title="bbox 405 2141 684 2182">
     <span class='ocr_line' id='line_1_32' title="bbox 405 2141 684 2182; baseline -0.004 -1"><span class='ocrx_word' id='word_1_140' title='bbox 405 2141 606 2182; x_wconf 87' lang='lat' dir='ltr'>Psalmus</span> <span class='ocrx_word' id='word_1_141' title='bbox 627 2142 684 2180; x_wconf 83' lang='lat'>16.</span> 
     </span>
    </p>
   </div>
   <div class='ocr_carea' id='block_1_11' title="bbox 132 2203 963 2811">
    <p class='ocr_par' dir='ltr' id='par_1_17' title="bbox 142 2203 962 2358">
     <span class='ocr_line' id='line_1_33' title="bbox 142 2203 959 2269; baseline -0.005 -22.866"><span class='ocrx_word' id='word_1_142' title='bbox 142 2204 379 2269; x_wconf 49' lang='lat' dir='ltr'>3f⁴&gt;xaudi</span> <span class='ocrx_word' id='word_1_143' title='bbox 406 2205 595 2246; x_wconf 85' lang='lat' dir='ltr'>D6mine</span> <span class='ocrx_word' id='word_1_144' title='bbox 632 2203 838 2256; x_wconf 86' lang='lat' dir='ltr'>justitiam</span> <span class='ocrx_word' id='word_1_145' title='bbox 873 2215 959 2243; x_wconf 90' lang='lat' dir='ltr'>me-</span> 
     </span>
     <span class='ocr_line' id='line_1_34' title="bbox 142 2239 962 2320; baseline -0.002 -20"><span class='ocrx_word' id='word_1_146' title='bbox 142 2296 150 2314; x_wconf 38' lang='lat'><strong><em>4</em></strong></span> <span class='ocrx_word' id='word_1_147' title='bbox 168 2239 243 2320; x_wconf 47' lang='lat'>§7173</span> <span class='ocrx_word' id='word_1_148' title='bbox 266 2273 349 2302; x_wconf 88' lang='lat' dir='ltr'>am:</span> <span class='ocrx_word' id='word_1_149' title='bbox 367 2263 392 2288; x_wconf 85' lang='lat'>*</span> <span class='ocrx_word' id='word_1_150' title='bbox 406 2259 583 2302; x_wconf 82' lang='lat' dir='ltr'>intende</span> <span class='ocrx_word' id='word_1_151' title='bbox 607 2259 962 2312; x_wconf 69' lang='lat' dir='ltr'>deprecationem</span> 
     </span>
     <span class='ocr_line' id='line_1_35' title="bbox 146 2319 418 2358; baseline 0 0"><span class='ocrx_word' id='word_1_152' title='bbox 146 2323 150 2332; x_wconf 92' lang='lat'>&#39;</span> <span class='ocrx_word' id='word_1_153' title='bbox 202 2319 205 2322; x_wconf 73' lang='grc'><strong><em>’</em></strong></span> <span class='ocrx_word' id='word_1_154' title='bbox 264 2329 418 2358; x_wconf 90' lang='lat' dir='ltr'>meam.</span> 
     </span>
    </p>

    <p class='ocr_par' dir='ltr' id='par_1_18' title="bbox 132 2371 959 2476">
     <span class='ocr_line' id='line_1_36' title="bbox 183 2371 959 2425; baseline -0.004 -13"><span class='ocrx_word' id='word_1_155' title='bbox 183 2371 376 2414; x_wconf 82' lang='lat' dir='ltr'>Auribus</span> <span class='ocrx_word' id='word_1_156' title='bbox 401 2372 581 2425; x_wconf 82' lang='lat' dir='ltr'>percipe</span> <span class='ocrx_word' id='word_1_157' title='bbox 607 2371 850 2413; x_wconf 70' lang='lat' dir='ltr'>oratidnem</span> <span class='ocrx_word' id='word_1_158' title='bbox 874 2381 959 2409; x_wconf 93' lang='lat' dir='ltr'>me-</span> 
     </span>
     <span class='ocr_line' id='line_1_37' title="bbox 132 2426 767 2476; baseline -0.003 -9"><span class='ocrx_word' id='word_1_159' title='bbox 132 2439 213 2476; x_wconf 88' lang='lat' dir='ltr'>am,</span> <span class='ocrx_word' id='word_1_160' title='bbox 232 2428 256 2453; x_wconf 84' lang='lat'>*</span> <span class='ocrx_word' id='word_1_161' title='bbox 274 2440 363 2469; x_wconf 91' lang='lat' dir='ltr'>non</span> <span class='ocrx_word' id='word_1_162' title='bbox 381 2427 425 2468; x_wconf 88' lang='lat' dir='ltr'>in</span> <span class='ocrx_word' id='word_1_163' title='bbox 442 2427 570 2469; x_wconf 91' lang='lat' dir='ltr'>labiis</span> <span class='ocrx_word' id='word_1_164' title='bbox 590 2426 767 2468; x_wconf 74' lang='lat' dir='ltr'>doldsis.</span> 
     </span>
    </p>

    <p class='ocr_par' dir='ltr' id='par_1_19' title="bbox 133 2482 962 2636">
     <span class='ocr_line' id='line_1_38' title="bbox 187 2482 962 2534; baseline -0.006 -10"><span class='ocrx_word' id='word_1_165' title='bbox 187 2483 254 2524; x_wconf 93' lang='lat' dir='ltr'>De</span> <span class='ocrx_word' id='word_1_166' title='bbox 295 2483 418 2524; x_wconf 90' lang='lat' dir='ltr'>vultu</span> <span class='ocrx_word' id='word_1_167' title='bbox 457 2488 534 2524; x_wconf 92' lang='lat' dir='ltr'>tuo</span> <span class='ocrx_word' id='word_1_168' title='bbox 575 2482 782 2534; x_wconf 87' lang='lat' dir='ltr'>judicium</span> <span class='ocrx_word' id='word_1_169' title='bbox 817 2492 962 2520; x_wconf 88' lang='lat' dir='ltr'>meum</span> 
     </span>
     <span class='ocr_line' id='line_1_39' title="bbox 133 2535 961 2591; baseline -0.009 -10"><span class='ocrx_word' id='word_1_170' title='bbox 133 2538 334 2591; x_wconf 68' lang='lat' dir='ltr'>prodeat:</span> <span class='ocrx_word' id='word_1_171' title='bbox 353 2539 376 2565; x_wconf 88' lang='lat'>*</span> <span class='ocrx_word' id='word_1_172' title='bbox 401 2538 516 2580; x_wconf 67' lang='lat' dir='ltr'>Oculi</span> <span class='ocrx_word' id='word_1_173' title='bbox 540 2539 604 2580; x_wconf 91' lang='lat' dir='ltr'>tui</span> <span class='ocrx_word' id='word_1_174' title='bbox 627 2537 805 2579; x_wconf 90' lang='lat' dir='ltr'>videant</span> <span class='ocrx_word' id='word_1_175' title='bbox 831 2535 961 2586; x_wconf 81' lang='lat' dir='ltr'>aequi-</span> 
     </span>
     <span class='ocr_line' id='line_1_40' title="bbox 133 2597 260 2636; baseline -0.016 0"><span class='ocrx_word' id='word_1_176' title='bbox 133 2597 260 2636; x_wconf 89' lang='lat' dir='ltr'>tates.</span> 
     </span>
    </p>

    <p class='ocr_par' dir='ltr' id='par_1_20' title="bbox 135 2645 963 2811">
     <span class='ocr_line' id='line_1_41' title="bbox 185 2645 963 2698; baseline -0.008 -7"><span class='ocrx_word' id='word_1_177' title='bbox 185 2649 390 2691; x_wconf 88' lang='lat' dir='ltr'>Probasti</span> <span class='ocrx_word' id='word_1_178' title='bbox 417 2662 494 2691; x_wconf 88' lang='lat' dir='ltr'>cor</span> <span class='ocrx_word' id='word_1_179' title='bbox 515 2662 676 2698; x_wconf 87' lang='lat' dir='ltr'>meum,</span> <span class='ocrx_word' id='word_1_180' title='bbox 705 2653 749 2689; x_wconf 87' lang='lat' dir='ltr'>et</span> <span class='ocrx_word' id='word_1_181' title='bbox 776 2645 963 2687; x_wconf 87' lang='lat' dir='ltr'>visitasti</span> 
     </span>
     <span class='ocr_line' id='line_1_42' title="bbox 135 2703 962 2756; baseline -0.007 -10"><span class='ocrx_word' id='word_1_182' title='bbox 135 2710 281 2747; x_wconf 89' lang='lat' dir='ltr'>nocte:</span> <span class='ocrx_word' id='word_1_183' title='bbox 294 2706 318 2731; x_wconf 89' lang='lat'>*</span> <span class='ocrx_word' id='word_1_184' title='bbox 332 2706 432 2756; x_wconf 85' lang='lat' dir='ltr'>igne</span> <span class='ocrx_word' id='word_1_185' title='bbox 446 2718 516 2746; x_wconf 92' lang='lat' dir='ltr'>me</span> <span class='ocrx_word' id='word_1_186' title='bbox 532 2703 800 2751; x_wconf 69' lang='lat' dir='ltr'>examinasti,</span> <span class='ocrx_word' id='word_1_187' title='bbox 818 2707 861 2742; x_wconf 92' lang='lat' dir='ltr'>et</span> <span class='ocrx_word' id='word_1_188' title='bbox 874 2713 962 2741; x_wconf 90' lang='lat' dir='ltr'>non</span> 
     </span>
     <span class='ocr_line' id='line_1_43' title="bbox 136 2759 784 2811; baseline -0.005 -10"><span class='ocrx_word' id='word_1_189' title='bbox 136 2766 203 2802; x_wconf 92' lang='lat' dir='ltr'>est</span> <span class='ocrx_word' id='word_1_190' title='bbox 221 2761 399 2802; x_wconf 77' lang='lat' dir='ltr'>inventa</span> <span class='ocrx_word' id='word_1_191' title='bbox 416 2760 460 2800; x_wconf 91' lang='lat' dir='ltr'>in</span> <span class='ocrx_word' id='word_1_192' title='bbox 478 2773 548 2802; x_wconf 87' lang='lat' dir='ltr'>me</span> <span class='ocrx_word' id='word_1_193' title='bbox 567 2759 784 2811; x_wconf 83' lang='lat' dir='ltr'>iniquitas.</span> 
     </span>
    </p>
   </div>
   <div class='ocr_carea' id='block_1_12' title="bbox 130 2207 251 2349">
    <p class='ocr_par' dir='ltr' id='par_1_21' title="bbox 130 2207 251 2349">
     <span class='ocr_line' id='line_1_44' title="bbox 130 2207 251 2349; baseline 0 641"><span class='ocrx_word' id='word_1_194' title='bbox 130 2207 251 2349; x_wconf 95' lang='lat' dir='ltr'> </span> 
     </span>
    </p>
   </div>
   <div class='ocr_carea' id='block_1_13' title="bbox 290 2897 506 2921">
    <p class='ocr_par' dir='ltr' id='par_1_22' title="bbox 290 2897 506 2921">
     <span class='ocr_line' id='line_1_45' title="bbox 290 2897 506 2921; baseline 0 0"><span class='ocrx_word' id='word_1_195' title='bbox 290 2897 355 2921; x_wconf 76' lang='lat' dir='ltr'>Pars</span> <span class='ocrx_word' id='word_1_196' title='bbox 372 2897 506 2921; x_wconf 79' lang='lat' dir='ltr'>Hiemalis.</span> 
     </span>
    </p>
   </div>
   <div class='ocr_carea' id='block_1_14' title="bbox 1284 330 1835 340">
    <p class='ocr_par' dir='ltr' id='par_1_23' title="bbox 1284 330 1835 340">
     <span class='ocr_line' id='line_1_46' title="bbox 1284 330 1835 340; baseline 0 0"><span class='ocrx_word' id='word_1_197' title='bbox 1284 330 1835 340; x_wconf 95' lang='lat' dir='ltr'> </span> 
     </span>
    </p>
   </div>
   <div class='ocr_carea' id='block_1_15' title="bbox 1008 362 1840 2805">
    <p class='ocr_par' dir='ltr' id='par_1_24' title="bbox 1009 362 1836 570">
     <span class='ocr_line' id='line_1_47' title="bbox 1061 362 1836 417; baseline 0.005 -15"><span class='ocrx_word' id='word_1_198' title='bbox 1061 362 1120 403; x_wconf 89' lang='lat' dir='ltr'>Ut</span> <span class='ocrx_word' id='word_1_199' title='bbox 1137 375 1225 403; x_wconf 90' lang='lat' dir='ltr'>non</span> <span class='ocrx_word' id='word_1_200' title='bbox 1244 363 1449 414; x_wconf 87' lang='lat' dir='ltr'>loquatur</span> <span class='ocrx_word' id='word_1_201' title='bbox 1468 377 1518 405; x_wconf 91' lang='lat' dir='ltr'>os</span> <span class='ocrx_word' id='word_1_202' title='bbox 1537 378 1681 405; x_wconf 92' lang='lat' dir='ltr'>meum</span> <span class='ocrx_word' id='word_1_203' title='bbox 1701 367 1836 417; x_wconf 71' lang='lat' dir='ltr'>Opera</span> 
     </span>
     <span class='ocr_line' id='line_1_48' title="bbox 1009 417 1835 472; baseline 0.006 -15"><span class='ocrx_word' id='word_1_204' title='bbox 1009 417 1246 459; x_wconf 84' lang='lat' dir='ltr'>h6minum:</span> <span class='ocrx_word' id='word_1_205' title='bbox 1274 420 1297 444; x_wconf 89' lang='lat'>*</span> <span class='ocrx_word' id='word_1_206' title='bbox 1325 425 1508 472; x_wconf 91' lang='lat' dir='ltr'>propter</span> <span class='ocrx_word' id='word_1_207' title='bbox 1535 421 1669 462; x_wconf 92' lang='lat' dir='ltr'>verba</span> <span class='ocrx_word' id='word_1_208' title='bbox 1700 421 1835 462; x_wconf 70' lang='lat' dir='ltr'>labia-</span> 
     </span>
     <span class='ocr_line' id='line_1_49' title="bbox 1010 476 1836 525; baseline 0.006 -12"><span class='ocrx_word' id='word_1_209' title='bbox 1010 486 1105 514; x_wconf 90' lang='lat' dir='ltr'>rum</span> <span class='ocrx_word' id='word_1_210' title='bbox 1145 477 1320 515; x_wconf 68' lang='lat' dir='ltr'>tuarum</span> <span class='ocrx_word' id='word_1_211' title='bbox 1361 488 1442 525; x_wconf 84' lang='lat' dir='ltr'>ego</span> <span class='ocrx_word' id='word_1_212' title='bbox 1487 476 1703 518; x_wconf 88' lang='lat' dir='ltr'>custodivi</span> <span class='ocrx_word' id='word_1_213' title='bbox 1744 478 1836 518; x_wconf 89' lang='lat' dir='ltr'>vias</span> 
     </span>
     <span class='ocr_line' id='line_1_50' title="bbox 1010 528 1153 570; baseline -0.007 0"><span class='ocrx_word' id='word_1_214' title='bbox 1010 528 1153 570; x_wconf 90' lang='lat' dir='ltr'>duras.</span> 
     </span>
    </p>

    <p class='ocr_par' dir='ltr' id='par_1_25' title="bbox 1008 589 1837 741">
     <span class='ocr_line' id='line_1_51' title="bbox 1061 589 1836 640; baseline 0.004 -11"><span class='ocrx_word' id='word_1_215' title='bbox 1061 589 1227 630; x_wconf 81' lang='lat' dir='ltr'>Perfice</span> <span class='ocrx_word' id='word_1_216' title='bbox 1255 603 1431 640; x_wconf 85' lang='lat' dir='ltr'>gressus</span> <span class='ocrx_word' id='word_1_217' title='bbox 1458 604 1581 632; x_wconf 91' lang='lat' dir='ltr'>meos</span> <span class='ocrx_word' id='word_1_218' title='bbox 1604 592 1647 631; x_wconf 94' lang='lat' dir='ltr'>in</span> <span class='ocrx_word' id='word_1_219' title='bbox 1673 593 1836 633; x_wconf 80' lang='lat' dir='ltr'>semitis</span> 
     </span>
     <span class='ocr_line' id='line_1_52' title="bbox 1008 645 1837 698; baseline 0.005 -13"><span class='ocrx_word' id='word_1_220' title='bbox 1008 645 1110 685; x_wconf 90' lang='lat' dir='ltr'>tuis:</span> <span class='ocrx_word' id='word_1_221' title='bbox 1134 646 1157 671; x_wconf 83' lang='lat'>*</span> <span class='ocrx_word' id='word_1_222' title='bbox 1181 650 1228 687; x_wconf 89' lang='lat' dir='ltr'>ut</span> <span class='ocrx_word' id='word_1_223' title='bbox 1256 658 1341 686; x_wconf 93' lang='lat' dir='ltr'>non</span> <span class='ocrx_word' id='word_1_224' title='bbox 1369 650 1627 688; x_wconf 88' lang='lat' dir='ltr'>moveantur</span> <span class='ocrx_word' id='word_1_225' title='bbox 1654 648 1837 698; x_wconf 86' lang='lat' dir='ltr'>vestigia</span> 
     </span>
     <span class='ocr_line' id='line_1_53' title="bbox 1008 713 1117 741; baseline 0.009 -1"><span class='ocrx_word' id='word_1_226' title='bbox 1008 713 1117 741; x_wconf 89' lang='lat' dir='ltr'>mea.</span> 
     </span>
    </p>

    <p class='ocr_par' dir='ltr' id='par_1_26' title="bbox 1009 761 1838 922">
     <span class='ocr_line' id='line_1_54' title="bbox 1060 761 1837 813; baseline 0.004 -12"><span class='ocrx_word' id='word_1_227' title='bbox 1060 761 1156 811; x_wconf 83' lang='lat' dir='ltr'>Ego</span> <span class='ocrx_word' id='word_1_228' title='bbox 1177 761 1376 811; x_wconf 86' lang='lat' dir='ltr'>clamavi,</span> <span class='ocrx_word' id='word_1_229' title='bbox 1397 763 1602 813; x_wconf 69' lang='lat' dir='ltr'>queniam</span> <span class='ocrx_word' id='word_1_230' title='bbox 1622 763 1837 804; x_wconf 82' lang='lat' dir='ltr'>exaudisti</span> 
     </span>
     <span class='ocr_line' id='line_1_55' title="bbox 1009 817 1838 859; baseline 0.004 -3"><span class='ocrx_word' id='word_1_231' title='bbox 1009 829 1078 857; x_wconf 93' lang='lat' dir='ltr'>me</span> <span class='ocrx_word' id='word_1_232' title='bbox 1115 817 1252 858; x_wconf 86' lang='lat' dir='ltr'>Deus:</span> <span class='ocrx_word' id='word_1_233' title='bbox 1283 818 1307 843; x_wconf 91' lang='lat'>*</span> <span class='ocrx_word' id='word_1_234' title='bbox 1339 818 1497 858; x_wconf 90' lang='lat' dir='ltr'>inclina</span> <span class='ocrx_word' id='word_1_235' title='bbox 1534 831 1682 859; x_wconf 93' lang='lat' dir='ltr'>aurem</span> <span class='ocrx_word' id='word_1_236' title='bbox 1718 824 1838 859; x_wconf 90' lang='lat' dir='ltr'>tuam</span> 
     </span>
     <span class='ocr_line' id='line_1_56' title="bbox 1010 872 1648 922; baseline 0.003 -10"><span class='ocrx_word' id='word_1_237' title='bbox 1010 872 1125 922; x_wconf 87' lang='lat' dir='ltr'>mihi,</span> <span class='ocrx_word' id='word_1_238' title='bbox 1145 879 1188 914; x_wconf 93' lang='lat' dir='ltr'>et</span> <span class='ocrx_word' id='word_1_239' title='bbox 1207 873 1366 914; x_wconf 79' lang='lat' dir='ltr'>exaudi</span> <span class='ocrx_word' id='word_1_240' title='bbox 1386 874 1521 915; x_wconf 88' lang='lat' dir='ltr'>verba</span> <span class='ocrx_word' id='word_1_241' title='bbox 1540 887 1648 915; x_wconf 90' lang='lat' dir='ltr'>mea.</span> 
     </span>
    </p>

    <p class='ocr_par' dir='ltr' id='par_1_27' title="bbox 1011 933 1838 1040">
     <span class='ocr_line' id='line_1_57' title="bbox 1062 933 1838 984; baseline 0.003 -12"><span class='ocrx_word' id='word_1_242' title='bbox 1062 933 1245 973; x_wconf 90' lang='lat' dir='ltr'>Mirifica</span> <span class='ocrx_word' id='word_1_243' title='bbox 1262 933 1584 974; x_wconf 70' lang='lat' dir='ltr'>misericerdias</span> <span class='ocrx_word' id='word_1_244' title='bbox 1603 938 1711 982; x_wconf 85' lang='lat' dir='ltr'>tuas,</span> <span class='ocrx_word' id='word_1_245' title='bbox 1725 933 1748 958; x_wconf 88' lang='lat'>*</span> <span class='ocrx_word' id='word_1_246' title='bbox 1766 934 1838 984; x_wconf 86' lang='lat' dir='ltr'>qui</span> 
     </span>
     <span class='ocr_line' id='line_1_58' title="bbox 1011 987 1666 1040; baseline 0 -12"><span class='ocrx_word' id='word_1_247' title='bbox 1011 987 1157 1028; x_wconf 89' lang='lat' dir='ltr'>salvos</span> <span class='ocrx_word' id='word_1_248' title='bbox 1177 989 1283 1030; x_wconf 85' lang='lat' dir='ltr'>facis</span> <span class='ocrx_word' id='word_1_249' title='bbox 1302 990 1529 1040; x_wconf 76' lang='lat' dir='ltr'>sperantes</span> <span class='ocrx_word' id='word_1_250' title='bbox 1550 989 1593 1029; x_wconf 93' lang='lat' dir='ltr'>in</span> <span class='ocrx_word' id='word_1_251' title='bbox 1611 994 1666 1030; x_wconf 90' lang='lat' dir='ltr'>te.</span> 
     </span>
    </p>

    <p class='ocr_par' dir='ltr' id='par_1_28' title="bbox 1012 1049 1838 1157">
     <span class='ocr_line' id='line_1_59' title="bbox 1062 1049 1838 1090; baseline 0.003 -2"><span class='ocrx_word' id='word_1_252' title='bbox 1062 1049 1103 1088; x_wconf 93' lang='lat' dir='ltr'><strong>A</strong></span> <span class='ocrx_word' id='word_1_253' title='bbox 1122 1049 1425 1090; x_wconf 83' lang='lat' dir='ltr'>resistentibus</span> <span class='ocrx_word' id='word_1_254' title='bbox 1449 1049 1642 1090; x_wconf 69' lang='lat' dir='ltr'>dexterae</span> <span class='ocrx_word' id='word_1_255' title='bbox 1661 1054 1748 1090; x_wconf 86' lang='lat' dir='ltr'>tuae</span> <span class='ocrx_word' id='word_1_256' title='bbox 1769 1062 1838 1090; x_wconf 89' lang='lat' dir='ltr'>cu-</span> 
     </span>
     <span class='ocr_line' id='line_1_60' title="bbox 1012 1103 1710 1157; baseline 0 -13"><span class='ocrx_word' id='word_1_257' title='bbox 1012 1103 1128 1145; x_wconf 64' lang='lat' dir='ltr'>stodi</span> <span class='ocrx_word' id='word_1_258' title='bbox 1146 1117 1227 1154; x_wconf 81' lang='lat' dir='ltr'>me,</span> <span class='ocrx_word' id='word_1_259' title='bbox 1246 1107 1270 1131; x_wconf 87' lang='lat'>*</span> <span class='ocrx_word' id='word_1_260' title='bbox 1289 1110 1336 1146; x_wconf 89' lang='lat' dir='ltr'>ut</span> <span class='ocrx_word' id='word_1_261' title='bbox 1354 1105 1567 1157; x_wconf 89' lang='lat' dir='ltr'>pupillam</span> <span class='ocrx_word' id='word_1_262' title='bbox 1585 1105 1710 1145; x_wconf 63' lang='lat' dir='ltr'>(iculi.</span> 
     </span>
    </p>

    <p class='ocr_par' dir='ltr' id='par_1_29' title="bbox 1010 1164 1840 1317">
     <span class='ocr_line' id='line_1_61' title="bbox 1063 1164 1836 1216; baseline 0.001 -12"><span class='ocrx_word' id='word_1_263' title='bbox 1063 1164 1152 1205; x_wconf 89' lang='lat' dir='ltr'>Sub</span> <span class='ocrx_word' id='word_1_264' title='bbox 1179 1164 1334 1205; x_wconf 91' lang='lat' dir='ltr'>umbra</span> <span class='ocrx_word' id='word_1_265' title='bbox 1357 1164 1524 1205; x_wconf 87' lang='lat' dir='ltr'>alarum</span> <span class='ocrx_word' id='word_1_266' title='bbox 1545 1167 1718 1205; x_wconf 88' lang='lat' dir='ltr'>tuarum</span> <span class='ocrx_word' id='word_1_267' title='bbox 1738 1166 1836 1216; x_wconf 80' lang='lat' dir='ltr'>pr6-</span> 
     </span>
     <span class='ocr_line' id='line_1_62' title="bbox 1010 1220 1840 1272; baseline -0.001 -12"><span class='ocrx_word' id='word_1_268' title='bbox 1010 1224 1110 1270; x_wconf 86' lang='lat' dir='ltr'>tege</span> <span class='ocrx_word' id='word_1_269' title='bbox 1138 1233 1222 1260; x_wconf 91' lang='lat' dir='ltr'>me:</span> <span class='ocrx_word' id='word_1_270' title='bbox 1252 1221 1275 1246; x_wconf 86' lang='lat'>*</span> <span class='ocrx_word' id='word_1_271' title='bbox 1303 1233 1328 1260; x_wconf 91' lang='lat' dir='ltr'>a</span> <span class='ocrx_word' id='word_1_272' title='bbox 1361 1220 1470 1261; x_wconf 87' lang='lat' dir='ltr'>faeie</span> <span class='ocrx_word' id='word_1_273' title='bbox 1502 1220 1736 1272; x_wconf 68' lang='lat' dir='ltr'>impierum</span> <span class='ocrx_word' id='word_1_274' title='bbox 1765 1220 1840 1271; x_wconf 91' lang='lat' dir='ltr'>qui</span> 
     </span>
     <span class='ocr_line' id='line_1_63' title="bbox 1011 1275 1359 1317; baseline 0 -2"><span class='ocrx_word' id='word_1_275' title='bbox 1011 1288 1080 1316; x_wconf 93' lang='lat' dir='ltr'>me</span> <span class='ocrx_word' id='word_1_276' title='bbox 1101 1275 1359 1317; x_wconf 83' lang='lat' dir='ltr'>afflixerunt.</span> 
     </span>
    </p>

    <p class='ocr_par' dir='ltr' id='par_1_30' title="bbox 1013 1335 1839 1555">
     <span class='ocr_line' id='line_1_64' title="bbox 1063 1335 1838 1376; baseline 0 -1"><span class='ocrx_word' id='word_1_277' title='bbox 1063 1336 1230 1376; x_wconf 80' lang='lat' dir='ltr'>Inimici</span> <span class='ocrx_word' id='word_1_278' title='bbox 1263 1336 1349 1376; x_wconf 91' lang='lat' dir='ltr'>mei</span> <span class='ocrx_word' id='word_1_279' title='bbox 1377 1336 1563 1376; x_wconf 88' lang='lat' dir='ltr'>animam</span> <span class='ocrx_word' id='word_1_280' title='bbox 1591 1348 1732 1375; x_wconf 92' lang='lat' dir='ltr'>meam</span> <span class='ocrx_word' id='word_1_281' title='bbox 1760 1335 1838 1375; x_wconf 88' lang='lat' dir='ltr'>eir-</span> 
     </span>
     <span class='ocr_line' id='line_1_65' title="bbox 1013 1390 1838 1443; baseline -0.001 -11"><span class='ocrx_word' id='word_1_282' title='bbox 1013 1390 1343 1439; x_wconf 79' lang='lat' dir='ltr'>eumdederunt‚</span> <span class='ocrx_word' id='word_1_283' title='bbox 1382 1390 1557 1443; x_wconf 78' lang='lat' dir='ltr'>adipem</span> <span class='ocrx_word' id='word_1_284' title='bbox 1585 1405 1710 1431; x_wconf 94' lang='lat' dir='ltr'>suum</span> <span class='ocrx_word' id='word_1_285' title='bbox 1739 1403 1838 1431; x_wconf 88' lang='lat' dir='ltr'>eon-</span> 
     </span>
     <span class='ocr_line' id='line_1_66' title="bbox 1013 1446 1839 1488; baseline 0 -1"><span class='ocrx_word' id='word_1_286' title='bbox 1013 1447 1247 1488; x_wconf 85' lang='lat' dir='ltr'>eluserunt:</span> <span class='ocrx_word' id='word_1_287' title='bbox 1266 1448 1290 1472; x_wconf 89' lang='lat'>*</span> <span class='ocrx_word' id='word_1_288' title='bbox 1310 1460 1360 1488; x_wconf 91' lang='lat' dir='ltr'>os</span> <span class='ocrx_word' id='word_1_289' title='bbox 1387 1449 1538 1488; x_wconf 69' lang='lat' dir='ltr'>earum</span> <span class='ocrx_word' id='word_1_290' title='bbox 1556 1446 1752 1487; x_wconf 81' lang='lat' dir='ltr'>locutum</span> <span class='ocrx_word' id='word_1_291' title='bbox 1772 1451 1839 1487; x_wconf 91' lang='lat' dir='ltr'>est</span> 
     </span>
     <span class='ocr_line' id='line_1_67' title="bbox 1013 1502 1271 1555; baseline -0.004 -12"><span class='ocrx_word' id='word_1_292' title='bbox 1013 1502 1271 1555; x_wconf 83' lang='lat' dir='ltr'>superbiam.</span> 
     </span>
    </p>

    <p class='ocr_par' dir='ltr' id='par_1_31' title="bbox 1013 1561 1838 1715">
     <span class='ocr_line' id='line_1_68' title="bbox 1064 1561 1837 1614; baseline 0 -12"><span class='ocrx_word' id='word_1_293' title='bbox 1064 1563 1346 1614; x_wconf 80' lang='lat' dir='ltr'>Projieientes</span> <span class='ocrx_word' id='word_1_294' title='bbox 1369 1575 1438 1602; x_wconf 92' lang='lat' dir='ltr'>me</span> <span class='ocrx_word' id='word_1_295' title='bbox 1462 1575 1576 1602; x_wconf 90' lang='lat' dir='ltr'>nune</span> <span class='ocrx_word' id='word_1_296' title='bbox 1600 1561 1837 1602; x_wconf 87' lang='lat' dir='ltr'>circumde-</span> 
     </span>
     <span class='ocr_line' id='line_1_69' title="bbox 1014 1617 1838 1659; baseline -0.002 0"><span class='ocrx_word' id='word_1_297' title='bbox 1014 1617 1170 1659; x_wconf 79' lang='lat' dir='ltr'>derunt</span> <span class='ocrx_word' id='word_1_298' title='bbox 1196 1631 1281 1659; x_wconf 88' lang='lat' dir='ltr'>me:</span> <span class='ocrx_word' id='word_1_299' title='bbox 1308 1618 1331 1642; x_wconf 90' lang='lat'>*</span> <span class='ocrx_word' id='word_1_300' title='bbox 1361 1617 1514 1658; x_wconf 69' lang='lat' dir='ltr'>oculos</span> <span class='ocrx_word' id='word_1_301' title='bbox 1547 1630 1650 1658; x_wconf 91' lang='lat' dir='ltr'>suos</span> <span class='ocrx_word' id='word_1_302' title='bbox 1681 1619 1838 1657; x_wconf 80' lang='lat' dir='ltr'>statue-</span> 
     </span>
     <span class='ocr_line' id='line_1_70' title="bbox 1013 1673 1603 1715; baseline -0.003 -1"><span class='ocrx_word' id='word_1_303' title='bbox 1013 1680 1112 1715; x_wconf 94' lang='lat' dir='ltr'>runt</span> <span class='ocrx_word' id='word_1_304' title='bbox 1132 1673 1350 1715; x_wconf 84' lang='lat' dir='ltr'>declinare</span> <span class='ocrx_word' id='word_1_305' title='bbox 1369 1673 1412 1713; x_wconf 93' lang='lat' dir='ltr'>in</span> <span class='ocrx_word' id='word_1_306' title='bbox 1432 1678 1603 1714; x_wconf 87' lang='lat' dir='ltr'>terram.</span> 
     </span>
    </p>

    <p class='ocr_par' dir='ltr' id='par_1_32' title="bbox 1012 1731 1840 1887">
     <span class='ocr_line' id='line_1_71' title="bbox 1064 1731 1838 1786; baseline -0.004 -11"><span class='ocrx_word' id='word_1_307' title='bbox 1064 1734 1360 1786; x_wconf 83' lang='lat' dir='ltr'>Susceperunt</span> <span class='ocrx_word' id='word_1_308' title='bbox 1385 1745 1454 1773; x_wconf 92' lang='lat' dir='ltr'>me</span> <span class='ocrx_word' id='word_1_309' title='bbox 1483 1733 1594 1773; x_wconf 88' lang='lat' dir='ltr'>sicut</span> <span class='ocrx_word' id='word_1_310' title='bbox 1621 1731 1691 1773; x_wconf 93' lang='lat' dir='ltr'>leo</span> <span class='ocrx_word' id='word_1_311' title='bbox 1715 1734 1838 1783; x_wconf 90' lang='lat' dir='ltr'>para-</span> 
     </span>
     <span class='ocr_line' id='line_1_72' title="bbox 1012 1787 1840 1842; baseline -0.006 -11"><span class='ocrx_word' id='word_1_312' title='bbox 1012 1795 1082 1831; x_wconf 87' lang='lat' dir='ltr'>tus</span> <span class='ocrx_word' id='word_1_313' title='bbox 1107 1789 1164 1830; x_wconf 86' lang='lat' dir='ltr'>ad</span> <span class='ocrx_word' id='word_1_314' title='bbox 1188 1787 1442 1842; x_wconf 87' lang='lat' dir='ltr'>p:raedam*</span> <span class='ocrx_word' id='word_1_315' title='bbox 1468 1794 1510 1828; x_wconf 89' lang='lat' dir='ltr'>et</span> <span class='ocrx_word' id='word_1_316' title='bbox 1534 1788 1646 1827; x_wconf 89' lang='lat' dir='ltr'>sicut</span> <span class='ocrx_word' id='word_1_317' title='bbox 1671 1787 1840 1827; x_wconf 84' lang='lat' dir='ltr'>catulus</span> 
     </span>
     <span class='ocr_line' id='line_1_73' title="bbox 1012 1841 1622 1887; baseline -0.007 -1"><span class='ocrx_word' id='word_1_318' title='bbox 1012 1846 1152 1887; x_wconf 69' lang='lat' dir='ltr'>leanis</span> <span class='ocrx_word' id='word_1_319' title='bbox 1170 1844 1400 1886; x_wconf 88' lang='lat' dir='ltr'>habitans</span> <span class='ocrx_word' id='word_1_320' title='bbox 1389 1857 1432 1884; x_wconf 90' lang='lat' dir='ltr'>m</span> <span class='ocrx_word' id='word_1_321' title='bbox 1451 1841 1622 1883; x_wconf 89' lang='lat' dir='ltr'>abditis.</span> 
     </span>
    </p>

    <p class='ocr_par' dir='ltr' id='par_1_33' title="bbox 1012 1902 1840 2113">
     <span class='ocr_line' id='line_1_74' title="bbox 1064 1902 1838 1969; baseline -0.005 -24"><span class='ocrx_word' id='word_1_322' title='bbox 1064 1906 1263 1955; x_wconf 79' lang='lat' dir='ltr'>Exsurge</span> <span class='ocrx_word' id='word_1_323' title='bbox 1282 1904 1485 1951; x_wconf 71' lang='lat' dir='ltr'>Damine,</span> <span class='ocrx_word' id='word_1_324' title='bbox 1511 1902 1720 1969; x_wconf 82' lang='lat' dir='ltr'>praeveni</span> <span class='ocrx_word' id='word_1_325' title='bbox 1729 1915 1838 1950; x_wconf 90' lang='lat' dir='ltr'>eum,</span> 
     </span>
     <span class='ocr_line' id='line_1_75' title="bbox 1014 1957 1840 2027; baseline -0.007 -25"><span class='ocrx_word' id='word_1_326' title='bbox 1014 1966 1057 2002; x_wconf 90' lang='lat' dir='ltr'>et</span> <span class='ocrx_word' id='word_1_327' title='bbox 1080 1960 1314 2027; x_wconf 83' lang='lat' dir='ltr'>supplanta</span> <span class='ocrx_word' id='word_1_328' title='bbox 1339 1972 1451 2000; x_wconf 90' lang='lat' dir='ltr'>eum.</span> <span class='ocrx_word' id='word_1_329' title='bbox 1471 1959 1494 1983; x_wconf 83' lang='grc'>*</span> <span class='ocrx_word' id='word_1_330' title='bbox 1515 1958 1634 2010; x_wconf 81' lang='lat' dir='ltr'>eripe</span> <span class='ocrx_word' id='word_1_331' title='bbox 1654 1957 1840 1997; x_wconf 92' lang='lat' dir='ltr'>animam</span> 
     </span>
     <span class='ocr_line' id='line_1_76' title="bbox 1013 2012 1838 2067; baseline -0.006 -9"><span class='ocrx_word' id='word_1_332' title='bbox 1013 2030 1156 2058; x_wconf 86' lang='lat' dir='ltr'>meam</span> <span class='ocrx_word' id='word_1_333' title='bbox 1175 2015 1230 2057; x_wconf 92' lang='lat' dir='ltr'>ab</span> <span class='ocrx_word' id='word_1_334' title='bbox 1250 2015 1402 2067; x_wconf 86' lang='lat' dir='ltr'>impio,</span> <span class='ocrx_word' id='word_1_335' title='bbox 1421 2014 1628 2054; x_wconf 90' lang='lat' dir='ltr'>frameam</span> <span class='ocrx_word' id='word_1_336' title='bbox 1645 2018 1765 2054; x_wconf 86' lang='lat' dir='ltr'>tuam</span> <span class='ocrx_word' id='word_1_337' title='bbox 1784 2012 1838 2053; x_wconf 90' lang='lat' dir='ltr'>ab</span> 
     </span>
     <span class='ocr_line' id='line_1_77' title="bbox 1012 2072 1487 2113; baseline -0.006 0"><span class='ocrx_word' id='word_1_338' title='bbox 1012 2072 1195 2113; x_wconf 89' lang='lat' dir='ltr'>inimicis</span> <span class='ocrx_word' id='word_1_339' title='bbox 1215 2084 1369 2112; x_wconf 87' lang='lat' dir='ltr'>manus</span> <span class='ocrx_word' id='word_1_340' title='bbox 1388 2075 1487 2111; x_wconf 88' lang='lat' dir='ltr'>tuae.</span> 
     </span>
    </p>

    <p class='ocr_par' dir='ltr' id='par_1_34' title="bbox 1034 2127 1839 2183">
     <span class='ocr_line' id='line_1_78' title="bbox 1034 2127 1839 2183; baseline -0.006 -10"><span class='ocrx_word' id='word_1_341' title='bbox 1034 2144 1037 2145; x_wconf 50' lang='lat'><em>⁷</em></span> <span class='ocrx_word' id='word_1_342' title='bbox 1063 2132 1251 2173; x_wconf 69' lang='lat' dir='ltr'>Demine</span> <span class='ocrx_word' id='word_1_343' title='bbox 1271 2144 1295 2172; x_wconf 90' lang='lat' dir='ltr'>a</span> <span class='ocrx_word' id='word_1_344' title='bbox 1314 2130 1466 2183; x_wconf 87' lang='lat' dir='ltr'>paucis</span> <span class='ocrx_word' id='word_1_345' title='bbox 1485 2128 1540 2170; x_wconf 90' lang='lat' dir='ltr'>de</span> <span class='ocrx_word' id='word_1_346' title='bbox 1558 2133 1675 2170; x_wconf 87' lang='lat' dir='ltr'>terra</span> <span class='ocrx_word' id='word_1_347' title='bbox 1694 2127 1839 2169; x_wconf 86' lang='lat' dir='ltr'>divide</span> 
     </span>
    </p>

    <p class='ocr_par' dir='ltr' id='par_1_35' title="bbox 1014 2183 1839 2340">
     <span class='ocr_line' id='line_1_79' title="bbox 1014 2183 1838 2229; baseline -0.007 0"><span class='ocrx_word' id='word_1_348' title='bbox 1014 2201 1091 2229; x_wconf 92' lang='lat' dir='ltr'>eos</span> <span class='ocrx_word' id='word_1_349' title='bbox 1126 2188 1169 2227; x_wconf 92' lang='lat' dir='ltr'>in</span> <span class='ocrx_word' id='word_1_350' title='bbox 1204 2187 1293 2228; x_wconf 88' lang='lat' dir='ltr'>vita</span> <span class='ocrx_word' id='word_1_351' title='bbox 1326 2188 1491 2227; x_wconf 70' lang='lat' dir='ltr'>earum:</span> <span class='ocrx_word' id='word_1_352' title='bbox 1518 2185 1542 2210; x_wconf 88' lang='lat'>*</span> <span class='ocrx_word' id='word_1_353' title='bbox 1568 2183 1623 2225; x_wconf 91' lang='lat' dir='ltr'>de</span> <span class='ocrx_word' id='word_1_354' title='bbox 1658 2183 1838 2224; x_wconf 76' lang='lat' dir='ltr'>abscc&#39;m-</span> 
     </span>
     <span class='ocr_line' id='line_1_80' title="bbox 1014 2240 1839 2293; baseline -0.007 -9"><span class='ocrx_word' id='word_1_355' title='bbox 1014 2243 1115 2285; x_wconf 88' lang='lat' dir='ltr'>ditis</span> <span class='ocrx_word' id='word_1_356' title='bbox 1154 2243 1240 2284; x_wconf 92' lang='lat' dir='ltr'>tuis</span> <span class='ocrx_word' id='word_1_357' title='bbox 1282 2240 1545 2293; x_wconf 76' lang='lat' dir='ltr'>adimpletus</span> <span class='ocrx_word' id='word_1_358' title='bbox 1585 2244 1652 2280; x_wconf 87' lang='lat' dir='ltr'>est</span> <span class='ocrx_word' id='word_1_359' title='bbox 1688 2243 1839 2279; x_wconf 89' lang='lat' dir='ltr'>venter</span> 
     </span>
     <span class='ocr_line' id='line_1_81' title="bbox 1014 2301 1176 2340; baseline -0.012 0"><span class='ocrx_word' id='word_1_360' title='bbox 1014 2301 1176 2340; x_wconf 67' lang='lat' dir='ltr'>earum.</span> 
     </span>
    </p>

    <p class='ocr_par' dir='ltr' id='par_1_36' title="bbox 1014 2352 1837 2464">
     <span class='ocr_line' id='line_1_82' title="bbox 1064 2352 1837 2399; baseline -0.01 1"><span class='ocrx_word' id='word_1_361' title='bbox 1064 2357 1253 2399; x_wconf 88' lang='lat' dir='ltr'>Saturati</span> <span class='ocrx_word' id='word_1_362' title='bbox 1282 2362 1381 2398; x_wconf 90' lang='lat' dir='ltr'>sunt</span> <span class='ocrx_word' id='word_1_363' title='bbox 1405 2355 1519 2396; x_wconf 83' lang='lat' dir='ltr'>filiis:</span> <span class='ocrx_word' id='word_1_364' title='bbox 1546 2355 1570 2380; x_wconf 87' lang='lat'>*</span> <span class='ocrx_word' id='word_1_365' title='bbox 1599 2359 1641 2395; x_wconf 92' lang='lat' dir='ltr'>et</span> <span class='ocrx_word' id='word_1_366' title='bbox 1669 2352 1837 2394; x_wconf 80' lang='lat' dir='ltr'>dimise-</span> 
     </span>
     <span class='ocr_line' id='line_1_83' title="bbox 1014 2408 1788 2464; baseline -0.01 -9"><span class='ocrx_word' id='word_1_367' title='bbox 1014 2419 1113 2455; x_wconf 91' lang='lat' dir='ltr'>runt</span> <span class='ocrx_word' id='word_1_368' title='bbox 1131 2413 1337 2464; x_wconf 84' lang='lat' dir='ltr'>reliquias</span> <span class='ocrx_word' id='word_1_369' title='bbox 1357 2425 1457 2453; x_wconf 85' lang='lat' dir='ltr'>suas</span> <span class='ocrx_word' id='word_1_370' title='bbox 1476 2408 1668 2462; x_wconf 84' lang='lat' dir='ltr'>parvulis</span> <span class='ocrx_word' id='word_1_371' title='bbox 1688 2408 1788 2448; x_wconf 84' lang='lat' dir='ltr'>suis.</span> 
     </span>
    </p>

    <p class='ocr_par' dir='ltr' id='par_1_37' title="bbox 1014 2466 1838 2637">
     <span class='ocr_line' id='line_1_84' title="bbox 1066 2466 1838 2524; baseline -0.009 -10"><span class='ocrx_word' id='word_1_372' title='bbox 1066 2474 1160 2524; x_wconf 86' lang='lat' dir='ltr'>Ego</span> <span class='ocrx_word' id='word_1_373' title='bbox 1193 2477 1338 2513; x_wconf 84' lang='lat' dir='ltr'>autem</span> <span class='ocrx_word' id='word_1_374' title='bbox 1364 2471 1408 2511; x_wconf 90' lang='lat' dir='ltr'>in</span> <span class='ocrx_word' id='word_1_375' title='bbox 1429 2469 1590 2521; x_wconf 87' lang='lat' dir='ltr'>justitia</span> <span class='ocrx_word' id='word_1_376' title='bbox 1615 2466 1838 2519; x_wconf 81' lang='lat' dir='ltr'>apparebo</span> 
     </span>
     <span class='ocr_line' id='line_1_85' title="bbox 1015 2523 1838 2580; baseline -0.01 -10"><span class='ocrx_word' id='word_1_377' title='bbox 1015 2527 1270 2580; x_wconf 83' lang='lat' dir='ltr'>conspectui</span> <span class='ocrx_word' id='word_1_378' title='bbox 1283 2532 1375 2568; x_wconf 88' lang='lat' dir='ltr'>tuo:</span> <span class='ocrx_word' id='word_1_379' title='bbox 1393 2527 1416 2551; x_wconf 85' lang='grc'>*</span> <span class='ocrx_word' id='word_1_380' title='bbox 1436 2523 1631 2566; x_wconf 86' lang='lat' dir='ltr'>satiabor</span> <span class='ocrx_word' id='word_1_381' title='bbox 1649 2535 1747 2563; x_wconf 88' lang='lat' dir='ltr'>cum</span> <span class='ocrx_word' id='word_1_382' title='bbox 1766 2535 1838 2574; x_wconf 90' lang='lat' dir='ltr'>ap-</span> 
     </span>
     <span class='ocr_line' id='line_1_86' title="bbox 1014 2582 1469 2637; baseline -0.009 -12"><span class='ocrx_word' id='word_1_383' title='bbox 1014 2584 1209 2637; x_wconf 82' lang='lat' dir='ltr'>paruerit</span> <span class='ocrx_word' id='word_1_384' title='bbox 1227 2582 1365 2633; x_wconf 70' lang='lat' dir='ltr'>glaria</span> <span class='ocrx_word' id='word_1_385' title='bbox 1383 2586 1469 2622; x_wconf 87' lang='lat' dir='ltr'>tua</span> 
     </span>
    </p>

    <p class='ocr_par' dir='ltr' id='par_1_38' title="bbox 1014 2639 1840 2805">
     <span class='ocr_line' id='line_1_87' title="bbox 1068 2639 1840 2690; baseline -0.003 -11"><span class='ocrx_word' id='word_1_386' title='bbox 1068 2639 1167 2679; x_wconf 90' lang='lat' dir='ltr'>Ant.</span> <span class='ocrx_word' id='word_1_387' title='bbox 1211 2639 1324 2682; x_wconf 87' lang='lat' dir='ltr'>Ante</span> <span class='ocrx_word' id='word_1_388' title='bbox 1362 2640 1604 2681; x_wconf 69' lang='lat' dir='ltr'>orationem</span> <span class='ocrx_word' id='word_1_389' title='bbox 1639 2640 1840 2690; x_wconf 87' lang='lat' dir='ltr'>praepara</span> 
     </span>
     <span class='ocr_line' id='line_1_88' title="bbox 1015 2693 1839 2744; baseline -0.01 -4"><span class='ocrx_word' id='word_1_390' title='bbox 1015 2699 1203 2740; x_wconf 89' lang='lat' dir='ltr'>animam</span> <span class='ocrx_word' id='word_1_391' title='bbox 1229 2702 1365 2744; x_wconf 84' lang='lat' dir='ltr'>tuam,</span> <span class='ocrx_word' id='word_1_392' title='bbox 1403 2700 1446 2736; x_wconf 92' lang='lat' dir='ltr'>et</span> <span class='ocrx_word' id='word_1_393' title='bbox 1474 2694 1563 2735; x_wconf 91' lang='lat' dir='ltr'>noli</span> <span class='ocrx_word' id='word_1_394' title='bbox 1591 2706 1686 2734; x_wconf 92' lang='lat' dir='ltr'>esse</span> <span class='ocrx_word' id='word_1_395' title='bbox 1715 2693 1839 2744; x_wconf 88' lang='lat' dir='ltr'>quasi</span> 
     </span>
     <span class='ocr_line' id='line_1_89' title="bbox 1014 2751 1569 2805; baseline -0.013 -9"><span class='ocrx_word' id='word_1_396' title='bbox 1014 2754 1147 2796; x_wconf 93' lang='lat' dir='ltr'>homo</span> <span class='ocrx_word' id='word_1_397' title='bbox 1168 2753 1242 2805; x_wconf 91' lang='lat' dir='ltr'>qui</span> <span class='ocrx_word' id='word_1_398' title='bbox 1260 2755 1398 2792; x_wconf 88' lang='lat' dir='ltr'>tentat</span> <span class='ocrx_word' id='word_1_399' title='bbox 1416 2751 1569 2791; x_wconf 90' lang='lat' dir='ltr'>Deum.</span> 
     </span>
    </p>
   </div>
   <div class='ocr_carea' id='block_1_16' title="bbox 64 202 1901 2858">
    <p class='ocr_par' dir='ltr' id='par_1_39' title="bbox 64 202 1901 2858">
     <span class='ocr_line' id='line_1_90' title="bbox 64 202 1901 2858; baseline 0 0"><span class='ocrx_word' id='word_1_400' title='bbox 64 202 1901 2858; x_wconf 95' lang='lat' dir='ltr'> </span> 
     </span>
    </p>
   </div>
  </div>
 </body>
</html>
