2040 2990
731 205 771 238 ln
797 205 1099 239 Circumcisione
1123 205 1289 240 Domini.

163 297 310 339 futuri:
338 311 438 339 nam
466 304 510 340 et
536 299 808 342 circumcisio
835 313 990 352 purga-

163 354 329 396 tionem
348 355 565 407 significat
585 355 856 398 delictorum.

211 414 262 466 Rz.
297 410 457 452 Sancta
486 417 529 453 et
557 412 789 454 imaculata
817 412 989 464 virgini-

162 470 240 516 tas,
261 467 419 519 quibus
438 473 482 509 te
502 468 705 511 laudibus
724 469 902 511 efferam
918 471 989 510 ne-

162 523 270 564 scio:
284 529 307 552 *
322 524 433 575 Quia
453 537 583 577 quem
603 526 704 567 coeli
723 528 882 579 capere
900 538 989 567 non

161 581 383 631 peterant,
428 587 504 623 tuo
547 583 715 633 gremio
751 582 987 624 contulisti.

157 634 208 686 V.
237 636 479 679 Benedicta
504 643 553 679 tu
579 639 624 679 in
649 639 916 688 mulieribus,
946 644 989 680 et

159 690 419 735 benedictus
472 694 638 736 fructus
689 696 854 737 ventris
913 695 988 736 tui.

159 749 282 799 Quia.

214 807 374 848 Bened.
422 807 629 849 Divinum
660 808 869 849 auxilium
899 811 987 850 ma—

158 865 271 902 neat.

443 916 595 958 Lectio
615 918 697 957 viii.

157 964 282 1073 Sed
308 972 514 1023 quoniam
539 986 681 1026 prona
701 975 891 1026 quadam
916 990 985 1018 cu-

233 1027 420 1079 piditate
438 1029 662 1082 peccandi,
676 1030 878 1074 humanae
894 1046 983 1075 ear-

155 1083 222 1124 nis
242 1087 287 1125 et
303 1085 462 1126 mentis
482 1086 692 1137 fragilitas
711 1087 984 1132 inextricabi-

155 1138 269 1182 libus
286 1141 403 1183 vitiis
422 1142 681 1195 implicatur,
702 1157 755 1186 eo
770 1158 850 1198 per
867 1149 984 1188 octa-

154 1209 259 1238 vum
299 1197 644 1241 circumcisionis
687 1200 804 1243 diem
842 1203 984 1256 culpae

156 1256 292 1295 totius
307 1254 452 1296 futura
466 1257 681 1308 purgatio,
700 1261 983 1301 resurrectio-

153 1309 221 1350 nis
240 1311 606 1363 praefigurabatur
626 1316 768 1356 aetate.
796 1316 896 1358 Hoc
917 1322 984 1358 est

154 1366 270 1407 enim
306 1367 428 1409 illud:
470 1369 582 1419 Quia
619 1383 748 1412 omne
784 1373 982 1414 masculi-

152 1435 257 1463 num
281 1423 542 1477 adaperiens
566 1426 756 1478 vulvam,
784 1435 983 1471 sanctum

152 1478 343 1522 Demino
377 1481 617 1524 vocabitur.
671 1484 832 1526 Verbis
867 1486 982 1527 enim

152 1534 261 1586 legis
291 1538 632 1589 promittebatur
656 1541 851 1593 Virginis
885 1556 981 1595 par-

152 1595 234 1633 tus.
269 1593 327 1635 Et
351 1607 454 1637 vere
482 1601 677 1647 sanctus,
709 1598 811 1650 quia
834 1599 981 1641 imma-

153 1648 334 1692 culatus.
368 1651 570 1705 Denique
595 1653 740 1706 ipsum
764 1668 879 1706 esse,
908 1657 981 1709 qui

151 1704 248 1758 lege
267 1707 478 1759 signetur,
503 1709 547 1750 in
573 1710 776 1752 eumdem
800 1712 981 1754 modum

152 1760 207 1804 ab
240 1762 412 1816 Angelo
448 1769 638 1818 repetita
669 1768 805 1810 verba
838 1768 980 1811 decla-

152 1824 264 1862 rant:
293 1821 424 1871 Quod
443 1824 662 1875 nascetur,
690 1824 848 1877 inquit,
876 1825 980 1867 San-

152 1879 281 1927 ctum,
301 1877 532 1920 vocabitur
550 1878 685 1921 Filius
704 1881 798 1922 Dei.

207 1936 258 1987 Rz.
279 1933 492 1976 Nesciens
515 1940 656 1977 mater
679 1937 802 1989 virgo
828 1938 978 1988 virum,

151 1990 324 2042 peperit
348 1991 440 2032 sine
465 1990 634 2033 dolere:
659 1994 682 2017 *
706 1993 978 2036 Salvaterem

151 2046 424 2099 saeculerum,
443 2049 588 2101 ipsum
608 2049 775 2099 Regem
790 2050 977 2102 Angele-

152 2114 264 2153 rum,
289 2103 383 2145 sola
402 2105 526 2174 virgo
550 2105 743 2148 lactabat
761 2106 896 2148 ubere
923 2107 978 2148 de

153 2158 266 2200 coelo
285 2160 428 2212 pleno.
467 2161 518 2207 V.
538 2161 709 2204 Domus
733 2163 881 2215 pudici
906 2165 977 2216 pe-

152 2215 286 2257 ctoris
305 2217 518 2270 templum
538 2220 720 2270 repente
740 2220 789 2260 fit
803 2220 899 2261 Dei:
917 2221 977 2261 in·

150 2273 270 2313 tacta
288 2274 486 2315 nesciens
503 2274 655 2325 virum,
674 2275 809 2317 verbo
827 2279 977 2318 conce-

150 2327 215 2379 pit
233 2328 401 2370 Filium.
421 2330 707 2373 Salvatorem.
734 2332 884 2374 Gloria
898 2334 975 2374 Pa-

150 2384 217 2424 tri.
244 2384 528 2428 Salvatorem.

452 2448 603 2489 Lectio
624 2450 677 2488 ix.

158 2495 327 2602 Solus
361 2503 474 2544 enim
503 2517 582 2556 per
608 2505 753 2546 emnia
781 2519 835 2546 ex
863 2505 974 2546 natis

230 2555 284 2597 de
303 2557 462 2600 femina
481 2565 657 2601 sanctus
677 2561 892 2602 Deminus
908 2561 932 2601 J
935 2574 974 2602 e-

151 2624 242 2660 suS,
280 2613 353 2664 qui
380 2617 566 2657 terrenae
597 2618 801 2668 contagia
829 2630 973 2658 corru-

150 2667 297 2719 ptelae,
322 2669 589 2714 immaculati
608 2678 760 2726 partus
779 2673 973 2715 novitate
997 2706 1000 2711 .

150 2736 237 2764 non
258 2726 460 2776 senserit,
489 2733 533 2769 et
554 2729 725 2770 coelesti
747 2731 973 2781 majestate

1045 299 1275 353 depulerit.
1308 301 1423 342 Nam
1447 303 1484 344 si
1507 303 1698 346 litteram
1718 307 1870 356 sequa-

1043 370 1155 398 mur:
1179 358 1403 409 quomodo
1429 364 1605 401 sanctus
1624 361 1764 402 omnis
1783 364 1869 402 ma-

1044 414 1202 464 sculus,
1218 427 1316 455 cum
1330 415 1491 457 multos
1508 417 1869 461 sceleratissimos

1042 469 1177 512 fuisse
1205 484 1294 512 non
1321 471 1478 513 lateat?
1519 473 1743 525 Numquid
1774 487 1868 515 san-

1043 531 1139 568 ctus
1150 526 1328 569 Achab?
1350 528 1575 581 Numquid
1589 531 1727 571 sancti
1743 543 1867 582 pseu-

1044 583 1352 637 doprophetae,
1383 598 1492 637 quos
1512 585 1568 627 ad
1587 586 1694 627 Eliae
1714 600 1867 640 preces

1042 640 1158 681 ultor
1178 641 1371 683 coelestis
1390 642 1557 694 injuriae
1572 643 1683 693 ignis
1698 643 1867 684 absum-

1041 695 1151 748 psit?
1184 698 1271 739 Sed
1290 697 1363 739 ille
1383 704 1577 748 sanctus,
1605 712 1734 750 quem
1759 700 1802 740 in
1821 700 1866 740 fi-

1040 757 1150 805 gura
1168 754 1303 796 futuri
1324 756 1521 807 mysterii
1540 756 1613 808 pia
1632 755 1741 807 legis
1762 756 1866 797 divi-

1041 823 1109 851 nae
1128 814 1389 865 praescripta
1408 812 1654 864 signabant3
1675 824 1727 853 eo
1748 813 1866 864 quod

1041 867 1160 909 solus
1187 874 1352 910 sanctae
1370 869 1582 910 Ecclesiae
1607 869 1786 919 virginis
1811 869 1866 910 ad

1039 925 1315 974 generandos
1334 925 1525 978 pepulos
1545 926 1643 975 Dei,
1663 926 1865 966 immacu-

1039 979 1141 1022 latae
1159 981 1460 1024 foecunditatis
1475 985 1663 1035 aperiret
1678 983 1866 1032 genitale

1040 1040 1268 1079 secretum.

1096 1096 1157 1136 Te
1176 1095 1320 1136 Deum
1339 1095 1577 1137 laudamus.
1606 1096 1664 1135 14.

1303 1177 1382 1217 Ad
1407 1177 1603 1218 Laudes

1245 1242 1295 1272 et
1333 1249 1430 1281 per
1470 1238 1661 1272 Horas.

1091 1295 1190 1335 Ant.
1220 1296 1249 1334 1.
1294 1295 1330 1333 O
1365 1295 1622 1336 admirabile
1654 1298 1863 1336 commer-

1038 1351 1165 1392 cium:
1198 1352 1221 1377 *
1253 1352 1434 1393 Creator
1468 1352 1639 1403 generis
1672 1351 1862 1401 humani,

1037 1409 1274 1449 animatum
1294 1421 1455 1461 corpus
1475 1421 1667 1458 sumens,
1693 1408 1748 1449 de
1766 1409 1862 1449 Vir-

1035 1465 1136 1515 gine
1160 1465 1281 1506 nasci
1307 1464 1510 1516 dignatus
1535 1470 1616 1506 est:
1644 1469 1688 1506 et
1711 1467 1862 1517 proce·

1037 1521 1145 1563 dens
1177 1522 1309 1563 homo
1344 1522 1436 1562 sine
1469 1522 1649 1571 semine,
1680 1521 1862 1573 largitus

1037 1583 1103 1619 est
1122 1578 1250 1620 nobis
1270 1591 1394 1619 suam
1409 1578 1641 1619 Deitatem.

1090 1644 1244 1684 Psalm.
1278 1645 1493 1685 Dominus
1522 1642 1729 1694 regnavit.
1765 1658 1859 1684 eum

1037 1701 1227 1752 reliquis.
1248 1701 1308 1740 15.

1088 1765 1124 1804 2.
1157 1761 1339 1813 Quando
1365 1765 1491 1801 natus
1518 1772 1564 1800 es
1589 1759 1612 1784 *
1636 1758 1858 1800 ineffabili-

1034 1822 1101 1858 ter
1121 1830 1175 1858 ex
1195 1817 1392 1868 Virgine,
1418 1821 1523 1857 tunc
1547 1815 1739 1867 impletae
1759 1820 1859 1856 sunt

1033 1874 1289 1926 Scripturas:
1321 1874 1433 1914 sicut
1465 1871 1614 1924 pluvia
1644 1871 1685 1912 in
1719 1871 1858 1912 vellus

1034 1929 1317 1979 descendisti,
1342 1934 1389 1970 ut
1412 1928 1580 1970 salvum
1602 1928 1768 1969 faceres
1788 1941 1857 1978 ge-

1032 1999 1113 2027 nus
1137 1985 1387 2027 humanum:
1415 1989 1459 2026 te
1483 1983 1712 2026 laudamus
1736 1985 1857 2026 Deus

1031 2047 1193 2083 noster.

1087 2103 1123 2142 3.
1151 2102 1322 2144 Rubum
1343 2115 1472 2155 quem
1491 2102 1660 2144 viderat
1679 2101 1854 2154 Moyses

1031 2160 1055 2185 *
1065 2158 1397 2210 incombustum,
1411 2160 1715 2200 conservatam
1726 2159 1855 2208 agno-

1031 2215 1173 2256 vimus
1198 2219 1319 2256 tuam
1346 2215 1611 2257 laudabilem
1639 2214 1871 2266 virginita-.

1029 2276 1134 2312 tem:
1162 2271 1246 2313 Dei
1275 2272 1493 2322 Genitrix,
1522 2270 1744 2312 intercede
1773 2282 1854 2322 pro

1028 2327 1167 2369 nobis.

1085 2389 1121 2427 4.
1151 2388 1421 2430 Germinavit
1445 2387 1570 2429 radix
1589 2388 1613 2427 J
1615 2400 1726 2436 esse,
1746 2387 1768 2412 *
1788 2399 1853 2427 or-

1028 2449 1073 2485 ta
1093 2449 1160 2486 est
1179 2444 1305 2486 stella
1325 2458 1378 2486 ex
1397 2443 1548 2485 Jacob:
1566 2443 1702 2494 Virgo
1724 2444 1852 2495 pepe-

1027 2501 1084 2541 rit
1102 2500 1389 2542 Salvatdrem:
1412 2505 1455 2541 te
1479 2499 1707 2541 laudamus
1730 2500 1850 2539 Deus

1026 2562 1185 2598 noster.

1082 2618 1119 2656 5.
1140 2619 1253 2658 Ecce
1267 2618 1403 2658 Maria
1421 2617 1569 2667 genuit
1583 2617 1606 2641 *
1622 2615 1748 2656 nobis
1763 2613 1850 2655 Sal-

1025 2675 1234 2723 vatorem,
1255 2686 1385 2725 quem
1398 2673 1422 2713 J
1425 2674 1589 2714 oannes
1609 2671 1759 2712 videns
1779 2682 1847 2732 ex.-

1025 2729 1243 2779 clamavit,
1265 2729 1428 2771 dicens:
1451 2729 1566 2769 Ecce
1585 2729 1737 2778 Agnus
1755 2726 1847 2774 Del,
