2080 2990
648 209 856 243 Commune
884 209 1131 243 Confessoris
1158 218 1233 241 non
1260 207 1468 242 Pontifieis.

202 300 400 343 natalitia
433 300 635 351 colimus,
672 301 804 343 etiam
836 301 1033 343 actiones

203 358 433 399 imitemur.
466 357 552 400 Per
576 357 824 399 D6minum.

476 431 570 471 Alia
593 432 756 473 Oratio.

278 487 406 530 desto
460 487 649 529 Damine
702 486 1032 540 supplicatic'mi-

313 544 396 586 bus
421 545 604 594 nostris⁷
633 557 742 596 quas
768 544 811 584 in
837 543 957 585 beati
977 544 1029 584 N.

203 600 479 642 Confessoris
498 601 562 642 tui
581 600 860 642 solemnitate
879 599 1032 640 deferi-

200 670 312 699 mus:
344 662 393 698 ut
425 657 499 709 qui
528 662 693 698 nostrae
719 656 897 708 justitiae
923 654 1032 696 fidu-

202 714 313 755 ciam
338 726 426 755 non
454 713 685 763 habemus,
714 713 822 764 ejus,
852 711 926 764 qui
953 710 1032 752 tibi

200 770 383 823 placuit,
409 770 615 823 precibus
642 768 907 822 adjuvemur.
947 768 1032 809 Per

200 827 439 868 Dominum
458 831 669 868 nostrum.

265 900 322 942 .ὃί
350 900 478 940 fucrit
506 899 667 939 Abbas.
779 900 940 940 ()ratio.

252 956 493 998 ntercessio
527 970 626 1006 nos,
665 958 916 1008 quaesumus
944 955 1032 996 Do-

261 1013 387 1063 mine,
407 1013 528 1055 beati
542 1016 590 1055 N.
607 1013 797 1055 Abbatis
815 1013 1032 1054 commen-

201 1070 290 1112 det:
325 1075 373 1111 ut
408 1070 529 1122 quod
556 1070 720 1111 nostris
748 1069 916 1111 me'ritis
943 1081 1032 1109 non

199 1127 412 1176 valemus,
442 1127 533 1179 ejus
556 1126 802 1179 patrocinio
827 1127 1032 1177 assequa-

199 1196 308 1225 mur.
346 1183 430 1225 Per
449 1183 698 1224 Daminum.

379 1268 466 1309 Ad
492 1268 858 1310 Matutinum.

253 1336 372 1376 lux-it.
407 1337 572 1385 Regem
604 1334 918 1375 Confessorum
945 1333 1034 1374 Do-

200 1392 377 1440 minum,
394 1393 415 1415 *
437 1391 598 1433 Venite
618 1390 866 1432 adoremus.

259 1448 321 1486 I's.
348 1447 516 1498 Venite,
537 1447 818 1489 exsultemus.
836 1447 873 1488 2.

255 1507 461 1557 Hymnus.
493 1507 582 1546 Iste
605 1503 854 1546 Confessor.
874 1503 955 1555 [67]

444 1586 491 1624 In
512 1586 540 1624 I.
562 1586 785 1625 Nocturno.

257 1655 353 1693 Ant.
396 1653 556 1693 Beatus
593 1652 678 1701 vir,
706 1652 730 1678 *
757 1652 832 1703 qui
865 1652 909 1692 in
936 1652 1043 1702 lege

199 1708 379 1750 Domini
410 1707 666 1750 meditatur:
705 1708 910 1750 voluntas
943 1709 1034 1761 ejus

201 1767 430 1818 permanet
460 1764 531 1807 die
559 1778 611 1806 ac
637 1770 786 1814 nocte,
816 1769 860 1806 et
889 1765 1035 1806 omnia

202 1825 493 1874 quaecumque
508 1821 651 1872 faciet,
666 1834 840 1874 semper
852 1834 1033 1874 prospe-

201 1878 423 1920 rabantur.

493 1927 690 1967 l'salmus
713 1930 739 1966 1.

213 2026 217 2043 ἶ
242 2013 276 2040 μ-
303 1993 438 2033 eatus
454 1991 529 2041 vir,
549 1991 624 2044 qui
641 2003 730 2032 non
749 1991 856 2033 abiit
874 1992 919 2033 in
934 2004 1033 2034 con-

212 2054 217 2072 -’
237 2047 306 2103 τςῇῂῖι
330 2047 427 2089 silio
447 2047 697 2100 impiarum,
718 2052 763 2089 et
781 2048 826 2089 in
845 2049 916 2090 via
933 2061 1033 2102 pec-

209 2100 306 2127 '—‘⁴--²³
333 2106 532 2145 catorum
560 2117 649 2145 non
689 2105 826 2154 stetit,
858 2106 882 2131 *
915 2110 960 2147 et
989 2106 1033 2146 in

201 2159 411 2201 cathedra
431 2160 696 2212 pestilentiae
716 2174 805 2203 non
825 2161 955 2203 sedit:

252 2215 341 2258 Sed
355 2216 399 2257 in
410 2216 511 2268 ‘lege
521 2217 698 2258 Domini
709 2217 914 2260 voluntas
931 2219 1032 2271 ejus,

199 2273 224 2300 *
252 2276 296 2314 et
328 2272 373 2313 in
400 2272 498 2324 lege
528 2274 619 2325 eius
646 2273 932 2316 meditabitur
961 2275 1032 2317 die

199 2341 251 2371 ac
269 2334 412 2371 nocte.

250 2385 307 2427 Et
334 2385 417 2427 erit
444 2389 669 2437 tamquam
696 2385 880 2437 lignum,
911 2387 1033 2440 quod

198 2437 447 2491 plantatum
459 2442 526 2479 est
537 2449 664 2479 secus
675 2437 888 2480 decursus
900 2442 1031 2492 aqua-

199 2495 341 2543 rum‚*
353 2493 473 2546 quod
492 2493 682 2536 fructum
701 2507 827 2536 suum
847 2495 969 2538 dabit
988 2497 1031 2538 in

199 2552 401 2603 tempore
422 2563 517 2592 suo:

251 2607 307 2648 Et
333 2606 485 2648 salium
511 2607 602 2658 ejus
627 2618 715 2648 non
742 2606 923 2649 defluet:
942 2610 966 2636 *
986 2614 1031 2651 et

198 2663 343 2704 omnia
365 2665 654 2715 quaecumque
675 2662 821 2714 faciet,
846 2677 1029 2717 prospe-

197 2720 420 2762 rabuntur.

1137 299 1239 341 Non
1257 298 1320 340 sic
1339 298 1472 351 impii,
1491 311 1581 340 non
1595 298 1798 341 sic:*sed
1811 303 1918 341 tam-

1088 368 1218 408 quam
1237 354 1397 408 pulvis‚
1418 367 1550 408 quem
1566 355 1741 408 prajicit
1760 360 1918 398 ventus

1086 425 1111 453 a
1130 412 1241 454 facie
1259 416 1403 453 terrae.

1138 468 1247 510 Ideo
1273 481 1362 510 non
1389 470 1620 519 resurgent
1645 469 1767 522 impii
1791 469 1835 510 in
1861 469 1918 521 ju-

1087 525 1218 567 dicio:
1243 526 1267 552 *
1292 537 1437 576 neque
1461 526 1722 578 peccatores
1746 525 1790 566 in
1816 537 1915 567 con-

1086 581 1187 623 cilio
1207 581 1432 633 justorum.

1139 638 1355 688 Quoniam
1379 638 1503 679 novit
1525 637 1621 679 Dfis
1646 638 1764 679 viam
1787 639 1918 691 iusto-

1086 707 1198 735 rum:
1222 695 1246 721 *
1273 699 1317 735 et
1342 690 1683 747 iter'impiorum
1705 693 1877 747 peribit.

1138 763 1237 802 Ant.
1270 760 1433 800 Beatus
1453 758 1534 809 vir,
1559 759 1633 811 qui
1653 759 1696 799 in
1715 759 1813 810 lege
1831 759 1918 800 Dfii

1085 813 1340 856 meditatur:
1359 815 1564 857 voluntas
1585 816 1675 867 ejus
1691 817 1919 868 permanet

1086 869 1157 912 die
1179 883 1230 912 ac
1245 876 1387 921 nocte,
1403 877 1447 914 et
1467 873 1611 915 omnia
1627 874 1917 924 quaecumque

1085 926 1228 977 faciet,
1254 940 1430 981 semper
1455 928 1849 982 prosperabuntur.

1138 995 1238 1035 Ant.
1274 995 1435 1034 Beatus
1460 993 1545 1035 iste
1572 998 1767 1044 sanctus,
1794 994 1818 1021 *
1844 994 1918 1046 qui

1086 1049 1281 1090 confisus
1298 1054 1365 1091 est
1379 1049 1423 1090 in
1436 1049 1640 1099 Domino,
1660 1049 1920 1102 praedicavit

1085 1106 1361 1158 praeceptum
1371 1106 1559 1157 Domini,
1577 1107 1840 1148 constitutus
1852 1111 1920 1148 est

1085 1162 1129 1202 in
1146 1167 1297 1204 monte
1316 1166 1471 1204 sancto
1491 1163 1593 1215 ejus

1379 1249 1574 1289 l’salmus
1595 1252 1629 1289 2.

1171 1327 1277 1356 uare
1310 1314 1581 1357 fremuerunt
1611 1315 1796 1367 Gentes,
1824 1316 1848 1344 *
1877 1319 1921 1358 et

1181 1371 1338 1424 populi
1357 1370 1557 1414 meditati
1576 1377 1678 1414 sunt
1694 1372 1860 1414 inania?

1138 1428 1386 1470 Astiterunt
1413 1440 1540 1479 reges
1563 1433 1711 1479 terrae,
1740 1433 1784 1471 et
1806 1432 1920 1482 prin-

1087 1485 1209 1537 cipes
1238 1486 1538 1527 convenerunt
1563 1485 1607 1526 in
1634 1499 1769 1528 unum
1796 1487 1821 1514 *
1848 1486 1920 1528 ad-

1086 1543 1240 1582 versus
1250 1541 1499 1591 Dominum,
1516 1546 1560 1584 et
1574 1541 1787 1584 adversus
1802 1541 1921 1585 Chri-

1087 1602 1202 1640 stum
1224 1598 1326 1650 ejus.

1138 1653 1452 1706 Dirumpamus
1467 1654 1642 1696 vincula
1657 1657 1824 1697 eorum:
1838 1657 1863 1684 *
1877 1660 1923 1698 et

1086 1710 1369 1763 projiciamus
1380 1723 1405 1751 a
1415 1710 1544 1752 nobis
1554 1712 1703 1764 jugum
1710 1712 1920 1764 ipsorum.

1140 1767 1225 1817 Qui
1260 1766 1432 1808 habitat
1466 1767 1511 1808 in
1553 1766 1678 1809 coelis
1719 1767 1922 1811 irridebit

1088 1831 1179 1861 eos:
1194 1820 1218 1846 *
1234 1824 1279 1860 et
1293 1818 1511 1860 Dominus
1527 1818 1817 1862 subsannabit
1833 1832 1922 1862 eos.

1139 1875 1265 1916 Tunc
1284 1875 1491 1927 loquetur
1511 1875 1570 1918 ad
1589 1888 1667 1918 eos
1687 1876 1731 1917 in
1750 1876 1816 1918 ira
1830 1890 1920 1927 sua,

1086 1931 1110 1957 *
1131 1936 1175 1973 et
1194 1932 1238 1972 in
1258 1931 1407 1974 furore
1427 1944 1508 1973 suo
1529 1932 1813 1975 conturbabit
1833 1945 1920 1975 eos·

1138 1988 1235 2040 Ego
1261 1992 1409 2030 autem
1431 1989 1702 2031 constitutus
1725 2002 1823 2031 sum
1841 2002 1919 2031 rex

1087 2044 1142 2086 ab
1163 2057 1215 2086 eo
1237 2057 1370 2097 super
1383 2045 1490 2087 Sion
1509 2050 1704 2088 montem
1719 2051 1920 2088 sanctum

1087 2102 1190 2154 ejus,
1208 2102 1231 2127 *
1250 2101 1499 2154 praedicans
1521 2103 1795 2155 praeceptum
1817 2103 1920 2155 ejus.

1137 2158 1354 2199 Dominus
1388 2157 1500 2200 dixit
1528 2157 1586 2200 ad
1613 2170 1702 2200 me:
1729 2158 1754 2184 *
1781 2158 1919 2200 Filius

1085 2227 1209 2256 meus
1230 2226 1276 2255 es
1293 2219 1357 2264 tu,
1381 2226 1465 2266 ego
1482 2213 1616 2256 hodie
1634 2214 1766 2266 genui
1785 2219 1840 2256 te.

1135 2270 1320 2312 Postula
1340 2283 1366 2311 a
1384 2283 1471 2320 me,
1497 2275 1542 2313 et
1562 2270 1679 2312 dabo
1702 2270 1784 2313 tibi
1805 2271 1918 2313 Gen-

1084 2331 1153 2369 tes
1185 2326 1494 2368 haereditatem
1528 2331 1668 2377 tuam,
1694 2327 1719 2353 *
1747 2332 1791 2369 et
1819 2340 1918 2381 pos-

1085 2383 1328 2426 sessionem
1347 2387 1470 2424 tuam
1489 2383 1702 2425 terminos
1721 2388 1865 2426 terrae.

1138 2440 1285 2491 Reges
1315 2452 1392 2481 eos
1419 2439 1464 2480 in
1492 2440 1617 2492 virga
1642 2439 1799 2491 ferrea,
1824 2441 1848 2466 *
1875 2446 1918 2483 et

1084 2501 1311 2548 tamquam
1325 2508 1404 2537 vas
1419 2495 1543 2547 figuli
1559 2496 1810 2548 confringes
1829 2510 1918 2539 eos.

1135 2553 1192 2594 Et
1216 2565 1331 2593 nunc
1356 2564 1484 2604 reges
1511 2552 1760 2605 intelligite:
1779 2554 1803 2579 *
1823 2566 1917 2595 eru-

1084 2608 1237 2651 dimini
1257 2608 1332 2660 qui
1350 2608 1555 2660 judicatis
1575 2613 1748 2650 terram.

1134 2665 1306 2707 Servite
1330 2664 1525 2706 Domino
1552 2665 1596 2705 in
1623 2666 1798 2708 timore:
1824 2667 1849 2693 *
1873 2670 1917 2708 et

1084 2721 1303 2764 exsultate
1323 2721 1363 2763 ei
1382 2734 1482 2762 cum
1499 2724 1704 2763 tremore.
