2080 2990
559 233 629 267 Dic
653 233 707 267 28.
731 233 814 266 Jan.
862 234 895 267 S.
920 233 1065 266 ,Iuliani
1089 232 1214 275 Episc.
1241 239 1275 266 ct
1301 234 1406 267 Cous.

1739 229 1829 273 [275]

135 327 285 369 labore
311 327 517 366 manuum
539 327 715 366 suarum
736 326 958 378 compara-

136 383 222 426 bat.
252 383 304 423 In
323 381 520 423 oratione
539 381 739 423 assiduus
760 386 865 423 erat:
889 394 957 422 cu-

137 441 202 492 jus
244 439 307 489 vi,
352 439 534 490 paterna
570 438 750 479 caritate
785 437 958 486 ardens,

137 496 274 537 multa
297 499 342 536 et
363 506 519 544 magna
540 506 624 546 pro
649 494 788 536 salute
807 494 959 546 populi

138 565 163 593 a
182 553 279 594 Deo
304 550 563 603 impetravit.
601 551 795 600 Quorum
819 550 892 591 illa
916 550 959 591 in

138 670 183 706 ta
201 663 428 718 provincia
449 663 513 704 rei
531 663 823 704 frumentariae
841 662 958 704 labo-

138 723 256 762 raret
273 720 431 772 inopia,
454 731 535 761 nec
556 719 792 771 quidquam
812 719 959 771 ampli-

138 790 189 818 us
220 777 264 818 in
299 776 580 829 episcopatus
611 775 780 817 horreis
814 788 959 828 super-

140 835 271 883 esset,
297 832 452 885 populi
474 831 764 874 calamitatem
785 832 959 872 misera-

139 895 225 940 tus,
249 902 403 942 preces
423 902 521 930 cum
537 888 726 930 lacrimis
746 888 802 929 ad
819 888 961 929 Deum

138 945 259 988 fudit.
312 946 436 987 Tunc
470 944 706 997 plurimum
741 944 871 986 tritici
904 943 959 986 ad

140 1001 258 1044 aedes
288 1002 426 1043 sancti
453 1001 649 1054 episcopi
677 1014 703 1042 a
733 1001 959 1053 permultis

139 1058 338 1111 jumentis
375 1059 698 1111 comportatum
735 1063 817 1107 est,
863 1070 960 1109 quae

140 1114 342 1168 deposito
367 1117 499 1157 onere
523 1115 800 1156 evanuerunt.
837 1114 960 1155 Cum-

141 1184 224 1223 que
265 1171 369 1212 item
412 1170 505 1212 dira
540 1170 585 1211 in
620 1170 832 1223 populum
867 1170 960 1211 lues

138 1229 423 1278 grassaretur,
459 1226 598 1268 sancti
634 1226 831 1279 episcopi
867 1239 959 1268 ora-

138 1284 257 1325 tione
285 1282 439 1325 sedata
466 1288 543 1324 est.
583 1282 746 1324 Multos
776 1296 961 1335 quoque,

139 1340 271 1381 variis
293 1339 595 1382 insanabilium
615 1339 869 1381 morborum
890 1352 960 1391 ge-

139 1395 314 1438 neribus
341 1396 538 1446 affectos,
570 1396 613 1436 in
641 1396 871 1437 sanitatem
898 1409 960 1437 re-

140 1452 288 1494 stituit.

194 1510 241 1560 [52.
275 1508 408 1549 Posui
439 1506 699 1560 adjutorium
727 1521 859 1560 super
885 1521 961 1561 po-

139 1565 320 1614 tentem,
364 1569 407 1605 et
452 1564 639 1606 exaltavi
682 1564 868 1606 electum
906 1564 961 1606 de

139 1620 270 1672 plebe
308 1633 422 1662 mea:
462 1627 483 1648 *
517 1620 671 1662 Manus
712 1621 825 1662 enim
864 1633 962 1662 mea

141 1676 417 1718 auxiliabitur
452 1677 501 1718 ei.
550 1675 600 1724 V.
638 1677 791 1718 Inveni
816 1677 961 1719 David

142 1745 316 1774 servum
345 1746 509 1783 meum,
543 1733 642 1774 oleo
676 1739 828 1775 sancto
862 1747 961 1775 meo

141 1789 245 1830 unxi
273 1801 381 1830 eum.
425 1789 590 1830 Manus.

439 1846 590 1887 Lectio
611 1846 662 1885 vi.

214 1915 322 1955 uper
363 1914 539 1953 gregem
579 1915 704 1943 suum
741 1908 962 1955 tamquam

241 1958 383 2001 bonus
411 1963 454 2000 et
486 1958 663 1999 sedulus
691 1964 843 2011 pastor
872 1959 962 2001 dili-

141 2015 393 2066 gentissime
421 2014 632 2065 vigilavit:
658 2015 786 2068 lupos
811 2028 964 2057 arcens

142 2071 197 2113 ab
222 2071 393 2121 ovibus,
421 2076 464 2113 et
488 2083 593 2112 oves
616 2084 802 2124 pascens
827 2072 962 2114 verbo

141 2129 259 2178 vitae,
293 2127 437 2169 cibum
469 2129 625 2180 cuique
657 2127 851 2169 tribuens
880 2141 962 2182 pro

143 2189 274 2237 captu
292 2185 614 2234 congruentem.
649 2183 820 2236 Corpus
839 2197 964 2225 suum

142 2241 307 2292 jejuniis
327 2239 502 2282 assidue
523 2242 753 2291 castigans,
773 2242 964 2293 seipsum

142 2296 358 2338 bonorum
385 2299 567 2348 operum
590 2296 811 2349 exemplar
830 2297 964 2338 omni-

142 2352 224 2394 bus
243 2352 441 2405 praebuit.
472 2353 685 2405 Denique,
709 2366 808 2394 cum
827 2365 964 2394 annos

144 2409 233 2450 fere
253 2411 474 2459 octoginta
491 2409 680 2451 maxima
694 2422 793 2450 cum
810 2409 963 2451 sancti-

142 2467 233 2506 tate
251 2465 446 2515 vixisset,
470 2466 625 2518 plenus
645 2465 813 2507 dierum
831 2470 964 2518 atque

143 2521 361 2571 virtutum,
378 2522 423 2562 in
441 2525 664 2564 senectute
680 2522 797 2564 bona
810 2522 963 2572 migra-

144 2577 206 2618 vit
224 2576 281 2618 ad
298 2574 547 2628 Dominum,
570 2579 721 2630 quinto
741 2577 964 2619 Kalendas

144 2632 386 2683 Februarii,
414 2646 528 2675 anno
551 2634 780 2676 millesimo
807 2634 962 2676 ducen-

144 2689 299 2730 tesimo
320 2692 492 2731 octavo:
518 2696 560 2732 et
578 2690 816 2733 honorifice
835 2691 878 2730 in
898 2703 963 2732 ec-

145 2744 277 2787 clesia
303 2758 381 2787 sua
408 2747 623 2799 sepultus,
650 2751 753 2799 post
779 2751 965 2788 mortem

1011 337 1186 377 quoque
1200 325 1508 367 miraculorum
1525 327 1663 377 gloria
1678 326 1829 375 clarus,

1009 394 1166 431 magna
1187 381 1340 433 populi
1358 383 1637 424 veneratione
1663 382 1829 424 colitur.

1010 438 1138 478 Anno
1157 437 1439 490 postmodum
1462 439 1690 480 millesimo
1711 439 1829 491 quin-

1010 494 1250 546 gentesimo
1279 493 1448 536 decimo
1477 497 1650 545 octavo,
1682 495 1830 536 Leone

1011 550 1179 592 decimo
1202 550 1414 591 Pontifice
1437 550 1642 602 Maximo,
1670 564 1830 604 corpus

1012 608 1101 659 ejus
1121 619 1144 647 e
1163 606 1340 656 sacello,
1366 605 1440 648 ubi
1463 607 1622 649 multos
1642 609 1831 659 jacuerat

1011 675 1163 712 annos,
1197 662 1417 713 effossum,
1450 663 1507 704 ad
1529 663 1674 704 locum
1691 676 1830 716 prope

1011 732 1130 760 aram
1147 719 1381 759 maximam
1404 719 1632 770 magnifice
1652 722 1830 761 exorna-

1010 781 1118 825 tum,
1152 775 1281 817 tertio
1314 775 1419 816 Idus
1451 775 1617 828 Aprilis
1649 775 1832 816 solemni

1011 844 1175 884 pompa
1234 844 1285 872 ac
1340 831 1530 872 maxima
1580 831 1832 873 celebritate

1011 887 1268 929 translatum
1287 893 1363 929 est.
1398 888 1831 929 Commemorationis

1013 945 1102 995 ejus
1140 956 1314 996 quoque
1350 944 1561 986 festivitas
1593 944 1731 985 Nonis
1762 944 1832 985 Se-

1012 999 1231 1052 ptembriS,
1247 1013 1301 1041 ex
1314 1000 1338 1040 J
1339 1000 1414 1041 ulii
1428 1001 1544 1042 tertii
1557 1000 1721 1041 Summi
1731 1000 1834 1041 Pon-

1012 1056 1140 1098 tificis
1159 1057 1454 1106 concessione,
1472 1056 1688 1098 recolitur.

1064 1117 1112 1166 R.
1139 1113 1229 1155 Iste
1248 1117 1325 1154 est.
1344 1113 1427 1165 [54]

1232 1185 1279 1223 In
1301 1185 1370 1224 III.
1393 1185 1612 1224 Noeturno.

1013 1238 1164 1280 Lectio
1190 1238 1326 1280 saneti
1346 1238 1571 1289 Evangelii
1594 1238 1833 1280 secundum

1289 1294 1554 1336 Matthaeum.

1115 1354 1264 1394 Lectio
1286 1355 1352 1393 vii.
1519 1354 1618 1405 Cap.
1639 1356 1675 1393 6.
1697 1367 1728 1393 c.

1011 1403 1088 1509 In
1106 1407 1181 1449 illo
1200 1409 1414 1460 tempore:
1433 1407 1553 1449 Dixit
1567 1408 1592 1448 J
1594 1420 1693 1449 esus
1708 1407 1832 1449 disci-

1076 1464 1189 1516 pulis
1223 1464 1326 1505 suis:
1357 1463 1505 1505 Nolite
1540 1464 1834 1505 thesaurizare

1011 1520 1137 1562 vobis
1161 1520 1390 1562 thesauros
1414 1520 1457 1560 in
1476 1525 1606 1570 terra,
1632 1520 1707 1562 ubi
1727 1523 1834 1562 aeru—

1013 1589 1081 1628 go,
1101 1582 1143 1618 et
1159 1579 1277 1619 tinea
1296 1576 1539 1626 demolitur,
1563 1581 1607 1618 et
1624 1576 1699 1618 ubi
1718 1577 1835 1618 fures

1014 1632 1224 1675 effodiunt
1244 1638 1286 1675 et
1305 1633 1513 1674 furantur.
1542 1633 1598 1674 Et
1616 1633 1792 1684 reliqua.

1037 1697 1226 1739 Homilia
1246 1697 1382 1739 sancti
1402 1697 1519 1738 Petri
1540 1697 1809 1749 Chrysologi.

1066 1755 1181 1789 Scrm.
1199 1756 1231 1788 S.
1251 1755 1296 1788 de
1315 1755 1454 1796 jejunio
1475 1760 1511 1788 ct
1528 1755 1781 1796 eleemosyna.

1277 1803 1377 1836 circa
1395 1802 1569 1836 medium.

1093 1866 1125 1907 ᾗ
1140 1848 1352 1890 hesaurus
1372 1848 1471 1890 coeli
1486 1853 1552 1890 est
1565 1861 1718 1889 manus
1732 1851 1835 1900 pau-

1022 1935 1059 1957 ,
1086 1907 1132 1961 ἐς
1158 1905 1288 1958 peris:
1326 1905 1445 1957 quod
1477 1905 1675 1957 suscipit,
1706 1916 1760 1945 ne
1791 1904 1835 1944 in

1027 1957 1052 1979 4
1099 1959 1131 1976 ‘¹'
1160 1967 1276 2003 terra
1306 1963 1470 2014 pereat3
1510 1966 1553 2002 et
1588 1960 1762 2013 reponit
1792 1961 1835 2001 in

1015 2018 1185 2059 coelum.
1219 2018 1373 2059 Manus
1395 2017 1601 2070 pauperis
1624 2022 1690 2058 est
1708 2029 1835 2067 gazo-

1014 2074 1263 2127 phylacium
1291 2073 1465 2124 Christi,
1496 2074 1595 2126 quia
1623 2072 1836 2125 quidquid

1015 2143 1182 2183 pauper
1206 2130 1379 2182 accipit,
1405 2129 1602 2171 Christus
1625 2130 1835 2181 acceptat.

1015 2187 1084 2227 Da
1102 2199 1206 2237 ergo
1226 2186 1358 2228 homo
1381 2186 1567 2238 pauperi
1589 2191 1764 2234 terram,
1789 2190 1836 2226 ut

1016 2242 1205 2295 accipias
1231 2242 1403 2284 coelum:
1438 2241 1495 2284 da
1518 2255 1757 2291 nummum,
1789 2246 1836 2282 ut

1016 2298 1203 2350 accipias
1235 2311 1429 2349 regnum:
1469 2298 1525 2340 da
1555 2298 1751 2351 pauperi,
1788 2301 1836 2337 ut

1016 2354 1093 2396 des
1111 2354 1207 2396 tibi:
1228 2354 1440 2407 quidquid
1455 2354 1638 2407 pauperi
1652 2352 1835 2401 dederis,

1014 2415 1063 2452 tu
1079 2410 1279 2453 habebis:
1307 2409 1426 2463 quod
1447 2410 1631 2463 pauperi
1653 2421 1741 2450 non
1765 2407 1834 2450 de-

1016 2465 1147 2516 deris,
1165 2466 1343 2509 habebit
1362 2467 1480 2508 alter.
1515 2466 1683 2507 Clamat
1700 2465 1834 2506 Deus:

1015 2523 1356 2565 Misericordiam
1370 2522 1483 2564 volo.
1502 2522 1596 2572 Qui,
1611 2520 1730 2574 quod
1743 2520 1835 2563 vult

1015 2580 1146 2630 Deus,
1165 2580 1263 2621 Deo
1282 2584 1422 2630 negat,
1442 2592 1467 2620 a
1484 2579 1581 2620 Deo
1600 2577 1693 2628 sibi,
1717 2576 1836 2629 quod

1017 2634 1245 2686 desiderat,
1260 2635 1352 2676 vult
1365 2634 1524 2685 negari.
1550 2635 1708 2682 Homo,
1726 2633 1836 2685 petit

1015 2692 1151 2742 Deus,
1171 2691 1250 2733 sed
1267 2691 1360 2740 tibi,
1378 2703 1464 2731 non
1483 2690 1579 2732 sibi:
1601 2690 1832 2731 humanam

1015 2747 1360 2790 misericordiam
1388 2747 1514 2799 petit,
1550 2751 1598 2788 ut
1628 2745 1835 2796 largiatur
