2040 2990
160 197 210 231 30

212 292 324 333 Nam
344 295 387 332 et
404 290 652 331 testimonia
667 294 741 330 tua
756 287 982 329 meditatio

161 360 255 389 mea
283 352 362 388 est:
381 347 403 371 *
423 350 467 387 et
497 345 723 386 consilium
753 357 897 385 meum
925 343 982 393 ju-

161 402 443 444 stificationes
462 406 561 442 tuae.

210 457 409 498 Adhaesit
431 457 681 510 pavimento
707 456 847 498 anima
871 467 982 496 mea:

159 515 180 537 ²⁸¹
213 513 383 554 vivifica
420 527 489 554 me
527 512 766 554 sect'mdum
800 511 981 552 verbum

158 574 290 609 tuum.

210 624 316 665 Vias
331 638 451 666 meas
467 624 696 671 enuntiavi,
713 629 755 665 et
766 623 980 665 exaudisti

157 693 241 721 me:
260 681 283 705 *
304 680 414 722 doce
433 694 502 722 me
528 680 854 732 justificationes
872 684 981 720 tuas.

209 736 337 777 Viam
357 737 709 787 justificatiOnum
729 738 902 777 tuarum
921 737 980 776 in·

157 797 276 833 strue
291 806 375 834 me:
390 794 414 817 *
430 798 472 834 et
492 792 730 834 exercebor
748 792 789 831 in
809 790 980 832 mirabi-

156 847 270 889 libus
289 849 385 889 tuis.

209 904 472 946 Dormitavit
500 905 641 945 anima
670 918 766 946 mea
794 918 886 957 prae
906 906 979 945 tae-

157 959 244 1001 dio:
263 961 286 985 *
307 962 516 1002 confirma
535 974 604 1002 me
624 961 666 1001 in
686 960 830 1002 verbis
849 961 946 1001 tuis.

209 1016 336 1057 Viam
362 1016 601 1068 iniquitatis
627 1019 782 1058 amove
806 1029 831 1057 a
853 1030 938 1058 me:
957 1017 980 1040 ¹⁸¹

157 1076 200 1113 et
220 1071 274 1113 de
294 1072 388 1123 lege
408 1078 483 1114 tua
501 1073 707 1114 miserere
725 1073 821 1114 mei.

208 1128 337 1169 Viam
375 1129 568 1170 veritatis
606 1129 730 1179 elegi:
762 1129 785 1154 *
823 1127 979 1179 judicia

157 1188 230 1224 tua
251 1196 337 1225 non
358 1197 453 1225 sum
473 1184 646 1226 oblitus.

207 1239 386 1280 Adhaesi
406 1241 664 1282 testimc'miis
679 1241 764 1282 tuis
780 1240 980 1281 Domine:

156 1295 179 1319 *
200 1295 287 1336 noli
306 1309 375 1337 me
396 1296 674 1338 conffindere.

207 1350 334 1392 Viam
366 1351 672 1394 mandatorum
705 1355 880 1394 tuorum
910 1366 979 1394 cu-

156 1407 280 1454 carri,
298 1408 320 1432 *
341 1421 438 1449 cum
459 1407 649 1450 dilatasti
669 1422 745 1450 cor
764 1422 920 1451 meum.

213 1471 290 1510 Per
312 1472 492 1511 Annum.
522 1474 618 1514 Ant.
655 1473 780 1515 Beati
800 1474 873 1526 qui
894 1475 979 1514 {im-

155 1526 306 1568 bulant
324 1528 366 1568 in
385 1528 481 1578 lege
501 1533 575 1570 tua
594 1529 793 1571 Domine.

207 1587 336 1630 Teum.
382 1592 596 1628 ,xcix-emus.
640 1596 724 1629 Ant.
770 1598 815 1630 de
860 1598 976 1631 Laud.

156 1635 272 1669 Doni..
300 1645 362 1669 aut
388 1649 431 1671 cx
460 1642 627 1682 propriis
655 1643 861 1678 Laudibus.

640 1720 766 1760 Zach.
784 1724 819 1760 8.
837 1722 873 1762 d.

238 1802 359 1831 acem
386 1795 429 1832 et
453 1791 680 1832 veritatem
705 1791 890 1841 diligite,
920 1793 980 1834 ait

253 1846 467 1887 Dominus
490 1849 777 1899 omnipotens.
813 1851 858 1900 [ᾧ.
882 1849 979 1890 Deo

156 1901 328 1950 gratias.

209 1966 253 2015 R·
283 1966 343 2005 br.
393 1965 562 2008 Christe
594 1966 676 2007 Fili
710 1968 790 2009 Dei
825 1968 927 2018 vivi,
954 1975 975 1997 *

156 2020 363 2062 Miserere
378 2021 515 2062 nobis.
542 2023 575 2062 Ε
579 2030 595 2063 t
616 2027 837 2075 repetitur.
861 2025 978 2066 Chri-

157 2081 223 2116 ste
250 2075 328 2116 Fili
357 2077 438 2118 Dei
468 2077 573 2126 vivi,
607 2079 813 2121 miserere
841 2081 978 2122 nobis.

155 2125 202 2175 Y
233 2131 314 2182 Qui
342 2131 468 2173 sedes
494 2132 550 2174 ad
576 2133 799 2175 dexteram
826 2136 978 2177 Patris.

159 2187 204 2236 Ιζ.
222 2187 428 2228 Miserere
446 2188 582 2229 nobis.
610 2184 657 2234 Y.
681 2190 831 2231 Gloria
848 2192 978 2239 Patri,

158 2247 201 2283 et
218 2242 342 2291 Filio,
358 2248 401 2284 et
415 2243 592 2295 Spiritui
608 2251 771 2287 sancto.
795 2250 842 2290 R·.
861 2247 977 2288 Chri-

157 2302 222 2338 ste
244 2297 322 2338 Fili
341 2299 424 2339 Dei
443 2313 470 2338 v
472 2299 546 2348 ivi,
566 2301 771 2342 miserere
790 2302 926 2344 nobis.

206 2354 255 2404 Y'.
286 2362 483 2412 Exsurge
504 2363 688 2410 Christe
711 2365 865 2415 adjuva
887 2380 978 2408 nos.

153 2414 300 2512 Itidusst
334 2417 469 2459 libera
502 2432 582 2459 nos
613 2427 795 2473 propter
820 2435 976 2464 nomen

259 1714 514 1763 Capitulum.

255 2561 346 2612 yrie
380 2562 554 2604 ele'ison.
599 2565 771 2607 Christe
804 2567 977 2609 eleison.

280 2618 408 2669 Kyrie
429 2618 601 2660 eleison.

220 2681 338 2721 l’ater
357 2687 516 2723 noster.
538 2695 716 2726 secreto.

694 197 730 228 lu
762 197 879 229 l'crinli
908 196 1042 229 ‹urit-io
1070 196 1117 228 aul
1147 196 1318 228 Primam.

1092 283 1137 334 Υ.
1174 286 1229 326 Et
1257 298 1311 326 ne
1339 298 1420 326 nos
1447 284 1629 326 indt'leas
1655 285 1700 326 in
1727 290 1864 326 tenta-

1036 341 1209 382 tionem.
1248 345 1293 395 Rg.
1322 340 1408 382 Sed
1432 340 1569 382 libera
1592 354 1673 382 nos
1692 354 1718 382 a
1736 341 1864 382 malo.

1087 396 1232 439 Credo
1251 397 1294 437 in
1313 397 1468 438 Deum.
1489 406 1672 441 secreto.

1092 450 1137 500 Υ.
1160 453 1312 494 Carnis
1327 453 1705 494 resurrectionem.
1727 457 1777 508 Κ.
1791 453 1864 495 Vi-

1035 514 1124 549 tam
1144 511 1364 550 aeternam.
1392 510 1547 551 Amen.

1088 564 1135 613 Υ.
1156 566 1211 606 Et
1231 579 1313 615 ego
1333 565 1390 607 ad
1404 571 1448 607 te
1463 565 1654 607 D6mine
1669 565 1864 607 clamavi.

1035 626 1083 675 R„
1095 621 1151 662 Et
1162 635 1289 663 mane
1301 622 1443 663 oratio
1454 622 1802 675 meapraeveniet
1809 626 1864 663 te.

1089 675 1135 725 Υ.
1172 678 1415 730 Repleatur
1453 691 1504 719 os
1541 691 1688 719 meum
1723 676 1864 719 laude.

1036 737 1083 787 Ru
1112 733 1170 774 Ut
1195 740 1367 775 cantem
1393 734 1578 784 gloriam
1602 738 1743 783 tuam,
1770 738 1866 779 tota

1034 788 1104 830 die
1122 789 1467 840 magnitfidinem
1486 795 1618 831 tuam.

1089 842 1135 892 Y.
1163 846 1352 887 Domine
1380 848 1530 888 averte
1559 846 1716 888 faciem
1744 851 1865 888 tuam

1034 915 1058 942 a
1078 902 1272 954 peccatis
1291 903 1411 944 meis.
1449 904 1501 954 R.
1528 903 1586 944 Et
1612 915 1764 945 omnes
1787 903 1863 944 ini-

1035 958 1224 1010 quitates
1243 971 1364 1000 meas
1384 958 1493 1000 dele.

1087 1010 1134 1060 Υ.
1152 1015 1239 1055 Cor
1253 1014 1465 1056 mundum
1476 1028 1578 1057 crea
1595 1015 1639 1056 in
1650 1028 1720 1057 me
1730 1015 1863 1056 Deus.

1032 1072 1082 1121 Rg.
1110 1071 1167 1111 Et
1199 1071 1400 1123 spiritum
1433 1076 1602 1113 rectum
1634 1073 1795 1112 innova
1818 1071 1862 1112 in

1033 1126 1276 1168 visceribus
1295 1127 1415 1169 meis.

1085 1179 1134 1230 Y
1162 1183 1232 1225 Ne
1259 1184 1465 1236 projicias
1492 1196 1564 1226 me
1589 1196 1614 1224 a
1641 1184 1752 1226 facie
1777 1188 1863 1225 tua.

1033 1241 1082 1291 Rg.
1111 1240 1167 1280 Et
1195 1239 1406 1292 Spiritum
1433 1245 1634 1281 sanctum
1661 1245 1786 1282 tuum
1808 1252 1864 1281 ne

1034 1295 1207 1336 anferas
1227 1309 1252 1336 a
1271 1308 1352 1337 me.

1086 1347 1135 1398 Υ.
1163 1351 1320 1393 Redde
1348 1351 1455 1393 mihi
1483 1351 1682 1398 laetitiam
1706 1351 1864 1394 saluta-

1033 1406 1092 1448 ris
1106 1407 1181 1448 tui.
1204 1411 1253 1460 R:-
1274 1408 1331 1449 Et
1345 1408 1501 1460 spiritu
1516 1407 1749 1461 principali
1763 1420 1864 1450 con-

1032 1463 1159 1504 firma
1177 1476 1259 1505 me.

1086 1527 1249 1566 Quando
1284 1528 1332 1561 ad
1364 1527 1483 1561 Laud.
1515 1538 1592 1561 non
1623 1531 1712 1561 sunt
1749 1526 1864 1560 dietae

1035 1574 1172 1608 Preces
1212 1575 1383 1613 feriales,
1424 1575 1553 1609 statim
1589 1575 1660 1608 die.
1705 1573 1864 1618 Adiuto-

1032 1620 1131 1655 rium
1158 1623 1334 1656 nostrum
1366 1628 1401 1657 ct
1431 1620 1631 1656 Confiteor
1658 1620 1760 1663 Deo,
1794 1624 1864 1657 etc.

1034 1676 1072 1703 ut
1099 1680 1213 1712 supra
1237 1668 1290 1703 24.

1086 1718 1249 1757 Quando
1275 1724 1401 1752 autem
1429 1720 1476 1753 ad
1496 1719 1614 1753 Laud.
1638 1719 1753 1753 dictae
1775 1724 1863 1752 sunt

1035 1765 1170 1798 I’rcccs
1208 1766 1361 1799 feriales
1401 1767 1561 1801 inferius
1600 1767 1741 1810 positae
1772 1771 1863 1810 post

1035 1813 1184 1846 Laudes
1225 1814 1347 1847 Fcriae
1384 1814 1443 1851 ΙΙ..
1484 1821 1573 1848 tune
1610 1815 1659 1848 ad
1694 1814 1862 1848 Primam

1034 1862 1230 1902 praedit-tte
1262 1862 1398 1896 Preces
1429 1868 1466 1896 et
1494 1869 1701 1906 sequentes
1731 1862 1863 1896 dicun-

1032 1914 1091 1941 tur
1115 1910 1226 1942 flexis
1251 1910 1426 1951 genibus.

1084 1958 1133 2008 Y.
1159 1965 1292 2018 Eripe
1311 1979 1382 2007 me
1401 1966 1590 2007 Domine
1610 1966 1666 2008 ab
1685 1966 1862 2009 homine

1031 2020 1158 2061 malo.
1187 2021 1236 2071 le.
1256 2021 1297 2062 A
1316 2022 1410 2062 viro
1430 2022 1581 2087 iniquo
1602 2023 1722 2091 eripe
1741 2035 1822 2064 me.

1083 2073 1131 2124 Y
1167 2077 1300 2130 Eripe
1333 2091 1403 2119 me
1437 2077 1493 2119 de
1524 2078 1709 2120 inimicis
1741 2079 1861 2128 meis,

1030 2132 1151 2173 Deus
1180 2147 1314 2175 meus.
1358 2137 1408 2188 R.
1437 2135 1493 2175 Et
1521 2134 1576 2175 ab
1603 2135 1860 2186 insurgenti-

1031 2187 1143 2229 bus
1132 2202 1175 2229 1n
1195 2202 1266 2230 me
1284 2189 1422 2231 libera
1441 2203 1522 2231 me.

1082 2241 1132 2292 Υ.
1156 2245 1289 2298 Eripe
1314 2259 1384 2288 me
1404 2246 1459 2288 de
1480 2246 1796 2299 operantibus
1785 2247 1859 2288 mi-

1031 2301 1253 2351 quitatem.
1277 2304 1326 2353 Rv.
1342 2303 1397 2343 Et
1412 2302 1467 2344 de
1482 2303 1585 2343 viris
1601 2303 1859 2354 sanguinum

1031 2355 1150 2397 salva
1169 2370 1250 2398 me.

1084 2408 1131 2458 Υ.
1166 2412 1237 2453 Sic
1269 2414 1487 2465 psalmum
1519 2414 1663 2456 dicam
1695 2415 1857 2456 nomini

1030 2472 1105 2507 tuo
1125 2468 1167 2508 in
1188 2469 1398 2510 saeculum
1418 2470 1580 2511 saeculi.
1617 2470 1667 2521 R.
1689 2470 1745 2511 Ut
1762 2469 1858 2512 red-

1030 2522 1130 2563 dam
1150 2529 1254 2565 vota
1272 2538 1370 2566 mea
1390 2525 1444 2567 de
1465 2525 1535 2568 die
1556 2526 1599 2566 in
1620 2525 1745 2567 diem.

1084 2574 1131 2623 Υ.
1170 2580 1339 2621 Exalidi
1376 2594 1458 2622 nos
1494 2582 1615 2623 Deus
1654 2581 1857 2623 salutAris

1029 2640 1190 2676 noster.
1246 2637 1294 2687 R.
1329 2637 1440 2689 Spes
1477 2638 1670 2679 Omnium
1705 2638 1857 2679 finium

1029 2694 1169 2739 terrae,
1189 2696 1233 2732 et
1251 2691 1294 2731 in
1313 2693 1422 2733 mari
1440 2693 1581 2744 longe.
