2040 2990
197 219 243 253 28
726 209 762 242 ln
791 207 909 241 feriali
937 203 1071 238 Officio
1098 202 1144 235 ud
1173 199 1343 233 l‘rimum.

250 309 439 352 Deduxit
463 320 530 348 me
552 317 681 357 super
701 302 876 344 semitas
897 301 1011 350 justi-

200 369 282 414 tiae,
301 369 323 392 *
342 369 522 418 propter
541 373 697 403 nomen
717 371 851 399 suum.

251 423 371 466 Nam,
392 426 435 462 et
454 420 489 460 si
509 417 787 459 ambulavero
808 414 849 454 in
868 409 1011 452 medio

201 478 363 520 umbrae
382 475 545 522 mortis,
565 486 650 514 non
670 470 831 513 timebo
850 467 975 509 mala:
990 467 1012 491 *

202 534 402 587 quoniam
423 538 470 573 tu
488 543 656 571 mecum
676 541 733 569 es.

251 590 384 639 Virga
400 594 483 634 tua,
504 592 546 628 et
560 584 739 627 baculus
755 591 868 624 tuus:
882 582 904 605 ¹⁸¹
920 580 1014 632 ipsa

200 660 269 688 me
289 644 512 687 consolata
531 647 641 683 sunt.

251 701 419 743 parasti
444 700 485 740 in
511 699 746 750 conspectu
774 706 871 735 meo
901 704 1014 732 men-

202 772 314 806 sam,
346 758 368 782 *
401 755 608 797 adversus
641 765 735 800 eOS‚
777 750 848 802 qui
884 747 1014 790 tribu-

203 815 293 855 lant
312 826 391 854 me.

256 867 536 921 Impinguasti
551 866 593 906 in
609 864 705 906 oleo
719 866 848 914 caput
859 873 1016 901 meum:

203 928 226 952 *
238 931 281 967 et
292 925 401 967 calix
412 937 532 965 meus
543 921 756 963 inebrians
771 930 899 970 quam
908 928 1016 969 prae-

206 983 346 1024 clarus
366 979 447 1022 est!

256 1038 311 1078 Et
330 1034 623 1077 misericordia
641 1038 714 1074 tua
731 1031 1018 1082 subsequetur

205 1107 273 1135 me
293 1094 315 1118 *
335 1091 532 1133 omnibus
553 1090 704 1131 diebus
724 1088 824 1129 vitae
843 1098 968 1127 meae:

257 1150 312 1191 Et
326 1154 373 1190 ut
388 1146 622 1188 inhabitem
636 1146 679 1186 in
691 1144 821 1186 domo
834 1141 1019 1190 Domini,

206 1207 228 1231 *
249 1206 289 1246 in
309 1202 619 1255 longitudinem
639 1201 815 1243 dierum.

423 1294 456 1331 F
471 1305 493 1330 e
507 1305 526 1330 r
538 1294 551 1329 i
565 1304 590 1329 a
627 1291 655 1328 S
668 1303 690 1327 e
704 1304 729 1327 x
741 1296 757 1327 t
771 1302 806 1327 a.

480 1357 671 1396 l'salmus
691 1358 746 1395 21.

209 1420 370 1525 Deus
390 1426 508 1467 Deus
534 1437 656 1465 meus
680 1423 848 1475 respice
872 1422 914 1462 in
937 1433 1021 1461 me:

314 1494 445 1533 quare
460 1494 527 1522 me
543 1477 831 1532 dereliquisti?
851 1479 874 1503 *
894 1478 1022 1527 longe

210 1549 234 1577 a
276 1537 413 1603 salute
456 1550 552 1578 mea
592 1535 724 1577 verba
765 1534 1022 1576 delictorum

210 1605 416 1633 meorum.

262 1649 380 1689 Deus
412 1661 533 1689 meus
566 1647 761 1689 clamabo
794 1659 871 1699 per
899 1645 1024 1694 diem,

212 1709 255 1745 et
274 1717 357 1745 non
378 1703 596 1745 exaudies:
614 1705 637 1728 *
658 1709 701 1745 et
719 1708 858 1752 nocte,
878 1707 921 1744 et
939 1715 1024 1743 non

213 1759 267 1801 ad
287 1761 573 1813 insipientiam
592 1759 705 1800 mihi.

264 1816 331 1857 Tu
363 1821 506 1857 autem
538 1816 579 1856 in
612 1820 762 1857 sancto
794 1814 980 1863 habitas,
1003 1814 1026 1840 *

214 1871 307 1912 laus
325 1872 469 1913 Israel.

267 1928 314 1967 In
338 1933 381 1968 te
405 1929 686 1980 speraverunt
708 1933 856 1979 patres
875 1926 1027 1968 nostri:

216 1985 238 2008 *
259 1986 549 2035 speraverunt,
569 1989 611 2024 et
629 1982 820 2025 liberasti
839 1996 925 2024 eos.

270 2038 339 2080 Ad
358 2044 401 2080 te
420 2039 723 2088 clamaverunt,
744 2045 786 2080 et
806 2033 910 2080 salvi
927 2040 1028 2081 facti

219 2100 332 2136 sunt:
358 2096 381 2120 *
409 2096 450 2135 in
478 2101 521 2137 te
548 2097 844 2147 speraverunt,
872 2101 915 2137 et
943 2109 1028 2137 non

220 2156 318 2192 sunt
337 2151 513 2192 confusi.
797 2176 801 2180 -

271 2207 364 2257 Ego
389 2213 531 2249 autern
557 2220 651 2247 sum
676 2208 847 2256 vermis,
876 2213 918 2249 et
945 2221 1030 2248 non

220 2262 366 2303 homo:
384 2263 406 2288 *
427 2262 707 2315 opprobrium
730 2262 965 2313 hominum,
989 2269 1032 2306 et

222 2318 404 2369 abjectio
423 2318 572 2371 plebis.

274 2373 434 2415 Omnes
459 2374 652 2415 videntes
679 2388 764 2423 me,
792 2374 1033 2417 deriserunt

223 2441 307 2470 me:
330 2430 352 2454 ¹⁸¹
376 2429 509 2471 locuti
534 2436 632 2471 sunt
655 2430 795 2479 labiis,
824 2436 866 2472 et
890 2434 1032 2472 move-

224 2490 323 2526 runt
342 2491 481 2537 caput.

274 2540 473 2593 Speravit
487 2542 529 2581 in
543 2542 740 2590 Domino,
756 2543 909 2595 eripiat
923 2556 1034 2584 eum:

225 2598 247 2622 *
268 2596 433 2637 salvum
452 2597 580 2638 faciat
596 2611 703 2646 eum,
725 2599 925 2650 quoniam
944 2600 1035 2641 vult

227 2666 335 2694 eum.

278 2709 489 2758 Quoniam
522 2715 568 2750 tu
600 2723 661 2758 es,
709 2711 781 2762 qui
813 2714 1035 2754 extraxisti

1063 309 1131 337 me
1151 294 1205 335 de
1226 297 1395 334 ventre:
1413 292 1436 317 *
1457 302 1558 343 spes
1582 301 1680 330 mea
1704 287 1758 329 ab
1783 285 1885 328 ube-

1064 351 1182 392 ribus
1202 349 1353 391 matris
1371 360 1491 388 meae.
1528 347 1579 386 In
1602 349 1645 386 te
1665 344 1885 397 projectus

1065 421 1160 448 sum
1180 420 1233 448 ex
1252 409 1393 447 fitero:

1116 464 1182 504 De
1193 467 1343 504 ventre
1354 459 1505 500 matris
1516 457 1754 498 meaeDeus
1763 467 1887 496 meus

1066 534 1112 562 es
1131 526 1189 568 tu,
1209 520 1231 544 *
1251 531 1305 559 ne
1325 514 1578 558 discesseris
1598 526 1623 554 a
1641 525 1726 554 me:

1118 575 1331 626 Quoniam
1351 570 1573 614 tribulatio
1592 569 1793 622 proxima
1807 572 1888 609 est:

1066 634 1088 658 *
1110 631 1313 684 quoniam
1332 642 1419 670 non
1440 632 1507 669 est
1528 626 1601 678 qui
1621 624 1806 676 adjuvet.

1119 685 1507 729 Circumdederunt
1525 695 1595 723 me
1610 680 1733 722 vituh‘
1751 679 1890 721 multi:

1067 746 1090 770 ¹⁸¹
1110 744 1222 786 tauri
1240 743 1422 795 pingues
1442 738 1709 781 obsederunt
1727 749 1808 778 me.

1118 801 1397 852 Aperuerunt
1427 808 1557 848 super
1585 807 1655 835 me
1679 805 1729 834 os
1754 805 1891 841 suum,

1068 858 1091 883 *
1111 857 1222 898 sicut
1241 855 1310 896 leo
1330 854 1504 906 rapiens
1524 856 1568 892 et
1586 850 1772 901 rugiens.

1070 971 1221 1023 spersa
1241 972 1341 1009 sunt
1360 966 1505 1007 omnia
1524 976 1626 1005 ossa
1643 975 1752 1004 mea.

1122 1026 1304 1066 Factum
1325 1028 1391 1064 est
1411 1034 1486 1063 cor
1504 1033 1650 1062 meum
1669 1024 1894 1070 tamquam

1071 1095 1169 1124 cera
1205 1081 1451 1133 liquescens
1482 1078 1506 1103 *
1537 1077 1581 1118 in
1612 1075 1759 1117 medio
1796 1085 1894 1115 ven-

1071 1139 1149 1180 tris
1169 1138 1265 1179 mei.

1123 1194 1251 1236 Aruit
1266 1198 1490 1244 tamquam
1506 1194 1621 1232 testa
1634 1188 1773 1230 virtus
1787 1199 1895 1236 mea,

1073 1257 1116 1293 et
1156 1251 1302 1301 lingua
1341 1261 1439 1289 mea
1476 1245 1662 1288 adhaesit
1698 1243 1896 1285 faucibus

1071 1308 1194 1349 meis:
1217 1307 1240 1333 *
1265 1311 1308 1348 et
1330 1306 1373 1346 in
1397 1303 1623 1357 pulverem
1645 1300 1802 1342 mortis
1825 1299 1896 1342 de-

1073 1363 1235 1406 duxisti
1254 1375 1334 1404 me.

1125 1420 1339 1471 Quoniam
1355 1414 1735 1459 circumdederunt
1749 1425 1818 1455 me
1830 1425 1897 1454 ca-

1073 1491 1150 1519 nes
1182 1476 1320 1517 multi:
1347 1476 1370 1501 *
1399 1472 1630 1516 concilium
1661 1470 1897 1521 malignan-

1074 1534 1182 1575 tium
1201 1531 1375 1574 obsedit
1394 1543 1474 1572 me.
1681 1543 1690 1552 ·

1126 1589 1350 1631 Foderunt
1372 1599 1526 1628 manus
1548 1597 1669 1626 meas
1693 1588 1737 1625 et
1759 1581 1898 1635 pedes
1936 1604 1939 1621 ;

1074 1659 1212 1688 meos:
1256 1647 1279 1671 *
1324 1643 1707 1686 dinumeraverunt
1753 1639 1898 1680 omnia

1076 1716 1176 1745 ossa
1195 1715 1303 1743 mea.

1127 1759 1216 1812 Ipsi
1235 1770 1340 1800 vero
1365 1754 1752 1798 consideraverunt
1775 1756 1820 1793 et
1837 1750 1898 1791 in-

1077 1818 1311 1868 spexerunt
1325 1826 1410 1854 me:
1427 1814 1451 1838 *
1471 1811 1710 1853 diviserunt
1728 1807 1812 1849 sibi
1829 1819 1899 1848 ve-

1078 1873 1279 1913 stimenta
1293 1883 1401 1918 mea,
1420 1873 1464 1910 et
1484 1880 1615 1920 super
1629 1869 1798 1907 vestem
1812 1876 1899 1905 me-

1078 1941 1147 1969 am
1166 1929 1377 1968 miserunt
1396 1929 1572 1966 sortem.

1129 1985 1198 2025 Tu
1221 1989 1366 2025 autem
1384 1981 1571 2023 Domine
1594 1992 1649 2020 ne
1674 1978 1900 2028 elongave-

1079 2042 1138 2082 ris
1166 2040 1372 2082 auxilium
1399 2044 1522 2080 tuum
1550 2050 1575 2078 a
1602 2048 1687 2077 me:
1705 2035 1729 2061 *
1748 2033 1805 2076 ad
1830 2032 1900 2074 de-

1080 2097 1318 2139 fensionem
1337 2108 1480 2136 meam
1500 2093 1716 2145 conspice.

1131 2154 1246 2194 Erue
1287 2165 1312 2193 a
1352 2152 1517 2192 framea
1552 2150 1673 2190 Deus
1715 2147 1903 2188 animam

1081 2222 1235 2251 meam:
1254 2209 1277 2234 *
1298 2213 1340 2250 et
1365 2207 1419 2249 de
1442 2219 1574 2248 manu
1596 2205 1714 2247 canis
1732 2203 1903 2245 unicam

1082 2278 1238 2307 meam:

1134 2321 1261 2362 Salva
1293 2333 1362 2361 me
1396 2333 1450 2360 ex
1481 2331 1557 2360 ore
1589 2316 1847 2359 leonisz*et
1879 2327 1903 2355 a

1083 2376 1287 2419 cornibus
1316 2375 1585 2417 unicornium
1615 2372 1904 2414 humilitatem

1083 2446 1234 2475 meam.

1135 2487 1334 2530 Narrabo
1362 2501 1520 2529 nomen
1548 2492 1671 2528 tuum
1699 2483 1906 2526 fratribus

1085 2546 1191 2587 meis
1199 2546 1236 2584 2*
1244 2545 1285 2585 in
1297 2543 1441 2585 medio
1450 2543 1645 2585 ecclesiae
1652 2540 1842 2583 laudabo
1850 2545 1905 2582 te.

1137 2601 1219 2651 Qui
1251 2601 1413 2642 timetis
1440 2600 1692 2648 Dominum,
1730 2596 1905 2638 laudate

1087 2671 1199 2699 eum:
1234 2657 1258 2682 *
1294 2656 1542 2696 universum
1585 2667 1734 2696 semen
1768 2651 1905 2694 Jacob

1086 2713 1325 2764 glorificate
1345 2725 1454 2753 eum.

1119 913 1238 954 Sicut
1263 923 1376 963 aqua
1400 909 1562 951 effosus
1588 920 1698 948 sum:
1716 906 1740 932 *
1759 910 1804 947 et
1831 904 1891 946 di·
1953 910 1955 914 ⁴
