<?xml version="1.0" encoding="UTF-8"?>
<!DOCTYPE html PUBLIC "-//W3C//DTD XHTML 1.0 Transitional//EN"
    "http://www.w3.org/TR/xhtml1/DTD/xhtml1-transitional.dtd">
<html xmlns="http://www.w3.org/1999/xhtml" xml:lang="en" lang="en">
 <head>
  <title>
</title>
<meta http-equiv="Content-Type" content="text/html;charset=utf-8" />
  <meta name='ocr-system' content='tesseract 3.04.00' />
  <meta name='ocr-capabilities' content='ocr_page ocr_carea ocr_par ocr_line ocrx_word'/>
</head>
<body>
  <div class='ocr_page' id='page_1' title='image "./p1breviariumroma00cathuoft_0606.png"; bbox 0 0 2080 2990; ppageno 0'>
   <div class='ocr_carea' id='block_1_1' title="bbox 708 235 1447 279">
    <p class='ocr_par' dir='ltr' id='par_1_1' title="bbox 708 235 1447 279">
     <span class='ocr_line' id='line_1_1' title="bbox 708 235 1447 279; baseline -0.004 -9"><span class='ocrx_word' id='word_1_1' title='bbox 708 239 919 270; x_wconf 73' lang='lat' dir='ltr'>Commune</span> <span class='ocrx_word' id='word_1_2' title='bbox 947 236 1196 279; x_wconf 79' lang='lat' dir='ltr'>plurimorum</span> <span class='ocrx_word' id='word_1_3' title='bbox 1226 235 1447 278; x_wconf 75' lang='lat' dir='ltr'><strong>Martyrum.</strong></span> 
     </span>
    </p>
   </div>
   <div class='ocr_carea' id='block_1_2' title="bbox 186 332 1050 2788">
    <p class='ocr_par' dir='ltr' id='par_1_2' title="bbox 214 332 1046 712">
     <span class='ocr_line' id='line_1_2' title="bbox 216 332 1045 386; baseline -0.004 -11"><span class='ocrx_word' id='word_1_4' title='bbox 216 335 289 386; x_wconf 92' lang='lat' dir='ltr'>qui</span> <span class='ocrx_word' id='word_1_5' title='bbox 305 334 444 376; x_wconf 81' lang='lat' dir='ltr'>effuso</span> <span class='ocrx_word' id='word_1_6' title='bbox 462 333 672 383; x_wconf 76' lang='lat' dir='ltr'>sanguine</span> <span class='ocrx_word' id='word_1_7' title='bbox 688 332 827 374; x_wconf 84' lang='lat' dir='ltr'>secuti</span> <span class='ocrx_word' id='word_1_8' title='bbox 843 337 943 373; x_wconf 89' lang='lat' dir='ltr'>sunt</span> <span class='ocrx_word' id='word_1_9' title='bbox 958 332 1045 372; x_wconf 74' lang='lat' dir='ltr'>De-</span> 
     </span>
     <span class='ocr_line' id='line_1_3' title="bbox 215 388 1046 431; baseline -0.006 0"><span class='ocrx_word' id='word_1_10' title='bbox 215 391 393 431; x_wconf 86' lang='lat' dir='ltr'>minum:</span> <span class='ocrx_word' id='word_1_11' title='bbox 419 394 439 415; x_wconf 78' lang='lat'>¹⁸¹</span> <span class='ocrx_word' id='word_1_12' title='bbox 458 390 799 430; x_wconf 89' lang='lat' dir='ltr'>Contemnentes</span> <span class='ocrx_word' id='word_1_13' title='bbox 820 388 963 429; x_wconf 87' lang='lat' dir='ltr'>aulam</span> <span class='ocrx_word' id='word_1_14' title='bbox 983 388 1046 427; x_wconf 93' lang='lat' dir='ltr'>re-</span> 
     </span>
     <span class='ocr_line' id='line_1_4' title="bbox 214 443 1046 498; baseline -0.005 -11"><span class='ocrx_word' id='word_1_15' title='bbox 214 447 344 496; x_wconf 74' lang='lat' dir='ltr'>giam,</span> <span class='ocrx_word' id='word_1_16' title='bbox 373 447 668 498; x_wconf 84' lang='lat' dir='ltr'>pervenerunt</span> <span class='ocrx_word' id='word_1_17' title='bbox 689 444 744 485; x_wconf 90' lang='lat' dir='ltr'>ad</span> <span class='ocrx_word' id='word_1_18' title='bbox 764 457 898 494; x_wconf 86' lang='lat' dir='ltr'>regna</span> <span class='ocrx_word' id='word_1_19' title='bbox 919 443 1046 485; x_wconf 89' lang='lat' dir='ltr'>eoele-</span> 
     </span>
     <span class='ocr_line' id='line_1_5' title="bbox 215 501 1046 554; baseline -0.005 -11"><span class='ocrx_word' id='word_1_20' title='bbox 215 503 308 543; x_wconf 89' lang='lat' dir='ltr'>stia.</span> <span class='ocrx_word' id='word_1_21' title='bbox 335 501 382 549; x_wconf 61' lang='grc' dir='ltr'>Υ.</span> <span class='ocrx_word' id='word_1_22' title='bbox 396 502 512 543; x_wconf 89' lang='lat' dir='ltr'>Eece</span> <span class='ocrx_word' id='word_1_23' title='bbox 530 515 660 554; x_wconf 89' lang='lat' dir='ltr'>quam</span> <span class='ocrx_word' id='word_1_24' title='bbox 674 501 839 542; x_wconf 92' lang='lat' dir='ltr'>bonum</span> <span class='ocrx_word' id='word_1_25' title='bbox 856 506 899 541; x_wconf 92' lang='lat' dir='ltr'>et</span> <span class='ocrx_word' id='word_1_26' title='bbox 916 512 1046 551; x_wconf 91' lang='lat' dir='ltr'>quam</span> 
     </span>
     <span class='ocr_line' id='line_1_6' title="bbox 215 557 1046 609; baseline -0.006 -10"><span class='ocrx_word' id='word_1_27' title='bbox 215 558 450 609; x_wconf 83' lang='lat' dir='ltr'>jucundum</span> <span class='ocrx_word' id='word_1_28' title='bbox 466 557 664 599; x_wconf 78' lang='lat' dir='ltr'>habitare</span> <span class='ocrx_word' id='word_1_29' title='bbox 676 557 833 599; x_wconf 88' lang='lat' dir='ltr'>fratres</span> <span class='ocrx_word' id='word_1_30' title='bbox 848 557 891 597; x_wconf 93' lang='lat' dir='ltr'>in</span> <span class='ocrx_word' id='word_1_31' title='bbox 903 569 1046 596; x_wconf 88' lang='lat' dir='ltr'>unum.</span> 
     </span>
     <span class='ocr_line' id='line_1_7' title="bbox 215 612 1046 656; baseline -0.006 0"><span class='ocrx_word' id='word_1_32' title='bbox 215 615 565 656; x_wconf 86' lang='lat' dir='ltr'>Contemnentes.</span> <span class='ocrx_word' id='word_1_33' title='bbox 602 613 751 654; x_wconf 56' lang='lat' dir='ltr'>(ileria</span> <span class='ocrx_word' id='word_1_34' title='bbox 771 613 902 654; x_wconf 86' lang='lat' dir='ltr'>Patri.</span> <span class='ocrx_word' id='word_1_35' title='bbox 937 612 1046 652; x_wconf 91' lang='lat' dir='ltr'>Con-</span> 
     </span>
     <span class='ocr_line' id='line_1_8' title="bbox 214 673 470 712; baseline -0.008 0"><span class='ocrx_word' id='word_1_36' title='bbox 214 673 470 712; x_wconf 88' lang='lat' dir='ltr'>temnentes.</span> 
     </span>
    </p>

    <p class='ocr_par' dir='ltr' id='par_1_3' title="bbox 272 725 821 768">
     <span class='ocr_line' id='line_1_9' title="bbox 272 725 821 768; baseline -0.004 -2"><span class='ocrx_word' id='word_1_37' title='bbox 272 727 432 767; x_wconf 77' lang='lat' dir='ltr'>Bened.</span> <span class='ocrx_word' id='word_1_38' title='bbox 463 725 532 767; x_wconf 64' lang='lat' dir='ltr'>Ad</span> <span class='ocrx_word' id='word_1_39' title='bbox 552 725 821 768; x_wconf 79' lang='lat' dir='ltr'>societatem.</span> 
     </span>
    </p>

    <p class='ocr_par' dir='ltr' id='par_1_4' title="bbox 522 784 745 824">
     <span class='ocr_line' id='line_1_10' title="bbox 522 784 745 824; baseline -0.013 -1"><span class='ocrx_word' id='word_1_40' title='bbox 522 784 672 824; x_wconf 79' lang='lat' dir='ltr'>Lectio</span> <span class='ocrx_word' id='word_1_41' title='bbox 693 784 745 823; x_wconf 77' lang='lat' dir='ltr'>ix.</span> 
     </span>
    </p>

    <p class='ocr_par' dir='ltr' id='par_1_5' title="bbox 209 836 1050 1959">
     <span class='ocr_line' id='line_1_11' title="bbox 287 836 1046 890; baseline -0.005 -10"><span class='ocrx_word' id='word_1_42' title='bbox 287 839 342 880; x_wconf 92' lang='lat' dir='ltr'>ed</span> <span class='ocrx_word' id='word_1_43' title='bbox 358 852 456 880; x_wconf 86' lang='lat' dir='ltr'>eum</span> <span class='ocrx_word' id='word_1_44' title='bbox 472 844 540 880; x_wconf 90' lang='lat' dir='ltr'>tot</span> <span class='ocrx_word' id='word_1_45' title='bbox 560 838 682 888; x_wconf 81' lang='lat' dir='ltr'>signa</span> <span class='ocrx_word' id='word_1_46' title='bbox 702 836 1046 890; x_wconf 77' lang='lat' dir='ltr'>perturbatienis</span> 
     </span>
     <span class='ocr_line' id='line_1_12' title="bbox 309 894 1047 946; baseline -0.008 -9"><span class='ocrx_word' id='word_1_47' title='bbox 309 895 427 937; x_wconf 84' lang='lat' dir='ltr'>dicta</span> <span class='ocrx_word' id='word_1_48' title='bbox 456 896 556 943; x_wconf 86' lang='lat' dir='ltr'>sint,</span> <span class='ocrx_word' id='word_1_49' title='bbox 591 895 784 946; x_wconf 78' lang='lat' dir='ltr'>opertet,</span> <span class='ocrx_word' id='word_1_50' title='bbox 819 898 866 933; x_wconf 92' lang='lat' dir='ltr'>ut</span> <span class='ocrx_word' id='word_1_51' title='bbox 895 894 1047 933; x_wconf 80' lang='lat' dir='ltr'>eerum</span> 
     </span>
     <span class='ocr_line' id='line_1_13' title="bbox 216 950 1046 1000; baseline -0.006 -7"><span class='ocrx_word' id='word_1_52' title='bbox 216 951 614 994; x_wconf 76' lang='lat' dir='ltr'>consideratienem</span> <span class='ocrx_word' id='word_1_53' title='bbox 639 950 832 991; x_wconf 85' lang='lat' dir='ltr'>breviter</span> <span class='ocrx_word' id='word_1_54' title='bbox 856 961 935 1000; x_wconf 91' lang='lat' dir='ltr'>per</span> <span class='ocrx_word' id='word_1_55' title='bbox 964 950 1046 989; x_wconf 92' lang='lat' dir='ltr'>sin-</span> 
     </span>
     <span class='ocr_line' id='line_1_14' title="bbox 215 1006 1047 1060; baseline -0.006 -11"><span class='ocrx_word' id='word_1_56' title='bbox 215 1008 315 1059; x_wconf 84' lang='lat' dir='ltr'>gula</span> <span class='ocrx_word' id='word_1_57' title='bbox 341 1008 702 1060; x_wconf 76' lang='lat' dir='ltr'>perstringamus:</span> <span class='ocrx_word' id='word_1_58' title='bbox 740 1006 842 1057; x_wconf 90' lang='lat' dir='ltr'>quia</span> <span class='ocrx_word' id='word_1_59' title='bbox 867 1006 1047 1045; x_wconf 89' lang='lat' dir='ltr'>necesse</span> 
     </span>
     <span class='ocr_line' id='line_1_15' title="bbox 215 1060 1048 1114; baseline -0.006 -9"><span class='ocrx_word' id='word_1_60' title='bbox 215 1070 292 1114; x_wconf 85' lang='lat' dir='ltr'>est,</span> <span class='ocrx_word' id='word_1_61' title='bbox 312 1070 359 1105; x_wconf 88' lang='lat' dir='ltr'>ut</span> <span class='ocrx_word' id='word_1_62' title='bbox 379 1064 463 1105; x_wconf 82' lang='lat' dir='ltr'>alia</span> <span class='ocrx_word' id='word_1_63' title='bbox 483 1077 506 1104; x_wconf 89' lang='lat' dir='ltr'>e</span> <span class='ocrx_word' id='word_1_64' title='bbox 528 1062 652 1112; x_wconf 81' lang='lat' dir='ltr'>coelo,</span> <span class='ocrx_word' id='word_1_65' title='bbox 673 1061 756 1103; x_wconf 79' lang='lat' dir='ltr'>alia</span> <span class='ocrx_word' id='word_1_66' title='bbox 773 1074 796 1102; x_wconf 93' lang='lat' dir='ltr'>e</span> <span class='ocrx_word' id='word_1_67' title='bbox 815 1066 944 1110; x_wconf 87' lang='lat' dir='ltr'>terra,</span> <span class='ocrx_word' id='word_1_68' title='bbox 964 1060 1048 1101; x_wconf 75' lang='lat' dir='ltr'>alia</span> 
     </span>
     <span class='ocr_line' id='line_1_16' title="bbox 215 1116 1047 1169; baseline -0.006 -8"><span class='ocrx_word' id='word_1_69' title='bbox 215 1120 270 1161; x_wconf 91' lang='lat' dir='ltr'>ab</span> <span class='ocrx_word' id='word_1_70' title='bbox 305 1120 550 1169; x_wconf 88' lang='lat' dir='ltr'>elementis,</span> <span class='ocrx_word' id='word_1_71' title='bbox 592 1118 676 1159; x_wconf 78' lang='lat' dir='ltr'>alia</span> <span class='ocrx_word' id='word_1_72' title='bbox 710 1117 765 1159; x_wconf 87' lang='lat' dir='ltr'>ab</span> <span class='ocrx_word' id='word_1_73' title='bbox 797 1116 1047 1158; x_wconf 90' lang='lat' dir='ltr'>hominibus</span> 
     </span>
     <span class='ocr_line' id='line_1_17' title="bbox 215 1175 1047 1228; baseline -0.005 -11"><span class='ocrx_word' id='word_1_74' title='bbox 215 1177 445 1228; x_wconf 81' lang='lat' dir='ltr'>patiamur.</span> <span class='ocrx_word' id='word_1_75' title='bbox 482 1176 558 1216; x_wconf 89' lang='lat' dir='ltr'>Ait</span> <span class='ocrx_word' id='word_1_76' title='bbox 587 1175 717 1216; x_wconf 90' lang='lat' dir='ltr'>enim:</span> <span class='ocrx_word' id='word_1_77' title='bbox 754 1175 912 1224; x_wconf 82' lang='lat' dir='ltr'>Surget</span> <span class='ocrx_word' id='word_1_78' title='bbox 939 1186 1047 1223; x_wconf 88' lang='lat' dir='ltr'>gens</span> 
     </span>
     <span class='ocr_line' id='line_1_18' title="bbox 215 1229 1046 1282; baseline -0.005 -9"><span class='ocrx_word' id='word_1_79' title='bbox 215 1238 367 1273; x_wconf 88' lang='lat' dir='ltr'>contra</span> <span class='ocrx_word' id='word_1_80' title='bbox 398 1238 590 1282; x_wconf 83' lang='lat' dir='ltr'><strong>gentem,</strong></span> <span class='ocrx_word' id='word_1_81' title='bbox 635 1243 738 1272; x_wconf 89' lang='lat' dir='ltr'>eece</span> <span class='ocrx_word' id='word_1_82' title='bbox 772 1229 1046 1282; x_wconf 79' lang='lat' dir='ltr'>perturbatio</span> 
     </span>
     <span class='ocr_line' id='line_1_19' title="bbox 213 1285 1047 1336; baseline -0.005 -7"><span class='ocrx_word' id='word_1_83' title='bbox 213 1288 452 1329; x_wconf 80' lang='lat' dir='ltr'>heminum:</span> <span class='ocrx_word' id='word_1_84' title='bbox 466 1293 593 1329; x_wconf 92' lang='lat' dir='ltr'>erunt</span> <span class='ocrx_word' id='word_1_85' title='bbox 608 1289 886 1328; x_wconf 79' lang='lat' dir='ltr'>terraemetus</span> <span class='ocrx_word' id='word_1_86' title='bbox 902 1285 1047 1336; x_wconf 86' lang='lat' dir='ltr'>magni</span> 
     </span>
     <span class='ocr_line' id='line_1_20' title="bbox 212 1341 1046 1397; baseline -0.005 -11"><span class='ocrx_word' id='word_1_87' title='bbox 212 1358 291 1397; x_wconf 88' lang='lat' dir='ltr'>per</span> <span class='ocrx_word' id='word_1_88' title='bbox 310 1344 419 1393; x_wconf 87' lang='lat' dir='ltr'>loca,</span> <span class='ocrx_word' id='word_1_89' title='bbox 448 1357 551 1386; x_wconf 85' lang='lat' dir='ltr'>ecce</span> <span class='ocrx_word' id='word_1_90' title='bbox 575 1345 802 1396; x_wconf 87' lang='lat' dir='ltr'>respectus</span> <span class='ocrx_word' id='word_1_91' title='bbox 822 1343 900 1384; x_wconf 88' lang='lat' dir='ltr'>irae</span> <span class='ocrx_word' id='word_1_92' title='bbox 922 1341 1046 1383; x_wconf 93' lang='lat' dir='ltr'>desu-</span> 
     </span>
     <span class='ocr_line' id='line_1_21' title="bbox 212 1399 1047 1454; baseline -0.004 -12"><span class='ocrx_word' id='word_1_93' title='bbox 212 1415 307 1454; x_wconf 91' lang='lat' dir='ltr'>per:</span> <span class='ocrx_word' id='word_1_94' title='bbox 346 1406 473 1443; x_wconf 90' lang='lat' dir='ltr'>erunt</span> <span class='ocrx_word' id='word_1_95' title='bbox 499 1400 780 1453; x_wconf 74' lang='lat' dir='ltr'>pestilentiae,</span> <span class='ocrx_word' id='word_1_96' title='bbox 815 1412 918 1441; x_wconf 88' lang='lat' dir='ltr'>ecce</span> <span class='ocrx_word' id='word_1_97' title='bbox 945 1399 1047 1439; x_wconf 87' lang='lat' dir='ltr'>inae-</span> 
     </span>
     <span class='ocr_line' id='line_1_22' title="bbox 213 1456 1047 1510; baseline -0.002 -12"><span class='ocrx_word' id='word_1_98' title='bbox 213 1458 400 1510; x_wconf 77' lang='lat' dir='ltr'>qualitas</span> <span class='ocrx_word' id='word_1_99' title='bbox 416 1460 668 1509; x_wconf 67' lang='lat' dir='ltr'>corporum:</span> <span class='ocrx_word' id='word_1_100' title='bbox 684 1457 768 1498; x_wconf 90' lang='lat' dir='ltr'>erit</span> <span class='ocrx_word' id='word_1_101' title='bbox 784 1456 932 1505; x_wconf 87' lang='lat' dir='ltr'>fames,</span> <span class='ocrx_word' id='word_1_102' title='bbox 944 1468 1047 1496; x_wconf 86' lang='lat' dir='ltr'>ecee</span> 
     </span>
     <span class='ocr_line' id='line_1_23' title="bbox 210 1511 1047 1564; baseline -0.004 -9"><span class='ocrx_word' id='word_1_103' title='bbox 210 1514 419 1555; x_wconf 81' lang='lat' dir='ltr'>sterilitas</span> <span class='ocrx_word' id='word_1_104' title='bbox 466 1519 615 1554; x_wconf 84' lang='lat' dir='ltr'>terrae:</span> <span class='ocrx_word' id='word_1_105' title='bbox 665 1514 948 1564; x_wconf 89' lang='lat' dir='ltr'>terroresque</span> <span class='ocrx_word' id='word_1_106' title='bbox 992 1511 1047 1552; x_wconf 90' lang='lat' dir='ltr'>de</span> 
     </span>
     <span class='ocr_line' id='line_1_24' title="bbox 209 1569 1047 1622; baseline -0.004 -12"><span class='ocrx_word' id='word_1_107' title='bbox 209 1569 327 1610; x_wconf 88' lang='lat' dir='ltr'>eoelo</span> <span class='ocrx_word' id='word_1_108' title='bbox 350 1575 392 1610; x_wconf 89' lang='lat' dir='ltr'>et</span> <span class='ocrx_word' id='word_1_109' title='bbox 412 1571 711 1622; x_wconf 82' lang='lat' dir='ltr'>tempestates,</span> <span class='ocrx_word' id='word_1_110' title='bbox 734 1581 837 1610; x_wconf 89' lang='lat' dir='ltr'>eece</span> <span class='ocrx_word' id='word_1_111' title='bbox 856 1569 1047 1619; x_wconf 79' lang='lat' dir='ltr'>inaequa-</span> 
     </span>
     <span class='ocr_line' id='line_1_25' title="bbox 213 1624 1047 1675; baseline -0.004 -9"><span class='ocrx_word' id='word_1_112' title='bbox 213 1626 311 1666; x_wconf 91' lang='lat' dir='ltr'>litas</span> <span class='ocrx_word' id='word_1_113' title='bbox 339 1626 464 1665; x_wconf 78' lang='lat' dir='ltr'>aeris.</span> <span class='ocrx_word' id='word_1_114' title='bbox 511 1626 621 1675; x_wconf 89' lang='lat' dir='ltr'>Quia</span> <span class='ocrx_word' id='word_1_115' title='bbox 649 1637 754 1675; x_wconf 83' lang='lat' dir='ltr'>ergo</span> <span class='ocrx_word' id='word_1_116' title='bbox 781 1624 927 1665; x_wconf 82' lang='lat' dir='ltr'>emnia</span> <span class='ocrx_word' id='word_1_117' title='bbox 948 1636 1047 1664; x_wconf 89' lang='lat' dir='ltr'>con-</span> 
     </span>
     <span class='ocr_line' id='line_1_26' title="bbox 214 1680 1047 1730; baseline -0.004 -8"><span class='ocrx_word' id='word_1_118' title='bbox 214 1680 474 1722; x_wconf 84' lang='lat' dir='ltr'>summanda</span> <span class='ocrx_word' id='word_1_119' title='bbox 499 1686 614 1730; x_wconf 88' lang='lat' dir='ltr'>sunt,</span> <span class='ocrx_word' id='word_1_120' title='bbox 649 1686 750 1722; x_wconf 89' lang='lat' dir='ltr'>ante</span> <span class='ocrx_word' id='word_1_121' title='bbox 775 1692 1047 1721; x_wconf 87' lang='lat' dir='ltr'>consumma-</span> 
     </span>
     <span class='ocr_line' id='line_1_27' title="bbox 214 1736 1048 1789; baseline -0.005 -10"><span class='ocrx_word' id='word_1_122' title='bbox 214 1738 379 1779; x_wconf 76' lang='lat' dir='ltr'>tienem</span> <span class='ocrx_word' id='word_1_123' title='bbox 395 1738 541 1778; x_wconf 75' lang='lat' dir='ltr'>emnia</span> <span class='ocrx_word' id='word_1_124' title='bbox 561 1736 891 1789; x_wconf 62' lang='lat' dir='ltr'>perturbantur:</span> <span class='ocrx_word' id='word_1_125' title='bbox 911 1741 955 1777; x_wconf 91' lang='lat' dir='ltr'>et</span> <span class='ocrx_word' id='word_1_126' title='bbox 974 1736 1048 1788; x_wconf 87' lang='lat' dir='ltr'>qui</span> 
     </span>
     <span class='ocr_line' id='line_1_28' title="bbox 211 1792 1048 1845; baseline -0.002 -11"><span class='ocrx_word' id='word_1_127' title='bbox 211 1794 255 1834; x_wconf 90' lang='lat' dir='ltr'>in</span> <span class='ocrx_word' id='word_1_128' title='bbox 289 1794 456 1835; x_wconf 88' lang='lat' dir='ltr'>cunctis</span> <span class='ocrx_word' id='word_1_129' title='bbox 491 1793 770 1845; x_wconf 82' lang='lat' dir='ltr'>deliquimus,</span> <span class='ocrx_word' id='word_1_130' title='bbox 807 1793 850 1833; x_wconf 91' lang='lat' dir='ltr'>in</span> <span class='ocrx_word' id='word_1_131' title='bbox 880 1792 1048 1833; x_wconf 82' lang='lat' dir='ltr'>eunctis</span> 
     </span>
     <span class='ocr_line' id='line_1_29' title="bbox 214 1847 1048 1902; baseline -0.002 -12"><span class='ocrx_word' id='word_1_132' title='bbox 214 1850 406 1891; x_wconf 91' lang='lat' dir='ltr'>ferimur:</span> <span class='ocrx_word' id='word_1_133' title='bbox 426 1855 474 1891; x_wconf 90' lang='lat' dir='ltr'>ut</span> <span class='ocrx_word' id='word_1_134' title='bbox 493 1849 728 1902; x_wconf 77' lang='lat' dir='ltr'>impleatur</span> <span class='ocrx_word' id='word_1_135' title='bbox 743 1848 863 1901; x_wconf 92' lang='lat' dir='ltr'>quod</span> <span class='ocrx_word' id='word_1_136' title='bbox 879 1847 1048 1896; x_wconf 91' lang='lat' dir='ltr'>dicitur,</span> 
     </span>
     <span class='ocr_line' id='line_1_30' title="bbox 214 1905 1050 1959; baseline -0.002 -13"><span class='ocrx_word' id='word_1_137' title='bbox 214 1907 271 1947; x_wconf 84' lang='lat' dir='ltr'>Et</span> <span class='ocrx_word' id='word_1_138' title='bbox 289 1905 503 1959; x_wconf 83' lang='lat' dir='ltr'>pugnabit</span> <span class='ocrx_word' id='word_1_139' title='bbox 522 1918 605 1958; x_wconf 91' lang='lat' dir='ltr'>pro</span> <span class='ocrx_word' id='word_1_140' title='bbox 622 1918 675 1947; x_wconf 88' lang='lat' dir='ltr'>eo</span> <span class='ocrx_word' id='word_1_141' title='bbox 692 1905 812 1946; x_wconf 88' lang='lat' dir='ltr'>orbis</span> <span class='ocrx_word' id='word_1_142' title='bbox 831 1907 1050 1946; x_wconf 78' lang='lat' dir='ltr'>terrarum</span> 
     </span>
    </p>

    <p class='ocr_par' dir='ltr' id='par_1_6' title="bbox 216 1962 648 2004">
     <span class='ocr_line' id='line_1_31' title="bbox 216 1962 648 2004; baseline -0.002 -1"><span class='ocrx_word' id='word_1_143' title='bbox 216 1967 370 2004; x_wconf 87' lang='lat' dir='ltr'>eontra</span> <span class='ocrx_word' id='word_1_144' title='bbox 389 1962 648 2003; x_wconf 82' lang='lat' dir='ltr'>insensatos.</span> 
     </span>
    </p>

    <p class='ocr_par' dir='ltr' id='par_1_7' title="bbox 267 2017 833 2059">
     <span class='ocr_line' id='line_1_32' title="bbox 267 2017 833 2059; baseline -0.002 -1"><span class='ocrx_word' id='word_1_145' title='bbox 267 2019 332 2059; x_wconf 91' lang='lat' dir='ltr'>Te</span> <span class='ocrx_word' id='word_1_146' title='bbox 351 2019 494 2059; x_wconf 89' lang='lat' dir='ltr'>Deum</span> <span class='ocrx_word' id='word_1_147' title='bbox 513 2017 754 2059; x_wconf 78' lang='lat' dir='ltr'>laudamus.</span> <span class='ocrx_word' id='word_1_148' title='bbox 775 2018 833 2058; x_wconf 87' lang='grc'>14.</span> 
     </span>
    </p>

    <p class='ocr_par' dir='ltr' id='par_1_8' title="bbox 433 2081 822 2179">
     <span class='ocr_line' id='line_1_33' title="bbox 481 2081 784 2122; baseline 0.003 -1"><span class='ocrx_word' id='word_1_149' title='bbox 481 2081 559 2121; x_wconf 89' lang='lat' dir='ltr'>Ad</span> <span class='ocrx_word' id='word_1_150' title='bbox 586 2081 784 2122; x_wconf 86' lang='lat' dir='ltr'>Laudes</span> 
     </span>
     <span class='ocr_line' id='line_1_34' title="bbox 433 2137 822 2179; baseline 0.008 -11"><span class='ocrx_word' id='word_1_151' title='bbox 433 2140 479 2168; x_wconf 80' lang='lat' dir='ltr'>et</span> <span class='ocrx_word' id='word_1_152' title='bbox 513 2146 603 2179; x_wconf 83' lang='lat' dir='ltr'>per</span> <span class='ocrx_word' id='word_1_153' title='bbox 639 2137 822 2171; x_wconf 82' lang='lat' dir='ltr'>Horas.</span> 
     </span>
    </p>

    <p class='ocr_par' dir='ltr' id='par_1_9' title="bbox 218 2186 1049 2350">
     <span class='ocr_line' id='line_1_35' title="bbox 268 2186 1049 2237; baseline 0.003 -14"><span class='ocrx_word' id='word_1_154' title='bbox 268 2186 366 2224; x_wconf 76' lang='lat' dir='ltr'>Ant.</span> <span class='ocrx_word' id='word_1_155' title='bbox 399 2187 425 2224; x_wconf 96' lang='grc'>1.</span> <span class='ocrx_word' id='word_1_156' title='bbox 469 2186 632 2227; x_wconf 82' lang='lat' dir='ltr'>Omnes</span> <span class='ocrx_word' id='word_1_157' title='bbox 662 2186 811 2235; x_wconf 84' lang='lat' dir='ltr'>saneti,</span> <span class='ocrx_word' id='word_1_158' title='bbox 831 2186 854 2211; x_wconf 86' lang='lat'>*</span> <span class='ocrx_word' id='word_1_159' title='bbox 886 2190 1049 2237; x_wconf 90' lang='lat' dir='ltr'>quanta</span> 
     </span>
     <span class='ocr_line' id='line_1_36' title="bbox 218 2242 1048 2294; baseline 0.001 -13"><span class='ocrx_word' id='word_1_160' title='bbox 218 2242 337 2294; x_wconf 88' lang='lat' dir='ltr'>passi</span> <span class='ocrx_word' id='word_1_161' title='bbox 355 2246 455 2282; x_wconf 90' lang='lat' dir='ltr'>sunt</span> <span class='ocrx_word' id='word_1_162' title='bbox 474 2244 703 2291; x_wconf 87' lang='lat' dir='ltr'>tormenta,</span> <span class='ocrx_word' id='word_1_163' title='bbox 724 2247 771 2282; x_wconf 93' lang='lat' dir='ltr'>ut</span> <span class='ocrx_word' id='word_1_164' title='bbox 791 2242 934 2283; x_wconf 80' lang='lat' dir='ltr'>securi</span> <span class='ocrx_word' id='word_1_165' title='bbox 952 2254 1048 2294; x_wconf 92' lang='lat' dir='ltr'>per-</span> 
     </span>
     <span class='ocr_line' id='line_1_37' title="bbox 218 2296 927 2350; baseline 0.001 -13"><span class='ocrx_word' id='word_1_166' title='bbox 218 2300 416 2339; x_wconf 81' lang='lat' dir='ltr'>venirent</span> <span class='ocrx_word' id='word_1_167' title='bbox 434 2296 491 2338; x_wconf 88' lang='lat' dir='ltr'>ad</span> <span class='ocrx_word' id='word_1_168' title='bbox 511 2298 701 2350; x_wconf 87' lang='lat' dir='ltr'>palmam</span> <span class='ocrx_word' id='word_1_169' title='bbox 720 2298 927 2349; x_wconf 76' lang='lat' dir='ltr'>martyrii.</span> 
     </span>
    </p>

    <p class='ocr_par' dir='ltr' id='par_1_10' title="bbox 218 2354 1045 2462">
     <span class='ocr_line' id='line_1_38' title="bbox 271 2354 1045 2404; baseline 0.004 -11"><span class='ocrx_word' id='word_1_170' title='bbox 271 2354 427 2394; x_wconf 81' lang='lat' dir='ltr'>Psalm.</span> <span class='ocrx_word' id='word_1_171' title='bbox 460 2354 676 2394; x_wconf 79' lang='lat' dir='ltr'>Deminus</span> <span class='ocrx_word' id='word_1_172' title='bbox 705 2354 915 2404; x_wconf 79' lang='lat' dir='ltr'>regnavit.</span> <span class='ocrx_word' id='word_1_173' title='bbox 947 2369 1045 2396; x_wconf 87' lang='lat' dir='ltr'>cum</span> 
     </span>
     <span class='ocr_line' id='line_1_39' title="bbox 218 2410 493 2462; baseline 0 -12"><span class='ocrx_word' id='word_1_174' title='bbox 218 2410 404 2462; x_wconf 86' lang='lat' dir='ltr'>reliquis.</span> <span class='ocrx_word' id='word_1_175' title='bbox 434 2410 493 2450; x_wconf 86' lang='lat'>15.</span> 
     </span>
    </p>

    <p class='ocr_par' dir='ltr' id='par_1_11' title="bbox 186 2464 1049 2626">
     <span class='ocr_line' id='line_1_40' title="bbox 268 2464 1049 2518; baseline 0.001 -12"><span class='ocrx_word' id='word_1_176' title='bbox 268 2469 304 2506; x_wconf 84' lang='lat'>2.</span> <span class='ocrx_word' id='word_1_177' title='bbox 330 2467 439 2507; x_wconf 87' lang='lat' dir='ltr'>Cum</span> <span class='ocrx_word' id='word_1_178' title='bbox 460 2465 607 2518; x_wconf 88' lang='lat' dir='ltr'>palma</span> <span class='ocrx_word' id='word_1_179' title='bbox 626 2466 648 2491; x_wconf 90' lang='lat'>*</span> <span class='ocrx_word' id='word_1_180' title='bbox 669 2464 726 2506; x_wconf 90' lang='lat' dir='ltr'>ad</span> <span class='ocrx_word' id='word_1_181' title='bbox 745 2478 878 2515; x_wconf 86' lang='lat' dir='ltr'>regna</span> <span class='ocrx_word' id='word_1_182' title='bbox 898 2479 1049 2518; x_wconf 87' lang='lat' dir='ltr'>perve-</span> 
     </span>
     <span class='ocr_line' id='line_1_41' title="bbox 218 2520 1048 2571; baseline 0.002 -9"><span class='ocrx_word' id='word_1_183' title='bbox 218 2524 375 2563; x_wconf 90' lang='lat' dir='ltr'>nerunt</span> <span class='ocrx_word' id='word_1_184' title='bbox 394 2522 544 2571; x_wconf 86' lang='lat' dir='ltr'>sancti,</span> <span class='ocrx_word' id='word_1_185' title='bbox 564 2523 749 2563; x_wconf 75' lang='lat' dir='ltr'>corenas</span> <span class='ocrx_word' id='word_1_186' title='bbox 770 2520 943 2562; x_wconf 80' lang='lat' dir='ltr'>deceris</span> <span class='ocrx_word' id='word_1_187' title='bbox 963 2535 1048 2564; x_wconf 88' lang='lat' dir='ltr'>me-</span> 
     </span>
     <span class='ocr_line' id='line_1_42' title="bbox 186 2577 737 2626; baseline -0.002 -7"><span class='ocrx_word' id='word_1_188' title='bbox 186 2624 188 2626; x_wconf 40' lang='lat'><em>,</em></span> <span class='ocrx_word' id='word_1_189' title='bbox 219 2580 398 2619; x_wconf 87' lang='lat' dir='ltr'>ruerunt</span> <span class='ocrx_word' id='word_1_190' title='bbox 418 2577 473 2619; x_wconf 93' lang='lat' dir='ltr'>de</span> <span class='ocrx_word' id='word_1_191' title='bbox 493 2591 623 2618; x_wconf 89' lang='lat' dir='ltr'>manu</span> <span class='ocrx_word' id='word_1_192' title='bbox 642 2578 737 2623; x_wconf 86' lang='lat' dir='ltr'>Dei.</span> 
     </span>
    </p>

    <p class='ocr_par' dir='ltr' id='par_1_12' title="bbox 219 2634 1049 2788">
     <span class='ocr_line' id='line_1_43' title="bbox 268 2634 1049 2686; baseline 0 -12"><span class='ocrx_word' id='word_1_193' title='bbox 268 2636 304 2674; x_wconf 86' lang='lat'>3.</span> <span class='ocrx_word' id='word_1_194' title='bbox 334 2635 533 2686; x_wconf 82' lang='lat' dir='ltr'>Cerpora</span> <span class='ocrx_word' id='word_1_195' title='bbox 558 2636 809 2675; x_wconf 79' lang='lat' dir='ltr'>saneterum</span> <span class='ocrx_word' id='word_1_196' title='bbox 829 2635 851 2659; x_wconf 86' lang='lat'>*</span> <span class='ocrx_word' id='word_1_197' title='bbox 873 2634 916 2674; x_wconf 92' lang='lat' dir='ltr'>in</span> <span class='ocrx_word' id='word_1_198' title='bbox 941 2647 1049 2686; x_wconf 86' lang='lat' dir='ltr'>pace</span> 
     </span>
     <span class='ocr_line' id='line_1_44' title="bbox 220 2690 1049 2743; baseline -0.001 -11"><span class='ocrx_word' id='word_1_199' title='bbox 220 2690 392 2743; x_wconf 82' lang='lat' dir='ltr'>sepulta</span> <span class='ocrx_word' id='word_1_200' title='bbox 413 2696 528 2731; x_wconf 86' lang='lat' dir='ltr'>sunt:</span> <span class='ocrx_word' id='word_1_201' title='bbox 553 2695 596 2731; x_wconf 90' lang='lat' dir='ltr'>et</span> <span class='ocrx_word' id='word_1_202' title='bbox 616 2690 958 2731; x_wconf 81' lang='lat' dir='ltr'>vivent&#39;nemina</span> <span class='ocrx_word' id='word_1_203' title='bbox 980 2693 1049 2731; x_wconf 82' lang='lat' dir='ltr'>ee-</span> 
     </span>
     <span class='ocr_line' id='line_1_45' title="bbox 219 2746 620 2788; baseline -0.002 -1"><span class='ocrx_word' id='word_1_204' title='bbox 219 2760 315 2788; x_wconf 91' lang='lat' dir='ltr'>rum</span> <span class='ocrx_word' id='word_1_205' title='bbox 333 2746 376 2787; x_wconf 90' lang='lat' dir='ltr'>in</span> <span class='ocrx_word' id='word_1_206' title='bbox 397 2747 620 2787; x_wconf 81' lang='lat' dir='ltr'>aete&#39;rnum.</span> 
     </span>
    </p>
   </div>
   <div class='ocr_carea' id='block_1_3' title="bbox 1100 328 1934 553">
    <p class='ocr_par' dir='ltr' id='par_1_13' title="bbox 1100 328 1934 426">
     <span class='ocr_line' id='line_1_46' title="bbox 1155 328 1934 380; baseline -0.001 -11"><span class='ocrx_word' id='word_1_207' title='bbox 1155 331 1191 369; x_wconf 66' lang='lat'>4.</span> <span class='ocrx_word' id='word_1_208' title='bbox 1221 330 1437 380; x_wconf 78' lang='lat' dir='ltr'>Martyres</span> <span class='ocrx_word' id='word_1_209' title='bbox 1456 328 1634 369; x_wconf 77' lang='lat' dir='ltr'>Demini</span> <span class='ocrx_word' id='word_1_210' title='bbox 1653 329 1676 354; x_wconf 84' lang='lat'>*</span> <span class='ocrx_word' id='word_1_211' title='bbox 1695 328 1934 369; x_wconf 79' lang='lat' dir='ltr'>Deminum</span> 
     </span>
     <span class='ocr_line' id='line_1_47' title="bbox 1100 384 1654 426; baseline -0.002 0"><span class='ocrx_word' id='word_1_212' title='bbox 1100 384 1347 426; x_wconf 83' lang='lat' dir='ltr'>benedicite</span> <span class='ocrx_word' id='word_1_213' title='bbox 1366 385 1410 426; x_wconf 92' lang='lat' dir='ltr'>in</span> <span class='ocrx_word' id='word_1_214' title='bbox 1430 387 1654 426; x_wconf 87' lang='lat' dir='ltr'>aeternum.</span> 
     </span>
    </p>

    <p class='ocr_par' dir='ltr' id='par_1_14' title="bbox 1100 444 1933 553">
     <span class='ocr_line' id='line_1_48' title="bbox 1155 444 1933 497; baseline -0.001 -10"><span class='ocrx_word' id='word_1_215' title='bbox 1155 449 1191 487; x_wconf 81' lang='lat'>5.</span> <span class='ocrx_word' id='word_1_216' title='bbox 1232 447 1473 497; x_wconf 83' lang='lat' dir='ltr'>Martyrum</span> <span class='ocrx_word' id='word_1_217' title='bbox 1506 445 1667 486; x_wconf 89' lang='lat' dir='ltr'>chorus</span> <span class='ocrx_word' id='word_1_218' title='bbox 1700 445 1723 470; x_wconf 84' lang='lat'>*</span> <span class='ocrx_word' id='word_1_219' title='bbox 1756 444 1933 486; x_wconf 74' lang='lat' dir='ltr'>laudate</span> 
     </span>
     <span class='ocr_line' id='line_1_49' title="bbox 1100 500 1800 553; baseline -0.001 -11"><span class='ocrx_word' id='word_1_220' title='bbox 1100 502 1339 543; x_wconf 78' lang='lat' dir='ltr'>Deminum</span> <span class='ocrx_word' id='word_1_221' title='bbox 1369 501 1423 543; x_wconf 93' lang='lat' dir='ltr'>de</span> <span class='ocrx_word' id='word_1_222' title='bbox 1453 501 1588 550; x_wconf 84' lang='lat' dir='ltr'>coelis,</span> <span class='ocrx_word' id='word_1_223' title='bbox 1617 500 1800 553; x_wconf 81' lang='lat' dir='ltr'>alleluja.</span> 
     </span>
    </p>
   </div>
   <div class='ocr_carea' id='block_1_4' title="bbox 1208 581 1829 633">
    <p class='ocr_par' dir='ltr' id='par_1_15' title="bbox 1208 581 1829 633">
     <span class='ocr_line' id='line_1_50' title="bbox 1208 581 1829 633; baseline 0.002 -13"><span class='ocrx_word' id='word_1_224' title='bbox 1208 581 1467 632; x_wconf 75' lang='lat' dir='ltr'>Capitulum.</span> <span class='ocrx_word' id='word_1_225' title='bbox 1675 581 1774 633; x_wconf 88' lang='lat' dir='ltr'>Sap.</span> <span class='ocrx_word' id='word_1_226' title='bbox 1794 582 1829 621; x_wconf 87' lang='lat'>3.</span> 
     </span>
    </p>
   </div>
   <div class='ocr_carea' id='block_1_5' title="bbox 1099 641 1936 983">
    <p class='ocr_par' dir='ltr' id='par_1_16' title="bbox 1099 641 1936 923">
     <span class='ocr_line' id='line_1_51' title="bbox 1099 641 1935 748; baseline -0.002 -62"><span class='ocrx_word' id='word_1_227' title='bbox 1099 641 1372 748; x_wconf 75' lang='lat' dir='ltr'>Justerum</span> <span class='ocrx_word' id='word_1_228' title='bbox 1409 645 1566 686; x_wconf 80' lang='lat' dir='ltr'>animae</span> <span class='ocrx_word' id='word_1_229' title='bbox 1603 643 1647 683; x_wconf 93' lang='lat' dir='ltr'>in</span> <span class='ocrx_word' id='word_1_230' title='bbox 1683 656 1815 684; x_wconf 89' lang='lat' dir='ltr'>manu</span> <span class='ocrx_word' id='word_1_231' title='bbox 1850 643 1935 684; x_wconf 92' lang='lat' dir='ltr'>Dei</span> 
     </span>
     <span class='ocr_line' id='line_1_52' title="bbox 1198 699 1935 751; baseline -0.003 -9"><span class='ocrx_word' id='word_1_232' title='bbox 1198 707 1315 751; x_wconf 91' lang='lat' dir='ltr'>sunt,</span> <span class='ocrx_word' id='word_1_233' title='bbox 1357 707 1400 742; x_wconf 87' lang='lat' dir='ltr'>et</span> <span class='ocrx_word' id='word_1_234' title='bbox 1427 714 1514 742; x_wconf 92' lang='lat' dir='ltr'>non</span> <span class='ocrx_word' id='word_1_235' title='bbox 1542 704 1693 750; x_wconf 84' lang='lat' dir='ltr'>tanget</span> <span class='ocrx_word' id='word_1_236' title='bbox 1720 699 1819 740; x_wconf 91' lang='lat' dir='ltr'>illos</span> <span class='ocrx_word' id='word_1_237' title='bbox 1846 704 1935 740; x_wconf 91' lang='lat' dir='ltr'>tor-</span> 
     </span>
     <span class='ocr_line' id='line_1_53' title="bbox 1100 755 1935 799; baseline -0.005 0"><span class='ocrx_word' id='word_1_238' title='bbox 1100 760 1296 799; x_wconf 77' lang='lat' dir='ltr'>mentum</span> <span class='ocrx_word' id='word_1_239' title='bbox 1330 758 1496 799; x_wconf 90' lang='lat' dir='ltr'>mortis.</span> <span class='ocrx_word' id='word_1_240' title='bbox 1538 756 1634 797; x_wconf 90' lang='lat' dir='ltr'>Visi</span> <span class='ocrx_word' id='word_1_241' title='bbox 1663 760 1764 796; x_wconf 91' lang='lat' dir='ltr'>sunt</span> <span class='ocrx_word' id='word_1_242' title='bbox 1796 755 1935 796; x_wconf 78' lang='lat' dir='ltr'>eculis</span> 
     </span>
     <span class='ocr_line' id='line_1_54' title="bbox 1100 812 1936 867; baseline -0.004 -12"><span class='ocrx_word' id='word_1_243' title='bbox 1100 814 1397 867; x_wconf 91' lang='lat' dir='ltr'>insipientium</span> <span class='ocrx_word' id='word_1_244' title='bbox 1422 813 1549 854; x_wconf 91' lang='lat' dir='ltr'>mori:</span> <span class='ocrx_word' id='word_1_245' title='bbox 1582 812 1643 853; x_wconf 92' lang='lat' dir='ltr'>illi</span> <span class='ocrx_word' id='word_1_246' title='bbox 1667 817 1813 853; x_wconf 85' lang='lat' dir='ltr'>autem</span> <span class='ocrx_word' id='word_1_247' title='bbox 1834 816 1936 853; x_wconf 88' lang='lat' dir='ltr'>sunt</span> 
     </span>
     <span class='ocr_line' id='line_1_55' title="bbox 1100 871 1292 923; baseline 0 -12"><span class='ocrx_word' id='word_1_248' title='bbox 1100 871 1143 911; x_wconf 92' lang='lat' dir='ltr'>in</span> <span class='ocrx_word' id='word_1_249' title='bbox 1171 883 1292 923; x_wconf 88' lang='lat' dir='ltr'>paee.</span> 
     </span>
    </p>

    <p class='ocr_par' dir='ltr' id='par_1_17' title="bbox 1412 932 1622 983">
     <span class='ocr_line' id='line_1_56' title="bbox 1412 932 1622 983; baseline 0 -11"><span class='ocrx_word' id='word_1_250' title='bbox 1412 932 1622 983; x_wconf 76' lang='lat' dir='ltr'>Hymnus.</span> 
     </span>
    </p>
   </div>
   <div class='ocr_carea' id='block_1_6' title="bbox 1204 1005 1785 1216">
    <p class='ocr_par' dir='ltr' id='par_1_18' title="bbox 1246 1005 1785 1056">
     <span class='ocr_line' id='line_1_57' title="bbox 1246 1005 1785 1056; baseline -0.007 -9"><span class='ocrx_word' id='word_1_251' title='bbox 1246 1019 1300 1047; x_wconf 78' lang='lat' dir='ltr'>ex</span> <span class='ocrx_word' id='word_1_252' title='bbox 1319 1006 1510 1056; x_wconf 80' lang='lat' dir='ltr'>gloriese</span> <span class='ocrx_word' id='word_1_253' title='bbox 1531 1005 1785 1056; x_wconf 78' lang='lat' dir='ltr'>Martyrum,</span> 
     </span>
    </p>

    <p class='ocr_par' dir='ltr' id='par_1_19' title="bbox 1204 1060 1779 1216">
     <span class='ocr_line' id='line_1_58' title="bbox 1273 1060 1779 1108; baseline -0.006 -5"><span class='ocrx_word' id='word_1_254' title='bbox 1273 1062 1447 1103; x_wconf 82' lang='lat' dir='ltr'>Corena</span> <span class='ocrx_word' id='word_1_255' title='bbox 1466 1060 1779 1108; x_wconf 88' lang='lat' dir='ltr'>confitentium,</span> 
     </span>
     <span class='ocr_line' id='line_1_59' title="bbox 1206 1119 1733 1171; baseline -0.002 -12"><span class='ocrx_word' id='word_1_256' title='bbox 1206 1119 1290 1168; x_wconf 92' lang='lat' dir='ltr'>Qui</span> <span class='ocrx_word' id='word_1_257' title='bbox 1310 1120 1569 1171; x_wconf 84' lang='lat' dir='ltr'>respuentes</span> <span class='ocrx_word' id='word_1_258' title='bbox 1588 1119 1733 1159; x_wconf 86' lang='lat' dir='ltr'>terrea</span> 
     </span>
     <span class='ocr_line' id='line_1_60' title="bbox 1204 1173 1727 1216; baseline -0.006 0"><span class='ocrx_word' id='word_1_259' title='bbox 1204 1173 1418 1216; x_wconf 82' lang='lat' dir='ltr'>Perducis</span> <span class='ocrx_word' id='word_1_260' title='bbox 1442 1173 1498 1215; x_wconf 88' lang='lat' dir='ltr'>ad</span> <span class='ocrx_word' id='word_1_261' title='bbox 1517 1173 1727 1215; x_wconf 86' lang='lat' dir='ltr'>coelestia.</span> 
     </span>
    </p>
   </div>
   <div class='ocr_carea' id='block_1_7' title="bbox 1159 1247 1851 1469">
    <p class='ocr_par' dir='ltr' id='par_1_20' title="bbox 1159 1247 1851 1469">
     <span class='ocr_line' id='line_1_61' title="bbox 1159 1247 1851 1300; baseline -0.007 -10"><span class='ocrx_word' id='word_1_262' title='bbox 1159 1251 1320 1290; x_wconf 86' lang='lat' dir='ltr'>Aurem</span> <span class='ocrx_word' id='word_1_263' title='bbox 1338 1248 1573 1299; x_wconf 83' lang='lat' dir='ltr'>benignam</span> <span class='ocrx_word' id='word_1_264' title='bbox 1591 1247 1794 1300; x_wconf 83' lang='lat' dir='ltr'>pretinus</span> <span class='ocrx_word' id='word_1_265' title='bbox 1849 1282 1851 1284; x_wconf 86' lang='lat'>.</span> 
     </span>
     <span class='ocr_line' id='line_1_62' title="bbox 1204 1302 1792 1346; baseline -0.005 0"><span class='ocrx_word' id='word_1_266' title='bbox 1204 1304 1389 1346; x_wconf 89' lang='lat' dir='ltr'>Intende</span> <span class='ocrx_word' id='word_1_267' title='bbox 1409 1304 1572 1346; x_wconf 93' lang='lat' dir='ltr'>nostris</span> <span class='ocrx_word' id='word_1_268' title='bbox 1592 1302 1792 1344; x_wconf 82' lang='lat' dir='ltr'>vecibus:</span> 
     </span>
     <span class='ocr_line' id='line_1_63' title="bbox 1205 1359 1839 1413; baseline -0.006 -11"><span class='ocrx_word' id='word_1_269' title='bbox 1205 1361 1429 1413; x_wconf 81' lang='lat' dir='ltr'>Trophae&#39;a</span> <span class='ocrx_word' id='word_1_270' title='bbox 1448 1373 1573 1402; x_wconf 88' lang='lat' dir='ltr'>sacra</span> <span class='ocrx_word' id='word_1_271' title='bbox 1591 1359 1839 1412; x_wconf 77' lang='lat' dir='ltr'>pangimus:</span> 
     </span>
     <span class='ocr_line' id='line_1_64' title="bbox 1204 1415 1831 1469; baseline -0.006 -11"><span class='ocrx_word' id='word_1_272' title='bbox 1204 1418 1393 1467; x_wconf 82' lang='lat' dir='ltr'>Ignesce</span> <span class='ocrx_word' id='word_1_273' title='bbox 1414 1416 1535 1469; x_wconf 91' lang='lat' dir='ltr'>quod</span> <span class='ocrx_word' id='word_1_274' title='bbox 1557 1415 1831 1468; x_wconf 86' lang='lat' dir='ltr'>deliquimus.</span> 
     </span>
    </p>
   </div>
   <div class='ocr_carea' id='block_1_8' title="bbox 1152 1490 1823 1896">
    <p class='ocr_par' dir='ltr' id='par_1_21' title="bbox 1152 1490 1823 1709">
     <span class='ocr_line' id='line_1_65' title="bbox 1152 1490 1758 1541; baseline -0.003 -10"><span class='ocrx_word' id='word_1_275' title='bbox 1152 1492 1219 1531; x_wconf 94' lang='lat' dir='ltr'>Tu</span> <span class='ocrx_word' id='word_1_276' title='bbox 1238 1490 1378 1531; x_wconf 85' lang='lat' dir='ltr'>vineis</span> <span class='ocrx_word' id='word_1_277' title='bbox 1396 1490 1509 1531; x_wconf 90' lang='lat' dir='ltr'>inter</span> <span class='ocrx_word' id='word_1_278' title='bbox 1529 1490 1758 1541; x_wconf 77' lang='lat' dir='ltr'>Martyres,</span> 
     </span>
     <span class='ocr_line' id='line_1_66' title="bbox 1204 1544 1823 1599; baseline -0.005 -12"><span class='ocrx_word' id='word_1_279' title='bbox 1204 1547 1444 1599; x_wconf 87' lang='lat' dir='ltr'>Parcisque</span> <span class='ocrx_word' id='word_1_280' title='bbox 1467 1544 1823 1587; x_wconf 79' lang='lat' dir='ltr'>Confesseribus:</span> 
     </span>
     <span class='ocr_line' id='line_1_67' title="bbox 1205 1601 1804 1650; baseline -0.003 -7"><span class='ocrx_word' id='word_1_281' title='bbox 1205 1603 1275 1643; x_wconf 93' lang='lat' dir='ltr'>Tu</span> <span class='ocrx_word' id='word_1_282' title='bbox 1294 1603 1420 1644; x_wconf 89' lang='lat' dir='ltr'>vince</span> <span class='ocrx_word' id='word_1_283' title='bbox 1440 1606 1593 1643; x_wconf 89' lang='lat' dir='ltr'>nostra</span> <span class='ocrx_word' id='word_1_284' title='bbox 1613 1601 1804 1650; x_wconf 86' lang='lat' dir='ltr'>erimina,</span> 
     </span>
     <span class='ocr_line' id='line_1_68' title="bbox 1205 1657 1723 1709; baseline -0.004 -10"><span class='ocrx_word' id='word_1_285' title='bbox 1205 1659 1410 1709; x_wconf 88' lang='lat' dir='ltr'>Largitor</span> <span class='ocrx_word' id='word_1_286' title='bbox 1428 1657 1723 1708; x_wconf 80' lang='lat' dir='ltr'>indulgentiae.</span> 
     </span>
    </p>

    <p class='ocr_par' dir='ltr' id='par_1_22' title="bbox 1154 1730 1645 1840">
     <span class='ocr_line' id='line_1_69' title="bbox 1154 1730 1636 1781; baseline -0.006 -8"><span class='ocrx_word' id='word_1_287' title='bbox 1154 1734 1251 1773; x_wconf 93' lang='lat' dir='ltr'>Deo</span> <span class='ocrx_word' id='word_1_288' title='bbox 1270 1731 1391 1772; x_wconf 89' lang='lat' dir='ltr'>Patri</span> <span class='ocrx_word' id='word_1_289' title='bbox 1412 1731 1467 1772; x_wconf 92' lang='lat' dir='ltr'>sit</span> <span class='ocrx_word' id='word_1_290' title='bbox 1486 1730 1636 1781; x_wconf 79' lang='lat' dir='ltr'>gleria‚</span> 
     </span>
     <span class='ocr_line' id='line_1_70' title="bbox 1206 1786 1645 1840; baseline -0.002 -12"><span class='ocrx_word' id='word_1_291' title='bbox 1206 1788 1399 1840; x_wconf 80' lang='lat' dir='ltr'>Eiusque</span> <span class='ocrx_word' id='word_1_292' title='bbox 1420 1787 1503 1828; x_wconf 91' lang='lat' dir='ltr'>soli</span> <span class='ocrx_word' id='word_1_293' title='bbox 1522 1786 1645 1836; x_wconf 84' lang='lat' dir='ltr'>Filio,</span> 
     </span>
    </p>

    <p class='ocr_par' dir='ltr' id='par_1_23' title="bbox 1207 1842 1753 1896">
     <span class='ocr_line' id='line_1_71' title="bbox 1207 1842 1753 1896; baseline -0.005 -11"><span class='ocrx_word' id='word_1_294' title='bbox 1207 1844 1317 1885; x_wconf 93' lang='lat' dir='ltr'>Cum</span> <span class='ocrx_word' id='word_1_295' title='bbox 1337 1844 1503 1896; x_wconf 85' lang='lat' dir='ltr'>Spiritu</span> <span class='ocrx_word' id='word_1_296' title='bbox 1521 1842 1753 1891; x_wconf 77' lang='lat' dir='ltr'>Paraclito,</span> 
     </span>
    </p>
   </div>
   <div class='ocr_carea' id='block_1_9' title="bbox 1205 1897 1910 1996">
    <p class='ocr_par' dir='ltr' id='par_1_24' title="bbox 1205 1897 1910 1996">
     <span class='ocr_line' id='line_1_72' title="bbox 1205 1897 1910 1996; baseline -0.006 -55"><span class='ocrx_word' id='word_1_297' title='bbox 1205 1901 1345 1949; x_wconf 76' lang='lat' dir='ltr'>Nunc,</span> <span class='ocrx_word' id='word_1_298' title='bbox 1375 1905 1420 1941; x_wconf 89' lang='lat' dir='ltr'>et</span> <span class='ocrx_word' id='word_1_299' title='bbox 1417 1912 1517 1996; x_wconf 50' lang='lat' dir='ltr'>Xer</span> <span class='ocrx_word' id='word_1_300' title='bbox 1538 1911 1667 1940; x_wconf 93' lang='lat' dir='ltr'>omne</span> <span class='ocrx_word' id='word_1_301' title='bbox 1688 1897 1910 1939; x_wconf 74' lang='lat' dir='ltr'>saeculum.</span> 
     </span>
     <span class='ocr_line' id='line_1_73' title="bbox 1459 1968 1571 1996; baseline 0 0"><span class='ocrx_word' id='word_1_302' title='bbox 1459 1968 1571 1996; x_wconf 91' lang='lat' dir='ltr'>men.</span> 
     </span>
    </p>
   </div>
   <div class='ocr_carea' id='block_1_10' title="bbox 1102 2023 1934 2136">
    <p class='ocr_par' dir='ltr' id='par_1_25' title="bbox 1102 2023 1934 2136">
     <span class='ocr_line' id='line_1_74' title="bbox 1154 2023 1934 2075; baseline -0.004 -8"><span class='ocrx_word' id='word_1_303' title='bbox 1154 2024 1203 2075; x_wconf 62' lang='lat' dir='ltr'>V.</span> <span class='ocrx_word' id='word_1_304' title='bbox 1232 2025 1527 2066; x_wconf 78' lang='lat' dir='ltr'>Exsultabunt</span> <span class='ocrx_word' id='word_1_305' title='bbox 1552 2024 1691 2066; x_wconf 86' lang='lat' dir='ltr'>sancti</span> <span class='ocrx_word' id='word_1_306' title='bbox 1715 2023 1759 2064; x_wconf 91' lang='lat' dir='ltr'>in</span> <span class='ocrx_word' id='word_1_307' title='bbox 1783 2023 1934 2074; x_wconf 82' lang='lat' dir='ltr'>gleria.</span> 
     </span>
     <span class='ocr_line' id='line_1_75' title="bbox 1102 2079 1891 2136; baseline -0.005 -12"><span class='ocrx_word' id='word_1_308' title='bbox 1102 2086 1152 2136; x_wconf 71' lang='lat' dir='ltr'>R«.</span> <span class='ocrx_word' id='word_1_309' title='bbox 1180 2081 1469 2123; x_wconf 82' lang='lat' dir='ltr'>Laetabuntur</span> <span class='ocrx_word' id='word_1_310' title='bbox 1487 2081 1531 2122; x_wconf 92' lang='lat' dir='ltr'>in</span> <span class='ocrx_word' id='word_1_311' title='bbox 1551 2079 1769 2122; x_wconf 88' lang='lat' dir='ltr'>cubilibus</span> <span class='ocrx_word' id='word_1_312' title='bbox 1789 2079 1891 2120; x_wconf 90' lang='lat' dir='ltr'>suis.</span> 
     </span>
    </p>
   </div>
   <div class='ocr_carea' id='block_1_11' title="bbox 1155 2147 1937 2200">
    <p class='ocr_par' dir='ltr' id='par_1_26' title="bbox 1155 2147 1937 2200">
     <span class='ocr_line' id='line_1_76' title="bbox 1155 2147 1937 2200; baseline -0.003 -10"><span class='ocrx_word' id='word_1_313' title='bbox 1155 2150 1225 2191; x_wconf 84' lang='lat' dir='ltr'>Ad</span> <span class='ocrx_word' id='word_1_314' title='bbox 1258 2151 1419 2191; x_wconf 86' lang='lat' dir='ltr'>Bened.</span> <span class='ocrx_word' id='word_1_315' title='bbox 1461 2151 1561 2192; x_wconf 84' lang='lat' dir='ltr'>Ant.</span> <span class='ocrx_word' id='word_1_316' title='bbox 1610 2148 1755 2190; x_wconf 89' lang='lat' dir='ltr'>Vestri</span> <span class='ocrx_word' id='word_1_317' title='bbox 1791 2147 1937 2200; x_wconf 85' lang='lat' dir='ltr'>capilli</span> 
     </span>
    </p>
   </div>
   <div class='ocr_carea' id='block_1_12' title="bbox 1101 2204 1936 2361">
    <p class='ocr_par' dir='ltr' id='par_1_27' title="bbox 1101 2204 1936 2361">
     <span class='ocr_line' id='line_1_77' title="bbox 1103 2204 1936 2260; baseline -0.006 -11"><span class='ocrx_word' id='word_1_318' title='bbox 1103 2207 1259 2260; x_wconf 77' lang='lat' dir='ltr'>eapitis</span> <span class='ocrx_word' id='word_1_319' title='bbox 1278 2207 1302 2233; x_wconf 88' lang='lat'>*</span> <span class='ocrx_word' id='word_1_320' title='bbox 1319 2219 1471 2248; x_wconf 88' lang='lat' dir='ltr'>omnes</span> <span class='ocrx_word' id='word_1_321' title='bbox 1490 2204 1707 2246; x_wconf 77' lang='lat' dir='ltr'>numerati</span> <span class='ocrx_word' id='word_1_322' title='bbox 1728 2209 1842 2246; x_wconf 89' lang='lat' dir='ltr'>sunt:</span> <span class='ocrx_word' id='word_1_323' title='bbox 1861 2217 1936 2245; x_wconf 91' lang='lat' dir='ltr'>no-</span> 
     </span>
     <span class='ocr_line' id='line_1_78' title="bbox 1101 2259 1936 2314; baseline -0.004 -9"><span class='ocrx_word' id='word_1_324' title='bbox 1101 2264 1177 2305; x_wconf 90' lang='lat' dir='ltr'>lite</span> <span class='ocrx_word' id='word_1_325' title='bbox 1201 2264 1372 2305; x_wconf 87' lang='lat' dir='ltr'>timere:</span> <span class='ocrx_word' id='word_1_326' title='bbox 1398 2261 1547 2303; x_wconf 91' lang='lat' dir='ltr'>multis</span> <span class='ocrx_word' id='word_1_327' title='bbox 1571 2259 1824 2314; x_wconf 82' lang='lat' dir='ltr'>passeribus</span> <span class='ocrx_word' id='word_1_328' title='bbox 1849 2273 1936 2302; x_wconf 86' lang='lat' dir='ltr'>me-</span> 
     </span>
     <span class='ocr_line' id='line_1_79' title="bbox 1102 2319 1473 2361; baseline -0.008 0"><span class='ocrx_word' id='word_1_329' title='bbox 1102 2320 1234 2361; x_wconf 80' lang='lat' dir='ltr'>lieres</span> <span class='ocrx_word' id='word_1_330' title='bbox 1255 2319 1361 2360; x_wconf 90' lang='lat' dir='ltr'>estis</span> <span class='ocrx_word' id='word_1_331' title='bbox 1381 2330 1473 2359; x_wconf 86' lang='lat' dir='ltr'>vos.</span> 
     </span>
    </p>
   </div>
   <div class='ocr_carea' id='block_1_13' title="bbox 1219 2395 1822 2447">
    <p class='ocr_par' dir='ltr' id='par_1_28' title="bbox 1219 2395 1822 2447">
     <span class='ocr_line' id='line_1_80' title="bbox 1219 2395 1822 2447; baseline 0 -12"><span class='ocrx_word' id='word_1_332' title='bbox 1219 2396 1305 2436; x_wconf 92' lang='lat' dir='ltr'>Pro</span> <span class='ocrx_word' id='word_1_333' title='bbox 1326 2396 1525 2447; x_wconf 88' lang='lat' dir='ltr'>pluribus</span> <span class='ocrx_word' id='word_1_334' title='bbox 1546 2396 1670 2436; x_wconf 87' lang='lat' dir='ltr'>Mart.</span> <span class='ocrx_word' id='word_1_335' title='bbox 1698 2395 1822 2436; x_wconf 86' lang='lat' dir='ltr'>Pont.</span> 
     </span>
    </p>
   </div>
   <div class='ocr_carea' id='block_1_14' title="bbox 1103 2460 1937 2787">
    <p class='ocr_par' dir='ltr' id='par_1_29' title="bbox 1103 2460 1937 2787">
     <span class='ocr_line' id='line_1_81' title="bbox 1439 2460 1604 2500; baseline 0 0"><span class='ocrx_word' id='word_1_336' title='bbox 1439 2460 1604 2500; x_wconf 84' lang='lat' dir='ltr'>Oratio.</span> 
     </span>
     <span class='ocr_line' id='line_1_82' title="bbox 1186 2520 1936 2572; baseline -0.005 -8"><span class='ocrx_word' id='word_1_337' title='bbox 1186 2523 1384 2564; x_wconf 77' lang='lat' dir='ltr'>eaterum</span> <span class='ocrx_word' id='word_1_338' title='bbox 1411 2521 1655 2571; x_wconf 79' lang='lat' dir='ltr'>Martyrum</span> <span class='ocrx_word' id='word_1_339' title='bbox 1683 2520 1936 2572; x_wconf 86' lang='lat' dir='ltr'>pariterque</span> 
     </span>
     <span class='ocr_line' id='line_1_83' title="bbox 1206 2576 1936 2628; baseline -0.004 -9"><span class='ocrx_word' id='word_1_340' title='bbox 1206 2577 1470 2619; x_wconf 89' lang='lat' dir='ltr'>Pontificum</span> <span class='ocrx_word' id='word_1_341' title='bbox 1489 2576 1541 2616; x_wconf 91' lang='lat' dir='ltr'>N.</span> <span class='ocrx_word' id='word_1_342' title='bbox 1563 2581 1607 2618; x_wconf 86' lang='lat' dir='ltr'>et</span> <span class='ocrx_word' id='word_1_343' title='bbox 1625 2576 1677 2616; x_wconf 89' lang='lat' dir='ltr'>N.</span> <span class='ocrx_word' id='word_1_344' title='bbox 1695 2589 1792 2625; x_wconf 87' lang='lat' dir='ltr'>nos,</span> <span class='ocrx_word' id='word_1_345' title='bbox 1821 2577 1936 2628; x_wconf 71' lang='lat' dir='ltr'>quee-</span> 
     </span>
     <span class='ocr_line' id='line_1_84' title="bbox 1103 2633 1937 2681; baseline -0.004 -5"><span class='ocrx_word' id='word_1_346' title='bbox 1103 2648 1252 2676; x_wconf 93' lang='lat' dir='ltr'>sumus</span> <span class='ocrx_word' id='word_1_347' title='bbox 1271 2633 1479 2681; x_wconf 84' lang='lat' dir='ltr'>D6mine,</span> <span class='ocrx_word' id='word_1_348' title='bbox 1513 2633 1624 2673; x_wconf 89' lang='lat' dir='ltr'>festa</span> <span class='ocrx_word' id='word_1_349' title='bbox 1643 2634 1864 2674; x_wconf 79' lang='lat' dir='ltr'>tueantur:</span> <span class='ocrx_word' id='word_1_350' title='bbox 1893 2636 1937 2673; x_wconf 89' lang='lat' dir='ltr'>et</span> 
     </span>
     <span class='ocr_line' id='line_1_85' title="bbox 1103 2688 1935 2732; baseline -0.004 0"><span class='ocrx_word' id='word_1_351' title='bbox 1103 2693 1255 2732; x_wconf 81' lang='lat' dir='ltr'>eerum</span> <span class='ocrx_word' id='word_1_352' title='bbox 1297 2688 1577 2731; x_wconf 88' lang='lat' dir='ltr'>commendet</span> <span class='ocrx_word' id='word_1_353' title='bbox 1623 2689 1765 2730; x_wconf 77' lang='lat' dir='ltr'>oratio</span> <span class='ocrx_word' id='word_1_354' title='bbox 1810 2700 1935 2729; x_wconf 87' lang='lat' dir='ltr'>vene-</span> 
     </span>
     <span class='ocr_line' id='line_1_86' title="bbox 1103 2745 1862 2787; baseline -0.003 0"><span class='ocrx_word' id='word_1_355' title='bbox 1103 2746 1251 2787; x_wconf 77' lang='lat' dir='ltr'>randa.</span> <span class='ocrx_word' id='word_1_356' title='bbox 1288 2746 1373 2786; x_wconf 90' lang='lat' dir='ltr'>Per</span> <span class='ocrx_word' id='word_1_357' title='bbox 1392 2745 1631 2786; x_wconf 78' lang='lat' dir='ltr'>Deminum</span> <span class='ocrx_word' id='word_1_358' title='bbox 1650 2749 1862 2786; x_wconf 89' lang='lat' dir='ltr'>nostrum.</span> 
     </span>
    </p>
   </div>
   <div class='ocr_carea' id='block_1_15' title="bbox 158 0 2080 2857">
    <p class='ocr_par' dir='ltr' id='par_1_30' title="bbox 158 0 2080 2857">
     <span class='ocr_line' id='line_1_87' title="bbox 158 0 2080 2857; baseline 0 0"><span class='ocrx_word' id='word_1_359' title='bbox 158 0 2080 2857; x_wconf 95' lang='lat' dir='ltr'> </span> 
     </span>
    </p>
   </div>
  </div>
 </body>
</html>
