2040 2990
645 216 842 249 Dominis-21
871 216 930 248 Ill.
956 220 1044 257 post
1071 214 1335 257 Epiphaniam.

1772 216 1841 252 295

144 315 330 358 Homilia
354 315 394 357 S.
418 315 676 368 Hieronymi
699 314 961 367 Presbyteri.

210 378 290 411 Lib.
319 377 343 410 1.
370 378 512 409 (lorum.
540 376 575 408 in
602 386 682 418 cap.
707 376 739 407 S.
764 374 893 407 Matth.

144 432 156 481 '2
173 432 249 481 Γῇ
271 441 294 470 e
314 433 466 470 monte
484 428 675 470 Domino
697 427 960 470 descenden-

152 488 156 540 ξ
173 477 241 538 {245501
286 489 341 536 te,
361 488 594 526 occurrunt
612 484 765 534 turbae,
785 484 886 537 quia
904 483 961 525 ad

174 540 219 555 Γ
242 546 257 565 ’-·“
287 541 444 583 altiora
471 541 707 583 ascendere
731 553 819 582 non
845 540 960 581 valu-

139 598 275 638 erunt.
302 598 359 639 Et
374 598 540 651 primus
556 598 595 639 ei
615 597 805 639 occurrit
820 597 961 649 lepro-

139 666 229 694 sus:
252 653 440 695 necdum
460 655 574 706 enim
592 656 767 707 poterat
787 666 886 695 cum
904 653 961 695 le-

138 722 219 762 pra
260 714 351 752 tam
396 711 680 764 multiplicem
724 710 769 751 in
813 715 962 752 monte

137 766 375 808 Salvatoris
409 767 560 809 audire
594 769 849 809 sermonem.
905 768 962 808 Et

138 822 396 874 notandum,
425 823 547 876 quod
573 823 644 865 hic
670 823 838 876 primus
866 835 960 875 spe-

139 878 305 921 cialiter
323 882 499 921 curatus
519 881 589 922 sit:
617 879 828 929 secundo,
852 892 962 932 puer

138 936 421 978 centurionis:
439 937 582 986 tertio,
601 949 754 978 socrus
768 936 889 978 Petri
905 936 962 977 fe-

137 991 284 1034 briens
294 992 338 1033 in
349 992 667 1046 Capharnaum:
684 998 839 1046 quarto
850 992 961 1039 loco,

139 1049 214 1101 qui
241 1048 378 1091 oblati
404 1054 505 1091 sunt
530 1050 569 1091 ei
595 1063 621 1091 a
647 1049 865 1091 daemonio
892 1062 961 1091 ve—

136 1105 242 1147 xati:
263 1118 449 1158 quorum
468 1107 647 1159 spiritus
667 1106 802 1148 verbo
823 1106 961 1157 ejicie-

136 1160 224 1212 bat,
243 1162 419 1214 quando
438 1168 482 1205 et
500 1176 652 1205 omnes
671 1162 785 1204 male
801 1162 960 1204 haben-

136 1222 203 1260 tes
223 1219 402 1261 curavit.

194 1275 243 1326 R.
255 1275 329 1317 Ad
345 1280 390 1318 te
404 1276 593 1318 Domine
612 1277 756 1318 levavi
775 1276 962 1317 animam

136 1344 294 1374 meam:
323 1333 346 1357 *
359 1333 481 1375 Deus
499 1346 623 1375 meus
645 1334 689 1375 in
707 1338 751 1375 te
775 1333 961 1383 confido,

137 1401 225 1430 non
236 1388 503 1431 erubescam.
519 1382 570 1433 V-
579 1390 763 1432 Custodi
775 1390 962 1431 animam

137 1458 291 1496 meam,
309 1450 354 1488 et
373 1446 492 1540 erilpe
510 1459 592 1540 rtne.
619 1447 740 1506 Deus
758 1459 892 1488 meus.

467 1513 515 1541 EC
531 1512 578 1540 .lO
597 1513 680 1539 Vlll.

262 1571 364 1600 ecce
386 1559 588 1612 leprosus
610 1559 789 1601 veniens
808 1559 961 1601 adora-

232 1614 310 1656 bat
337 1628 453 1666 eum,
486 1615 647 1657 dicens.
692 1616 832 1657 Recte
859 1620 962 1669 post

138 1670 498 1724 praedicationem
534 1677 666 1725 atque
703 1671 962 1722 doctrinam,

139 1727 251 1779 signi
271 1727 450 1770 offertur
470 1729 654 1779 occasio,
672 1732 721 1770 ut
735 1741 815 1782 per
831 1729 962 1770 virtu-

139 1789 230 1826 tem
250 1785 462 1835 miraculi,
486 1785 735 1838 praeteritus
755 1785 874 1838 apud
892 1798 963 1827 au-

140 1839 311 1882 dientes
341 1854 484 1883 sermo
511 1842 719 1883 firmetur.
764 1841 963 1892 Domine,

140 1897 176 1938 si
193 1897 271 1948 viS,
291 1902 421 1950 potes
439 1911 509 1940 me
527 1897 750 1940 mundare.
787 1899 873 1949 Qui
891 1911 962 1940 vo-

138 1953 353 1995 luntatem
370 1959 506 2006 rogat,
526 1954 581 1997 de
600 1955 762 1996 virtute
781 1968 869 1996 non
888 1954 962 1996 du-

138 2009 259 2052 bitat.
294 2011 351 2052 Et
377 2011 616 2054 extendens
638 2011 663 2052 J
666 2024 765 2053 esus
789 2024 964 2052 manum

139 2067 283 2118 tetigit
295 2080 405 2118 eum,
420 2067 583 2110 dicens:
597 2067 725 2118 Volo,
740 2067 963 2109 mundare.

141 2123 417 2166 Extendente
441 2137 618 2166 manum
642 2124 853 2174 Domino,
880 2129 963 2166 sta-

141 2179 219 2221 tim
237 2179 360 2233 lepra
378 2180 496 2232 fugit.
525 2181 750 2233 Simulque
768 2180 964 2222 conside-

140 2248 203 2285 ra,
225 2249 355 2288 quam
372 2236 562 2287 homilis,
587 2242 631 2279 et
650 2238 742 2278 sine
761 2237 965 2288 jactantia

140 2293 382 2345 responsio.
414 2293 495 2335 Ille
514 2293 695 2343 dixerat,
714 2293 759 2334 Si
777 2294 860 2334 vis:
877 2293 965 2334 Do-

141 2349 283 2390 minus
308 2350 554 2402 respondit,
578 2350 708 2392 Volo.
752 2349 832 2391 Ille
855 2363 965 2402 prae-

141 2406 336 2456 miserat,
363 2407 498 2448 Potes
523 2419 593 2447 me
619 2405 851 2447 mundare:
877 2407 965 2447 Do-

141 2460 283 2502 minus
316 2462 470 2514 jungit,
507 2467 551 2504 et
583 2462 708 2512 dicit,
743 2462 965 2503 Mundare.

142 2516 245 2557 Non
269 2529 390 2569 ergo,
416 2523 465 2560 ut
488 2518 687 2571 plerique
710 2518 965 2559 Latinorum

143 2577 318 2624 putant,
347 2574 610 2626 jungendum
637 2579 724 2624 est,
752 2579 796 2616 et
822 2575 964 2625 legen-

145 2628 265 2678 dum,
293 2629 408 2671 Volo
433 2631 663 2673 mundare:
691 2630 770 2672 sed
796 2633 965 2684 separa-

143 2684 233 2734 tim,
247 2689 296 2726 ut
310 2685 499 2737 primum
514 2687 640 2738 dicat,
655 2687 789 2737 Volo;
808 2686 966 2729 deinde

143 2743 339 2793 imperet,
358 2741 580 2785 Mundare.

1068 315 1119 365 R'·
1142 314 1243 356 Duo
1262 314 1491 368 seraphim
1514 316 1760 359 clamabant
1781 317 1837 358 al-

1014 374 1082 411 ter
1101 370 1158 411 ad
1176 371 1375 412 alterum:
1401 370 1420 391 *
1437 372 1631 423 Sanctus,
1650 379 1836 424 sanctus

1015 431 1192 468 sanctus
1211 428 1425 469 Dominus
1444 429 1564 470 Deus
1584 429 1791 471 Sabaoth:
1819 428 1837 450 *⁸

1013 483 1148 544 Rlena
1172 489 1240 526 est
1265 485 1404 526 omnis
1429 490 1547 527 terra
1573 486 1711 537 gloria
1736 488 1837 538 ejus.

1019 540 1067 585 Y.
1083 541 1194 582 Tres
1214 547 1314 583 sunt
1330 542 1404 594 qui
1421 543 1718 584 testimenium
1733 543 1838 585 dant

1013 598 1058 638 in
1072 598 1200 639 coelo:
1218 598 1358 648 Pater,
1373 599 1580 649 Verbum,
1595 603 1639 640 et
1651 599 1837 652 Spiritus

1014 659 1207 696 sanctus:
1227 660 1270 696 et
1283 655 1328 696 hi
1342 660 1432 697 tres
1447 669 1581 696 unum
1600 661 1709 698 sunt.
1736 656 1837 697 San-

1015 716 1122 752 ctus.
1152 710 1301 753 Gloria
1319 712 1449 753 Patri.
1476 712 1611 754 Plena
1630 717 1707 754 est.

1321 775 1470 814 Lectio
1493 774 1544 813 ix.

1099 842 1118 879 t
1137 838 1196 880 ait
1214 838 1276 879 illi
1294 838 1318 879 J
1321 850 1435 879 esus:
1452 839 1579 889 Vide,
1599 839 1760 880 nemini
1779 839 1838 881 di-

1109 895 1235 936 xeris.
1270 895 1328 936 Et
1351 897 1504 937 revera
1525 896 1631 948 quid
1654 900 1748 938 erat
1768 909 1838 937 ne—

1015 953 1137 993 cesse
1168 957 1217 993 ut
1249 954 1450 993 sermone
1481 953 1681 1004 iactaret,
1720 952 1839 1005 quod

1015 1010 1201 1061 corpore
1241 1007 1530 1060 praeferebat?
1589 1008 1677 1051 Sed
1716 1009 1838 1059 vade,

1014 1064 1198 1106 ostende
1228 1069 1273 1106 te
1307 1065 1537 1107 sacerdoti.
1590 1065 1748 1107 Varias
1780 1065 1838 1107 ob

1014 1134 1169 1162 causas
1191 1121 1325 1163 mittit
1348 1134 1447 1163 eum
1470 1121 1527 1163 ad
1550 1122 1839 1164 sacerdotem:

1013 1178 1202 1230 primum
1231 1183 1414 1231 propter
1449 1178 1756 1229 humilitatem,
1792 1184 1839 1220 ut

1015 1234 1316 1277 sacerdotibus
1344 1235 1514 1277 deferre
1541 1235 1755 1277 honorem
1780 1235 1837 1276 vi·
1890 1271 1891 1274 ,

1014 1291 1180 1332 deatur.
1194 1291 1301 1333 Erat
1316 1292 1430 1333 enim
1445 1292 1540 1343 lege
1555 1293 1838 1345 praeceptum,
1889 1299 1891 1302 ⁴

1013 1352 1062 1389 ut
1082 1348 1156 1400 qui
1174 1348 1372 1390 mundati
1389 1348 1561 1390 fuerant
1581 1361 1606 1389 a
1623 1348 1756 1400 lepra,
1778 1348 1837 1389 of-

1013 1404 1176 1446 ferrent
1199 1408 1379 1446 munera
1404 1404 1716 1446 sacerdotibus.
1754 1405 1837 1446 De-

1014 1460 1126 1511 inde,
1146 1465 1194 1502 ut
1212 1461 1469 1503 mundatum
1485 1461 1683 1503 videntes
1697 1461 1837 1513 lepro-

1015 1530 1128 1568 sum,
1156 1522 1231 1559 aut
1257 1517 1486 1560 crederent
1508 1517 1741 1567 Salvatori,
1766 1522 1840 1558 aut

1014 1587 1103 1615 non
1123 1573 1366 1616 crederent:
1388 1575 1424 1616 si
1443 1574 1683 1623 crederent,
1704 1573 1839 1615 salva-

1015 1632 1179 1672 rentur:
1199 1631 1235 1672 si
1253 1644 1340 1672 non
1358 1630 1597 1681 crederent,
1615 1630 1839 1671 inexcusa-

1014 1686 1125 1729 biles
1146 1687 1300 1729 forent.
1335 1687 1393 1729 Et
1411 1687 1549 1737 simul,
1570 1700 1635 1737 ne,
1658 1686 1778 1739 quod
1796 1686 1839 1726 in

1017 1756 1070 1786 eo
1083 1744 1325 1797 saepissime
1339 1743 1689 1793 criminabantur,
1698 1743 1840 1794 legem

1016 1800 1240 1843 videretur
1257 1801 1502 1852 infringere.

1073 1860 1134 1903 Te
1151 1862 1295 1903 Deum
1313 1861 1551 1903 laudamus.
1570 1861 1630 1901 14.

1271 1937 1350 1978 Ad
1374 1937 1582 1979 Laudes.

1074 2000 1208 2033 Omnia
1234 2004 1273 2033 ut
1298 2000 1335 2033 in
1360 1999 1559 2034 Psaltcrio.
1582 1999 1631 2034 15.

1074 2055 1141 2096 Ad
1164 2056 1323 2096 Bcned.
1344 2057 1442 2096 Ant.
1469 2056 1576 2096 Cum
1595 2054 1841 2097 descendis-

1018 2115 1086 2152 set
1099 2111 1122 2151 J
1125 2123 1224 2152 esus
1239 2111 1262 2136 *
1278 2110 1333 2152 de
1348 2116 1507 2162 monte,
1524 2125 1626 2154 ecce
1641 2111 1841 2165 leprosus

1018 2167 1196 2208 veniens
1212 2167 1427 2209 adorabat
1441 2181 1550 2219 eum,
1570 2168 1736 2210 dicens:
1754 2169 1841 2210 Do-

1016 2224 1143 2274 mine,
1163 2224 1200 2265 si
1219 2224 1296 2274 vis,
1315 2229 1443 2277 potes
1462 2238 1532 2267 me
1550 2224 1779 2266 mundare:
1800 2228 1843 2266 et

1019 2280 1257 2322 extendens
1275 2294 1466 2331 manum,
1486 2282 1629 2333 tetigit
1647 2294 1760 2331 eum,
1783 2280 1842 2322 di-

1018 2349 1136 2378 cens:
1157 2337 1286 2387 Volo,
1305 2337 1527 2380 mundare.

1073 2393 1125 2444 V.
1149 2397 1364 2440 Dominus
1392 2399 1608 2450 regnavit,
1638 2397 1842 2439 decerem

1018 2453 1168 2495 induit.
1203 2455 1251 2505 Rv.
1271 2454 1418 2496 Induit
1436 2455 1650 2496 Dominus
1675 2454 1841 2495 fortitu-

1020 2509 1176 2559 dinem,
1199 2515 1242 2552 et
1259 2512 1489 2563 praecinxit
1507 2525 1554 2553 se
1573 2511 1744 2552 virtute.

1357 2567 1518 2608 Oratio.

1101 2635 1350 2685 mnipotens
1364 2632 1627 2685 sempiterne
1637 2632 1768 2680 Deus,
1782 2631 1839 2671 in-

1016 2710 1018 2713 ·
1121 2688 1370 2730 firmitatem
1401 2693 1596 2730 nostram
1624 2687 1840 2740 propitius

1018 2745 1204 2797 respice:
1219 2750 1350 2797 atque
1363 2744 1420 2786 ad
1429 2743 1749 2797 protegendum
1759 2754 1840 2783 nos
