2040 2990
805 197 812 229 Ι
824 197 1000 230 ›ominica
1032 198 1053 230 Ι.
1082 199 1108 230 Α
1118 197 1292 230 avemus.

184 295 334 347 junxit:
353 294 492 334 Erunt
511 293 633 344 signa
651 293 693 333 in
715 292 818 342 sole,
840 296 882 333 et
898 291 1009 340 luna,

185 358 227 393 et
246 350 391 400 stellis,
412 355 455 391 et
473 350 517 390 in
537 350 664 391 terris
684 352 892 402 pressura
910 350 1009 400 gen-

183 409 291 449 tium
305 419 398 460 prae
414 406 670 448 confusione
685 406 853 447 sonitus
867 405 1009 453 maris,

185 470 227 506 et
262 464 483 504 fluctuum.
524 462 591 503 Ex
621 462 778 515 quibus
809 462 1009 515 profecto

185 519 386 562 omnibus
415 519 498 560 alia
527 520 610 570 jam
639 519 754 560 facta
784 519 1010 566 cernimus,

185 577 269 618 alia
295 577 338 617 in
367 577 569 629 proximo
597 579 780 617 ventura
807 574 1010 617 formida—

183 647 291 676 mus.

237 708 283 758 RJ.
314 702 475 744 Audite
500 702 683 744 verbum
702 702 879 743 Domini
899 701 1010 742 Gen-

185 766 270 811 tes,
300 766 342 802 et
369 759 620 800 annuntiate
647 758 754 800 illud
781 759 825 799 in
853 758 1012 799 finibus

185 823 329 859 terrae:
340 823 359 842 ⁸
375 817 431 857 Et
440 815 601 866 insulis,
618 829 716 868 quae
732 814 888 868 procul
902 819 1012 864 sunt,

187 873 335 916 dicite:
375 873 577 914 Salvator
613 878 763 914 noster
799 871 1013 913 adveniet.

187 929 233 979 V
263 930 543 979 Annuntiate,
573 934 616 971 et
644 928 841 971 auditum
869 928 1013 970 facite:

186 987 428 1040 loquimini,
449 991 492 1028 et
511 986 709 1028 clamate.
736 986 793 1027 Et
810 985 974 1026 insulis.

482 1068 631 1108 Lectio
651 1063 714 1106 'ix.

184 1132 354 1237 Nam
404 1145 580 1191 gentem
640 1143 793 1180 contra
838 1142 1014 1189 gentem

317 1199 573 1248 exsurgere,
615 1198 854 1248 earumque
894 1208 1013 1248 pres-

187 1258 334 1296 suram
371 1253 499 1295 terris
536 1253 756 1302 insistere,
796 1252 895 1305 plus
931 1252 1015 1304 jam

186 1312 230 1352 in
271 1311 432 1352 nostris
471 1309 745 1362 temporibus
788 1308 1015 1358 cernimus,

189 1381 320 1421 quam
342 1367 387 1408 in
413 1366 640 1408 codicibus
663 1366 858 1417 legimus.
886 1364 1016 1416 Quod

187 1426 466 1467 terraemotus
499 1423 631 1465 urbes
661 1423 911 1464 innumeras
940 1422 1014 1464 ob-

189 1487 296 1531 ruat,
317 1493 371 1522 ex
391 1481 485 1521 aliis
504 1479 656 1521 mundi
675 1479 873 1532 partibus
895 1480 1015 1520 scitis

190 1551 321 1590 quam
340 1537 590 1589 frequenter
605 1536 861 1578 audivimus.
879 1536 1014 1578 Pesti-

189 1594 346 1635 lentias
393 1594 484 1635 sine
530 1593 777 1635 cessatione
813 1593 1015 1646 patimur.

190 1651 320 1701 Signa
357 1662 462 1691 vero
501 1650 546 1690 in
584 1649 693 1699 sole,
734 1654 778 1690 et
816 1649 936 1699 luna,
973 1654 1016 1691 et

190 1707 338 1757 stellis,
366 1705 509 1747 adhue
533 1708 684 1759 aperte
712 1706 888 1748 minime
911 1705 1016 1747 vidi-

189 1776 306 1805 mus:
339 1762 418 1804 sed
446 1763 547 1815 quia
574 1767 619 1805 et
647 1762 744 1804 haec
771 1775 860 1804 non
887 1762 1016 1814 longe

190 1821 285 1870 sint,
311 1832 365 1861 ex
388 1820 484 1872 ipsa
508 1820 592 1871 jam
621 1819 734 1861 aeris
758 1819 1016 1861 iffiutatione

190 1876 444 1927 colligimus.

243 1952 292 2003 R.
321 1950 437 1992 Ecce
464 1950 557 1993 dies
582 1950 770 2000 veniunt,
799 1950 905 1992 dicit
928 1950 1016 1991 Do-

192 2006 344 2057 minus,
370 2011 414 2048 et
433 2006 655 2049 suscitabo
675 2006 821 2048 David
838 2020 1016 2058 germen

192 2063 370 2114 justum:
389 2067 432 2104 et
447 2063 646 2114 regnabit
660 2064 767 2113 Rex,
784 2068 827 2106 et
842 2064 1017 2116 sapiens

194 2119 285 2169 erit,
308 2124 353 2161 et
370 2119 501 2161 faciet
519 2119 724 2171 judicium
744 2126 787 2162 et
812 2120 1018 2172 justitiam

193 2175 235 2216 in
254 2180 389 2217 terra:
406 2177 426 2199 ’⁸
451 2176 507 2217 Et
530 2176 615 2217 hoc
634 2182 701 2218 est
719 2190 878 2218 nomen
899 2176 1019 2229 quod

193 2231 415 2274 vocabunt
442 2245 559 2277 eum:
586 2235 607 2256 *
637 2233 853 2275 Dominus
881 2234 1018 2285 justus

194 2293 354 2330 noster.
390 2284 439 2335 V.
473 2289 523 2329 In
550 2288 703 2330 diebus
727 2289 810 2331 illis
837 2289 1018 2331 salvabi-

194 2349 266 2386 tur
293 2345 318 2385 J
321 2344 417 2394 uda,
446 2350 489 2386 et
516 2346 652 2386 Israel
678 2345 893 2387 habitabit
920 2359 1018 2387 con-

195 2400 392 2443 fidenter.
421 2402 478 2443 Et
500 2401 585 2443 hoc
609 2406 687 2444 est.
713 2401 867 2443 Gloria
890 2403 1019 2444 Patri.

196 2457 423 2499 Dominus.

281 2531 341 2563 Ab
367 2530 439 2564 hac
466 2531 666 2566 Dominica
693 2544 813 2577 usquc
840 2536 887 2570 ad
911 2537 1016 2571 Nati-

195 2578 349 2612 vitatem
371 2578 534 2615 Domini.
553 2586 587 2613 ct
606 2591 625 2614 a
640 2581 841 2616 Dominica
860 2585 1016 2628 Septun—

194 2628 351 2668 gesimac
382 2637 502 2670 usquc
535 2629 582 2661 ad
608 2629 773 2664 Pascha.
804 2631 1016 2666 Dominicis

195 2675 331 2709 dicbus
363 2675 502 2708 dicitur
532 2676 579 2709 ix.
607 2676 663 2719 Ra:
695 2678 783 2720 quia
819 2679 874 2714 Te
898 2679 1020 2715 Deum

196 2733 270 2757 non
296 2723 436 2757 dieitur
461 2723 534 2757 nisi
564 2724 597 2757 in
627 2725 743 2759 festis.

1325 306 1628 349 AdLaudes

1228 374 1286 410 ct
1333 382 1446 420 per
1495 369 1716 409 Horas.

1116 450 1210 487 Ant.
1253 450 1277 486 1.
1330 447 1377 485 ln
1410 443 1484 484 illa
1515 443 1585 485 die
1612 443 1636 468 *
1665 441 1891 484 stillabunt

1063 507 1235 543 montes
1251 500 1538 550 dulcedinem,
1550 504 1593 542 et
1608 498 1743 541 colles
1755 499 1891 540 fluent
1960 539 1961 542 ,

1062 559 1130 600 lac
1151 564 1196 600 et
1213 558 1310 608 mel,
1330 557 1512 610 alleluja.

1116 630 1180 669 l's.
1214 628 1427 669 Dominus
1446 626 1657 680 regnavit.
1683 626 1743 667 15.

1115 702 1150 740 2.
1179 700 1196 739 J
1206 697 1429 739 ucundare
1452 697 1476 722 *
1501 696 1590 737 filia
1612 695 1728 745 Sion,
1753 698 1796 736 et
1821 706 1891 736 ex-

1065 755 1180 797 sulta
1199 755 1306 796 satis
1325 754 1415 795 filia
1432 753 1685 803 Jerusalem,
1710 750 1891 803 alleluja.

1114 827 1150 865 3.
1193 825 1311 866 Ecce
1343 823 1559 865 Dominus
1594 822 1758 871 veniet,
1792 820 1815 846 *
1848 825 1892 862 et

1065 895 1217 924 omnes
1237 881 1385 923 Sancti
1407 881 1498 932 ejus
1523 893 1623 921 cum
1647 892 1719 920 eo:
1743 877 1893 920 eterit
1950 890 1963 902 ·

1064 940 1107 980 in
1128 938 1198 980 die
1217 938 1290 980 illa
1308 938 1384 980 lux
1400 950 1571 988 magna,
1589 936 1772 988 alleluja.

1116 1008 1151 1045 4.
1186 1006 1352 1046 Omnes
1385 1003 1581 1044 sitientes
1608 1002 1632 1028 *
1659 1003 1804 1043 venite
1835 998 1893 1041 ad

1065 1075 1221 1115 aquas:
1242 1061 1425 1114 quaerite
1439 1059 1689 1110 Dominum,
1709 1058 1814 1100 dum
1832 1057 1892 1098 in—

1064 1119 1202 1161 veniri
1220 1122 1380 1171 potest,
1399 1117 1581 1169 alleluja.

1116 1185 1152 1222 5.
1184 1183 1301 1225 Ecce
1330 1183 1476 1224 veniet
1505 1182 1528 1208 *
1553 1179 1777 1234 Propheta
1803 1191 1892 1220 ma·

1063 1254 1184 1293 gnus,
1214 1245 1257 1282 et
1275 1241 1370 1294 ipse
1389 1238 1621 1282 renovabit
1639 1235 1893 1285 Jerusalem,

1064 1298 1246 1349 alleluja.

1171 1385 1429 1436 Capitulum.
1537 1385 1661 1426 Rom.
1680 1385 1736 1425 13.
1752 1384 1791 1425 d.

1066 1460 1305 1567 Fratres:
1345 1463 1469 1504 Hora
1503 1465 1570 1503 est
1601 1461 1686 1513 jam
1719 1473 1802 1502 nos
1839 1458 1895 1502 de‘

1184 1532 1339 1562 somno
1381 1523 1579 1570 surgere:
1623 1530 1739 1559 nunc
1780 1517 1894 1559 enim

1066 1578 1251 1632 propior
1287 1581 1355 1618 est
1390 1580 1544 1618 nostra
1585 1574 1722 1624 salus,
1764 1587 1895 1628 quam

1068 1649 1168 1677 cum
1196 1632 1473 1676 credidimus.

1376 1721 1585 1773 Hymnus.

1158 1813 1185 1842 n
1206 1800 1324 1843 clara
1342 1814 1430 1843 vox
1449 1799 1673 1852 redarguit

1174 1858 1375 1901 Obscura
1394 1871 1593 1912 quaeque,
1611 1858 1870 1911 personans:

1122 1915 1283 1958 Procul
1301 1916 1503 1968 fugentur
1523 1915 1710 1958 somnia:

1121 1972 1193 2015 Ab
1213 1973 1303 2014 alto
1321 1973 1347 2014 J
1348 1986 1449 2015 esus
1467 1973 1696 2026 promicat.

1070 2051 1195 2093 Mens
1215 2053 1300 2104 jam
1319 2056 1520 2104 resurgat
1537 2050 1725 2104 torpida,

1120 2108 1221 2150 Non
1251 2110 1437 2163 amplius
1455 2110 1601 2162 jacens
1619 2108 1754 2158 humi3

1121 2165 1251 2208 Sidus
1271 2166 1457 2219 refulget
1475 2167 1559 2219 jam
1578 2178 1752 2215 novum,

1123 2223 1183 2266 Ut
1201 2223 1328 2266 tollat
1346 2236 1476 2266 omne
1494 2223 1685 2265 noxium.

1071 2302 1140 2343 En
1158 2303 1311 2354 Agnus
1330 2301 1387 2344 ad
1406 2314 1487 2343 nos
1506 2301 1692 2343 mittitur

1122 2359 1293 2401 Laxare
1312 2359 1447 2410 gratis
1467 2357 1678 2400 debitum:

1125 2417 1289 2458 Omnes
1309 2415 1437 2457 simul
1456 2429 1556 2458 cum
1573 2413 1764 2456 lacrimis

1123 2474 1358 2514 Precemur
1376 2471 1701 2524 indulgentiam.

1076 2549 1143 2601 Ut,
1163 2563 1263 2592 cum
1282 2550 1477 2592 secundo
1497 2550 1675 2600 fulserit,

1124 2607 1332 2659 Metuque
1351 2606 1563 2648 mundum
1583 2605 1775 2655 cinxerit,

1123 2663 1225 2705 Non
1245 2676 1326 2716 pro
1346 2665 1471 2705 reatu
1490 2663 1653 2716 puniat,

1123 2719 1211 2762 Sed
1230 2733 1311 2761 nos
1330 2720 1427 2772 pius
1446 2725 1550 2761 tunc
1569 2722 1784 2773 protegat.
