2040 2990
600 224 701 257 Infra
727 224 1020 258 Hebdomadam
1046 224 1392 267 Quinquagcsimae.

199 316 454 369 Capitulum.
696 319 722 358 1.
746 319 840 358 Cor.
862 320 917 358 13.

144 372 382 478 Fratres:
409 382 454 423 Si
484 382 641 432 linguis
665 381 888 423 heminum
913 381 973 422 lo-

241 451 364 491 quar,
384 443 427 480 et
444 438 728 489 Ange16rum‚
748 438 974 479 caritatem

151 499 296 537 autem
331 508 418 537 non
454 494 657 543 habeam,
702 494 842 535 factus
878 507 974 535 sum

149 551 268 593 velut
300 564 362 592 aes
399 564 575 600 sonans,
616 556 690 592 aut
727 549 974 603 cymbalum

148 608 345 649 tinniens.

194 663 245 714 R«.
264 662 325 703 br.
361 663 526 705 Inclina
545 676 620 704 cor
638 675 783 704 meum
802 662 964 711 Deus‚*

148 721 198 761 In
213 720 463 762 testimonia
477 725 561 762 tua.
579 719 754 761 Inclina.
770 715 819 766 V.
838 719 973 759 Aver-

148 782 192 819 te
212 777 364 818 oculos
383 789 520 827 meos,
539 789 594 818 ne
614 775 791 817 videant
810 776 972 816 vanita-

149 838 252 875 tem:
276 834 320 874 in
345 834 414 874 via
437 838 513 875 tua
531 833 704 874 vivifica
725 845 805 874 me.
839 832 890 872 In
912 837 971 874 te-

149 890 351 931 stimonia
369 895 455 931 tua.
477 889 630 930 Gloria
644 889 774 930 Patri.
796 888 971 930 Inclina.

192 944 242 995 V.
281 946 377 997 Ego
407 946 513 995 dixi,
549 946 736 987 Demine
764 946 971 987 miserere

147 1003 244 1044 mei.
267 1005 315 1056 R.
343 1003 457 1044 Sana
477 1002 664 1044 animam
687 1015 845 1052 meam,
871 1002 971 1054 quia

147 1060 326 1112 peccavi
344 1059 433 1101 tibi.

420 1133 488 1170 Ad
510 1134 695 1169 Sextam.

195 1188 294 1228 Ant.
317 1188 376 1227 Et
396 1186 469 1239 qui
488 1185 714 1238 praeibant,
733 1185 756 1210 *
775 1184 968 1237 increpa-

145 1242 253 1284 bant
289 1256 388 1285 eum
423 1247 471 1284 ut
508 1243 687 1284 taceret:
731 1242 825 1294 ipse
863 1253 967 1282 vero

143 1299 282 1341 multo
318 1299 456 1351 magis
493 1298 723 1340 clamabat:
760 1297 968 1338 Miserere

144 1356 239 1406 mei,
259 1356 342 1397 Fili
360 1355 515 1397 David.

191 1418 448 1470 Capitulum.
645 1420 672 1458 l.
691 1418 786 1459 Cor.
805 1420 858 1458 13.
876 1430 909 1458 c.

144 1475 350 1585 Caritas
385 1493 622 1533 numquam
657 1478 831 1520 excidit:
876 1478 966 1520 sive

236 1537 482 1591 prophetiae
506 1535 846 1584 evacuabuntur,
874 1535 966 1576 sive

141 1594 299 1645 linguae
319 1593 561 1644 cessabunt,
585 1593 675 1634 sive
695 1592 874 1633 scientia
893 1590 964 1633 de-

142 1652 347 1693 struetur:
370 1651 437 1691 Ex
459 1655 584 1703 parte
609 1649 723 1691 enim
742 1649 964 1700 cognosci-

141 1720 248 1757 mus
268 1712 311 1749 et
330 1720 384 1749 ex
402 1711 526 1759 parte
545 1705 870 1759 prophetamus.

188 1763 238 1815 R.
250 1761 311 1803 br.
334 1763 385 1804 In
399 1765 610 1805 aeternum
624 1762 844 1803 Domine*
864 1762 964 1803 Per-

141 1824 287 1862 manet
305 1819 488 1861 verbum
505 1823 637 1860 tuum.
667 1819 718 1859 In
742 1820 963 1859 aeternum.

136 1872 187 1923 V.
215 1877 266 1917 In
291 1875 499 1918 saeculum
525 1874 673 1916 saeculi
695 1874 856 1916 veritas
878 1879 963 1916 tua.

141 1932 380 1975 Permanet.
421 1931 572 1973 Gloria
597 1931 727 1972 Patri.
763 1931 814 1971 In
841 1932 963 1972 aeter-

140 2002 254 2030 num.

190 2040 238 2091 V.
277 2044 491 2086 Dominus
523 2043 634 2095 regit
663 2055 749 2092 me,
783 2047 827 2084 et
858 2041 962 2083 nihil

140 2101 246 2142 mihi
263 2101 412 2143 deerit.
442 2101 492 2152 R.
519 2101 570 2141 In
588 2099 686 2140 loco
705 2100 882 2151 pascuae
901 2097 962 2140 ibi

140 2170 210 2199 me
229 2157 472 2199 collocavit.

414 2231 481 2267 Ad
504 2231 686 2267 Nonam.

192 2284 290 2323 Ant.
332 2283 487 2323 Caecus
518 2281 656 2332 magis
686 2281 710 2306 *
742 2293 792 2322 ac
823 2280 959 2331 magis

139 2338 368 2388 clamabat,
391 2343 439 2380 ut
458 2351 557 2380 eum
574 2337 788 2379 D6minus
807 2336 959 2377 illumi-

138 2396 273 2436 naret.

190 2456 444 2509 Capitulum.
640 2459 668 2497 1.
684 2457 779 2497 Cor.
795 2458 850 2496 13.
868 2456 905 2496 d.

233 2532 318 2560 unc
337 2524 481 2562 autem
498 2524 684 2569 manent,
703 2518 823 2568 fideS‚
845 2531 956 2571 spes,

1784 226 1849 261 347

1024 322 1151 363 mavi.
1196 318 1246 369 Y.
1284 323 1624 365 Justificationes
1656 329 1751 365 tuas
1783 338 1846 367 re-

1027 380 1205 443 quiram.
1234 378 1414 420 Exaudi.
1438 379 1588 421 Gloria
1602 381 1731 422 Patri.
1754 381 1846 422 Cla-

1024 448 1150 476 mavi.

1074 488 1123 539 V.
1153 492 1223 534 Ab
1250 493 1433 534 occultis
1459 493 1566 534 meis
1591 494 1752 535 munda
1778 507 1846 536 me

1025 549 1222 590 Domine.
1262 552 1311 601 Rg.
1354 550 1410 591 Et
1445 549 1498 590 ab
1535 549 1684 591 alienis
1716 563 1846 603 parce

1025 617 1152 646 servo
1171 611 1258 647 tuo.

1255 686 1334 726 Ad
1354 686 1616 736 vesperas.

1074 754 1160 786 Ant.
1187 759 1222 786 et
1248 753 1306 787 Ps.
1334 754 1378 787 de
1404 754 1553 788 Domin.
1586 752 1667 787 108.

1077 804 1177 856 Cap.
1195 806 1386 846 Fratres:
1405 805 1448 846 Si
1463 804 1629 855 linguis
1641 814 1685 848 ut
1703 822 1842 859 supra.

1070 866 1279 916 Hymnus.
1311 866 1443 906 Lucis
1465 866 1655 907 Creator.
1680 866 1763 905 110.

1072 920 1120 971 Y.
1142 927 1365 977 Dirigatur
1379 926 1565 967 Domine
1583 926 1724 967 oratio
1739 939 1845 968 mea.

1019 984 1069 1035 R.
1087 983 1207 1026 Sicut
1217 984 1438 1024 incensum
1453 983 1495 1023 in
1506 984 1744 1034 conspectu
1758 988 1844 1025 tuo.

1070 1045 1139 1085 Ad
1169 1045 1338 1094 Magnis.
1388 1046 1485 1086 Ant.
1532 1048 1663 1085 Stans
1701 1049 1844 1085 autem

1021 1102 1046 1142 J
1049 1114 1147 1143 esus
1167 1102 1190 1127 *
1209 1101 1331 1153 jussit
1350 1113 1514 1142 caecum
1534 1100 1692 1142 adduci
1712 1100 1767 1141 ad
1786 1113 1842 1149 se,

1022 1163 1065 1199 et
1084 1159 1143 1199 ait
1163 1158 1238 1199 illi:
1265 1157 1379 1208 Quid
1404 1157 1468 1198 vis
1493 1162 1540 1198 ut
1563 1157 1718 1198 faciam
1740 1155 1841 1198 tibi?

1021 1215 1223 1265 Domine,
1252 1219 1299 1255 ut
1326 1213 1508 1255 videam.
1549 1214 1604 1254 Et
1630 1214 1756 1254 Jesus
1783 1213 1842 1253 ait

1020 1270 1094 1311 illi:
1129 1271 1332 1323 Respice,
1366 1269 1475 1311 fides
1503 1274 1578 1311 tua
1605 1275 1648 1311 te
1675 1269 1841 1310 salvum

1020 1327 1133 1369 fecit.
1161 1328 1217 1369 Et
1236 1327 1463 1368 confestim
1483 1325 1603 1375 vidit,
1629 1330 1671 1366 et
1690 1338 1839 1377 seque-

1019 1383 1147 1425 batur
1165 1384 1295 1433 illum,
1315 1382 1596 1434 magnificans
1614 1382 1767 1422 Deum.

1194 1496 1362 1533 Feria
1396 1493 1669 1531 Secunda.

1221 1560 1291 1599 De
1309 1556 1422 1598 libro
1442 1555 1635 1597 Genesis,

1135 1620 1285 1661 Lectio
1308 1621 1330 1659 i.
1540 1621 1641 1671 Cap.
1663 1621 1718 1659 13.

1026 1686 1050 1719 ,ἢ
1127 1674 1296 1717 scendit
1321 1685 1424 1724 ergo
1444 1672 1610 1714 Abram
1635 1670 1689 1712 de
1707 1670 1838 1722 AEgy-

1059 1738 1096 1766 Γ»
1143 1737 1238 1785 pto,
1269 1731 1365 1783 ipse
1391 1734 1434 1771 et
1459 1741 1569 1770 uxor
1594 1728 1701 1779 ejus,
1733 1731 1776 1767 et
1795 1727 1837 1766 ό-

1015 1790 1132 1830 mnia
1152 1801 1249 1841 quae
1267 1786 1473 1834 habebat,
1498 1789 1541 1826 et
1559 1784 1644 1824 Lot
1667 1795 1764 1824 cum
1784 1794 1836 1823 eo

1016 1846 1072 1887 ad
1090 1845 1340 1886 Australem
1358 1842 1542 1895 plagam.
1567 1840 1674 1880 Erat
1693 1843 1837 1879 autem

1016 1901 1137 1943 dives
1157 1899 1284 1942 valde
1308 1899 1351 1939 in
1375 1897 1654 1951 possessione
1675 1895 1768 1936 auri
1793 1898 1836 1936 et

1015 1957 1191 2009 argenti.
1225 1957 1533 2006 Reversusque
1556 1957 1623 1994 est
1644 1964 1723 2004 per
1744 1951 1835 2001 iter,

1017 2027 1103 2066 quo
1131 2015 1325 2062 venerat,
1354 2024 1379 2052 a
1401 2009 1583 2052 Meridie
1610 2008 1654 2049 in
1679 2007 1835 2050 Bethel

1015 2083 1152 2122 usque
1180 2069 1237 2111 ad
1263 2069 1408 2110 locum
1435 2066 1510 2108 ubi
1533 2065 1655 2119 prius
1679 2065 1835 2106 fixerat

1013 2125 1343 2169 tabernaculum
1366 2123 1478 2165 inter
1496 2121 1652 2164 Bethel
1673 2126 1716 2163 et
1733 2121 1834 2162 Ha‘i:

1012 2184 1056 2224 in
1079 2182 1178 2224 loco
1203 2181 1349 2223 altaris
1375 2178 1494 2232 quod
1517 2179 1680 2220 fecerat
1703 2176 1833 2230 prius,

1014 2244 1057 2281 et
1096 2237 1316 2280 invocavit
1354 2236 1415 2279 ibi
1452 2247 1613 2277 nomen
1648 2233 1832 2275 Demini.

1011 2295 1099 2337 Sed
1126 2299 1170 2337 et
1195 2295 1282 2336 Lot
1310 2293 1384 2346 qui
1410 2296 1504 2335 erat
1531 2304 1630 2333 cum
1656 2289 1831 2340 Abram,

1011 2352 1183 2393 fuerunt
1201 2363 1356 2402 greges
1375 2349 1536 2398 ovium,
1564 2352 1608 2389 et
1628 2347 1831 2395 armenta,

1012 2413 1055 2450 et
1085 2406 1376 2449 tabernacula.
1423 2405 1518 2447 Nec
1549 2405 1724 2456 peterat
1755 2414 1830 2443 eos

1010 2466 1168 2517 capere
1186 2469 1318 2514 terra,
1346 2467 1393 2504 ut
1418 2461 1665 2503 habitarent
1689 2458 1829 2500 simul:

1010 2525 1104 2562 erat
1123 2520 1286 2573 quippe
1300 2517 1543 2561 substantia
1559 2518 1710 2558 eorum
1723 2513 1827 2556 mul-

240 2575 410 2625 caritas,
428 2576 511 2618 tria
529 2576 639 2617 haec:
657 2576 793 2628 major
812 2580 956 2617 autem
1007 2581 1068 2626 ta,
1095 2581 1140 2618 et
1160 2575 1397 2628 nequibant
1419 2573 1615 2615 habitare
1639 2573 1826 2614 commu-

139 2630 293 2672 horum
311 2636 377 2673 est
395 2633 564 2674 caritas.

188 2686 239 2737 R.
276 2686 337 2726 br.
385 2687 579 2730 Clamavi
612 2689 656 2730 in
690 2693 786 2730 toto
823 2687 955 2730 corde
1004 2709 1007 2712 ·

1008 2633 1131 2675 niter.

1063 2690 1112 2741 R.
1124 2689 1307 2730 Movens
1321 2687 1487 2729 Abram
1500 2682 1825 2728 tabernaculum

136 2755 250 2792 meo,
275 2744 298 2767 *
323 2743 494 2786 Exalidi
522 2757 593 2787 me
623 2745 821 2788 Demine.
862 2743 954 2786 Cla·
1006 2757 1147 2794 suum,
1164 2745 1283 2786 venit
1302 2749 1345 2786 et
1362 2742 1573 2785 habitavit
1590 2742 1707 2792 juxta
1725 2751 1823 2781 con-
