2040 2990
647 218 746 252 Infra
776 219 1064 253 llcbdomadam
1091 220 1359 261 Sexagcsimzc.

157 323 283 363 aquae
307 310 458 353 diluvii
483 311 539 354 ad
561 312 795 355 delendum
813 314 981 356 univer-

156 380 250 408 sam
268 380 454 409 carnem.

205 426 254 477 R.
283 424 406 466 Dixit
423 425 650 467 Dominus.
678 427 772 467 334.

460 483 611 523 Lectio
632 484 669 523 ii.

229 540 427 591 oepitque
445 539 543 580 Noe
563 539 630 580 vir
650 539 842 590 agricola
861 553 979 582 exer-

248 596 348 636 cere
385 600 565 646 terram,
602 601 646 637 et
677 595 890 648 plantavit
921 599 979 638 vi-

152 663 290 692 neam.
311 651 562 705 Bibensque
577 653 724 694 vinum
740 652 978 695 inebriatus

153 712 230 757 est,
251 712 295 749 et
313 707 502 750 nudatus
522 709 565 749 in
583 708 866 751 tabernaculo
887 723 978 751 suo.

153 764 283 813 Quod
323 777 422 806 cum
462 765 645 807 vidisset
681 765 818 807 Cham
853 771 979 819 pater

153 819 376 872 Chanaan‚
413 821 605 864 verenda
641 822 807 864 scilicet
840 823 977 875 patris

152 877 219 917 sui
243 890 340 919 esse
362 878 542 928 nudam,
567 879 781 921 nuntiavit
805 879 977 921 duobus

150 932 358 975 fratribus
383 935 471 976 suis
495 935 624 977 foras.
664 936 725 976 At
747 949 852 977 vero
876 937 977 978 Sem

152 993 196 1030 et
230 989 419 1042 Japheth
455 991 636 1044 pallium
675 992 977 1045 imposuerunt

150 1044 343 1088 humeris
363 1048 463 1098 suis,
486 1053 529 1090 et
547 1048 799 1090 incedentes
818 1052 975 1091 retror-

151 1113 265 1151 sum,
307 1106 574 1156 operuerunt
611 1105 802 1148 verenda
838 1107 976 1159 patris

150 1158 233 1199 sui:
251 1159 474 1213 faciesque
489 1163 641 1203 eorum
659 1164 824 1204 aversae
842 1168 975 1213 erant,

150 1218 194 1255 et
212 1216 350 1267 patris
370 1217 511 1259 virilia
529 1231 615 1259 non
636 1218 846 1261 viderunt.

201 1274 250 1325 R».
277 1272 375 1314 Noe
394 1274 460 1315 vir
478 1272 625 1326 justus.
653 1276 747 1316 334.

449 1332 597 1373 Lectio
619 1334 672 1372 iii.

146 1383 412 1489 Evigilans
453 1391 596 1428 autem
632 1388 730 1429 Noe
770 1402 823 1430 ex
863 1390 975 1440 vino,

242 1454 342 1482 cum
368 1441 594 1485 didicisset
622 1457 720 1496 quae
746 1445 910 1487 fecerat
936 1447 974 1487 ei

148 1496 262 1538 filius
291 1510 394 1539 suus
422 1498 581 1549 minor,
609 1500 684 1542 ait:
713 1501 973 1544 Maledictus

149 1553 364 1605 Chanaan‚
384 1567 536 1596 servus
553 1558 781 1598 servorum
797 1559 879 1600 erit
892 1559 973 1600 fra-

146 1609 286 1653 tribus
311 1611 412 1652 suis.
453 1611 678 1665 Dixitque:
706 1615 973 1657 Benedictus

147 1667 362 1708 Dominus
387 1667 509 1710 Deus
534 1669 652 1719 Sem,
685 1671 741 1712 sit
767 1671 973 1713 Chanaan

147 1736 300 1765 servus
322 1724 423 1776 ejus.
450 1725 616 1767 Dilatet
633 1727 753 1769 Deus
772 1728 797 1768 J
801 1729 973 1781 apheth,

147 1784 191 1822 et
209 1779 378 1822 habitet
395 1781 439 1821 in
458 1781 754 1825 tabernaculis
770 1785 882 1835 Sem,
901 1786 972 1827 sit-

148 1849 232 1889 que
271 1836 476 1878 Chanaan
511 1850 663 1880 servus
699 1841 800 1892 ejus.
848 1842 973 1885 Vixit

147 1897 292 1935 autem
314 1892 412 1934 Noe
437 1899 540 1946 post
569 1894 780 1937 diluvium
806 1901 971 1939 trecen-

145 1949 202 1990 tis
222 1949 536 2002 quinquaginta
555 1953 688 1993 annis.
724 1953 781 1995 Et
803 1953 972 2007 impleti

146 2010 246 2047 sunt
266 2018 416 2047 omnes
433 2006 526 2048 dies
544 2008 633 2058 ejus
650 2012 971 2060 nongentorum

147 2062 460 2114 quinquaginta
502 2066 732 2106 annorum:
775 2071 818 2108 et
857 2069 969 2108 m6r-

145 2123 246 2160 tuus
270 2123 347 2160 est.

197 2177 246 2228 R.
273 2175 571 2227 Quadraginta
590 2176 695 2218 dies.
722 2179 816 2219 335.

375 2290 409 2325 F
422 2300 445 2325 e
457 2289 500 2325 ri
512 2300 538 2325 a
569 2288 597 2325 S
609 2300 631 2324 e
642 2301 667 2325 x
678 2293 694 2325 t
705 2301 742 2327 a.

332 2348 398 2388 De
434 2345 547 2387 libro
583 2345 779 2389 Genesis.

246 2402 397 2444 Lectio
420 2404 443 2443 i.
683 2406 784 2456 Cap.
802 2407 864 2444 10.

241 2471 278 2499 ae
312 2464 412 2500 sunt
445 2461 748 2511 generationes
780 2461 967 2502 filiorum

256 2514 369 2564 Noe,
389 2515 506 2566 Sem,
526 2516 678 2567 Cham,
703 2523 747 2559 et
764 2517 788 2558 J
790 2517 966 2569 apheth:

142 2572 320 2622 natique
338 2577 438 2613 sunt
455 2572 517 2613 eis
531 2573 610 2614 filii
625 2578 727 2626 post
744 2573 965 2615 diluvium.

143 2625 242 2666 Filii
256 2626 281 2666 J
283 2626 459 2679 apheth:
479 2628 654 2679 Gomer‚
674 2636 717 2672 et
733 2630 902 2680 Mag0g‚
923 2635 966 2671 et

141 2681 298 2731 Madau,
319 2687 363 2724 et
380 2683 405 2723 J
408 2696 528 2735 avan,
548 2690 592 2727 et
610 2685 793 2735 Thubal,
814 2691 856 2727 et
875 2685 964 2726 Mo·
1008 2714 1011 2717 -

141 2737 258 2788 soch,
279 2743 322 2780 et
337 2738 505 2781 Thiras.
533 2741 673 2783 Porro
692 2741 769 2783 filii
787 2743 964 2784 Gomer:

1033 315 1243 364 AsceneZ,
1259 319 1302 356 et
1316 314 1521 368 Riphath‚
1538 320 1580 357 et
1594 316 1858 367 ThogOrma.

1033 370 1131 411 Filii
1155 376 1302 412 autem
1320 371 1344 412 J
1347 384 1473 412 avan:
1501 372 1634 422 Elisa,
1659 378 1703 414 et
1722 373 1857 414 Thar-

1035 428 1109 477 εἰς,
1135 427 1341 477 Cetthim,
1367 432 1410 469 et
1428 428 1658 470 Dodanim.
1699 429 1769 470 Ab
1790 429 1857 471 his

1034 482 1188 525 divisae
1212 489 1313 525 sunt
1336 484 1487 526 insulae
1507 485 1713 526 Gentium
1731 486 1775 526 in
1794 499 1857 528 re-

1031 540 1233 591 gionibus
1257 541 1361 590 suis,
1384 544 1683 594 unusquisque
1707 545 1856 584 secun-

1032 596 1136 638 dum
1151 597 1344 648 linguam
1360 610 1483 638 suam
1498 604 1542 639 et
1557 599 1740 639 familias
1756 612 1855 640 suas

1030 653 1074 693 in
1117 653 1366 695 nati6nibus
1411 655 1510 695 suis.
1571 655 1666 695 Filii
1710 661 1855 697 autem

1024 709 1182 751 Cham:
1202 709 1330 760 Chus,
1351 715 1395 752 et
1409 711 1626 761 Mesra‘im‚
1643 716 1687 753 et
1701 711 1854 762 Phuth‚

1031 771 1075 808 et
1095 766 1311 808 Chanaan.

1081 830 1130 868 R
1158 827 1411 869 AEdificavit
1429 827 1536 869 Noe.
1565 829 1658 868 335.

1132 903 1282 943 Lectio
1304 904 1340 942 ii.
1582 908 1682 957 Cap.
1704 909 1748 946 11.

1028 959 1182 1064 Erat
1201 968 1346 1005 autem
1369 968 1486 1005 terra
1512 963 1615 1004 labii
1640 965 1783 1013 unius,
1812 969 1854 1005 et

1124 1022 1373 1061 serm6num
1409 1019 1675 1061 eorumdem.
1730 1020 1853 1061 Cum-

1029 1089 1114 1129 que
1149 1076 1533 1129 proficiscerentur
1570 1075 1624 1118 de
1664 1077 1853 1126 Oriente,

1027 1133 1284 1174 invenerunt
1313 1145 1514 1185 campum
1542 1132 1585 1173 in
1613 1138 1728 1174 terra
1753 1133 1852 1174 Se'm-

1027 1201 1143 1240 naar,
1165 1193 1208 1230 et
1226 1188 1534 1230 habitaverunt
1552 1189 1595 1229 in
1615 1202 1679 1230 eo.
1716 1190 1852 1231 Dixit-

1029 1258 1113 1298 que
1133 1244 1242 1286 alter
1262 1245 1317 1286 ad
1336 1245 1585 1298 proximum
1605 1258 1745 1286 suum:
1768 1246 1850 1287 Ve-

1027 1304 1126 1351 nite,
1142 1301 1351 1343 faciamus
1367 1301 1536 1351 lateres,
1553 1306 1596 1342 et
1612 1304 1852 1354 coquamus

1028 1371 1104 1400 eos
1118 1358 1218 1409 igni.
1234 1358 1582 1410 Habueruntque
1597 1358 1756 1399 lateres
1770 1371 1851 1411 pro
1897 1407 1898 1410 Ἴ

1027 1415 1154 1464 saxis,
1175 1419 1219 1456 et
1236 1414 1432 1456 bitumen
1452 1427 1534 1468 pro
1555 1417 1784 1456 caemento:
1809 1420 1852 1456 et

1027 1471 1248 1512 dixerunt:
1278 1472 1458 1521 Venite,
1487 1472 1696 1512 faciamus
1725 1471 1851 1513 nobis

1026 1528 1262 1579 civitatem,
1287 1532 1330 1569 et
1348 1528 1517 1578 turrim,
1542 1528 1661 1579 cujus
1681 1528 1850 1569 culmen

1025 1586 1246 1637 pertingat
1260 1584 1318 1626 ad
1333 1584 1506 1626 coelum:
1522 1590 1566 1626 et
1581 1584 1850 1626 celebremus

1025 1654 1185 1682 nomen
1209 1645 1406 1682 nostrum
1432 1644 1666 1694 antequam
1687 1640 1850 1682 divida-

1024 1711 1122 1738 mur
1140 1697 1184 1738 in
1202 1698 1426 1738 universas
1446 1703 1597 1739 terras.

1077 1760 1126 1810 Rg.
1152 1758 1319 1799 Ponam
1340 1770 1499 1799 arcum.
1526 1759 1618 1799 335.

1327 1834 1474 1874 Lectio
1496 1835 1548 1873 iii.

1115 1891 1311 1933 escendit
1329 1896 1474 1933 autem
1488 1892 1702 1934 Dominus
1722 1898 1770 1934 ut
1789 1893 1847 1934 vi-

1122 1947 1246 1989 deret
1257 1947 1479 1989 civitatem
1491 1952 1533 1989 et
1543 1949 1708 1999 turrim,
1717 1962 1848 2002 quam

1023 2003 1302 2046 aedificabant
1334 2003 1412 2044 filii
1444 2003 1610 2055 Adam,
1647 2010 1690 2047 et
1723 2006 1847 2047 dixit:

1021 2060 1155 2110 Ecce,
1181 2072 1293 2100 unus
1320 2065 1388 2101 est
1413 2060 1621 2114 populus,
1649 2066 1692 2103 et
1714 2075 1847 2104 unum

1020 2116 1184 2158 labium
1199 2115 1415 2158 omnibus:
1432 2121 1749 2170 coeperuntque
1762 2118 1847 2160 hoc

1020 2173 1175 2222 facere,
1197 2185 1279 2214 nec
1297 2172 1510 2215 desistent
1528 2187 1554 2215 a
1573 2175 1845 2225 cogitationi-

1019 2228 1102 2270 bus
1135 2229 1244 2279 suis,
1281 2228 1422 2271 donec
1455 2243 1529 2272 eas
1563 2232 1698 2283 Opere
1730 2233 1844 2272 com-

1020 2285 1178 2338 pleant.
1229 2285 1390 2328 Venite
1423 2287 1572 2338 igitur,
1610 2287 1843 2329 descenda-

1019 2355 1133 2391 mus,
1162 2346 1205 2383 et
1230 2342 1546 2385 confundamus
1570 2343 1629 2386 ibi
1654 2343 1844 2395 linguam

1020 2400 1186 2447 e6rum‚
1205 2402 1253 2439 ut
1271 2411 1359 2440 non
1378 2398 1527 2441 audiat
1547 2402 1844 2453 unusquisque

1019 2466 1174 2495 vocem
1199 2455 1389 2506 preximi
1413 2455 1489 2496 sui.
1527 2456 1675 2508 Atque
1699 2456 1760 2498 ita
1784 2456 1843 2498 di-

1019 2510 1119 2551 visit
1146 2523 1223 2552 eos
1251 2511 1465 2553 Dominus
1493 2525 1547 2554 ex
1573 2512 1647 2554 illo
1676 2512 1775 2554 loco
1800 2513 1842 2553 in

1019 2567 1243 2608 universas
1283 2572 1442 2617 terras,
1483 2574 1527 2610 et
1563 2570 1843 2611 cessaverunt

1023 2622 1242 2664 aedificare
1262 2623 1493 2666 civitatem.

1070 2684 1119 2734 Rz.
1147 2684 1232 2725 Per
1252 2687 1567 2738 memetipsum.
1595 2686 1688 2726 336.
