2040 2990
728 202 898 235 Rubrium
923 200 1119 239 :generales
1146 195 1341 230 Bru-viarii.

195 207 315 243 xxxvi

245 303 269 328 2.
290 302 321 328 ln
343 299 430 327 Festis
452 305 550 324 novem
575 297 735 324 Lectionum
762 298 958 330 (praeterquam
981 294 1009 321 in
1029 261 1033 329 ἱ
1109 294 1133 319 6.
1152 286 1305 319 Sumuntur
1322 294 1414 318 autem
1433 289 1623 324 Responsorla
1639 296 1675 315 ex
1691 295 1725 315 eo
1743 288 1815 320 loco,
1830 287 1882 315 ubi

196 342 277 368 Festo
287 343 442 366 sanctorum
455 337 654 368 innocentium,
663 335 775 369 quando
789 342 844 361 non
858 333 964 360 venerit
981 333 1009 360 in
1029 337 1033 349 ¹
1059 332 1147 367 primo
1166 334 1230 358 sunt
1247 330 1338 364 posita
1356 329 1384 356 in
1402 329 1538 364 principio
1558 327 1674 361 mensis,
1695 327 1741 354 vel
1757 326 1835 360 libri,
1853 329 1881 354 et

197 379 359 410 Dominica),
377 380 404 404 et
422 377 448 403 in
465 375 616 403 Dominicis
630 375 665 400 ab
678 374 783 400 Octava
798 373 912 399 Paschae
926 372 1008 399 1110111-
1029 356 1033 398 l
1059 374 1220 405 repetuntur
1229 370 1256 396 in
1266 369 1326 396 aliis
1335 368 1515 403 sequentibus
1525 367 1677 394 Dominicis
1690 366 1765 393 illius
1777 365 1882 393 mensis

195 419 261 450 sive,
278 424 366 451 1180110
383 416 418 442 ad
437 415 597 442 Adventum
615 413 766 443 exclusive.
785 416 812 439 et
830 419 846 438 a
864 411 1008 438 Dominica
1029 404 1033 445 ἷ
1059 411 1086 437 10
1100 410 1202 444 quibus
1215 409 1268 435 alia
1284 416 1339 435 non
1349 408 1537 441 assignantur,
1551 406 1596 433 vel
1606 407 1694 451 donec
1703 405 1738 432 de
1752 405 1799 432 illo
1809 405 1881 432 libro

195 457 266 484 infra
279 456 411 482 Octavam
422 453 580 481 Nativitatis
591 452 731 484 inclusive,
746 459 834 485 usque
846 451 882 477 ad
895 450 1008 484 Septua-
1029 453 1032 479 Ι
1058 449 1164 483 legitur,
1182 448 1256 475 unde
1274 451 1384 481 sumpta
1403 450 1467 473 sunt
1482 447 1678 480 Responsum.
1705 445 1776 479 Quae
1788 447 1882 472 autem

195 496 322 530 gesimam
346 494 499 526 exclusive,
522 492 651 519 dicuntur
674 495 736 517 octo
761 494 866 516 tantum
886 489 1008 523 Respon-

194 535 280 568 soria;
299 538 326 561 et
344 533 371 560 in
390 533 445 560 tine
462 531 542 565 tertii,
560 531 639 562 sexti,
657 534 684 556 et
696 529 786 556 octavi
800 528 1002 555 diciturcahzrm

197 578 275 601 l'airr
290 581 353 600 eum
366 572 527 606 repetitione
541 570 626 604 partis
639 568 828 602 Responsorii:
842 567 918 601 quod
931 574 1008 599 regru-

193 612 249 639 lare
262 616 303 638 est
317 612 344 638 in
359 611 413 638 fine
427 610 514 637 ultimi
528 607 704 643 Responsorii
713 606 857 640 cujuslibet
867 606 1008 638 Nocturni,

193 654 249 677 tam
267 650 294 677 in
313 650 413 676 Officio
436 656 534 675 novem
558 655 641 682 quam
666 646 748 672 trium
768 645 940 672 Lectionum:
964 653 1008 671 ex·
1029 654 1033 684 ι

193 693 273 724 cepto
287 689 425 723 Tempore
439 687 586 719 Passionis,
605 692 660 720 quo
675 684 820 719 Tempore,
838 684 899 710 loco
909 688 914 705 ⁴
926 684 1002 710 :mm

195 731 280 755 inuri.
302 728 435 762 repetitur
453 725 668 761 Responsorium
691 732 706 751 a
725 724 871 759 principio:
893 719 1008 757 excepto

193 768 275 795 etiam
290 766 389 794 Officio
404 766 612 798 Defunctorum‚
631 765 659 791 in
677 772 732 798 quo
750 763 822 790 illius
835 763 895 790 loco
909 763 1010 789 dieitur

196 808 325 839 &equum
352 813 494 830 1011100111,
518 811 556 829 011·
606 804 659 837 Qui
684 804 787 830 Versus
810 803 901 826 *Olmiai
933 802 1003 825 ἲέιῖϊῐ

193 844 359 879 quibusdam
377 843 473 870 diebus
491 843 590 869 dicitur
607 843 634 869 in
652 843 741 877 primo
761 841 960 875 Responsorio,
978 844 1008 867 ut

194 885 221 911 in
241 883 358 918 propriis
376 883 442 909 locis
461 885 614 908 annotatur.
652 883 718 908 Post
736 889 837 907 nonam
852 881 1008 907 Lectionem

195 922 334 957 111-1111110118
352 922 456 953 diebus,
474 921 585 954 quando
605 925 666 947 octo
685 924 791 947 tantum
810 920 940 947 dicuntur
958 920 1009 945 Re-

194 961 346 996 sponsoris,
363 960 519 987 immediate
537 959 637 986 dicitur
654 960 782 993 Hymnus
796 957 833 981 'l't
859 957 942 981 '’ww·

245 1006 269 1032 3.
294 1005 325 1031 In
350 998 500 1031 Dominicis
524 1002 682 1036 Adventus,
709 1006 735 1029 et
762 1003 789 1029 in
814 1002 966 1029 Dominicis
993 1009 1009 1027 a

194 1044 399 1078 septuagesima
413 1050 500 1076 usque
517 1042 553 1068 ad
567 1042 739 1069 Dominicam
754 1042 912 1068 Palmarum
926 1041 1009 1068 incia<

194 1083 260 1116 sive,
278 1086 304 1109 et
322 1082 349 1108 in
368 1082 459 1108 triduo
477 1084 540 1107 ante
559 1082 674 1113 Pascha,
693 1081 822 1108 dicuntur
838 1088 937 1107 novem
957 1081 1009 1106 Rc-

194 1121 345 1156 sponsoris,
363 1121 428 1154 quia
445 1124 510 1147 tunc
527 1128 582 1147 non
601 1120 702 1147 dicitur
716 1119 754 1143 'l'c
779 1120 862 1143 itt-um

245 1170 268 1196 4.
290 1170 320 1196 In
335 1169 435 1196 Officio
451 1172 542 1195 autem
561 1168 644 1195 trium
660 1167 830 1200 Lectionum,
848 1167 959 1201 quando
980 1167 1009 1192 111

195 1209 229 1236 de
247 1209 336 1241 Festo,
354 1211 381 1235 et
398 1207 426 1234 in
445 1207 531 1234 Feriis
549 1207 694 1241 Temporis
712 1207 862 1239 Paschalis,
880 1206 956 1240 quod
969 1208 1009 1232 est

194 1248 265 1274 inter
283 1247 454 1274 Dominieam
473 1247 501 1273 in
522 1246 601 1273 Albis
623 1250 650 1273 et
668 1246 865 1273 Ascensionem
886 1247 1010 1279 (excepta

194 1286 274 1313 Ferla
291 1286 412 1313 secunda
431 1285 627 1319 Rogationum,
651 1285 679 1312 in
697 1292 752 1319 qua
768 1284 881 1319 ponitur
899 1284 1009 1311 tertium

195 1325 432 1359 Responsorium),
447 1324 575 1351 dicuntur
589 1324 645 1351 duo
659 1323 855 1358 Responsoria,
869 1323 934 1357 quia
947 1326 1010 1357 post

194 1364 303 1390 tertiam
322 1363 479 1390 Dectionem
498 1363 598 1390 dicitur
615 1361 652 1386 Tv:
672 1362 756 1386 Duum
803 1363 872 1396 Quae
886 1363 1009 1396 Respon-

194 1403 268 1430 soria
291 1403 318 1429 in
338 1402 424 1429 Festis
447 1406 594 1429 sumuntur
615 1402 650 1429 de
673 1402 819 1429 Communi
837 1401 1009 1433 Sanctorum,

195 1445 221 1468 et
239 1442 266 1468 in
285 1442 364 1469 dictis
382 1442 468 1468 Feriis
486 1441 632 1476 Temporis
650 1440 803 1474 Paschalis,
827 1440 939 1474 quando
957 1440 1009 1467 alia

195 1481 307 1514 propria
324 1488 379 1507 non
398 1480 582 1514 assignantur,
601 1483 748 1506 sumuntur
766 1479 800 1506 de
819 1479 964 1506 Dominica
981 1479 1009 1506 in

195 1527 250 1553 qua
263 1519 352 1554 primo
365 1522 429 1546 sunt
441 1520 538 1553 posita,
551 1519 603 1546 hoc
616 1518 725 1545 ordine:
739 1518 859 1545 secunda
873 1522 900 1545 et
913 1519 1009 1553 quinta

196 1558 288 1591 Feria,
316 1558 434 1592 primum
463 1561 490 1585 et
513 1558 663 1585 secundum
688 1557 904 1591 Responsorium
928 1557 1009 1592 primi

198 1597 341 1624 Nocturni:
360 1597 438 1624 Feria
452 1597 531 1624 tertia
544 1601 571 1624 et
583 1601 669 1631 sexta,
686 1596 805 1631 primum
819 1601 846 1623 et
859 1597 1009 1623 secundum

197 1636 414 1670 Responsorium
435 1636 548 1663 secundi
567 1635 712 1663 Nocturni:
736 1635 815 1662 Feria
837 1639 935 1670 quarta
957 1635 1011 1670 pri-

197 1682 272 1701 mum
290 1678 316 1701 et
334 1675 484 1702 secundum
503 1674 720 1709 Responsorium
738 1674 810 1701 tertii
829 1675 969 1702 Nocturni.

246 1714 270 1740 5.
288 1713 320 1740 In
334 1713 394 1740 aliis
409 1713 494 1741 Feriis
507 1718 585 1741 extra
599 1714 721 1748 Tempus
736 1714 868 1741 Paschale
882 1714 1011 1741 dicuntur

196 1753 249 1779 tria
263 1752 448 1786 Responsoria
464 1753 539 1787 <quia
554 1753 581 1779 in
595 1752 648 1779 illis
662 1760 717 1779 non
731 1752 876 1779 dicitur'l'e
896 1754 980 1778 licum
991 1755 1010 1787 )‚

195 1791 248 1818 hoc
265 1791 372 1818 ordine:
399 1791 476 1818 Feria
494 1791 614 1819 secunda
636 1795 663 1818 et
685 1792 794 1825 quinta,
817 1792 870 1818 tria
887 1792 1011 1826 Respon—

196 1830 268 1856 soria
286 1829 367 1864 primi
385 1829 530 1857 Nocturni:
550 1830 628 1857 Feria
646 1830 727 1857 tertia
744 1834 771 1857 et
788 1834 874 1864 sexta,
893 1831 945 1858 tria
960 1832 1011 1858 Re-

196 1868 339 1902 sponsoria
353 1869 465 1895 secundi
478 1869 624 1896 Nocturni:
639 1869 717 1896 Feria
731 1874 830 1904 quarta
844 1874 871 1897 et
880 1870 1010 1903 Sabbato,

196 1906 307 1941 quando
331 1907 358 1934 in
382 1915 415 1934 eo
439 1908 469 1934 fit
493 1908 528 1934 de
546 1908 638 1942 Pelia,
661 1909 714 1935 tria
732 1909 920 1943 Responsoria
938 1910 1011 1937 tertii

196 1945 330 1973 Nocturni
348 1946 499 1973 Dominieae
516 1947 705 1981 praecedentis,
723 1947 751 1974 in
770 1956 826 1981 qua
843 1949 933 1983 primo
946 1953 1011 1976 sunt

196 1984 292 2019 posita.
316 1984 419 2012 Verum
432 1986 498 2019 quia
511 1986 539 2012 in
554 1986 633 2013 tertio
647 1987 789 2014 Nocturno
804 1988 1009 2016 Dominicarum

196 2030 212 2050 a
231 2023 311 2050 tertia
323 2027 384 2058 post
399 2024 578 2051 Pentecosten
592 2025 733 2058 inclusive,
751 2034 838 2060 usque
851 2027 887 2053 ad
900 2027 1011 2054 Adven—

197 2066 255 2089 tum
268 2061 415 2094 exclusive,
429 2070 484 2089 non
497 2063 616 2090 habetur
628 2064 679 2091 nisi
694 2072 778 2091 unum
792 2065 1010 2100 Responsorium

197 2100 343 2127 dleendum
366 2101 438 2128 infra
462 2101 684 2136 Hebdomadam,
708 2104 783 2137 quod
806 2108 847 2131 est
864 2106 1009 2139 septimum

196 2139 224 2166 111
249 2139 394 2167 Dominica
423 2142 579 2175 (propterea
607 2142 683 2175 quod
708 2142 924 2177 Responsorium
946 2145 1005 2169 iun»

196 2180 336 2212 Seraphim
357 2186 412 2205 1100
430 2178 531 2205 dicitur
554 2181 605 2207 nisi
628 2181 656 2207 in
674 2181 813 2215 praedictis
831 2182 1010 2218 Dominicis);

197 2217 259 2244 ideo
277 2217 356 2244 Feria
374 2221 473 2251 quarta
490 2222 517 2245 et
535 2218 671 2253 Sabbato‚
694 2220 805 2254 quando
824 2221 1010 2255 Responsoria

197 2256 331 2284 sumenda
349 2260 429 2283 erunt
446 2264 479 2284 ex
494 2258 574 2284 tertio
587 2258 736 2292 Nocturno,
754 2260 873 2294 primum
887 2261 1010 2296 Respon-

196 2295 300 2322 sorium
319 2295 370 2322 erit
388 2296 463 2330 quod
482 2301 523 2323 est
541 2298 686 2331 septimum
706 2298 870 2326 Dominicae:
889 2301 1010 2328 secundo

196 2337 224 2361 et
242 2333 322 2360 tertio
339 2333 400 2360 1000
416 2334 516 2361 dicitur
532 2337 683 2363 seeundum
701 2341 728 2364 et
745 2338 854 2365 tertium
872 2341 1011 2373 sequentis

198 2372 292 2406 Feriae,
311 2373 339 2399 id
357 2376 410 2406 081,
432 2377 495 2407 post
513 2374 661 2402 secundam
679 2379 707 2403 et
725 2377 832 2403 tertiam
852 2378 1010 2405 Lectionem

197 2410 298 2438 dicitur
309 2411 460 2438 secundum
473 2416 500 2439 et
514 2413 622 2440 tertium
637 2414 863 2449 Responsorium,
881 2417 955 2450 quod
970 2422 1011 2445 est

197 2449 348 2476 secundum
372 2454 398 2476 et
422 2451 531 2478 tertium
555 2453 684 2480 secundae
707 2455 846 2488 sequentis
865 2455 964 2490 Feriae,
987 2457 1010 2483 si

197 2488 309 2522 proprla
328 2488 514 2523 Responsoria
531 2490 669 2525 habuerit:
692 2493 827 2527 alioquin,
851 2494 873 2520 81
892 2502 946 2521 non
965 2495 1010 2522 ha-

196 2527 287 2554 buerit
305 2527 424 2561 propria,
443 2529 542 2555 dicitur
554 2530 704 2557 secundum
723 2535 749 2558 et
762 2532 872 2559 tertium
887 2533 1010 2567 Respon-

197 2565 301 2592 sorlum
330 2566 410 2600 primi
439 2567 571 2594 Nocturni
602 2569 723 2602 ejusdem
756 2571 916 2599 Dominicae.
966 2573 1011 2599 Ab

198 2603 302 2631 Octava
312 2604 472 2638 Epiphania:
483 2614 570 2639 usque
583 2607 619 2633 ad
628 2607 860 2642 Septuagesimam
876 2610 1011 2638 habentur

198 2642 384 2677 Respousoria
403 2645 513 2678 propria
531 2645 558 2671 in
577 2646 689 2680 singulis
704 2648 798 2681 Feriis,
815 2653 930 2682 excepto
945 2649 1010 2677 Sab-

197 2681 272 2714 bato,
289 2682 317 2708 in
330 2690 394 2716 quo,
412 2683 524 2716 quando
543 2684 573 2711 tit
591 2685 626 2711 de
640 2685 726 2719 Feria,
746 2686 874 2715 dicuntur
888 2688 1009 2723 Respon-

197 2720 270 2746 son'a
287 2720 374 2747 Feriae
393 2725 507 2755 quartae.

1058 489 1086 515 in
1105 488 1193 522 prima
1206 487 1390 514 Hebdomada
1408 485 1510 512 mensis
1528 485 1619 520 posita
1636 487 1702 511 sunt
1714 491 1766 518 per
1778 483 1882 517 Ferias,

1059 530 1222 561 repetuntur
1231 526 1329 552 eodem
1341 525 1438 552 ordine
1452 525 1480 551 in
1494 524 1597 551 eisdem
1609 523 1695 550 Feriis
1704 531 1756 558 per
1766 530 1882 558 sequen-

1059 570 1100 593 tes
1124 564 1336 598 Hebdomadas,
1361 564 1449 591 donec
1473 563 1527 590 alia
1550 566 1699 598 ponantur.
1734 562 1791 590 Ubi
1814 569 1882 589 vero

1059 613 1114 632 non
1133 605 1234 631 adsunt
1249 604 1369 638 propria,
1387 611 1496 637 semper
1514 611 1548 630 ex
1562 602 1712 630 Nocturnis
1727 601 1882 629 Dominicae

1059 647 1207 671 sumuntur
1226 643 1299 670 dicto
1318 643 1423 670 ordine.

1110 684 1133 711 7.
1153 682 1182 710 Si
1196 682 1384 716 Responsoria
1402 682 1483 716 primi
1497 681 1633 708 Nocturni
1645 681 1704 715 ejus
1719 680 1882 713 Dominieae,

1060 724 1086 750 in
1105 730 1160 756 qua
1179 722 1268 756 primo
1286 726 1441 756 ponuntur,
1459 723 1574 756 propter
1592 720 1705 747 Festum
1723 719 1836 754 Duplex
1853 718 1882 746 in

1059 771 1090 789 ea
1110 769 1271 794 occurrenS,
1295 761 1323 787 in
1347 761 1407 795 ipsa
1426 760 1573 788 Dominica
1596 759 1662 794 poni
1686 767 1743 786 non
1766 758 1882 794 possint,

1060 804 1198 836 ponantur
1211 800 1302 834 prima
1315 800 1359 826 die
1373 801 1431 833 ejus
1440 798 1640 831 Hebdomadas,
1653 798 1683 825 in
1695 798 1755 832 qua'
1762 798 1883 825 occurrit

1061 840 1119 867 fieri
1139 840 1174 866 de
1194 839 1282 871 Feria,
1305 843 1332 866 et
1350 839 1513 866 omittantur
1534 838 1588 864 alia
1606 846 1670 872 quae
1692 838 1764 865 forte
1786 838 1815 864 in
1836 837 1883 864 illa

1060 879 1139 906 Feria
1162 878 1275 913 propria
1297 879 1472 905 haberentur.
1507 877 1537 905 Si
1554 885 1622 904 vero
1643 877 1671 904 in
1694 880 1754 904 tota
1771 876 1884 904 Hebdo-

1060 918 1142 945 mada
1165 925 1220 944 non
1239 921 1366 944 occurrat
1390 917 1448 944 dies
1472 917 1499 944 in
1518 924 1574 951 quo
1599 916 1648 943 fiat
1666 917 1701 944 de
1719 917 1814 950 Feria,
1836 915 1884 943 illa

1061 957 1248 991 Responsoria
1267 960 1406 991 ponantur
1428 957 1457 983 in
1475 956 1602 990 sequenti
1620 955 1818 989 Hebdomada,
1840 954 1884 983 vel

1061 996 1206 1023 Dominica
1224 996 1349 1023 simfliter
1366 1004 1422 1023 uon
1440 995 1580 1030 impedita,
1599 999 1626 1022 et
1640 995 1793 1022 dummodo
1807 994 1836 1021 in
1851 1002 1884 1021 ea

1060 1036 1113 1062 alia
1132 1035 1319 1069 Responsoria
1338 1043 1394 1062 non
1413 1035 1468 1062 sint
1486 1035 1575 1069 primo
1593 1034 1736 1070 ponenda:
1761 1034 1884 1068 alioquin

1061 1082 1093 1101 eo
1112 1082 1184 1101 anno
1203 1074 1372 1101 omittantur.
1404 1074 1594 1109 Responsoria
1612 1074 1695 1100 etiam
1713 1081 1777 1108 quae
1793 1073 1822 1100 in
1836 1072 1884 1100 ali—

1060 1114 1161 1148 quibus
1180 1114 1267 1140 Feriis
1285 1121 1335 1148 per
1352 1114 1564 1141 Hebdomadam
1583 1113 1728 1147 habentur,
1746 1113 1771 1140 si
1788 1119 1822 1140 eo
1839 1112 1885 1139 die

1032 1149 1035 1170 ²
1060 1160 1116 1186 quo
1135 1153 1226 1187 posita
1244 1157 1322 1187 sunt,
1345 1161 1401 1179 non
1419 1155 1536 1187 possunt
1560 1152 1614 1179 dici
1638 1155 1754 1187 propter
1771 1152 1884 1179 Festum

1061 1199 1216 1226 occurrens,
1234 1200 1289 1219 non
1307 1195 1372 1219 sunt
1386 1192 1579 1219 transferenda
1596 1192 1625 1218 in
1638 1192 1721 1218 aliam
1735 1191 1818 1225 diem,
1835 1190 1884 1218 sed

1061 1231 1233 1258 omittuntur.

1111 1271 1135 1297 8.
1156 1270 1293 1304 Tempore
1312 1270 1453 1304 Paschali,
1477 1270 1504 1297 in
1529 1270 1583 1297 fine
1601 1269 1796 1305 Responsorii,
1820 1271 1884 1296 ante

1061 1310 1188 1343 Versum,
1207 1310 1319 1336 additur
1338 1310 1458 1339 Alleluia.

1137 1377 1293 1409 XXVIII.
1315 1377 1364 1407 Dc
1393 1376 1626 1416 Responsoriis
1649 1375 1806 1408 brevibus

1384 1425 1558 1456 Horarum.

1068 1486 1103 1545 l]
1115 1481 1277 1514 esponsoria
1300 1480 1397 1507 brevia
1425 1479 1556 1507 dicuntur
1577 1483 1642 1514 post
1666 1480 1824 1515 Capitulum
1847 1481 1884 1508 ad

1083 1514 1106 1545 X
1133 1519 1269 1553 Primam,
1294 1519 1431 1553 Tertiam,
1455 1519 1582 1553 Sextum,
1605 1523 1634 1547 et
1651 1520 1775 1555 Nonam,
1798 1523 1827 1548 et
1847 1520 1885 1548 ad

1061 1558 1293 1593 completorium,
1316 1562 1503 1593 praeterquam
1525 1558 1555 1585 in
1578 1558 1672 1586 triduo
1693 1563 1758 1587 ante
1775 1559 1884 1587 Pascha

1061 1605 1150 1631 usque
1168 1597 1203 1624 ad
1223 1598 1330 1625 Nonam
1349 1597 1462 1625 Sabbati
1483 1598 1512 1624 in
1525 1597 1606 1624 Albis
1623 1598 1764 1632 inclusive,
1782 1598 1884 1633 quibus

1061 1637 1159 1663 diebus
1177 1644 1233 1663 non
1251 1637 1388 1664 dicuntur.
1419 1636 1465 1664 Ad
1483 1637 1607 1664 Primam
1625 1641 1653 1664 et
1665 1637 1884 1672 Completorium

1061 1683 1170 1710 semper
1188 1676 1318 1704 dicuntur
1335 1677 1432 1703 eodem
1451 1676 1548 1710 modo,
1569 1679 1601 1704 ut
1624 1677 1653 1704 in
1671 1677 1815 1704 Psalterio.
1851 1677 1884 1704 In

1062 1715 1121 1742 aliis
1140 1715 1237 1749 Horis,
1261 1716 1373 1750 quando
1396 1715 1428 1742 fit
1450 1715 1581 1743 Officium
1604 1716 1643 1749 110Α
1657 1715 1816 1750 Dominica,
1839 1717 1884 1744 vel

1062 1755 1140 1781 Feria
1159 1762 1208 1789 per
1226 1762 1337 1787 annum,
1355 1756 1486 1782 dicuntur
1503 1758 1534 1782 ut
1546 1756 1685 1783 habentur
1695 1755 1725 1782 in
1738 1755 1884 1783 Psalterio.

1062 1794 1094 1820 In
1109 1794 1239 1820 Adventu
1258 1798 1358 1828 autem,
1377 1795 1602 1828 Quadragesima,
1622 1795 1760 1830 Tempore
1774 1794 1884 1822 Passio·

1061 1833 1104 1859 nis
1122 1836 1149 1859 et
1168 1833 1306 1867 PaschaIi,
1329 1836 1359 1860 ut
1377 1834 1435 1860 suis
1452 1834 1522 1861 locis
1539 1834 1677 1862 habentur
1693 1834 1815 1869 propria.
1850 1833 1885 1861 In

1062 1872 1150 1900 Festis
1164 1872 1295 1906 similiter,
1310 1873 1423 1908 quando
1437 1881 1493 1900 non
1506 1874 1644 1901 habentur
1657 1873 1778 1909 propria,
1792 1873 1885 1901 dicun-

1061 1914 1106 1938 tur
1118 1915 1149 1939 ut
1161 1912 1189 1938 in
1203 1912 1350 1939 Communi
1362 1912 1535 1940 Sanctorum.

1114 1951 1137 1978 2.
1156 1952 1188 1978 In
1203 1951 1258 1978 fine
1272 1951 1452 1985 Responsorii
1465 1952 1559 1979 brevis
1573 1952 1675 1979 dieitur
1684 1952 1779 1978 Gloria
1798 1953 1880 1979 Patri.

1061 1999 1123 2018 011111
1137 1990 1300 2025 repetitione
1314 1990 1496 2025 Responsorii
1514 1999 1548 2018 eo
1566 1991 1651 2018 modo
1669 1998 1727 2026 quo
1740 1991 1885 2018 ordinatur

1062 2030 1097 2057 ad
1117 2030 1239 2057 Primam
1257 2029 1285 2055 in
1304 2029 1447 2063 Psalterio,
1465 2034 1651 2064 praeterquam
1666 2031 1805 2065 Tempore
1818 2030 1885 2057 Pas-

1062 2070 1160 2096 sionis:
1180 2072 1246 2095 tunc
1265 2068 1337 2095 enim
1351 2075 1407 2095 non
1421 2069 1522 2096 dicitur
1534 2070 1627 2095 Gloria
1647 2071 1719 2095 Patri
1740 2070 1768 2096 in
1783 2069 1884 2097 Officio

1062 2109 1096 2136 de
1106 2109 1252 2142 Tempore,
1265 2107 1313 2134 sed
1324 2107 1413 2134 solum
1422 2108 1558 2142 repetitur
1566 2109 1786 2143 Responsorium
1800 2109 1884 2136 breve

1062 2155 1078 2174 a
1090 2147 1235 2182 principio.

1113 2187 1138 2214 3.
1158 2186 1190 2213 In
1202 2185 1391 2220 Responsorio
1405 2186 1484 2212 brevi
1497 2187 1533 2213 ad
1547 2187 1678 2221 Primam,
1692 2187 1753 2214 1000
1767 2187 1884 2214 Versus:

1061 2225 1112 2253 Qui
1131 2224 1210 2250 sede>
1229 2229 1287 2250 etc..
1309 2225 1338 2251 in
1351 2225 1483 2252 Adventu
1502 2226 1614 2254 dicitur:
1631 2226 1682 2256 Oui
1705 2226 1835 2251 venturus
1852 2234 1880 2251 es

1062 2263 1085 2287 in
1108 2263 1253 2289 mundum.
1278 2267 1334 2291 tam
1359 2264 1386 2290 in
1405 2264 1559 2292 Dominicis
1577 2270 1604 2292 et
1622 2266 1723 2299 Feriis,
1746 2272 1831 2300 quam
1855 2265 1883 2292 in

1062 2302 1158 2335 Festis,
1172 2306 1287 2336 excepto
1298 2303 1379 2329 Festo
1390 2303 1577 2331 immaculatae
1587 2305 1781 2339 Conceptionis
1795 2305 1884 2331 beatae

1061 2342 1156 2368 Mariae
1174 2345 1200 2368 et
1218 2349 1269 2376 per
1282 2342 1423 2369 Octavam.
1458 2343 1491 2369 In
1505 2343 1656 2371 Nativitate
1669 2344 1781 2371 DomIni
1795 2350 1884 2378 usque

1061 2380 1097 2406 ad
1120 2380 1316 2414 Epiphaniam,
1340 2381 1420 2408 etiam
1446 2382 1473 2408 in
1496 2382 1585 2410 Festis
1608 2382 1831 2416 occurrentibus:
1854 2382 1884 2409 in

1062 2419 1143 2445 Festo
1162 2419 1293 2453 Corporis
1311 2419 1426 2454 Christi,
1444 2424 1471 2447 et
1488 2429 1539 2456 per
1557 2422 1699 2455 Octavam,
1717 2425 1744 2448 ct
1761 2421 1791 2448 in
1808 2421 1884 2448 omni

1062 2458 1162 2485 Officio
1176 2458 1265 2484 beatae
1279 2458 1382 2491 Mariae,
1397 2462 1453 2486 tam
1466 2467 1567 2487 novem
1581 2468 1665 2494 quam
1679 2461 1763 2487 trium
1777 2460 1884 2487 Lectio-

1062 2504 1141 2529 num,
1164 2497 1272 2523 etiamsi
1296 2497 1369 2523 infra
1391 2498 1511 2530 ejusdem
1531 2499 1650 2526 Octavas
1674 2499 1723 2526 fiat
1747 2499 1783 2526 de
1800 2499 1883 2526 Festo

1062 2535 1105 2561 vel
1123 2535 1158 2562 de
1177 2536 1337 2569 Dominica,
1361 2536 1474 2563 dicitur:
1496 2539 1546 2567 oui
1575 2544 1654 2563 natus
1679 2547 1707 2563 es
1735 2538 1767 2563 de
1795 2537 1879 2563 Maria

1065 2577 1170 2601 xiv-im>
1215 2575 1247 2601 In
1262 2575 1424 2609 Epiphania,
1444 2579 1471 2602 et
1488 2584 1539 2610 per
1552 2577 1694 2611 Octavam,
1713 2580 1740 2604 et
1757 2577 1786 2603 in
1800 2577 1883 2604 Festo

1062 2613 1334 2647 Transfigurationis,
1353 2613 1465 2641 dicitur:
1487 2620 1538 2647 1,)111
1559 2618 1708 2649 appaffiiisti
1731 2617 1818 2642 lvidie.
1856 2615 1882 2642 A

1062 2652 1208 2679 Dominica
1226 2652 1254 2678 in
1268 2652 1348 2679 Albis
1366 2653 1507 2687 inclusive,
1527 2661 1615 2688 usque
1633 2655 1670 2682 ad
1683 2654 1883 2682 Ascenm'onem

1061 2691 1207 2723 exclusive,
1226 2695 1282 2718 tam
1300 2691 1328 2718 in
1343 2691 1442 2718 Officio
1457 2692 1492 2718 de
1505 2692 1651 2727 Tempore,
1669 2701 1754 2728 0118111
1767 2693 1803 2721 de
1815 2691 1883 2721 San-

1031 2718 1035 2758 }
1061 2729 1112 2757 ctis
1131 2732 1256 2765 (excepto
1275 2730 1375 2758 Officio
1397 2731 1486 2758 beatae
1505 2731 1611 2764 Mariae)
1635 2739 1746 2767 semper
1768 2732 1884 2760 dicitur:
