2040 2990
680 199 789 233 Fcria
818 200 985 234 secunda

201 292 288 334 Pro
307 292 389 334 hac
413 292 557 334 orabit
575 293 632 334 ad
649 298 694 334 te
718 294 858 334 omnis
882 307 975 335 san-

150 353 255 398 ctus,
274 349 299 374 *
317 349 361 389 in
379 351 579 403 tempore
600 353 864 403 opportuno.

200 413 515 456 Verumtamen
530 415 573 455 in
585 414 749 456 diluvio
765 417 977 468 aquarum

148 469 396 521 multarum,
416 472 439 496 *
459 471 515 512 ad
539 484 638 513 eum
662 484 750 513 non
774 472 975 524 approxi-

148 526 339 568 mabunt.

200 587 269 629 Tu
297 600 344 629 es
371 587 585 639 refugium
617 602 763 630 meum
792 603 817 630 a
843 589 975 632 tribu-

147 643 320 694 latione,
341 657 439 697 quae
459 644 747 687 circumdedit
765 659 851 688 me:
866 647 889 671 *
906 659 975 688 ex-

148 700 325 742 sultatio
342 713 439 743 mea
455 703 558 743 erue
577 715 646 743 me
666 715 691 743 a
707 702 975 745 circumdan-

147 756 263 798 tibus
281 770 362 799 me.

199 817 474 860 Intellectum
497 818 576 861 tibi
597 819 728 869 dabo,
755 826 798 862 et
820 822 974 862 instru-

147 886 218 914 am
242 879 286 916 te
312 875 355 915 in
379 875 448 916 via
473 875 569 926 hac,
598 889 682 928 qua
705 876 932 927 gradieris:
951 878 975 903 *

147 930 332 972 firmabo
353 944 485 984 super
503 937 547 974 te
568 932 719 974 oculos
739 946 872 975 meos.

197 991 346 1034 Nolite
365 992 460 1034 fieri
479 993 591 1035 sicut
611 1007 748 1046 equus
764 1000 807 1036 et
822 994 974 1045 mulus,

146 1048 170 1073 *
191 1048 347 1101 quibus
366 1062 454 1091 non
474 1055 540 1092 est
558 1050 814 1093 intellectus.

197 1110 248 1150 In
281 1123 406 1152 camo
439 1116 483 1153 et
510 1111 648 1153 fraeno
676 1111 874 1154 maxillas
904 1115 973 1154 eo-

146 1178 242 1208 rum
268 1169 535 1219 constringe,
558 1169 582 1194 *
608 1168 680 1221 qui
705 1181 792 1211 non
817 1172 973 1223 appro-

144 1222 310 1265 ximant
329 1223 385 1265 ad
404 1229 459 1265 te.

155 1284 335 1326 Multa
360 1285 532 1336 flagella
551 1287 807 1339 peccatoris,
831 1287 854 1313 *
878 1301 972 1340 spe-

145 1342 316 1382 rantem
347 1346 493 1383 autem
520 1342 564 1383 in
590 1343 782 1385 Domino
810 1344 972 1385 miseri-

145 1396 295 1438 cordia
314 1397 611 1441 circumdabit.

196 1457 427 1499 Laetamini
458 1459 502 1499 in
533 1459 724 1502 Domino
758 1466 801 1502 et
834 1461 972 1502 exsul-

145 1515 236 1556 tate
268 1514 385 1566 justi,
413 1515 437 1540 *
465 1519 509 1557 et
540 1515 786 1567 gloriamini
821 1530 972 1559 omnes

145 1570 254 1612 recti
282 1570 428 1613 corde.

197 1634 296 1675 Ant.
338 1635 388 1677 In
424 1642 499 1679 tua
535 1637 696 1689 justitia
728 1638 867 1681 libera
902 1653 972 1682 me

144 1691 343 1734 Domine.

197 1756 295 1797 Ant.
325 1757 489 1800 Rectos
509 1758 647 1801 decet.

420 1838 615 1879 Psalmus
636 1839 698 1878 32.

143 1895 421 2004 Exsultate
462 1911 561 1963 justi
609 1911 653 1952 in
698 1911 907 1954 Domino:
947 1914 971 1938 *

247 1972 393 2009 rectos
422 1967 550 2009 decet
578 1967 854 2010 collaudatio.

198 2027 474 2070 Confitemini
500 2028 690 2071 Domino
718 2029 762 2070 in
789 2029 971 2071 cithara:

143 2083 167 2109 *
194 2084 237 2125 in
273 2084 482 2137 psalterio
518 2084 672 2127 decem
706 2085 971 2128 chordarum

144 2140 318 2192 psallite
345 2141 418 2182 illi.

197 2201 379 2244 Cantate
417 2202 455 2244 ei
491 2202 706 2245 canticum
742 2216 919 2245 novum:
946 2203 969 2229 *

143 2256 255 2300 bene
273 2258 447 2311 psallite
467 2259 507 2301 ei
524 2259 568 2300 in
587 2260 909 2302 vociferatione.

197 2323 306 2373 Quia
322 2329 490 2366 rectum
506 2330 572 2367 est
586 2325 768 2367 verbum
783 2325 968 2375 Domini,

143 2379 167 2405 *
187 2384 231 2421 et
251 2381 395 2422 omnia
414 2383 550 2433 opera
570 2382 660 2433 ejus
679 2382 723 2423 in
742 2381 841 2423 fide.

194 2440 347 2492 Diligit
390 2442 734 2484 misericordiam
780 2447 824 2484 et
864 2441 968 2494 judi-

145 2495 276 2538 cium:
294 2498 317 2522 *
335 2498 634 2540 misericordia
648 2499 824 2540 Domini
839 2498 968 2551 plena

146 2556 212 2593 est
230 2557 357 2595 terra.

195 2612 347 2656 Verbo
366 2615 542 2656 Domini
562 2616 662 2658 coeli
679 2617 839 2658 firmati
854 2621 967 2657 sunt:

144 2668 167 2694 *
196 2673 240 2710 et
266 2671 420 2722 spiritu
449 2673 537 2713 oris
561 2673 650 2724 ejus
673 2673 812 2714 omnis
831 2673 987 2714 virtus.

145 2725 308 2766 eorum.

298 2865 362 2890 Pars
373 2865 506 2890 Hiemalis.

1013 200 1061 234 ad
1088 201 1323 236 Matutinum.
1812 204 1856 239 45

1083 295 1363 346 Congregans
1391 297 1502 338 sicut
1527 298 1570 338 in
1598 303 1695 340 utre
1718 312 1854 351 aquas

1028 352 1179 392 maris:
1198 352 1221 377 *
1240 365 1408 404 ponens
1432 353 1476 394 in
1495 354 1710 396 thesauris
1731 356 1854 408 abys-

1029 421 1113 449 sos.

1081 469 1253 511 Timeat
1267 470 1502 512 Dominum
1520 472 1658 512 omnis
1677 477 1812 514 terra:
1830 474 1854 499 *

1029 525 1083 567 ab
1101 539 1153 567 eo
1170 531 1316 568 autem
1331 530 1688 570 commoveantur
1703 542 1853 571 omnes

1028 582 1319 625 inhabitantes
1341 583 1503 626 orbem.

1081 644 1296 693 Quoniam
1310 645 1405 697 ipse
1421 645 1539 695 dixit,
1556 650 1599 686 et
1610 645 1723 687 facta
1740 652 1853 689 sunt:

1028 700 1051 725 *
1070 699 1164 752 ipse
1183 700 1417 751 mandavit,
1437 707 1481 742 et
1500 704 1647 743 creata
1667 708 1776 744 sunt.

1080 761 1293 803 Dominus
1322 761 1507 815 dissipat
1536 763 1715 804 consilia
1744 764 1853 805 Gen-

1027 817 1150 858 tium:
1160 819 1183 843 *
1194 818 1404 871 reprobat
1414 824 1558 860 autem
1568 820 1854 870 cogitationes

1027 874 1310 927 populorum,
1352 881 1396 917 et
1431 876 1640 928 reprobat
1677 878 1854 919 consilia

1027 932 1283 984 principum.

1081 993 1318 1034 Consilium
1330 998 1474 1035 autem
1485 994 1661 1035 Domini
1675 995 1717 1035 in
1732 997 1853 1037 aeter-

1027 1062 1130 1090 num
1156 1055 1321 1091 manet:
1349 1051 1372 1075 *
1402 1051 1688 1101 cogitationes
1709 1051 1853 1093 cordis

1028 1106 1117 1157 ejus
1145 1106 1188 1146 in
1220 1107 1500 1157 generatione
1535 1112 1579 1149 et
1614 1109 1853 1158 generatio-

1026 1175 1135 1203 nem.

1078 1224 1215 1265 Beata
1243 1237 1365 1275 gens,
1395 1225 1513 1276 cujus
1539 1230 1605 1266 cst
1629 1225 1852 1277 Dominus,

1026 1280 1146 1322 Deus
1167 1281 1275 1333 ejus:
1300 1282 1323 1306 *
1347 1280 1548 1333 populus,
1574 1294 1703 1334 quem
1724 1282 1853 1333 elegit

1026 1337 1069 1377 in
1089 1337 1391 1378 haereditatem
1411 1337 1503 1378 sibi.

1077 1398 1145 1439 De
1165 1398 1279 1439 coelo
1298 1398 1491 1450 respexit
1508 1398 1739 1440 Dominus:
1754 1400 1777 1425 *
1793 1400 1851 1441 vi-

1027 1453 1090 1495 dit
1109 1467 1260 1496 omnes
1278 1454 1392 1495 filios
1412 1454 1645 1496 hominum.

1077 1515 1145 1557 De
1172 1518 1422 1568 praeparato
1450 1515 1698 1558 habitaculo
1724 1529 1803 1558 suo
1828 1518 1851 1543 *

1025 1573 1218 1625 respexit
1234 1585 1364 1625 super
1385 1585 1546 1622 omnes,
1567 1573 1640 1625 qui
1656 1572 1852 1615 habitant

1025 1633 1197 1670 terram.

1078 1690 1161 1740 Qui
1172 1690 1296 1731 finxit
1307 1689 1526 1740 sigillatim
1538 1689 1672 1731 corda
1685 1692 1849 1731 eorum:

1025 1746 1048 1771 *
1070 1747 1142 1799 qui
1161 1746 1362 1797 intelligit
1378 1746 1522 1787 omnia
1538 1748 1672 1799 opera
1688 1748 1848 1787 eorum.

1076 1807 1178 1848 Non
1216 1806 1408 1848 salvatur
1445 1819 1522 1848 rex
1558 1819 1638 1859 per
1670 1806 1849 1848 multam

1024 1863 1248 1905 virtutem:
1267 1863 1290 1889 *
1310 1868 1354 1904 et
1370 1863 1491 1914 gigas
1508 1875 1595 1904 non
1610 1862 1848 1905 salvabitur

1023 1920 1067 1960 in
1085 1919 1360 1961 multitudine
1380 1919 1551 1961 virtutis
1571 1932 1672 1960 suae.

1076 1980 1226 2022 Fallax
1259 1993 1396 2033 equus
1427 1979 1484 2022 ad
1517 1980 1719 2022 saltitem:
1751 1980 1774 2005 *
1805 1979 1847 2020 in

1023 2036 1289 2078 abundantia
1304 2042 1449 2079 autern
1463 2037 1635 2078 virtutis
1655 2049 1745 2078 suae
1759 2049 1847 2077 non

1023 2092 1272 2135 salvabitur.

1073 2154 1189 2195 Ecce
1205 2154 1319 2195 oculi
1328 2154 1505 2196 Domini
1516 2166 1646 2207 super
1655 2155 1845 2195 metuen-

1022 2215 1088 2251 tes
1117 2223 1233 2252 eum:
1266 2211 1288 2236 *
1318 2215 1362 2252 et
1388 2211 1432 2252 in
1457 2211 1534 2260 eis,
1570 2210 1642 2263 qui
1669 2215 1846 2262 sperant

1022 2279 1154 2319 super
1172 2266 1472 2308 misericordia
1492 2267 1600 2318 ejus:

1073 2327 1132 2369 Ut
1152 2329 1275 2369 eruat
1293 2340 1319 2368 a
1333 2332 1474 2369 morte
1494 2327 1659 2368 animas
1679 2328 1845 2368 eorum:

1021 2383 1045 2408 *
1065 2388 1108 2425 et
1127 2383 1215 2425 alat
1235 2396 1310 2425 eos
1329 2384 1371 2424 in
1391 2384 1515 2425 fame.

1073 2444 1232 2485 Anima
1278 2449 1427 2485 nostra
1473 2443 1657 2485 sustinet
1697 2443 1843 2485 Domi-

1020 2513 1139 2542 num:
1166 2501 1189 2526 *
1219 2501 1422 2553 quoniam
1459 2500 1631 2551 adjutor
1667 2505 1711 2541 et
1746 2512 1842 2552 pro-

1020 2558 1161 2598 tector
1179 2562 1328 2598 noster
1347 2562 1423 2598 est.

1073 2618 1182 2668 Quia
1192 2618 1235 2658 in
1247 2630 1299 2659 eo
1311 2616 1529 2658 laetabitur
1545 2629 1621 2657 cor
1632 2620 1841 2657 nostrum:

1019 2673 1043 2699 *
1063 2679 1107 2715 et
1134 2674 1177 2714 in
1204 2674 1378 2715 nomine
1405 2678 1558 2714 sancto
1584 2673 1672 2724 ejus
1697 2673 1840 2723 spera-

1020 2742 1172 2771 vimus.

1590 2853 1635 2887 4*
