2040 2990
587 209 683 242 Infra
714 208 1004 242 [It—bdomndam
1032 207 1082 239 iii.
1110 212 1196 249 post
1223 205 1489 249 Epiphaniam.

192 306 400 347 unitatem
418 305 605 358 Spiritus
624 306 668 346 in
688 301 863 347 vinculo
882 305 1015 358 pacis.

191 362 335 404 Unum
371 374 552 415 corpus,
591 367 634 404 et
670 375 781 404 unus
817 361 1015 415 Spiritus,

192 418 303 460 sicut
335 417 481 460 vocati
514 419 618 460 estis
650 419 693 460 in
719 431 806 460 una
836 431 915 471 spe
942 431 1015 460 vo-

191 475 374 516 cationis
410 480 579 517 vestrae.
632 476 754 518 Unus
787 475 1014 523 Dominus,

190 543 275 572 una
302 531 434 582 fides,
460 546 594 574 unum
620 532 849 585 baptisma.
894 532 1015 573 Unus

190 587 310 629 Deus
347 594 391 630 et
422 589 553 631 Pater
590 589 800 639 omnium,
839 588 913 640 qui
950 592 1017 629 est

190 656 322 697 super
348 657 516 695 omnes,
545 650 588 687 et
611 659 691 699 per
714 645 876 694 omnia,
905 649 949 686 et
972 645 1015 684 in

190 700 390 743 omnibus
411 702 549 744 nobis.

240 765 289 816 Rg.
317 762 438 804 Deus
458 764 502 804 in
520 768 575 805 te.
602 764 689 804 291.

500 835 649 874 Lectio
673 835 710 873 ii.

187 891 481 998 Unicuique
509 899 654 936 autem
685 899 885 936 nostrum
914 893 1016 935 data

302 957 368 994 est
398 952 540 1003 gratia
573 951 814 993 secundum
845 954 1014 992 mensu-

190 1022 282 1050 ram
319 1009 567 1051 donationis
604 1008 774 1050 Christi.

191 1065 310 1118 quod
347 1065 471 1107 dicit:
507 1064 764 1107 Ascendens
801 1065 844 1106 in
881 1064 1016 1106 altum

189 1124 406 1176 captivam
435 1122 558 1164 duxit
591 1122 910 1175 captivitatem:
944 1121 1015 1163 de-

190 1179 253 1221 dit
278 1179 394 1221 dona
417 1179 677 1221 hominibus.
717 1178 847 1229 Quod
870 1183 1015 1221 autem

190 1236 401 1286 ascendit,
426 1236 531 1289 quid
551 1241 633 1286 est,
657 1236 740 1277 nisi
761 1236 862 1288 quia
882 1240 925 1277 et
944 1235 1014 1277 de-

190 1293 359 1335 scendit
383 1294 571 1346 primum
595 1293 637 1334 in
666 1293 893 1335 inferiores
919 1306 1015 1345 par-

152 1353 154 1355 ’
189 1355 257 1392 tes
275 1349 428 1392 terrae?
468 1350 551 1401 Qui
572 1349 810 1399 descendit,
835 1350 929 1402 ipse
949 1354 1016 1391 est

190 1412 233 1449 et
262 1408 336 1460 qui
364 1407 560 1449 ascendit
591 1420 723 1460 super
751 1419 902 1448 omnes
930 1419 1015 1448 coe-

189 1463 266 1513 los,
288 1468 337 1505 ut
354 1463 556 1516 impleret
575 1464 731 1506 omnia.

240 1527 290 1577 lx’g.
318 1525 570 1578 Repleatur.
597 1527 684 1567 291.

488 1596 639 1637 Lectio
661 1597 714 1636 iii.

268 1660 286 1697 t
317 1656 412 1709 ipse
441 1655 563 1698 dedit
597 1656 811 1710 quosdam
840 1656 1017 1709 quidem

292 1713 535 1765 Apostolos
555 1746 564 1764 ,
611 1713 826 1766 quosdam
871 1719 1017 1756 autem

190 1769 453 1822 Prophetas,
496 1770 606 1812 alios
647 1783 753 1812 vero
790 1770 1015 1822 Evangeli-

191 1830 299 1876 stas,
328 1825 437 1868 alios
467 1831 612 1868 autem
639 1828 841 1880 pastores
870 1832 914 1869 et
942 1826 1016 1869 do-

191 1885 354 1932 ctoreS,
390 1883 446 1925 ad
474 1884 894 1926 consummationem
922 1897 1015 1926 san-

191 1941 364 1980 ctorum
382 1940 426 1980 in
450 1953 561 1993 opus
584 1940 827 1990 ministerii,
850 1941 894 1982 in
916 1940 1017 1983 aedi-

191 1994 439 2038 ficationem
459 1997 658 2050 corporis
679 1996 854 2039 Christi:
875 1997 1017 2039 donec

192 2054 473 2094 occurramus
497 2066 647 2095 omnes
671 2054 714 2095 in
738 2054 947 2096 unitatem
970 2054 1016 2095 fi-

827 1008 1015 1060 Propter

192 2107 275 2158 dei,
292 2113 336 2150 et
350 2109 582 2160 agnitionis
597 2110 694 2151 Filii
708 2110 803 2160 Dei,
818 2111 861 2151 in
876 2111 1018 2152 virum

191 2164 456 2217 perfectum,
502 2166 545 2206 in
584 2170 834 2208 mensuram
875 2169 1017 2209 aetatis

192 2220 477 2274 plenitudinis
510 2222 691 2264 Christi:
726 2229 775 2265 ut
811 2224 895 2275 jam
930 2238 1017 2266 non

192 2277 326 2319 simus
356 2278 526 2330 parvuli
555 2278 834 2330 fluctuantes,
868 2286 911 2323 et
940 2281 1016 2323 cir-

193 2334 484 2375 cumferamur
508 2336 626 2376 omni
649 2341 779 2377 vento
804 2336 1017 2378 doctrinae

192 2390 236 2430 in
254 2391 448 2443 nequitia
467 2390 700 2441 hominum,
719 2392 763 2433 in
783 2394 943 2435 astutia
961 2393 1018 2435 ad

193 2447 609 2489 circumventionem
638 2449 808 2489 erroris.
849 2450 1017 2492 Verita-

193 2507 282 2544 tem
318 2508 465 2545 autem
502 2504 709 2546 facientes
746 2505 789 2545 in
826 2507 1018 2557 caritate,

194 2561 442 2601 crescamus
471 2560 514 2600 in
543 2560 617 2602 illo
647 2574 726 2613 per
755 2562 917 2611 omnia,
945 2563 1019 2614 qui

195 2620 262 2657 est
281 2621 413 2668 caput
434 2616 641 2658 Christus.

245 2682 292 2732 R.
324 2677 598 2719 Gaudebunt.
625 2678 712 2719 291.

1295 306 1329 342 F
1342 317 1365 343 e
1377 307 1420 343 1-1
1433 317 1458 343 a
1488 306 1516 343 S
1530 317 1552 343 e
1565 318 1591 343 x
1601 310 1618 343 t
1629 317 1665 343 a.

1167 379 1232 418 De
1259 376 1458 429 Epistola
1485 375 1541 418 ad
1568 375 1796 430 Ephesios.

1199 454 1348 496 Lectio
1379 455 1402 495 i.
1604 455 1705 508 Cap.
1725 456 1762 496 5.

1079 528 1145 611 l?
1158 522 1272 562 stote
1291 533 1396 573 ergo
1411 521 1654 562 imitatores
1668 520 1762 571 Dei,
1781 521 1893 563 sicut

1098 577 1146 611 L·
1174 577 1253 618 filii
1277 578 1504 619 carissimi:
1533 582 1576 619 et
1603 577 1825 619 ambulate
1849 577 1893 618 in

1069 633 1312 684 dilectione,
1333 634 1444 676 sicut
1463 639 1506 676 et
1525 634 1722 676 Christus
1741 633 1894 676 dilexit

1068 703 1169 741 nos,
1204 695 1247 732 et
1279 690 1461 732 tradidit
1494 692 1779 743 semetipsum
1809 703 1892 743 pro

1068 746 1194 789 nobis
1217 746 1500 797 oblationem,
1525 752 1568 789 et
1588 747 1777 789 hostiam
1794 747 1892 788 Deo

1067 803 1111 844 111
1141 803 1324 846 odorem
1357 804 1594 846 suavitatis.
1639 803 1892 845 Fornicatio

1067 865 1232 910 autem,
1261 866 1304 903 et
1331 861 1472 903 omnis
1499 860 1792 910 immunditia,
1819 864 1893 902 aut

1068 917 1249 958 avaritia
1284 930 1365 959 nec
1400 917 1648 959 nominetur
1679 917 1723 958 in
1754 916 1893 966 vobis,

1068 973 1180 1016 sicut
1198 973 1326 1016 decet
1345 978 1537 1016 sanctos:
1562 978 1637 1015 aut
1655 972 1892 1026 turpitudo,

1067 1035 1142 1072 aut
1170 1030 1508 1084 stultiloquium,
1541 1034 1616 1072 aut
1643 1029 1893 1079 scurrilitas,

1070 1100 1167 1139 quae
1187 1087 1243 1129 ad
1261 1100 1354 1129 rem
1372 1100 1461 1129 non
1479 1087 1684 1140 pertinet:
1709 1085 1788 1128 sed
1806 1098 1892 1127 ma-

1067 1144 1134 1194 gis
1152 1144 1388 1196 gratiarum
1407 1144 1535 1185 actio.

1123 1214 1171 1265 R.
1199 1208 1452 1251 Confitebor
1471 1208 1561 1251 tibi.
1588 1209 1674 1250 291.

1372 1286 1523 1328 Lectio
1545 1287 1582 1328 ii.

1068 1346 1217 1451 Hoc
1249 1349 1363 1390 enim
1398 1348 1554 1391 scitote
1587 1349 1894 1401 intelligentes:

1190 1404 1310 1457 quod
1347 1406 1486 1447 omnis
1522 1406 1780 1458 fornicator,
1819 1411 1895 1448 aut

1067 1461 1336 1512 immundus,
1368 1467 1443 1504 aut
1471 1464 1649 1512 avarus,
1681 1463 1800 1516 quod
1828 1467 1895 1505 est

1068 1517 1288 1560 idolorum
1311 1520 1515 1569 servitus,
1542 1531 1630 1561 non
1653 1519 1785 1562 habet
1807 1520 1893 1562 hae-

1067 1574 1301 1616 reditatem
1319 1576 1363 1616 in
1382 1588 1518 1627 regno
1540 1575 1714 1627 Christi,
1739 1581 1782 1619 et
1799 1576 1895 1618 Dei.

1067 1631 1210 1673 Nemo
1243 1644 1324 1673 vos
1356 1632 1539 1674 seducat
1571 1632 1770 1675 inanibus
1801 1645 1894 1675 ver·

1067 1687 1154 1730 bis:
1190 1694 1373 1742 propter
1404 1688 1501 1730 haec
1536 1689 1650 1731 enim
1679 1689 1800 1731 venit
1830 1690 1895 1731 ira

1067 1745 1152 1786 Dei
1170 1745 1213 1786 in
1232 1745 1347 1787 filios
1368 1745 1634 1788 diffidentiae.
1661 1745 1812 1788 Nolite
1831 1759 1894 1788 er-

1068 1814 1124 1853 go
1149 1801 1263 1843 effici
1287 1802 1525 1855 participes
1550 1804 1713 1844 eorum.
1749 1802 1894 1845 Eratis

1070 1858 1184 1899 enim
1203 1858 1438 1910 aliquando
1459 1858 1669 1901 tenebrae:
1689 1872 1805 1901 nunc
1823 1872 1894 1902 au-

1069 1919 1159 1956 tem
1184 1914 1261 1956 lux
1289 1915 1333 1956 in
1357 1916 1560 1958 Domino.
1601 1915 1659 1958 Ut
1683 1915 1763 1957 filii
1785 1915 1894 1958 lucis

1069 1971 1300 2014 ambulate.

1121 2042 1170 2094 R.
1198 2037 1501 2080 Misericordia
1519 2042 1605 2079 tua.
1632 2038 1725 2079 292.

1366 2115 1517 2156 Lectio
1538 2115 1593 2155 iii.

1148 2185 1298 2222 ructus
1326 2180 1441 2222 enim
1467 2180 1576 2222 lucis
1605 2186 1671 2223 est
1701 2181 1745 2222 111
1777 2181 1895 2223 0111111
1917 2219 1922 2221 Δ

1163 2237 1377 2287 bonitate,
1406 2242 1450 2279 et
1469 2237 1648 2289 justitia,
1674 2243 1717 2279 et
1738 2238 1894 2279 verita-

1069 2299 1132 2335 te:
1163 2292 1401 2346 probantes
1432 2293 1537 2346 quid
1567 2294 1623 2334 sit
1650 2293 1895 2346 beneplaci-

1069 2355 1162 2392 tum
1188 2350 1304 2391 Deo:
1337 2354 1380 2391 et
1410 2350 1546 2391 nolite
1575 2351 1895 2392 communicare

1071 2406 1277 2460 operibus
1302 2406 1581 2448 infructuosis
1605 2406 1895 2458 tenebrarum,

1073 2463 1211 2515 magis
1223 2468 1369 2505 autem
1381 2462 1641 2514 redarguite.
1660 2464 1768 2514 Quae
1781 2464 1896 2505 enim

1072 2521 1114 2561 in
1139 2519 1311 2561 occulto
1332 2520 1440 2561 fiunt
1461 2519 1516 2561 ab
1536 2520 1656 2572 ipsis,
1682 2525 1810 2573 turpe
1829 2526 1896 2562 est

1072 2581 1115 2618 et
1139 2576 1296 2618 dicere.
1337 2576 1493 2617 Omnia
1518 2582 1680 2626 autem,
1708 2589 1806 2629 quae
1831 2590 1895 2618 ar-

1071 2636 1277 2684 guuntur,
1305 2645 1330 2674 a
1356 2632 1519 2674 lumine
1547 2633 1895 2675 manifestantur:

1072 2702 1199 2731 omne
1219 2689 1344 2739 enim,
1365 2688 1484 2741 quod
1502 2690 1814 2739 manifestatur,
1833 2689 1895 2730 lu-

1071 2758 1171 2788 men
1186 2751 1262 2788 est.
1282 2746 1468 2798 Propter
1485 2746 1604 2798 quod
1619 2745 1739 2788 dicit:
1756 2746 1894 2796 Surge

2010 1514 2018 1523 ο

2027 1580 2040 1689 '——
2035 1510 2040 1566 —...
2035 1428 2040 1492 —..-
2035 1325 2040 1387 --
