2080 2990
646 216 855 250 Commune
883 215 1129 250 (Jtonfessoris
1157 215 1363 249 pontificis.

211 314 257 355 Si
281 312 447 355 dedero
475 325 675 354 somnum
706 311 844 353 oculis
868 311 988 361 meis,

159 371 183 397 *
220 374 264 412 et
298 369 523 422 palpebris
566 369 676 410 meis
719 368 987 410 dormitatio-

161 439 280 468 nem:

210 483 267 524 Et
310 484 507 536 requiem
547 480 821 534 temporibus
862 481 988 522 meis:

160 538 301 581 donee
326 540 544 581 inveniam
566 539 713 580 locum
737 537 940 586 Domino,
964 538 987 562 *

159 595 489 638 tabernaculum
507 596 604 637 Deo
624 593 774 635 Jacob.

211 652 327 694 Ecce
346 652 592 694 audivimus
608 664 706 693 eam
718 651 763 691 in
777 650 988 703 Ephrata:

159 709 183 735 *
202 709 446 750 invenimus
465 721 562 750 eam
580 708 624 748 in
642 707 809 760 campis
829 706 962 748 silvae.

211 765 494 807 Introibimus
553 765 598 805 in
657 763 988 805 tabernaculum

160 822 266 873 ejus:
298 822 322 847 *
357 821 639 863 adorabimus
677 820 721 861 in
756 819 873 869 loco,
912 819 988 861 ubi

160 879 374 919 steterunt
391 877 529 930 pedes
549 877 650 929 ejus.

210 934 349 985 Surge
367 934 556 986 Domine
575 934 620 974 in
641 933 839 985 requiem
858 937 987 982 tuam,

159 990 182 1015 *
198 994 248 1031 tu
267 994 310 1032 et
329 1003 431 1031 arca
447 989 804 1031 sanctificationis
823 994 922 1030 tuae.

210 1046 472 1088 Sacerdotes
508 1046 572 1087 tui
607 1045 841 1087 induantur
871 1046 987 1097 justi-

159 1103 280 1144 tiam:
299 1104 323 1128 *
343 1107 387 1145 et
404 1103 544 1144 sancti
562 1103 626 1143 tui
645 1102 876 1144 exsultent.

210 1159 399 1212 Propter
427 1158 572 1200 David
602 1171 777 1200 servum
799 1163 939 1208 tuum,
964 1158 987 1183 *

158 1228 247 1257 non
266 1218 439 1257 avertas
458 1216 615 1257 faciem
630 1214 792 1256 Christi
811 1215 884 1256 tui.

209 1272 378 1314 ‚Iuravit
410 1272 627 1313 Dominus
652 1270 798 1312 David
832 1271 988 1324 verita-

158 1332 261 1380 tem,
289 1333 333 1370 et
355 1341 443 1370 non
463 1328 740 1370 frustrabitur
759 1340 870 1369 eam:
889 1328 912 1353 *
933 1327 988 1369 de

160 1385 303 1426 fructu
322 1385 486 1427 ventris
505 1385 569 1426 tui
588 1397 751 1437 ponam
772 1397 904 1436 super
924 1396 987 1425 se-

160 1440 262 1482 dem
279 1445 410 1482 tuam.

211 1498 256 1539 Si
274 1497 561 1539 custodierint
579 1497 657 1537 filii
675 1497 738 1538 tui
756 1498 988 1538 testamen—

160 1558 253 1595 tum
283 1566 446 1604 meum,
477 1554 501 1580 *
534 1557 577 1595 et
609 1553 860 1594 testimonia
890 1566 989 1594 mea

160 1609 267 1659 haec,
288 1623 387 1663 quae
406 1609 578 1652 docebo
599 1622 691 1651 eos:

211 1666 268 1708 Et
286 1667 366 1708 filii
384 1669 538 1708 eorum
555 1678 695 1718 usque
709 1666 753 1706 in
769 1666 989 1716 saeculum,

161 1723 184 1748 *
204 1722 420 1765 sedebunt
441 1735 574 1775 super
592 1722 743 1764 sedem
761 1727 892 1764 tuam.
924 1732 926 1734 ·

213 1779 430 1830 Quoniam
450 1779 580 1830 elegit
598 1779 814 1820 Dominus
833 1779 950 1821 Sion:
965 1780 988 1805 *

162 1835 292 1887 elegit
309 1848 405 1878 eam
423 1836 467 1876 in
486 1835 802 1877 habitationem
823 1836 915 1877 sibi.

212 1892 324 1934 Haec
359 1892 533 1944 requies
568 1904 668 1933 mea
703 1892 747 1932 in
780 1892 990 1933 saeculum

162 1948 332 1990 saeculi:
366 1949 390 1974 *
429 1948 500 1989 hic
536 1947 744 1990 habitabo
783 1949 989 2001 quoniam

162 2004 273 2057 elegi
291 2018 398 2047 eam.

212 2061 404 2103 Viduam
441 2062 532 2113 ejus
563 2060 828 2102 benedicens
860 2060 988 2103 bene-

162 2116 321 2159 dicam:
348 2118 371 2143 *
401 2121 620 2170 pauperes
652 2117 744 2169 ejus
779 2117 988 2159 saturabo

162 2173 359 2226 panibus.

213 2230 476 2272 Sacerdotes
495 2232 587 2282 ejus
602 2229 779 2271 induam
796 2230 989 2272 salutari:

161 2286 185 2312 *
205 2291 249 2328 et
268 2288 407 2328 sancti
426 2288 516 2339 ejus
535 2287 826 2329 exsultatione
849 2287 989 2328 exsul-

162 2342 326 2384 tabunt.

214 2398 324 2440 Illuc
350 2399 595 2452 producam
620 2412 756 2441 cornu
780 2398 942 2449 David,
965 2399 989 2424 *

162 2455 315 2506 paravi
332 2455 554 2497 lucernam
574 2456 747 2497 Christo
767 2469 878 2497 meo.

215 2511 420 2553 Inimicos
431 2512 521 2564 ejus
531 2511 709 2553 induam
720 2512 990 2553 confusione:

163 2567 186 2592 *
198 2579 330 2619 super
344 2568 488 2620 ipsum
503 2573 650 2610 autem
666 2567 883 2610 efflorebit
896 2581 989 2608 san-

165 2623 370 2665 ctificatio
389 2637 498 2666 mea.

218 2680 340 2724 Capit.
363 2687 398 2715 ct
416 2682 553 2726 Hymn.
572 2687 611 2716 ut
630 2683 667 2716 in
684 2682 710 2716 Ι.
725 2682 839 2725 Υῡςρ.
857 2684 928 2728 [49]

219 2729 267 2780 N·
286 2736 310 2776 J
312 2741 460 2778 ustum
477 2736 660 2779 deduxit
678 2737 891 2778 Dominus
910 2749 990 2789 per

1040 310 1133 351 vias
1157 315 1312 351 rectas.
1353 312 1398 362 lx‘g.
1439 311 1495 351 Et
1515 309 1707 352 ostendit
1727 309 1788 350 illi
1807 322 1870 351 re-

1040 379 1173 418 gnum
1192 366 1286 408 Dei.

1098 427 1164 468 Ad
1204 427 1374 474 Magnis.
1420 428 1516 468 Ant.
1559 427 1734 469 Amavit
1771 439 1870 467 eum

1040 484 1266 533 Dominus,
1282 485 1305 509 *
1325 489 1369 525 et
1389 484 1561 525 ornavit
1576 497 1691 525 eum:
1711 483 1869 525 stolam

1040 540 1194 592 glotiae
1226 540 1367 582 induit
1399 554 1517 590 eum,
1554 546 1598 582 et
1630 539 1686 581 ad
1717 545 1869 592 portas

1040 597 1235 650 paradisi
1254 597 1483 639 coronavit
1504 610 1614 638 euin.

1093 660 1266 701 Sequens
1279 659 1365 691 Ant.
1381 658 1521 691 dicitur
1536 659 1583 691 ud
1597 658 1813 698 Mau-:nilicat
1832 659 1865 691 in

1041 706 1085 739 Π.
1105 706 1219 749 K'csp.
1245 716 1313 749 pro
1342 707 1436 739 solis
1463 707 1583 755 fumis
1607 707 1866 739 Pontificibus.

1094 759 1191 799 Ant.
1230 759 1344 799 Dum
1367 763 1484 799 esset
1506 771 1699 799 summus
1723 758 1869 799 Ponti-

1040 815 1127 864 fex,
1147 816 1170 842 *
1197 817 1371 856 terrena
1395 828 1483 856 non
1507 815 1677 864 metuit,
1711 813 1790 855 sed
1814 813 1869 855 ad

1041 871 1239 913 coelestia
1261 884 1395 922 regna
1417 871 1637 923 gloriosus
1655 871 1870 922 migravit.

1095 939 1131 970 si
1165 943 1339 971 occurrat
1368 938 1553 971 celebrari
1579 938 1730 970 Festum
1755 937 1869 979 pluri-

1041 997 1188 1019 morum
1207 986 1432 1020 Pontificum
1454 992 1488 1020 ct
1502 987 1789 1020 (lonscssinnm.
1809 987 1868 1018 (Μ’-

1042 1035 1166 1067 ficium
1188 1035 1224 1067 iit
1244 1040 1281 1067 ut
1306 1045 1436 1077 supra:
1469 1035 1534 1068 scd
1566 1035 1598 1067 in
1627 1035 1807 1067 <unitione
1835 1041 1868 1067 ct

1042 1084 1242 1118 Sci-mone,
1277 1094 1363 1125 quau
1390 1089 1584 1125 ponuntur
1612 1084 1645 1116 in
1671 1083 1869 1123 singulari.

1042 1130 1219 1163 dicum-111·
1237 1131 1270 1163 in
1290 1131 1445 1173 plurali:
1464 1137 1499 1164 ct
1519 1132 1553 1164 in
1576 1131 1599 1164 l.
1616 1131 1722 1164 Noct.
1744 1132 1869 1171 legan-

1042 1185 1101 1211 tur
1127 1186 1330 1221 sequentes
1358 1180 1560 1213 Lectiones
1592 1180 1636 1212 dc
1663 1180 1869 1221 Scriptura.

1198 1245 1260 1285 l)e
1278 1242 1390 1284 libro
1409 1241 1719 1283 Ecclesiastici.

1149 1309 1296 1348 Lectio
1321 1311 1341 1349 i.
1582 1312 1684 1360 Cap.
1702 1310 1766 1347 44.

1052 1374 1370 1434 ,'‘i44.,j·531}emclerrms
1404 1374 1522 1415 viros
1555 1373 1790 1424 gloriosos,
1828 1377 1872 1413 et

1046 1435 1060 1475 ³³,
1079 1448 1147 1492 ᾗ)
1185 1433 1390 1484 parentes
1417 1435 1595 1472 nostros
1623 1430 1667 1470 in
1694 1441 1870 1480 genera-

1047 1481 1153 1511 ss‘ssss
1184 1488 1304 1529 tione
1333 1500 1421 1528 sua.
1476 1486 1659 1528 Multam
1687 1485 1872 1537 gloriam

1041 1545 1144 1587 fecit
1162 1544 1377 1586 Dominus
1400 1543 1722 1595 magnificentia
1749 1555 1828 1583 sua
1847 1555 1872 1583 a

1042 1601 1217 1643 saeculo.
1257 1600 1546 1642 Dominantes
1574 1600 1618 1640 in
1644 1598 1871 1651 potestati-

1041 1657 1124 1699 bus
1153 1658 1260 1707 suis,
1299 1656 1499 1698 homines
1526 1656 1672 1706 magni
1700 1655 1871 1704 virtute,

998 1719 1000 1722 ’
1043 1719 1086 1756 et
1105 1713 1337 1767 prudentia
1356 1726 1434 1754 sua
1452 1712 1642 1765 praediti,
1676 1712 1871 1753 nuntian-

1041 1776 1109 1813 tes
1140 1771 1184 1811 in
1216 1769 1450 1823 Prophetis
1484 1769 1740 1819 dignitatem
1768 1768 1871 1809 Pro-

1041 1827 1289 1880 phetarum,
1325 1832 1368 1868 et
1395 1827 1662 1878 imperantes
1691 1825 1734 1865 in
1762 1837 1870 1876 prae-

1042 1884 1155 1925 senti
1177 1882 1355 1936 populo,
1383 1887 1427 1924 et
1445 1882 1606 1923 virtute
1626 1880 1870 1934 prudentiae

1042 1939 1219 1992 populis
1242 1939 1515 1980 sanctissima
1534 1938 1678 1980 verba.
1723 1937 1773 1977 In
1798 1949 1870 1989 pe-

1042 1997 1140 2038 ritia
1159 2009 1238 2037 sua
1261 1996 1534 2048 requirentes
1556 1993 1714 2036 modos
1741 1993 1870 2034 musi-

1042 2065 1134 2102 cos,
1163 2058 1207 2094 et
1225 2054 1455 2094 narrantes
1475 2051 1669 2093 carmina
1688 2050 1869 2102 scriptu-

1041 2121 1199 2150 rarum.

1096 2165 1146 2216 R.
1180 2165 1302 2216 Euge
1334 2176 1460 2205 serve
1490 2163 1606 2205 bone
1644 2168 1687 2205 et
1717 2162 1870 2211 fidelis,

1044 2222 1145 2274 quia
1170 2222 1215 2262 in
1241 2233 1382 2274 pauca
1410 2220 1527 2262 fuisti
1553 2219 1706 2268 fidelis,
1738 2231 1871 2271 supra

1041 2277 1178 2319 multa
1213 2282 1257 2319 te
1295 2278 1574 2319 constituam:
1612 2278 1634 2299 *
1674 2276 1793 2316 Intra
1827 2275 1870 2314 in

1041 2333 1249 2385 gaudium
1281 2333 1446 2375 domini
1478 2333 1550 2374 tui.
1598 2326 1646 2377 δ”.
1681 2331 1868 2372 Domine

1044 2391 1234 2443 quinque
1279 2390 1445 2432 talenta
1488 2388 1706 2430 tradidisti
1754 2386 1869 2435 mihi,

1043 2459 1146 2488 ecce
1185 2446 1270 2488 alia
1310 2447 1501 2499 quinque
1543 2443 1868 2496 superlucratus

1044 2517 1150 2545 sum.
1191 2503 1323 2544 Intra.

1348 2556 1499 2598 Lectio
1520 2556 1557 2595 ii.

1045 2614 1306 2720 Homines
1330 2623 1488 2665 divites
1512 2622 1556 2662 in
1573 2621 1749 2669 virtute,
1775 2619 1867 2672 pul-

1156 2679 1413 2722 chritudinis
1431 2677 1622 2720 studium
1642 2676 1868 2718 habentes:

1041 2736 1325 2789 pacificantes
1357 2735 1400 2776 in
1430 2733 1632 2775 domibus
1660 2733 1758 2773 suis.
1812 2731 1867 2772 Ο-
