2040 2990
169 187 212 222 34

222 290 294 328 ms,
313 282 467 330 lingua.
486 292 620 326 mens,
641 291 804 326 sensus.
825 277 948 326 vigor

273 336 600 378 Confessionem
621 336 868 387 personent,

273 393 563 433 Flammescat
581 391 679 441 igne
700 390 868 431 caritas,

271 447 498 489 Accendat
516 446 648 487 ardor
667 446 903 499 prOximos.

223 516 396 559 Praesta,
416 513 545 552 Pater
564 511 767 563 piissime,

271 569 477 619 Patrique
498 580 677 619 compar
696 566 842 614 Unice,

272 624 380 665 Cum
400 623 563 676 Spiritu
582 622 799 663 Paraclito

272 681 478 730 Regnans
497 692 576 731 per
595 691 723 719 omne
743 678 961 719 saeculum.

480 735 630 775 Amen.

222 797 263 834 ln
301 797 419 834 Doni.
457 808 531 845 pel·
565 795 744 832 Annum.
787 794 881 830 Ant.
926 789 991 830 Al-

169 848 306 898 leluja.

221 908 263 945 ln
310 906 438 945 feriali
484 906 639 944 Officio
690 918 764 955 pel·
806 905 987 943 Annum.

172 964 268 1001 Ant.
302 958 450 1000 Deduc
469 971 548 999 me.

218 1019 347 1060 'semp
370 1018 541 1051 Advent..
563 1019 647 1050 Ant⁴
668 1018 712 1050 de
735 1017 848 1049 Laud.
868 1017 986 1050 Doni..

167 1073 229 1099 aut
249 1076 293 1098 cx
314 1066 480 1107 propriis
503 1065 615 1098 laud.

478 1116 681 1155 l'salmus.

301 1224 654 1276 justificationum
686 1227 874 1266 tuarum:
898 1226 920 1250 *
950 1230 993 1266 et

236 1288 241 1289 ⁷
302 1282 526 1332 exquiram
546 1293 642 1321 earn
662 1294 845 1333 semper.

219 1336 288 1376 Da
315 1335 418 1376 mihi
447 1336 730 1386 intellectum,
759 1342 802 1378 et
831 1340 992 1378 scruta-

168 1392 249 1433 bor
280 1392 421 1441 legem
454 1397 589 1433 tuam:
616 1393 639 1417 *
673 1398 716 1433 et
748 1393 992 1434 custodiam

169 1447 284 1487 illam
304 1448 347 1487 in
367 1454 462 1489 toto
484 1448 617 1490 corde
636 1461 746 1489 meo.

222 1503 374 1544 Deduc
393 1517 462 1545 me
482 1504 524 1544 in
549 1505 748 1545 semitam
767 1504 992 1546 mandato-

169 1572 266 1599 rum
284 1562 473 1600 tuorum:
492 1561 515 1585 *
537 1560 637 1612 quia
655 1561 797 1612 ipsam
817 1561 944 1602 volui.

221 1614 386 1656 Inclina
409 1628 486 1656 cor
509 1629 655 1657 meum
677 1616 721 1656 in
744 1618 993 1658 testimonia

170 1676 257 1712 tua:
277 1671 300 1695 *
320 1676 363 1712 et
381 1684 468 1712 non
487 1672 530 1712 in
550 1673 786 1713 avaritiam.

221 1727 383 1768 Averte
410 1727 562 1769 oculos
586 1741 710 1770 meos
740 1742 793 1770 ne
818 1729 994 1771 videant

171 1783 419 1824 vanitatem:
439 1785 461 1808 *
481 1784 524 1824 in
544 1784 612 1825 via
630 1789 706 1825 tua
725 1785 896 1826 vivifica
913 1799 993 1827 me.

221 1838 372 1880 Statue
388 1852 515 1881 servo
531 1845 607 1881 tuo
624 1840 845 1892 eloquium
861 1846 993 1891 tuum,

171 1895 194 1918 *
213 1894 255 1934 in
275 1895 430 1935 timore
450 1900 538 1937 tuo.

223 1950 415 2002 Amputa
423 1952 710 2003 opprobrium
717 1966 862 1994 meum
875 1954 995 2006 quod

171 2006 416 2058 suspicatus
440 2019 549 2048 sum:
568 2010 591 2034 *
617 2010 716 2061 quia
739 2008 895 2060 judicia
919 2016 994 2051 tua

171 2061 367 2112 jucunda.

223 2117 338 2159 Ecce
367 2121 596 2172 concupivi
623 2121 829 2163 mandata
857 2127 946 2163 tua:
971 2124 994 2148 *

171 2173 214 2212 in
235 2174 440 2225 aequitate
460 2181 534 2217 tua
554 2177 726 2219 vivifica
745 2191 825 2220 me.

224 2230 278 2270 Et
296 2231 439 2272 veniat
458 2245 589 2285 super
607 2246 677 2275 me
696 2235 994 2277 misericordia

171 2289 246 2325 tua
278 2286 479 2328 Domine:
503 2289 526 2313 *
551 2289 742 2331 salutare
775 2296 897 2332 tuum
931 2305 994 2333 se-

172 2341 360 2383 cundum
381 2343 603 2396 eloquium
622 2350 755 2387 tuum.

225 2397 278 2438 Et
315 2399 591 2451 respondebo
629 2402 996 2454 exprobrantibus

171 2452 274 2492 mihi
295 2454 488 2495 verbum:
503 2457 525 2481 *
543 2457 643 2508 quia
663 2459 835 2509 speravi
851 2459 894 2499 in
910 2472 994 2500 ser-

171 2508 371 2550 monibus
390 2511 486 2551 tuis.

224 2564 278 2605 Et
306 2579 358 2606 ne
387 2567 558 2608 auferas
587 2567 642 2609 de
671 2582 746 2610 ore
774 2582 873 2610 meo
905 2584 994 2612 ver-

171 2619 272 2660 bum
289 2621 484 2663 veritatis
500 2626 831 2676 usquequaque:
851 2627 873 2651 *
896 2628 994 2678 quia

172 2675 212 2714 in
232 2676 398 2726 judiciis
417 2678 502 2718 tuis
522 2681 838 2731 supersperavi.

886 188 941 219 Ad
968 186 1146 220 Tertium.

1097 275 1154 315 Et
1178 273 1422 315 custodiam
1448 273 1590 323 legem
1619 278 1739 314 tuam
1765 285 1874 314 sem-

1046 344 1138 383 per:
1162 331 1185 355 *
1210 330 1253 370 in
1282 329 1491 370 saeculum
1520 334 1564 371 et
1591 329 1635 369 in
1664 328 1874 370 saeculum

1046 386 1205 427 saeculi.

1098 443 1153 483 Et
1186 441 1464 483 ambulabam
1496 442 1539 482 in
1571 440 1819 483 latitudine:
1840 442 1875 466 **

1046 499 1148 550 quia
1166 497 1373 539 mandata
1392 503 1467 538 tua
1487 498 1712 549 exquisivi.

1096 555 1153 595 Et
1184 553 1397 606 loquebar
1429 554 1473 594 in
1500 553 1763 595 testimoniis
1790 554 1876 595 tuis

1046 612 1088 651 in
1108 613 1349 662 conspectu
1369 623 1537 661 regum:
1557 611 1580 635 *
1601 614 1644 651 et
1667 622 1755 650 non
1776 622 1876 651 con-

1046 666 1269 707 fundebar.

1099 723 1155 764 Et
1173 721 1418 763 meditabar
1437 722 1481 762 in
1502 721 1722 764 mandatis
1741 722 1838 771 tuis⁷
1853 723 1877 748 *

1047 791 1145 830 quae
1165 778 1307 820 dilexi.

1097 835 1153 875 Et
1177 835 1320 875 levavi
1344 847 1499 875 manus
1528 847 1650 875 meas
1675 833 1731 875 ad
1759 847 1877 875 man-

1046 891 1148 932 data
1177 896 1266 939 tua,
1296 903 1394 943 quae
1424 890 1570 932 dilexi:
1589 891 1612 917 *
1633 895 1677 932 et
1705 892 1877 932 exerce-

1045 947 1124 988 bar
1142 947 1185 987 in
1205 946 1586 998 justificationibus
1605 947 1702 988 tuis.

1155 1070 1277 1099 emor
1297 1063 1392 1099 esto
1414 1057 1537 1099 verbi
1555 1058 1619 1099 tui
1637 1069 1766 1099 servo
1787 1062 1878 1106 tuo,

1044 1062 1147 1167 M
1180 1114 1203 1139 *
1223 1114 1267 1154 in
1287 1127 1375 1166 quo
1395 1113 1500 1154 mihi
1519 1127 1645 1166 spem
1665 1112 1837 1155 dedisti.

1097 1170 1207 1211 Haec
1226 1183 1297 1211 me
1317 1170 1545 1212 consolata
1564 1175 1631 1212 est
1649 1170 1693 1210 in
1711 1169 1878 1210 humili-

1045 1228 1136 1268 tate
1169 1239 1282 1268 mea:
1310 1227 1333 1252 *
1363 1227 1463 1279 quia
1496 1226 1720 1279 eloquium
1752 1230 1877 1267 tuum

1046 1282 1284 1324 vivificavit
1302 1296 1384 1324 me.

1097 1338 1284 1391 Superbi
1315 1339 1463 1391 inique
1496 1338 1685 1389 agebant
1721 1350 1879 1390 usque-

1047 1397 1236 1447 quaque:
1264 1396 1287 1421 *
1315 1408 1342 1436 a
1373 1395 1469 1445 lege
1502 1400 1649 1436 autem
1682 1400 1758 1435 tua
1789 1406 1877 1435 non

1047 1450 1273 1492 declinavi.

1097 1507 1269 1548 Memor
1293 1507 1353 1548 fui
1377 1507 1637 1559 judiciorum
1656 1508 1834 1548 tu6rum
1854 1519 1880 1548 a

1046 1563 1209 1604 saeculo
1247 1563 1455 1605 Domine:
1486 1564 1510 1589 *
1544 1569 1587 1604 et
1624 1562 1879 1604 consolatus

1047 1632 1154 1660 sum.

1098 1676 1301 1717 Defectio
1321 1676 1462 1718 tenuit
1480 1688 1561 1725 me,
1581 1676 1604 1702 *
1622 1689 1705 1730 pro
1725 1689 1878 1729 pecca-

1045 1731 1215 1773 toribus
1274 1731 1680 1784 derelinquentibus
1735 1733 1880 1783 legem

1046 1793 1178 1829 tuam.

1099 1844 1350 1886 Cantabiles
1382 1845 1488 1886 mihi
1521 1850 1645 1887 erant
1677 1844 1879 1896 justifica-

1047 1901 1190 1942 tiones
1209 1906 1314 1950 tuae‚
1334 1902 1358 1927 *
1376 1901 1420 1942 in
1439 1901 1539 1942 loco
1565 1901 1879 1954 peregrinatio-

1048 1970 1112 1997 ms
1132 1970 1254 1998 meae.

1098 2013 1268 2054 Memor
1287 2013 1347 2054 fui
1365 2019 1495 2055 nocte
1511 2014 1700 2055 nominis
1714 2014 1778 2056 tui
1791 2014 1880 2055 Do-

1048 2069 1179 2110 mine:
1198 2070 1222 2094 *
1242 2075 1286 2110 et
1306 2069 1525 2111 custodivi
1544 2069 1686 2121 legem
1705 2075 1838 2112 tuam.

1099 2125 1210 2166 Haec
1228 2125 1344 2166 facta
1370 2131 1438 2167 est
1457 2125 1577 2167 mihi:
1597 2127 1620 2152 *
1642 2127 1743 2179 quia
1762 2127 1880 2179 justi-

1049 2181 1277 2222 ficationes
1295 2186 1394 2222 tuas
1415 2183 1642 2234 exquisivi.

1099 2237 1251 2278 Portio
1278 2250 1378 2278 mea
1405 2238 1612 2284 Domine,
1640 2240 1663 2265 *
1693 2238 1783 2281 dixi
1811 2252 1881 2280 cu-

1048 2292 1216 2334 stodire
1235 2293 1378 2343 legem
1397 2299 1529 2335 tuam.

1099 2349 1376 2401 Deprecatus
1400 2363 1497 2391 sum
1520 2351 1677 2392 faciem
1695 2356 1818 2393 tuam
1837 2351 1881 2391 in

1047 2409 1144 2446 toto
1177 2405 1311 2446 corde
1344 2419 1463 2447 meo:
1496 2407 1519 2432 *
1551 2407 1761 2448 miserere
1793 2407 1880 2448 mei

1049 2460 1289 2502 secundum
1310 2461 1532 2514 eloquium
1553 2468 1687 2504 tuum.

1100 2517 1299 2566 Cogitavi
1320 2518 1412 2558 vias
1432 2531 1568 2560 meas:
1583 2519 1606 2545 *
1623 2523 1667 2561 et
1682 2519 1879 2560 converti

1048 2572 1186 2624 pedes
1205 2585 1329 2614 meos
1349 2574 1391 2614 in
1411 2575 1663 2616 testimonia
1682 2580 1768 2616 tua.

1099 2629 1284 2670 Paratus
1305 2642 1416 2678 sum,
1442 2636 1485 2672 et
1508 2644 1596 2672 non
1616 2644 1714 2672 sum
1733 2630 1880 2673 turba-

1048 2690 1132 2725 tus:
1151 2686 1174 2710 *
1194 2690 1242 2726 ut
1262 2685 1507 2728 custodiam
1527 2686 1734 2729 mandata
1753 2692 1840 2730 tua.
