2080 2990
736 222 976 256 Itinerarium
1002 222 1248 257 Clericorum.

295 316 344 352 In
368 316 606 353 Nativitate
630 316 806 353 Domini

139 378 260 411 usque
291 369 341 402 ad
371 379 520 403 coenam
547 368 702 409 Vigiliae
737 368 966 411 Epiphaniae

139 416 335 450 exclusive
363 417 519 451 dicitur:

191 461 242 511 V.
250 465 449 507 Verbum
465 478 567 507 caro
584 466 748 508 factum
763 471 840 516 est,
861 467 960 509 alle-

133 522 231 575 luja.
265 523 314 574 Rv.
328 522 385 563 Et
403 521 618 564 habitavit
636 522 680 562 in
693 522 832 573 nobis,
851 523 963 564 allel.

186 577 339 619 Gleria
357 578 489 619 Patri.

190 640 233 672 In
257 639 330 674 fine
356 641 511 674 dicitur:

190 686 241 738 V.
269 689 437 731 Notum
467 690 571 733 fecit
597 691 827 740 D61ninUS‚
862 691 961 732 alle-

134 745 231 798 luja.
266 749 316 800 R2.
336 746 536 788 Salutate
559 760 700 796 suum,
723 746 907 799 alleluja.

192 807 282 842 Alia
306 811 347 843 ut
371 817 498 850 supra.

192 858 260 899 Ps.
284 859 469 899 Cantate
497 858 699 909 Demino.
728 860 795 899 94.

354 918 437 958 Vel
454 917 654 959 Psalmus
674 918 754 958 116.

212 974 372 1017 audate
400 975 517 1016 Dfim
550 987 701 1016 omnes
731 974 912 1016 Gentes:
940 977 964 1002 *

238 1029 416 1072 laudate
445 1043 545 1072 eum
572 1043 723 1072 omnes
750 1031 921 1083 pepuli:

188 1086 404 1135 Queniam
439 1086 697 1128 confirmata
730 1092 797 1128 est
833 1100 965 1139 super

136 1154 217 1182 nos
240 1141 542 1183 misericordia
566 1143 670 1194 ejus:
690 1143 713 1168 *
733 1148 777 1184 et
801 1143 964 1183 veritas

135 1197 313 1238 Demini
329 1202 476 1239 manet
494 1198 538 1238 in
557 1199 778 1239 aeternum.

189 1252 341 1294 Gleria
358 1253 490 1295 Patri.
543 1253 664 1295 Sicut
682 1259 787 1295 erat.

1074 315 1147 355 Qui
1172 315 1350 349 lsalnius
1378 327 1530 359 scmpm
1556 318 1603 350 td
1633 319 1781 359 benepl
1775 318 1849 350 lci—

1022 368 1101 397 tum
1138 363 1214 396 diei
1247 368 1375 405 potest
1407 365 1469 397 cti
1462 375 1519 398 un
1559 365 1714 398 in·1liis
1745 366 1849 398 Sole—

1022 410 1257 444 mnit·1tibus

1272 495 1318 530 In
1341 496 1587 543 Epiphania

1187 561 1223 589 et
1249 565 1317 598 per
1340 560 1461 588 totam
1486 555 1686 589 Octavam:

1075 609 1123 660 V.
1144 610 1291 662 Reges
1310 611 1490 653 Tharsis
1515 617 1559 654 et
1581 614 1734 655 insulae
1753 619 1843 656 mu-

1015 678 1121 707 nera
1152 666 1352 717 efferent,
1385 668 1567 720 alleluia.
1622 671 1671 721 Ru
1697 670 1844 721 Reges

1015 722 1214 819 Affallium
1245 728 1289 765 et
1319 699 1434 765 S’aba
1466 724 1582 786 dona
1615 725 1844 776 adducent,

1016 790 1042 818 a
1077 791 1100 819 e
1118 792 1187 831 uJa

1068 838 1221 880 Gleria
1239 840 1369 881 Patri.

1076 908 1120 941 In
1145 908 1218 941 fine
1244 907 1398 941 dicitur:

1075 958 1125 1009 V.
1145 963 1308 1004 Omnes
1329 963 1384 1005 de
1403 964 1518 1006 Saba
1537 965 1727 1014 venient,
1747 966 1846 1007 alle-

1016 1018 1113 1069 luja.
1148 1019 1198 1068 Ru
1218 1019 1388 1060 Aurum
1407 1026 1451 1061 et
1469 1020 1570 1061 thus
1590 1020 1847 1071 deferentes,

1018 1073 1200 1125 alleluja.

1071 1134 1223 1175 Gleria
1242 1136 1372 1176 Patri.

1019 1254 1048 1296 d
1074 1202 1169 1295 st4
1187 1202 1306 1240 Deus
1348 1199 1556 1251 judicium
1596 1205 1719 1242 tuum
1755 1203 1847 1252 regi

1050 1267 1086 1295 a.
1171 1286 1179 1295 .

719 1418 1276 1467 ITINERARIUM.

193 1518 367 1553 Clericus
399 1518 438 1551 in
476 1518 563 1560 ipso
597 1517 744 1550 itineris
781 1517 969 1559 ingressu,

141 1566 175 1599 si
204 1566 312 1600 solus
341 1564 471 1606 fuerit,
505 1564 609 1598 dicat
640 1574 727 1607 quae
758 1567 971 1606 sequuntur

141 1613 181 1647 in
204 1612 407 1655 singulari;
432 1611 465 1646 si
491 1621 576 1645 cum
600 1611 733 1653 sociis,
760 1611 798 1644 in
819 1611 970 1653 plurali.

193 1674 291 1714 Ant.
319 1671 366 1711 In
383 1670 500 1711 viam
516 1671 650 1722 pacis.

314 1756 541 1797 Canticum
562 1755 798 1796 Zachariae.

446 1825 563 1859 Lucae
582 1824 610 1858 1.
632 1834 666 1866 g.

135 1878 472 1984 Benedictus
456 1884 671 1925 Deminus
686 1885 807 1926 Deus
818 1885 966 1935 Israel,

234 1939 258 1965 *
278 1952 380 1991 qma
392 1940 599 1990 visitavit,
618 1945 662 1981 et
675 1941 779 1981 fecit
797 1940 965 2002 redem-

135 1994 333 2047 ptienem
350 1995 494 2047 plebis
514 2008 620 2037 suae:

186 2050 244 2092 Et
272 2051 410 2091 erexit
438 2063 574 2093 cornu
602 2051 753 2093 salutis
781 2051 965 2092 nobisz*

135 2105 181 2146 in
199 2105 332 2148 domo
351 2106 497 2148 David
516 2107 642 2161 pueri
660 2108 737 2148 sui.

187 2161 308 2204 Sicut
331 2162 504 2203 locutus
531 2167 597 2204 est
621 2176 701 2215 per
725 2176 776 2204 os
797 2164 965 2204 sancte-

136 2229 248 2266 rum,
267 2218 291 2243 *
311 2218 386 2270 qui
404 2231 430 2259 a
449 2218 613 2260 saeculo
639 2224 754 2269 sunt,
778 2218 966 2271 prophe-

136 2274 279 2314 tarum
299 2274 406 2325 ejus:

189 2329 384 2371 Salutem
408 2342 463 2371 ex
480 2330 665 2371 inimicis
684 2331 861 2379 nostris,
880 2332 904 2357 *
924 2335 968 2372 et

138 2382 193 2424 de
212 2397 343 2426 manu
361 2385 564 2435 emnium,
582 2386 657 2437 qui
672 2385 858 2427 oderunt
872 2399 967 2429 nos:

189 2439 267 2481 Ad?
321 2440 565 2482 faciendam
622 2440 968 2489 misericerdiam

139 2507 238 2535 cum
265 2496 465 2547 'patribus
491 2497 668 2538 nostris:
687 2497 711 2522 *
735 2501 779 2538 et
806 2509 967 2537 memo-

138 2550 225 2590 rari
243 2552 493 2593 testamenti
511 2552 577 2593 sui
596 2553 745 2593 sancti.

190 2605 215 2644 J
216 2606 513 2657 usjurandum‚
556 2607 676 2659 quod
715 2607 871 2659 juravit
911 2608 968 2649 ad

139 2660 363 2702 Abraham
381 2667 552 2714 patrem
571 2669 780 2713 nostrum,
799 2666 823 2690 ¹⁸¹
843 2663 966 2704 datu-

138 2728 235 2756 rum
253 2728 300 2757 se
319 2717 463 2758 nobis:

294 2858 358 2882 Pars
373 2857 507 2883 Hiemalls.

1069 1518 1128 1559 Ut
1156 1517 1248 1559 sine
1271 1519 1445 1567 timere,
1475 1518 1530 1559 de
1557 1532 1687 1560 manu
1713 1519 1847 1560 inimi-

1019 1576 1170 1614 cerum
1184 1576 1436 1616 nostrerum
1450 1574 1635 1624 liberati,
1649 1576 1674 1601 *
1689 1575 1847 1616 servia-

1017 1642 1114 1670 mus
1133 1629 1205 1670 illi.

1070 1686 1120 1725 In
1149 1685 1395 1734 sanctitate,
1433 1690 1477 1727 et
1510 1686 1672 1737 justitia
1700 1699 1849 1727 coram

1018 1741 1128 1792 ipso,
1147 1742 1171 1766 *
1184 1741 1392 1782 «όῐῑιῐιίὸιιε
1413 1741 1567 1782 diebus
1586 1742 1759 1782 nostris.

1070 1797 1128 1837 Et
1154 1802 1203 1838 tu
1229 1809 1356 1849 puer,
1382 1797 1608 1861 Propheta
1634 1797 1849 1838 Altissimi

1019 1852 1306 1894 vocaberisz*
1325 1853 1503 1905 praeibis
1528 1853 1641 1894 enim
1667 1858 1766 1894 ante
1790 1854 1848 1894 fa-

1020 1908 1131 1948 ciem
1149 1908 1326 1949 Demini
1345 1921 1502 1960 parare
1522 1909 1615 1950 vias
1635 1909 1740 1960 ejus:

1070 1963 1144 2005 Ad
1190 1963 1380 2005 dandam
1426 1964 1650 2005 scientiam
1697 1963 1848 2005 salutis

1018 2018 1140 2070 plebi
1154 2020 1261 2071 ejus:
1277 2020 1328 2045 *
1316 2033 1361 2060 ιιι
1380 2020 1679 2061 remissienem
1694 2032 1847 2072 pecea-

1018 2075 1165 2129 terum
1184 2077 1351 2116 eerum:

1070 2130 1155 2171 Per
1169 2132 1337 2171 viscera
1353 2130 1666 2172 misericerdiae
1677 2130 1761 2171 Dei
1774 2143 1848 2171 no-

1020 2186 1113 2226 stri:
1124 2186 1148 2211 *
1159 2185 1203 2225 in
1219 2186 1377 2238 quibus
1392 2186 1583 2227 visitavit
1597 2199 1689 2235 nos,
1706 2186 1848 2226 eriens

1020 2253 1075 2281 ex
1094 2241 1199 2282 alto:

1071 2296 1321 2338 muminare
1337 2297 1414 2347 his,
1435 2297 1510 2348 qui
1524 2297 1567 2337 in
1581 2296 1783 2343 tenebris,
1806 2300 1849 2336 et

1019 2352 1063 2392 in
1085 2352 1239 2394 umbra
1262 2353 1416 2395 mortis
1440 2352 1608 2394 sedent:
1627 2352 1650 2377 *
1669 2350 1726 2392 ad
1750 2351 1848 2392 diri-

1020 2406 1189 2457 gendos
1203 2407 1342 2461 pedes
1352 2413 1529 2450 nostros
1539 2408 1582 2447 in
1591 2407 1707 2447 viam
1715 2406 1849 2458 pacis.

1074 2467 1227 2509 Gleria
1245 2469 1376 2510 Patri.

1077 2556 1176 2596 Ant.
1208 2555 1255 2594 In
1281 2554 1395 2595 viam
1417 2552 1539 2604 pacis
1564 2557 1607 2594 et
1629 2552 1847 2604 prosperi-

1020 2607 1124 2648 tatis
1145 2608 1303 2660 dirigat
1321 2621 1402 2649 nos
1420 2610 1696 2659 omnipotens
1717 2612 1760 2647 et
1773 2606 1848 2646 mi-

1022 2665 1209 2705 sericors
1233 2665 1462 2705 Dominus:
1487 2668 1531 2703 et
1549 2662 1744 2712 Angelus
1763 2662 1847 2701 Ra-

1020 2719 1152 2770 phael
1180 2720 1411 2760 comitetur
1442 2717 1671 2759 nobiscum
1698 2716 1741 2756 in
1768 2716 1849 2764 via,
