2080 2990
774 220 983 255 Commune
1012 223 1124 255 unius
1151 222 1340 265 Martyris,

253 320 351 357 Ant.
385 318 426 356 ln
450 316 650 358 universa
678 322 796 358 terra
823 317 964 368 gloria
985 322 1027 358 et

198 372 364 413 honore
392 373 615 414 coronasti
644 386 754 414 eum.

254 426 302 476 Y.
313 429 504 470 Posuisti
516 429 612 471 Dfie
628 443 760 482 super
776 436 907 483 caput
925 432 1026 483 eius.

203 488 250 537 ἶς’.
267 484 487 526 Coronam
507 485 562 527 de
583 486 730 539 lapide
751 488 960 539 pretioso.

255 544 380 583 Pater
407 547 568 583 noster.

252 601 286 639 A
298 599 497 639 bsolutio.
532 601 665 652 Ipsius
685 601 836 652 pietas.

255 653 301 702 Y.
326 655 349 695 J
354 655 438 697 ube
468 655 630 698 domne
658 656 931 698 benedicere.

256 713 414 753 Bencd.
444 714 562 754 Deus
581 714 711 754 Pater
736 716 1027 766 omnipotens.

199 780 350 819 Sermo
379 779 516 819 sancti
546 779 777 829 Augustini
806 779 1027 832 Episcopi.

385 837 501 868 Scrm.
527 835 578 867 44.
606 836 651 868 dc
678 835 838 869 sanctis.

501 886 652 925 Lectio
674 887 724 925 iv.

266 943 575 997 riumphalis
598 943 717 984 beati
743 943 948 996 Martyris
979 944 1028 983 N.

199 999 239 1050 {013}
270 988 314 1058 ἕξ
338 999 432 1041 dies
465 999 596 1041 hodie
625 999 753 1041 nobis
778 1001 1026 1042 anniversa-

338 1057 399 1097 ria
414 1056 667 1098 celebritate
688 1058 885 1098 recurrit:
905 1059 1026 1110 cujus

194 1111 502 1163 glorificationi
531 1113 643 1155 sicut
669 1113 919 1165 congaudet
946 1115 1025 1156 Ec-

195 1169 342 1219 clesia,
378 1170 440 1211 sic
460 1171 551 1222 ejus
573 1171 784 1222 proponit
802 1171 1027 1224 sequenda

196 1227 390 1277 vestigia.
434 1227 478 1267 Si
507 1227 622 1268 enim
651 1228 958 1280 compatimur,
984 1234 1027 1270 et

195 1283 636 1334 conglorificabimur.
662 1284 713 1324 In
729 1285 850 1336 cujus
864 1285 1024 1336 glorio-

194 1352 244 1380 so
263 1342 404 1390 agone
425 1339 512 1381 duo
532 1340 662 1382 nobis
680 1344 907 1394 praecipue
926 1355 1026 1383 con-

195 1396 429 1438 sideranda
454 1402 570 1438 sunt:
598 1398 800 1439 indurata
819 1398 1026 1441 videlicet

193 1454 375 1494 tortoris
391 1454 571 1504 saevitia,
588 1459 631 1496 et
643 1455 850 1507 Martyris
866 1456 1026 1498 invicta

194 1510 417 1563 patientia.
453 1511 631 1553 Saevitia
649 1512 843 1562 tortoris,
863 1517 910 1554 ut
930 1526 1026 1554 eam

195 1566 477 1608 detestemur:
505 1569 718 1620 patientia
737 1569 955 1622 Martyris,
979 1575 1027 1611 ut

195 1636 291 1664 eam
324 1624 554 1665 imitemur.
600 1625 718 1667 Audi
749 1626 1026 1668 Psalmistam

195 1679 407 1721 adversus
450 1681 662 1722 malitiam
706 1683 1025 1735 increpantem:

194 1737 297 1778 Noli
340 1737 537 1778 aemulari
576 1738 620 1779 in
666 1739 1026 1790 malignantibus:

196 1794 403 1846 quoniam
446 1799 671 1846 tamquam
712 1796 878 1837 foenum
910 1797 1026 1838 velo-

195 1851 304 1891 citer
341 1853 552 1893 arescent.
601 1852 731 1902 Quod
768 1858 916 1894 autem
953 1853 1025 1895 ad-

195 1909 347 1949 versus
385 1908 673 1959 malignantes
708 1911 922 1962 patientia
955 1924 1025 1952 ex-

195 1963 386 2006 hibenda
412 1965 483 2015 sit,
516 1966 618 2008 audi
637 1967 906 2020 Apostolum
930 1981 1024 2009 sua-

195 2020 385 2062 dentem:
404 2022 619 2064 Patientia
634 2023 761 2065 vobis
777 2025 1026 2066 necessaria

196 2082 272 2126 est,
301 2082 348 2118 ut
370 2080 602 2131 reportetis
622 2081 950 2133 promissiones.

253 2135 297 2185 152
327 2135 573 2177 Honestum
598 2137 703 2179 fecit
728 2138 851 2179 illum
876 2139 1024 2180 Domi-

195 2203 287 2239 nus,
310 2196 354 2232 et
373 2192 614 2235 custodivit
634 2207 733 2235 eum
753 2194 808 2236 ab
828 2195 1025 2245 inimicis,

196 2252 239 2288 et
268 2260 293 2288 a
318 2247 627 2291 seductoribus
653 2252 813 2293 tutavit
838 2252 975 2293 illum:
1003 2257 1024 2277 ¹·

196 2305 252 2346 Et
281 2304 404 2346 dedit
436 2305 498 2345 illi
532 2306 777 2349 claritatem
806 2311 1025 2351 aeternam.

198 2354 246 2405 V.
273 2361 602 2414 Descenditque
622 2376 720 2404 cum
746 2365 821 2406 illo
845 2366 888 2406 in
908 2367 1025 2408 fove-

196 2431 280 2468 am,
318 2418 432 2512 eltstin
460 2419 644 2461 vinculis
674 2434 761 2462 non
791 2421 1026 2476 dereliquit

197 2483 306 2512 eum.
352 2482 362 2498 <
394 2503 402 2511 .

253 2525 408 2565 Bencd.
438 2527 640 2622 Christus
658 2531 897 2581 perpetuae.

198 2632 456 2741 Coronata
475 2590 716 2694 itdgzteugsxt.
730 2641 849 2683 beati
864 2643 1024 2696 Marty-

286 2697 345 2738 ris
364 2698 590 2750 patientia:
614 2699 862 2751 mancipata
881 2705 948 2741 est
969 2713 1023 2741 ae-

195 2754 331 2796 ternis
351 2754 617 2796 cruciatibus
636 2756 816 2797 tortoris
837 2756 1023 2798 incorre-

1080 323 1151 359 cta
1164 317 1342 359 malitia.
1352 319 1454 361 Hoc
1467 320 1697 363 attendens
1711 323 1755 363 in
1770 324 1911 375 agone

1080 387 1159 415 suo
1183 374 1402 424 gloriosus
1429 376 1591 418 Christi
1617 378 1797 430 athleta,
1823 393 1911 421 non

1080 430 1306 472 exhorruit
1333 434 1567 475 carcerem.
1607 434 1680 477 Ad
1703 435 1910 478 imitatio-

1079 500 1178 528 nem
1209 488 1366 540 capitis
1400 490 1467 530 sui
1498 490 1704 534 toleravit
1734 493 1911 546 probra,

1079 545 1286 586 sustinuit
1306 546 1543 597 irrisiones,
1563 547 1735 600 flagella
1754 562 1842 591 non
1861 553 1910 592 ti-

1079 600 1204 642 muit:
1246 608 1289 644 et
1326 608 1435 655 quot
1468 608 1569 645 ante
1603 610 1793 648 mortem
1827 620 1910 660 pro

1080 657 1255 700 Christo
1290 660 1471 712 pertulit
1503 661 1736 714 supplicia,
1770 667 1839 705 tot
1872 664 1911 705 ei

1081 714 1135 755 de
1154 728 1201 756 se
1222 716 1385 758 obtulit
1403 717 1629 759 sacrificia.
1650 719 1781 769 Quod
1796 720 1911 762 enim

1079 772 1340 824 propinante
1360 774 1582 826 Apostolo
1602 774 1792 826 biberat,
1824 777 1912 819 alte

1084 828 1316 871 retinebat:
1336 831 1448 881 Quia
1462 843 1549 872 non
1564 837 1667 873 sunt
1681 832 1912 885 condignae

1080 886 1310 937 passiones
1331 886 1457 939 hujus
1483 889 1696 941 temporis
1720 889 1778 932 ad
1800 890 1911 932 futu-

1080 954 1173 982 ram
1200 942 1404 994 gloriam,
1443 957 1541 996 quae
1571 946 1838 988 revelabitur
1868 947 1911 988 in

1079 998 1218 1040 nobis.
1251 1000 1307 1041 Et
1328 1000 1430 1052 quia
1449 1005 1806 1045 momentaneum
1826 1003 1911 1046 hoc

1080 1060 1124 1096 et
1143 1055 1240 1097 leve
1260 1063 1424 1098 nostrae
1448 1058 1759 1110 tribulationis,
1787 1062 1911 1102 aeter-

1079 1125 1183 1153 num
1214 1113 1367 1164 gloriae
1408 1114 1584 1167 pondus
1621 1119 1831 1169 operatur
1867 1117 1911 1158 in

1080 1169 1215 1210 coelis.
1255 1171 1396 1222 Hujus
1424 1172 1732 1224 promissionis
1760 1176 1911 1216 amore

1079 1238 1104 1267 a
1140 1227 1328 1268 terrenis
1363 1230 1622 1281 suspensus,
1665 1235 1708 1280 et
1741 1243 1911 1283 praegu-

1079 1285 1195 1324 stata
1211 1286 1415 1337 supernae
1433 1286 1662 1328 suavitatis
1678 1286 1912 1329 dulcedine

1079 1339 1358 1382 ineffabiliter
1379 1341 1578 1392 affectus,
1614 1343 1791 1386 dicebat
1811 1356 1911 1386 cum

1079 1397 1327 1439 Psalmista:
1356 1398 1473 1448 Quid
1495 1399 1601 1441 mihi
1625 1405 1693 1442 est
1719 1401 1763 1441 in
1784 1401 1911 1451 coelo,

1081 1459 1125 1495 et
1153 1467 1178 1495 a
1205 1459 1250 1496 te
1279 1455 1387 1506 quid
1412 1455 1531 1497 volui
1560 1469 1692 1510 super
1720 1455 1910 1499 terram?

1080 1511 1252 1553 Defecit
1285 1525 1389 1553 caro
1427 1525 1525 1554 mea
1558 1519 1602 1555 et
1636 1526 1713 1555 cor
1745 1526 1911 1556 meum:

1078 1568 1199 1609 Deus
1216 1568 1363 1610 cordis
1378 1571 1475 1620 mei,
1498 1575 1540 1612 et
1555 1583 1661 1623 pars
1675 1583 1773 1612 mea
1787 1571 1910 1612 Deus

1079 1625 1122 1665 in
1141 1627 1366 1667 aeternum.

1137 1682 1184 1733 K.
1217 1682 1498 1724 Desiderium
1531 1683 1689 1725 animae
1718 1684 1810 1736 ejus
1837 1684 1911 1725 tri-

1079 1737 1214 1780 buisti
1246 1739 1285 1780 ei
1313 1739 1518 1791 Domine,
1545 1741 1567 1763 *
1599 1740 1656 1781 Et
1683 1740 1911 1782 voluntate

1078 1794 1296 1836 labiorum
1324 1797 1414 1848 ejus
1442 1809 1529 1838 non
1554 1795 1769 1838 fraudasti
1800 1809 1911 1838 eum.

1083 1846 1132 1897 Y.
1149 1852 1367 1902 Quoniam
1386 1853 1642 1906 praevenisti
1657 1865 1757 1894 eum
1776 1853 1821 1894 in
1834 1852 1907 1895 be-

1077 1907 1404 1951 nedictionibus
1433 1909 1695 1952 dulcedinis:
1722 1910 1908 1962 posuisti

1078 1964 1122 2005 in
1151 1965 1295 2018 capite
1324 1967 1415 2018 ejus
1443 1968 1653 2008 coronam
1679 1965 1734 2008 de
1759 1965 1908 2020 lapide

1078 2022 1289 2074 pretioso.
1317 2023 1384 2064 Et.

1136 2073 1296 2114 Bened.
1326 2075 1473 2126 Ignem
1493 2075 1561 2117 sui
1579 2075 1753 2119 amoris

1384 2132 1535 2172 Lectio
1559 2132 1609 2171 vi.

1159 2191 1514 2244 ontemplabatur
1544 2191 1659 2233 enim
1697 2197 1907 2244 quantum

1179 2248 1223 2289 in
1248 2250 1480 2299 aenigmate
1506 2248 1735 2290 infirmitas
1759 2247 1906 2290 huma-

1077 2317 1133 2346 na
1152 2304 1330 2346 oculum
1348 2305 1509 2346 mentis
1528 2305 1573 2345 in
1592 2305 1840 2347 aeternitate
1860 2305 1906 2347 fi-

1076 2374 1180 2413 gere
1205 2366 1365 2415 potest,
1398 2367 1559 2414 quanta
1588 2362 1675 2403 sint
1702 2363 1906 2415 supernae

1077 2418 1266 2460 civitatis
1281 2417 1455 2470 gaudia:
1475 2423 1519 2460 et
1534 2431 1585 2460 ea
1601 2421 1804 2460 enarrare
1819 2432 1907 2460 non

1077 2475 1318 2525 sufficiens,
1363 2474 1623 2517 admirando
1671 2475 1908 2517 clamabat:

1077 2531 1194 2582 Quid
1217 2531 1324 2573 mihi
1350 2536 1418 2573 est
1441 2531 1484 2572 in
1509 2530 1649 2573 coelo?
1687 2532 1823 2582 Quasi
1845 2531 1906 2574 di-

1076 2594 1210 2630 ceret:
1238 2587 1423 2630 Excedit
1442 2588 1558 2630 vires
1577 2601 1710 2638 meaS,
1733 2588 1907 2630 excedit

1075 2645 1329 2687 facultatem
1349 2644 1613 2697 eloquentiae
1636 2658 1763 2695 meae,
1791 2650 1906 2687 tran-

1076 2701 1247 2743 scendit
1277 2701 1569 2754 capacitatem
1603 2701 1905 2754 intelligentiae

1075 2771 1186 2800 meae
1214 2757 1322 2800 illud
1349 2757 1505 2808 decus,
1539 2757 1613 2799 illa
1640 2758 1799 2810 gloria,
1830 2757 1907 2800 illa·
