2040 2990
180 198 274 234 xxvi

715 196 887 230 Ruhricae
911 195 1108 235 generales
1134 192 1331 226 Breviaiii.

179 303 242 322 cum
259 293 517 322 commemoratione
535 292 655 318 Octavae.
693 290 769 317 Infra
783 290 915 316 Octavam
930 289 995 314 Cor-

180 334 255 368 poris
272 332 372 360 Christi
391 332 420 358 fit
440 335 545 358 tantum
570 330 604 357 de
623 329 800 364 Duplicibus‚
824 335 879 354 non
903 332 994 354 tamen

180 373 331 405 translatis,
354 371 405 398 nisi
430 370 531 397 fuerint
555 370 651 403 primae
675 368 718 395 vel
741 367 869 394 secundae
891 366 995 398 classis,

179 419 240 439 cum
263 409 522 438 commemoratione
545 410 665 435 octavae.
701 407 744 434 De
766 405 996 439 Semiduplicibus

180 458 253 483 vero,
270 457 332 476 cum
351 456 406 475 non
425 448 642 479 transferantur,
661 446 734 473 infra
751 453 811 472 eam
830 444 861 471 fit
878 451 995 471 comme-

180 488 303 517 moratio.
321 492 350 514 ut
369 487 476 514 dicetur
494 487 521 513 in
539 486 656 521 praefata
671 485 800 511 Rubrica.
834 484 876 510 De
889 482 994 516 Simpli-

177 527 254 554 cibus
271 526 343 553 infm
361 533 550 560 quascumque
564 526 683 551 Octavas
697 523 912 554 occurrentibus,
930 522 995 548 item

179 567 208 592 fit
231 570 338 592 tantum
363 564 602 597 commemoratio,
626 567 810 598 praeterquam
834 562 861 588 in
886 561 995 587 duobus

178 605 276 632 diebus
293 609 356 639 post
371 604 477 630 Pascha
495 607 522 630 et
537 604 726 635 Pentecosten,
744 605 775 628 ut
792 601 892 628 dicitur
909 601 936 626 in
955 607 995 626 se-

178 644 272 678 quenti
292 643 412 670 Rubrica
431 643 465 669 de
483 641 805 669 commemorationibus.
840 641 883 667 De
902 638 994 666 Domi-

178 683 246 710 nicis
270 682 342 709 infra
367 682 487 708 Octavas
510 681 717 708 occurrentibus
744 680 774 706 fit
798 679 940 711 Officium,
966 681 995 704 ut

178 722 280 748 dictum
302 726 342 748 est
361 728 445 755 supra
463 721 490 747 in
509 720 629 747 Rubrica
649 719 683 746 de
698 718 858 745 Dominicis.
885 717 913 743 Si
932 717 994 743 duae

179 763 291 788 (rictavoe
309 760 389 786 simul
408 763 567 792 occurrant,
592 763 632 785 tut
651 759 756 784 Octava
773 757 861 784 sancti
879 755 996 783 Joannis

178 799 324 834 Baptistae,
348 803 375 825 et
399 799 503 825 Octava
527 798 658 832 emporis
682 797 797 828 Christi,
823 797 865 822 vel
890 796 995 822 Octava

179 838 292 865 Patroni
317 838 360 864 vel
385 838 517 864 Titularis
540 837 669 864 Ecclesia:
697 844 760 863 cum
788 836 841 862 alia
870 835 995 867 Octava),

178 877 291 911 quando
309 885 364 903 non
386 881 466 903 erunt
484 876 648 903 celebranda
668 876 747 902 Festa
770 882 870 901 novem
891 873 995 900 Lectio-

178 924 253 950 num,
272 916 315 942 vel
334 916 392 942 dies
411 915 586 948 Dominicus,
605 915 650 941 fiet
669 914 798 942 Officium
818 913 852 939 de
870 912 995 946 digniori,

178 963 241 982 cum
253 955 513 982 commemoratione
526 954 646 981 alterius.
675 955 717 981 De
731 954 774 980 die
787 957 879 979 autem
890 951 995 979 Octava

178 995 373 1028 cuiuscumque
392 994 465 1020 Festi
484 994 514 1020 fit
531 997 618 1020 totum
639 993 768 1020 Officium
787 992 910 1025 Duplex.
932 998 995 1017 cum

178 1033 436 1060 commemoratione
446 1033 499 1059 dici
512 1033 585 1059 infra
598 1033 680 1059 aliam
691 1033 831 1059 Octavam.
855 1031 897 1057 De
908 1030 996 1057 Festis

178 1072 385 1099 occurrentibus
410 1072 436 1098 in
460 1072 503 1098 die
523 1072 627 1099 Octava
651 1074 777 1098 servetur
801 1070 877 1104 quod
896 1069 996 1096 dicitur

178 1112 206 1138 in
227 1111 347 1138 Rubrica
365 1111 400 1138 de
419 1110 611 1138 Translatione
631 1111 783 1137 Festorum.

228 1151 251 1177 4.
271 1150 401 1177 Officium
419 1151 452 1177 de
471 1151 575 1177 Octava
599 1150 629 1176 fit
650 1158 713 1176 cum
732 1150 821 1175 tribus
839 1147 996 1180 Nocturnis,

179 1197 276 1216 novem
302 1189 403 1216 scilicet
422 1189 538 1216 Psalmis
562 1193 589 1216 et
612 1197 712 1216 novem
738 1189 915 1215 Lectionibus
940 1195 995 1213 ‹ex-

177 1228 264 1263 ceptis
282 1228 394 1255 Octavis
413 1229 526 1255 Paschae
544 1233 571 1255 et
591 1228 781 1261 pentecostes,
799 1228 827 1254 in
845 1227 946 1261 quibus
966 1226 996 1252 iit

177 1275 239 1294 cum
258 1275 314 1294 uno
333 1268 482 1303 NocturnO,
501 1271 531 1294 ut
549 1268 606 1294 suis
625 1268 691 1294 locis
709 1267 841 1301 ponitur),
860 1270 886 1293 et
905 1266 996 1292 omnia

178 1306 308 1333 dicuntur
324 1307 394 1334 sieut
416 1307 443 1333 in
462 1307 507 1334 die
525 1307 610 1340 Festi,
628 1311 730 1341 praeter
749 1306 906 1337 Lectiones;
929 1313 996 1339 qua—

177 1353 238 1372 rum
253 1345 348 1379 primae
363 1349 418 1372 tres
432 1354 541 1380 semper
553 1350 617 1372 sunt
631 1346 666 1372 de
680 1346 822 1379 Scriptura
835 1347 996 1371 occurrente

177 1385 205 1410 in
225 1385 324 1412 Officio
343 1384 378 1411 de
397 1385 547 1419 Tempore,
564 1389 750 1419 praeterquam
769 1385 842 1411 infra
861 1384 995 1410 Octavam

177 1424 382 1458 Assumptionis
400 1425 487 1451 beatae
507 1425 615 1458 Mariae,
640 1425 667 1451 in
692 1432 748 1458 qua
766 1423 880 1457 singulis
899 1422 996 1449 diebus

178 1463 274 1497 positae
293 1467 357 1489 sunt
376 1463 520 1490 Lectiones
538 1463 658 1498 propriae
679 1464 713 1489 de
732 1462 852 1489 Canticis
872 1461 996 1488 Cantico-

178 1509 252 1528 rum:
270 1502 330 1528 aliae
346 1502 489 1529 Lectiones
503 1503 615 1530 secundi
630 1507 656 1529 et
670 1502 741 1529 tertii
756 1501 889 1529 Nocturni
903 1500 996 1526 dicun-

179 1545 224 1567 tur
240 1549 303 1574 quae
321 1541 393 1567 infra
408 1542 540 1568 Octavam
554 1542 650 1576 positae
669 1545 741 1568 sunt.
772 1541 849 1567 Infra
863 1542 997 1566 Octavam

179 1587 245 1606 vero
255 1580 376 1613 Patroni,
390 1581 433 1607 vel
444 1581 575 1607 Titularis
585 1581 723 1609 Ecclesiae.
737 1584 785 1606 aut
794 1579 906 1606 alterius
916 1578 998 1611 Festi,

179 1619 254 1653 quod
278 1618 305 1645 in
330 1619 467 1653 aliquibus
487 1620 616 1647 Ecclesiis
639 1620 782 1646 consuevit
805 1626 867 1645 cum
893 1619 998 1645 Octava

178 1658 320 1690 celebrari,
338 1658 361 1684 si
379 1659 454 1692 apud
471 1659 531 1685 illas
550 1659 687 1686 Ecclesias
708 1666 764 1685 non
781 1658 919 1685 habentur
936 1664 998 1691 pro-

179 1697 246 1731 priae
265 1701 292 1724 et
310 1698 471 1732 approbata:
490 1698 635 1725 Lectiones
653 1705 704 1731 pro
723 1697 844 1724 secundo
867 1701 894 1723 et
917 1696 997 1722 tertio

179 1737 329 1770 Nomi-no,
342 1736 414 1763 infra
424 1737 556 1764 Octavam
570 1740 731 1771 repetantur
744 1736 888 1763 Lectiones
901 1736 999 1770 positae

178 1776 206 1802 in
225 1776 369 1802 Communi
388 1775 567 1809 Sanctorum,
590 1777 613 1803 si
638 1776 673 1802 de
690 1776 799 1802 Sanctis
818 1775 866 1802 fiat
884 1775 998 1810 Octava,

182 1814 302 1848 alioquin
322 1815 466 1841 Lectiones
484 1815 537 1842 diei
555 1816 637 1842 Festi.

232 1853 256 1880 5.
278 1854 353 1880 Infra
369 1855 502 1881 Octavam
517 1854 646 1881 Officium
666 1855 696 1881 fit
709 1854 895 1889 Semiduplex‚
914 1854 940 1880 in
954 1854 999 1881 die

182 1892 287 1918 Octava
305 1893 422 1926 Duplex.
458 1894 490 1920 In
509 1894 638 1928 Vesperis
661 1894 732 1920 infra
756 1894 888 1921 Octavam
908 1893 1000 1920 omnia

183 1931 311 1958 dicuntur
329 1932 398 1959 sicut
416 1932 443 1959 in
462 1933 589 1959 secundis
602 1933 731 1967 Vesperis
749 1933 835 1966 Festi3
854 1936 881 1959 et
900 1932 927 1959 in
946 1932 1000 1966 pri-

183 1970 235 1996 mis
260 1970 388 2005 Vesperis
414 1972 468 1998 diei
492 1972 605 1999 Octavae
632 1972 723 1998 omnia
751 1972 822 1999 sicut
847 1972 875 1998 in
903 1972 999 2006 primis

183 2009 312 2043 Vesper-is
328 2010 411 2045 Festi,
428 2010 481 2037 nisi
499 2011 577 2038 aliter
595 2011 622 2037 in
641 2011 759 2045 propriis
777 2011 845 2038 locis
863 2014 981 2038 notetur.

233 2049 257 2074 (3.
277 2048 352 2075 Infra
372 2050 492 2077 Octavas
507 2057 563 2076 non
582 2050 651 2077 fiunt
665 2049 801 2084 Suffragia
819 2054 948 2076 consueta
966 2050 1000 2077 de

182 2086 299 2119 Sanctis,
317 2095 367 2114 nec
384 2088 513 2115 dicuntur
526 2089 626 2116 Preces
644 2089 679 2115 ad
694 2089 815 2115 Primam
834 2093 861 2115 ct
875 2089 999 2123 Comple-

183 2125 292 2159 torium,
309 2127 416 2154 etiamsi
435 2128 481 2154 liat
495 2128 625 2155 officium
643 2128 677 2154 de
691 2128 844 2161 Dominica,
862 2128 905 2155 vel
919 2129 1000 2155 Festo

182 2163 367 2199 semiduplici.
399 2166 430 2192 ln
445 2167 515 2199 aliis,
533 2167 673 2201 quomodo
686 2167 721 2193 sit
735 2167 918 2194 ordinandum
934 2167 1000 2194 offi-

181 2203 255 2230 cium
274 2204 309 2231 de
322 2204 434 2238 Octava,
452 2206 588 2232 habentur
600 2206 716 2232 inferius
730 2206 849 2240 propriae
863 2206 1000 2233 Rubricae.

184 2274 278 2307 Vm.
302 2276 347 2306 1⁹2·
372 2277 492 2306 «tuicio
517 2284 637 2306 sanciat
665 2277 772 2307 Nini-iac
796 2278 825 2307 in
843 2278 995 2311 sabbalo,

192 2332 238 2391 ΙΝ
255 2333 383 2360 omnibus
401 2333 529 2360 Sabbatis
550 2342 601 2369 per
623 2342 726 2361 annum
745 2339 821 2362 extra
840 2336 1000 2363 Adventum

226 2375 253 2398 ct
271 2372 523 2406 Quadragesimam,
541 2381 573 2400 ac
590 2374 643 2400 nisi
661 2374 787 2406 Quatuor
801 2375 939 2409 Tempora
953 2380 1001 2402 aut

184 2411 290 2444 Vigiliae
307 2416 461 2442 ocean-ant,
480 2412 522 2438 vel
540 2412 591 2438 nisi
611 2413 668 2439 fieri
682 2412 779 2439 debeat
798 2413 831 2439 de
848 2414 925 2440 Feria
940 2422 1001 2447 pro-

183 2453 246 2484 pter
271 2449 400 2476 Officium
427 2450 541 2484 alicujus
570 2451 720 2478 Dominicae
751 2452 902 2486 aliquando
929 2453 1000 2479 infra

184 2487 395 2515 Hebdomadam
414 2489 586 2523 ponendum,
611 2494 640 2516 ut
665 2490 691 2516 in
712 2491 832 2517 Rubrica
856 2492 889 2517 de
908 2492 1001 2518 Domi·

183 2527 252 2553 nicis
269 2527 372 2553 dictum
391 2531 445 2558 est:
463 2531 490 2554 et
507 2529 559 2554 nisi
579 2529 625 2555 iiat
639 2529 766 2556 Officium
782 2538 880 2557 novem
898 2531 1001 2558 Lectio-

183 2573 258 2599 num,
277 2565 319 2592 vel
338 2566 372 2592 de
391 2566 495 2593 Octava
515 2568 628 2594 Paschae
647 2572 673 2594 et
693 2569 876 2602 Pentecostes,
893 2578 1002 2604 semper

184 2605 214 2631 fit
234 2604 362 2631 Officium
382 2606 415 2631 de
434 2610 527 2632 sancta
547 2606 644 2640 Maria,
667 2615 700 2633 eo
719 2609 814 2640 modo,
835 2617 890 2642 quo
915 2609 944 2635 fit
967 2609 1002 2635 dc

186 2644 265 2670 Festo
279 2643 410 2678 Simplici,
428 2645 660 2678 quemadmodum
679 2646 751 2672 circa
770 2647 850 2674 finem
868 2647 1002 2674 Breviarii

184 2682 347 2716 disponitur.
383 2683 426 2709 Dc
446 2684 526 2709 Festo
550 2688 640 2710 autem
665 2684 801 2719 Simplici,
828 2687 855 2713 in
880 2687 1001 2713 sabbato

183 2725 351 2755 occurrente,
371 2722 399 2748 tit
418 2725 524 2749 tantum
543 2725 774 2753 commemoratio,

1099 289 1123 314 2.
1142 287 1211 313 Cum
1230 293 1297 313 vero
1316 285 1484 320 supradictis
1508 285 1607 312 diebus
1626 284 1687 311 fieri
1703 291 1760 310 non
1779 286 1874 318 potest

1047 326 1175 353 Officium
1195 325 1230 352 de
1242 329 1338 352 sancta
1352 325 1448 358 Maria,
1466 325 1542 351 nulla
1560 324 1644 350 etiam
1662 323 1695 350 tit
1706 330 1873 350 commemo—

1046 366 1117 392 ratio
1136 365 1170 391 de
1189 372 1220 391 ea
1239 368 1354 398 propter
1365 364 1533 395 Sabbatum;
1550 363 1598 390 sed
1617 366 1726 389 tantum
1745 362 1773 388 in
1786 361 1872 389 Semi-

1047 403 1203 438 duplicibus
1218 406 1225 430 {
1229 403 1342 437 quando
1356 403 1415 437 ejus
1424 401 1554 429 Officium
1564 409 1683 436 parvum
1693 409 1749 428 non
1760 401 1873 434 dicitur)

1048 444 1078 469 iit
1095 446 1226 470 consueta
1240 443 1299 476 ejus
1312 441 1539 469 commemoratio
1552 449 1603 475 per
1616 448 1720 467 annum
1733 448 1798 467 cum
1812 440 1873 467 aliis

1047 482 1192 514 Suffragiis
1206 482 1304 515 positis
1321 482 1349 508 in
1364 481 1502 508 Psalterio
1518 483 1583 514 post
1596 480 1736 514 Vesperas
1749 479 1872 506 Sabbati.

1097 522 1122 547 3.
1142 521 1207 554 Ejus
1226 521 1355 547 Officium
1380 520 1407 546 in
1429 519 1552 546 Sabbato
1573 519 1670 553 incipit
1691 518 1772 546 Feria
1794 521 1873 545 sexta

1047 561 1082 587 ad
1102 560 1214 586 modum
1229 559 1301 586 Festi
1315 558 1461 593 Simplicis,
1479 566 1495 584 a
1509 558 1647 592 Capitulo,
1665 562 1693 585 et
1706 558 1873 585 terminatur

1047 601 1083 626 ad
1102 600 1209 626 Nonam
1228 598 1350 625 Sabbati.
1386 598 1415 625 Si
1437 601 1530 624 autem
1549 598 1629 624 Feria
1648 601 1727 624 sexta
1744 600 1873 624 occurrat

1047 639 1177 667 Officium
1196 646 1295 665 novem
1316 637 1492 669 Lectionum,
1514 637 1542 663 in
1561 637 1694 671 Vesperis
1715 637 1747 663 fit
1764 639 1872 663 tantum

1046 678 1272 705 commemoratio
1301 677 1335 704 de
1363 680 1459 703 sancta
1483 676 1586 710 Maria,
1614 684 1679 703 cum
1702 675 1873 710 Antiphona‚

1048 718 1136 744 Versu
1155 721 1182 743 et
1201 717 1344 749 Oratione,
1363 723 1426 750 quae
1444 716 1583 742 habentur
1600 715 1629 742 in
1648 715 1748 742 Officio
1767 715 1827 747 eius
1843 714 1873 741 in

1047 757 1184 789 Sabbato,
1208 756 1261 783 nisi
1285 755 1351 782 illud
1372 755 1503 782 Officium
1526 763 1628 782 novem
1647 755 1812 782 Lectionum
1837 753 1874 780 sit

1048 796 1082 822 de
1099 796 1196 823 eadem
1211 796 1291 822 beata
1306 795 1402 827 Maria,
1421 794 1486 828 quia
1503 798 1571 821 tunc
1588 794 1665 821 nulla
1682 793 1737 820 alia
1753 801 1874 821 comme-

1048 835 1164 861 moratio
1183 835 1218 861 de
1235 842 1268 861 ea
1287 834 1412 861 facienda
1431 837 1481 860 est.

1100 875 1124 900 4.
1143 874 1189 901 Ad
1208 873 1382 906 Matutinum,
1399 877 1462 907 post
1476 873 1672 899 Invitatorium
1688 875 1716 899 et
1729 872 1873 906 Hymnum

1048 914 1082 940 de
1100 917 1196 940 sancta
1210 914 1305 946 Maria,
1323 913 1425 939 dicitur
1438 919 1525 938 unum
1539 911 1714 938 Nocturnum
1727 918 1792 938 cum
1806 910 1874 936 duo-

1048 953 1136 980 decim
1156 952 1274 979 Psalmis
1300 951 1455 984 ferialibus,
1478 955 1510 978 ut
1533 951 1562 977 in
1587 950 1732 978 Psalterio.
1768 949 1874 977 Versus

1048 993 1082 1019 de
1100 995 1195 1018 sancta
1215 991 1314 1023 Maria,
1335 991 1425 1025 prima
1447 994 1474 1017 et
1491 990 1614 1017 secunda
1632 989 1728 1017 Lectio
1751 997 1786 1016 ex
1803 988 1875 1016 Seri-

1048 1035 1129 1066 ptura
1148 1031 1182 1057 de
1201 1031 1339 1064 Tempore
1357 1034 1532 1064 occurrente,
1556 1029 1637 1056 tertia
1654 1028 1752 1055 Lectio
1773 1031 1802 1055 et
1820 1027 1875 1055 alia

1048 1070 1140 1097 omnia
1161 1074 1217 1096 tam
1234 1070 1261 1096 in
1276 1069 1411 1096 Matutino
1429 1077 1514 1103 quam
1532 1069 1560 1095 in
1575 1068 1720 1095 Laudibus
1739 1071 1767 1095 et
1781 1067 1875 1101 Horis,

1047 1113 1078 1136 ut
1096 1110 1123 1136 in
1143 1109 1243 1135 (micio
1261 1112 1365 1135 sanctae
1383 1109 1478 1135 Mar-iae
1502 1109 1530 1135 in
1549 1107 1673 1135 Sabbato
1690 1107 1875 1142 assignantur.

1098 1149 1121 1175 5.
1143 1149 1281 1175 Dicuntur
1304 1149 1405 1174 Preces
1430 1147 1617 1174 Dominicales
1640 1146 1677 1173 ad
1699 1146 1824 1173 Primam
1847 1148 1875 1173 et

1049 1188 1275 1222 completorium,
1293 1191 1320 1214 et
1339 1187 1409 1214 fiunt
1423 1187 1561 1220 Suffragia
1578 1189 1713 1213 consueta
1729 1185 1766 1212 de
1777 1187 1875 1212 saneto

1048 1227 1162 1261 Joseph,
1176 1227 1211 1253 de
1224 1227 1368 1261 Apostolis
1381 1230 1408 1253 et
1423 1227 1457 1253 de
1471 1227 1552 1260 Pace,
1566 1230 1593 1253 et
1607 1229 1733 1260 tempore
1746 1223 1876 1264 Paschali

1048 1267 1107 1293 sola
1125 1266 1351 1293 commemoratio
1370 1266 1404 1293 de
1423 1266 1525 1299 Cruce,
1549 1269 1580 1292 ut
1603 1265 1631 1292 in
1654 1265 1778 1292 secunda
1795 1263 1876 1291 Faria

1048 1309 1111 1340 post
1126 1306 1259 1333 Octavam
1274 1306 1398 1332 Paschae.
1435 1306 1503 1332 Post
1516 1306 1626 1332 Nonam
1644 1304 1714 1331 nihil
1731 1304 1764 1331 fit
1780 1304 1817 1331 de
1833 1310 1875 1337 ea,

1048 1345 1101 1372 nisi
1119 1348 1249 1372 consueta
1273 1345 1332 1378 ejus
1354 1345 1580 1372 commemoratio
1603 1351 1668 1371 cum
1692 1343 1753 1371 aliis
1771 1342 1876 1371 Suffra-

1048 1385 1106 1418 giis,
1125 1384 1238 1419 quando
1257 1384 1374 1411 dicenda
1391 1388 1457 1411 suut
1473 1385 1502 1411 in
1521 1384 1623 1412 Officio
1641 1383 1677 1410 de
1695 1381 1850 1411 Dominica.

1187 1455 1247 1487 IX.
1271 1457 1322 1487 Dc
1345 1454 1734 1487 Commemorationibus.

1052 1514 1352 1579 commemorationes
1391 1515 1462 1541 fiunt
1497 1515 1532 1542 de
1565 1515 1656 1542 Festis
1690 1514 1875 1550 simplicibus,

1104 1554 1217 1587 quando
1240 1553 1268 1580 in
1291 1561 1388 1580 eorum
1407 1553 1505 1581 diebus
1528 1554 1624 1581 incidit
1642 1555 1756 1582 Festum
1773 1561 1875 1582 novem

1051 1593 1214 1620 Lectionum
1223 1593 1305 1619 etiam
1315 1594 1489 1628 translatum,
1495 1593 1540 1620 vel
1547 1593 1702 1627 Dominica,
1709 1593 1754 1620 vel
1761 1593 1876 1627 Octava,

1050 1633 1094 1659 vel
1112 1631 1277 1658 Sabbatum:
1301 1636 1328 1659 et
1351 1633 1464 1666 quando
1488 1633 1548 1660 fieri
1572 1633 1655 1660 debet
1673 1633 1709 1660 de
1725 1632 1820 1666 Feria,
1844 1634 1876 1659 ut

1050 1676 1170 1706 ponatur
1188 1671 1318 1698 Officium
1337 1671 1451 1706 alicujus
1469 1671 1638 1707 Dominicae,
1660 1679 1724 1707 quae
1745 1678 1779 1699 eo
1801 1677 1876 1699 anno

1050 1710 1177 1745 supersit.

1101 1751 1125 1776 2.
1145 1750 1187 1776 De
1206 1750 1292 1777 Feriis
1310 1750 1471 1784 Adventus,
1491 1750 1731 1785 Quadragesimae‚
1750 1750 1878 1785 Quatuor

1051 1790 1235 1824 Temporum‚
1255 1789 1429 1823 Vigiliarum,
1451 1793 1479 1816 et
1497 1789 1620 1816 secunda
1639 1790 1828 1824 Rogatiouum
1846 1789 1878 1817 fit

1051 1829 1290 1862 commemoratio,
1314 1829 1427 1863 quando
1451 1829 1564 1856 Festum
1586 1837 1689 1856 novem
1713 1829 1877 1857 Lectionum

1051 1868 1079 1894 in
1098 1867 1152 1894 illis
1165 1868 1251 1894 Feriis
1269 1868 1397 1895 occurrit.
1424 1868 1452 1895 Si
1466 1868 1589 1903 Simplex
1602 1869 1716 1896 Festum
1730 1869 1759 1896 in
1772 1869 1878 1896 eisdem

1052 1907 1138 1933 Feriis
1151 1911 1286 1940 occurrat,
1301 1907 1431 1934 officium
1446 1907 1477 1934 fit
1492 1908 1527 1935 de
1536 1909 1625 1943 Feria,
1639 1911 1667 1935 et
1678 1915 1879 1936 commemora-

1051 1946 1089 1973 tio
1103 1946 1138 1973 de
1152 1947 1232 1973 Festo
1246 1947 1377 1981 Simplici.

1102 1986 1125 2012 3.
1154 1986 1291 2013 Praeterea
1314 1986 1344 2012 fit
1368 1986 1596 2014 commemoratio
1624 1987 1659 2014 de
1683 1986 1838 2014 Dominicis
1861 1993 1878 2014 a

1052 2025 1215 2051 Pentecoste
1239 2033 1327 2058 usque
1352 2025 1387 2051 ad
1411 2025 1586 2060 Adventum,
1610 2030 1639 2053 et
1662 2027 1698 2054 ab
1722 2025 1878 2061 Epiphania

1052 2072 1140 2097 usque
1164 2063 1199 2090 ad
1219 2063 1469 2098 Septuagesimam,
1493 2069 1520 2091 et
1545 2073 1561 2091 a
1579 2065 1726 2093 Dominica
1750 2066 1779 2093 in
1796 2065 1878 2092 Albis

1052 2110 1140 2136 usque
1154 2103 1188 2129 ad
1201 2103 1382 2130 Pentecosten
1392 2103 1541 2138 exclusive,
1554 2105 1669 2138 quando
1679 2105 1761 2132 Festo
1774 2104 1901 2139 duplici·

1052 2142 1248 2176 impediuntur.
1285 2142 1327 2168 De
1346 2142 1406 2169 aliis
1426 2143 1580 2170 Dominicis
1604 2145 1679 2171 nulla
1705 2145 1736 2171 iit
1759 2151 1878 2172 comme-

1053 2181 1169 2207 moratio
1193 2185 1354 2208 occurrente
1374 2182 1455 2209 Festo
1474 2183 1599 2217 Duplici,
1623 2184 1689 2218 quia
1711 2184 1825 2211 Festum
1849 2183 1878 2210 in

1052 2221 1105 2247 illis
1123 2228 1272 2247 occurrens
1290 2221 1472 2255 transfertur,
1491 2226 1539 2248 aut
1559 2223 1594 2250 de
1612 2231 1646 2250 eo
1664 2223 1695 2250 fit
1712 2230 1878 2250 commemo·

1052 2260 1131 2290 ratio,
1150 2263 1179 2286 ut
1194 2259 1302 2286 dicetur
1315 2260 1343 2286 in
1357 2261 1482 2294 sequenti
1496 2262 1619 2289 Rubn'ca
1633 2262 1668 2289 de
1682 2262 1878 2290 Translatione

1053 2299 1212 2331 Festorum;
1238 2298 1290 2325 nisi
1314 2298 1382 2325 illud
1402 2300 1513 2326 Festum
1539 2301 1622 2328 fuerit
1645 2302 1806 2336 principalis
1826 2302 1878 2328 Pa-

1052 2384 1107 2403 non
1135 2380 1227 2403 autem
1257 2377 1372 2411 alicujus
1399 2378 1519 2412 Capellae
1547 2379 1591 2406 vel
1618 2380 1724 2406 Altaris
1754 2380 1878 2414 ejusdem

1055 2415 1197 2449 Ecclesiae3
1222 2419 1248 2442 et
1267 2419 1332 2442 tunc
1351 2417 1386 2443 de
1404 2417 1562 2450 hujusmodi
1581 2419 1726 2454 principali
1746 2419 1829 2446 Festo
1847 2419 1878 2445 fit

1053 2459 1159 2481 tantum
1177 2454 1204 2480 in
1222 2463 1255 2481 co
1275 2455 1336 2482 loco
1356 2456 1398 2482 vel
1417 2456 1552 2489 Ecclesia,
1576 2458 1654 2491 cujus
1678 2462 1720 2484 est
1738 2458 1878 2485 Patronus

1054 2494 1096 2520 vel
1111 2493 1221 2520 Titulus
1235 2498 1283 2520 aut
1297 2495 1452 2527 Dedicatio,
1467 2503 1530 2522 cum
1545 2498 1807 2524 commemoratione
1822 2497 1878 2524 Do-

1053 2533 1173 2565 minicae3
1183 2537 1299 2567 excepta
1309 2534 1454 2560 Dominica
1464 2535 1554 2569 prima
1566 2535 1721 2569 Adventus,
1731 2537 1879 2564 Dominica

1053 2572 1140 2605 prima
1156 2572 1389 2606 Quadragesimae,
1403 2573 1549 2600 Dominica
1565 2575 1714 2608 Passionis,
1731 2575 1878 2602 Dominica

1055 2610 1227 2643 l’almarum,
1252 2611 1397 2638 Dominica
1416 2613 1544 2646 Paschae,
1570 2614 1716 2640 Dominica
1738 2614 1766 2640 in
1789 2614 1878 2647 Albis,

1052 2657 1084 2675 ac
1104 2649 1248 2676 Dominica
1268 2650 1446 2677 Pentecostes
1467 2654 1495 2678 et
1513 2651 1701 2679 Sanctissimae
1719 2653 1878 2680 Trinitatis:

1053 2687 1080 2713 in
1099 2688 1200 2721 quibus
1224 2689 1379 2722 hujusmodi
1404 2697 1553 2717 occurrens
1571 2691 1684 2718 Festum
1709 2691 1879 2719 transfertur

1053 2726 1080 2752 in
1095 2730 1256 2761 sequentem
1279 2727 1351 2754 diem
1374 2729 1501 2756 similiter
1522 2737 1578 2756 non
1601 2730 1775 2764 impeditam:
1797 2731 1878 2758 dum-
