2080 2990
643 202 709 234 liit-
736 202 785 234 21.
812 202 894 234 dan.
942 202 975 232 δ’,
1004 200 1163 236 Agnetis
1192 199 1293 240 Yirg.
1319 205 1354 232 ct
1380 199 1485 231 Mart.

214 299 257 336 et
284 295 460 347 sperate
487 294 530 334 in
558 294 758 335 Domino.
778 294 801 320 *
824 294 951 336 Multi
979 293 1038 335 di-

213 355 330 392 cunt:
359 351 465 401 Quis
483 350 676 392 ostendit
695 350 822 392 nobis
840 350 980 392 bona?

265 407 491 458 Signatum
519 412 586 448 est
617 420 749 460 super
781 420 862 448 nos
893 407 1037 448 lumen

213 463 358 506 vultus
382 463 446 504 tui
468 463 670 505 Domine:
698 465 722 490 *
749 463 909 505 dedisti
932 463 1037 504 laeti-

213 521 320 563 tiam
338 520 381 561 in
401 519 535 561 eorde
554 532 664 562 meo.
808 566 816 570 *1

265 578 306 618 A
330 577 473 618 fructu
500 576 718 625 frumenti,
751 576 853 625 vini,
886 580 930 617 et
954 575 1040 617 olei

214 634 281 676 sui
299 635 322 661 *
340 633 617 686 multiplicati
636 636 746 673 sunt.

265 691 316 731 In
341 702 451 743 pace
478 690 522 730 in
548 688 738 741 idipsum
763 688 786 714 *
815 687 1040 737 dormiam,

215 751 259 789 et
278 746 567 798 requiescam3

267 802 482 854 Quoniam
497 806 544 843 tu
558 801 746 842 Domine
766 800 1041 851 singulariter

214 860 258 901 in
278 872 356 912 spe
375 860 398 885 *
419 858 683 900 constituisti
701 870 782 899 me.

271 922 368 960 Ant.
402 918 543 960 Induit
566 931 637 960 me
662 918 876 959 Dominus
903 918 1040 970 cycla-

216 977 271 1019 de
291 989 398 1023 auro
418 980 553 1025 texta,
574 980 617 1017 et
636 974 856 1016 immensis
875 974 1041 1016 monili-

215 1033 298 1075 bus
319 1032 490 1074 ornavit
509 1044 590 1073 me.

271 1096 367 1134 Ant.
399 1093 479 1135 Mel
503 1099 546 1135 et
569 1093 637 1135 lac
658 1105 713 1133 ex
735 1093 824 1144 ejus
851 1104 927 1133 ore
951 1105 1041 1133 sus-

217 1152 328 1203 cepi,
352 1155 396 1192 et
414 1150 590 1201 sanguis
609 1150 699 1202 ejus
720 1148 890 1190 ornavit
908 1161 1042 1199 genas

215 1220 347 1249 meas.

500 1250 695 1288 psalmus
720 1251 756 1288 Γ).

215 1301 413 1406 Verba
435 1324 533 1352 mea
557 1310 734 1351 auribus
757 1309 937 1362 percipe
956 1309 1040 1350 Do·

326 1369 458 1417 mine,
503 1369 527 1395 *
571 1366 765 1418 intellige
808 1366 1043 1407 clamorem

215 1438 372 1467 meum.

270 1481 455 1523 Intende
489 1481 586 1522 voci
619 1480 831 1522 orationis
863 1493 991 1531 meae,
1021 1483 1045 1508 *

218 1539 315 1580 Rex
333 1551 457 1579 meus
478 1542 522 1579 et
540 1538 661 1579 Deus
680 1550 813 1578 meus.

271 1594 488 1645 Quoniam
507 1593 564 1635 ad
582 1599 627 1635 te
648 1593 803 1635 orabo:
818 1595 841 1621 *
857 1593 1046 1634 Domine

218 1664 346 1692 mane
365 1650 572 1692 exaudies
591 1662 744 1691 vocem
763 1662 916 1691 meam.

271 1708 400 1748 Mane
434 1706 590 1748 astabo
622 1706 703 1748 tibi
742 1712 784 1748 et
812 1706 990 1748 videbo:
1022 1707 1046 1733 *

221 1764 428 1816 quoniam
453 1776 542 1804 non
567 1764 687 1804 Deus
714 1762 867 1805 volens
893 1763 1046 1816 iniqui-

170 1837 171 1841 *
220 1823 358 1863 tatem
378 1826 427 1862 tu
446 1833 503 1861 es.

271 1877 428 1929 Neque
459 1875 679 1918 habitabit
709 1877 829 1928 juxta
856 1880 900 1918 te
928 1877 1046 1918 mali-

221 1947 346 1985 gnus:
361 1935 385 1961 *
400 1946 542 1985 neque
560 1933 880 1985 permanebunt
899 1933 1046 1986 injusti

222 1995 322 2031 ante
341 1990 493 2031 oculos
513 1994 624 2031 tuos.

275 2046 419 2087 Odisti
440 2058 602 2095 omnes,
622 2045 695 2097 qui
715 2049 953 2098 operantur
970 2047 1046 2088 ini-

224 2102 451 2154 quitatem:
470 2103 493 2127 *
512 2102 672 2155 perdes
699 2115 867 2154 omnes,
893 2104 966 2155 qui
986 2103 1047 2145 lo·

224 2162 415 2211 quantur
433 2159 718 2200 mendacium.

276 2216 432 2257 Virum
468 2216 727 2265 sanguinum
765 2221 808 2257 et
845 2216 1049 2257 dolosum

224 2271 548 2314 abominabitur
573 2272 801 2314 Dominus:
824 2273 847 2298 *
871 2285 952 2324 ego
977 2285 1048 2314 au-

223 2334 313 2370 tem
344 2328 388 2369 in
422 2328 701 2370 multitudine
734 2329 1048 2371 misericordiae

224 2391 323 2427 tuae.

276 2441 475 2483 Introibo
502 2442 546 2482 in
573 2440 749 2482 domum
774 2446 908 2483 tuam:
927 2443 951 2468 *
977 2442 1048 2483 ad-

226 2498 364 2540 orabo
391 2497 447 2539 ad
471 2497 685 2550 templum
709 2503 908 2539 sanctum
927 2504 1051 2540 tuum

225 2555 269 2597 in
288 2554 447 2596 timore
467 2560 554 2595 tuo.

277 2611 465 2652 Domine
485 2610 628 2652 deduc
643 2622 712 2651 me
726 2610 769 2651 in
784 2611 948 2662 justitia
962 2616 1051 2652 tua:

226 2670 250 2695 *
268 2673 451 2721 propter
475 2667 674 2708 inimicos
698 2679 821 2708 meos
847 2666 985 2719 dirige
1008 2668 1051 2708 in

226 2726 467 2778 conspectu
483 2729 560 2766 tuo
579 2724 694 2765 viam
710 2736 862 2766 meam.

1142 294 1358 344 Quoniam
1385 307 1473 335 non
1501 298 1568 336 est
1594 294 1639 335 in
1663 306 1739 335 ore
1765 295 1918 334 eorum

1091 350 1268 391 veritas:
1285 351 1308 376 *
1328 363 1404 392 cor
1424 354 1575 393 eorum
1595 363 1754 391 vanum
1774 354 1851 391 est.

1142 406 1429 459 Sepulchrum
1466 412 1623 460 patens
1664 411 1731 448 est
1765 410 1916 458 guttur

1093 465 1255 513 eorum,
1271 463 1430 515 linguis
1446 464 1535 505 suis
1550 462 1703 505 dolose
1719 462 1916 514 agebant,

1092 521 1115 545 ¹⁸¹
1135 519 1278 571 judica
1297 520 1396 561 illos
1417 520 1547 561 Deus.

1143 576 1362 617 Decidant
1395 589 1420 617 a
1448 574 1787 628 cogitationibus
1815 574 1916 626 suis,

1093 632 1334 674 secundum
1367 632 1693 674 multitudinem
1719 631 1916 684 impieta-

1092 694 1186 730 tum
1203 691 1354 731 eorum
1375 689 1544 742 expelle
1560 701 1647 739 eos,
1666 689 1690 714 *
1711 687 1918 740 quoniam

1092 746 1373 787 irritaverunt
1391 751 1436 787 te
1453 746 1653 787 Domine.

1144 803 1200 843 Et
1218 802 1422 844 laetentur
1443 815 1613 852 omnes,
1642 801 1716 853 qui
1740 803 1919 853 sperant

1093 858 1138 899 in
1152 863 1208 908 te,
1226 859 1249 884 *
1269 859 1314 899 in
1330 861 1545 901 aeternum
1561 856 1857 901 exsultabunt:
1876 860 1920 897 et

1093 915 1314 957 habitabis
1334 915 1378 956 in
1399 916 1471 957 eis.

1145 972 1202 1013 Et
1221 971 1524 1023 gloriabuntur
1543 971 1587 1011 in
1602 974 1647 1011 te
1662 982 1825 1019 omnes,
1846 969 1920 1021 qui

1097 1028 1283 1080 diligunt
1309 1041 1469 1070 nomen
1496 1032 1639 1077 tuum,
1662 1026 1686 1051 *
1714 1026 1921 1078 quoniam

1096 1090 1144 1127 tu
1162 1084 1397 1127 benedices
1416 1085 1540 1137 justo.

1147 1142 1347 1191 Domine,
1365 1146 1414 1183 ut
1433 1146 1559 1182 scuto
1576 1140 1708 1182 bonae
1723 1138 1920 1180 volunta-

1096 1198 1153 1239 tis
1171 1203 1260 1239 tuae
1278 1198 1302 1224 *
1322 1197 1546 1239 coronasti
1563 1209 1655 1238 nos.

1152 1267 1247 1306 Ant.
1277 1263 1362 1305 Mel
1385 1268 1429 1305 et
1453 1262 1522 1304 lac
1546 1275 1600 1303 ex
1624 1262 1715 1314 ejus
1735 1273 1811 1302 ore
1830 1272 1921 1301 sus-

1098 1320 1209 1372 cepi,
1232 1325 1276 1361 et
1294 1319 1470 1370 sanguis
1490 1320 1580 1371 ejus
1599 1317 1771 1360 ornavit
1789 1328 1922 1367 genas

1097 1389 1229 1418 meas.

1148 1445 1247 1484 Ant.
1283 1440 1374 1493 Ipsi
1399 1439 1482 1481 soli
1508 1451 1636 1480 servo
1662 1437 1812 1487 fidem,
1838 1437 1924 1489 ipsi

1097 1510 1167 1540 mc
1186 1503 1282 1540 tota
1301 1496 1535 1539 devotione
1555 1497 1793 1537 committo.

1382 1580 1579 1619 psalmus
1610 1580 1645 1618 8.

1099 1647 1328 1752 Domine
1347 1649 1562 1690 Dominus
1579 1653 1740 1697 noster,
1754 1649 1778 1674 *
1795 1660 1926 1700 quam

1203 1705 1458 1747 admirabile
1479 1710 1544 1747 est
1563 1717 1722 1746 nomen
1740 1709 1863 1746 tuum
1881 1704 1926 1745 in

1098 1763 1299 1805 universa
1319 1761 1452 1804 terra!

1152 1819 1367 1869 Quoniam
1382 1818 1551 1860 elevata
1569 1822 1635 1859 est
1651 1817 1925 1869 magnificen-

1098 1876 1159 1918 tia
1177 1881 1262 1926 tua,
1282 1878 1305 1903 *
1325 1888 1456 1928 super
1476 1874 1624 1916 coelos.

1151 1933 1218 1973 Ex
1247 1945 1323 1974 ore
1350 1931 1579 1973 infantium
1606 1935 1649 1972 et
1674 1930 1927 1972 lactentium

1099 1988 1321 2042 perfecisti
1361 1987 1535 2029 laudem
1571 1992 1755 2039 propter
1790 1986 1925 2027 inimi-

1101 2058 1177 2087 cos
1205 2051 1324 2095 tuos,
1352 2045 1375 2071 *
1403 2049 1450 2086 ut
1479 2044 1678 2086 destruas
1706 2042 1927 2084 inimicum

1101 2107 1144 2144 et
1162 2101 1360 2143 ultorem.

1155 2158 1369 2208 Quoniam
1414 2156 1573 2198 videbo
1623 2154 1762 2197 coelos
1810 2159 1926 2205 tuos,

1102 2218 1238 2268 opera
1265 2214 1501 2265 digitorum
1524 2214 1715 2254 tuorum:
1734 2212 1758 2237 *
1780 2210 1927 2252 lunam

1102 2277 1145 2314 et
1165 2270 1324 2320 stellas,
1346 2282 1443 2322 quae
1462 2274 1510 2310 tu
1528 2267 1729 2310 fundasti.

1153 2326 1268 2378 Quid
1293 2332 1359 2368 est
1382 2325 1526 2374 homo,
1556 2323 1675 2377 quod
1693 2336 1861 2365 memor
1880 2336 1927 2365 es

1103 2382 1216 2436 ejus?
1237 2384 1260 2409 *
1280 2387 1354 2424 aut
1373 2382 1486 2423 filius
1505 2380 1702 2430 hominis,
1723 2379 1927 2432 quoniam

1102 2441 1254 2482 visitas
1275 2437 1394 2481 eum?

1153 2496 1346 2538 Minuisti
1382 2507 1481 2536 eum
1523 2493 1654 2546 paulo
1693 2492 1834 2534 minus
1871 2492 1926 2534 ab

1102 2552 1298 2605 Angelis,
1330 2550 1468 2603 gloria
1496 2555 1539 2592 et
1561 2550 1728 2591 honore
1748 2550 1927 2591 corona-

1103 2610 1160 2652 sti
1187 2622 1300 2651 eum:
1325 2609 1349 2634 *
1374 2613 1417 2649 et
1445 2606 1706 2649 constituisti
1734 2618 1833 2647 eum
1861 2618 1927 2647 su-

1103 2679 1182 2720 per
1202 2668 1337 2718 opera
1359 2666 1565 2705 manuum
1584 2665 1768 2705 tuarum.

1156 2722 1312 2766 Omnia
1358 2720 1579 2773 subjecisti
1619 2719 1700 2761 sub
1742 2717 1927 2771 pedibus
