2040 2990
618 220 685 254 Die
710 222 738 254 13.
764 221 851 255 Dec
899 224 932 256 S.
960 223 1151 257 Francisci
1179 223 1339 258 Xaverii
1364 225 1471 258 Conf.

194 317 370 358 Patrem
388 319 596 365 vestrum,
622 315 694 367 qui
718 316 762 356 in
787 315 910 357 coelis
935 320 1014 357 est:

195 373 273 415 sed
293 378 340 414 ut
358 385 438 425 per
457 372 556 422 hoc,
583 371 702 423 quod
721 372 902 422 agimus,
927 372 1014 413 lau-

196 429 273 471 des
303 428 492 471 exterius
519 441 606 470 non
635 430 893 480 quaeramus.
945 429 1014 470 Sic

195 491 339 527 autem
366 485 422 526 sit
447 498 557 537 opus
581 485 626 525 in
643 484 839 537 publico,
868 487 1014 537 quate-

193 555 274 583 nus
292 542 476 583 intentio
496 543 669 583 maneat
693 541 737 581 in
755 541 944 582 occulto:
967 547 1016 584 ut

196 604 239 640 et
271 599 325 640 de
356 598 473 640 bono
507 599 641 650 Opere
667 597 877 649 preximis
905 610 1014 650 prae-

192 655 375 696 beamus
404 654 666 706 exemplum,
695 659 738 695 et
764 659 909 695 tamen
935 667 1015 706 per

192 711 494 760 intenti6nem‚
521 723 606 762 qua
624 711 721 751 Deo
741 710 823 751 soli
840 710 1015 762 placere

195 768 441 821 quaerimuS‚
486 780 658 820 semper
704 768 906 820 optemus
951 780 1014 809 se-

192 827 369 867 cretum.

246 885 294 935 R:-
329 880 475 922 Media
510 884 638 921 nocte
675 880 839 921 clamor
874 880 1014 922 factus

194 942 275 979 est:
306 943 326 963 *
353 938 470 979 Ecce
506 949 692 990 sponsus
728 936 863 987 venit,
900 939 1014 979 exite

193 994 367 1036 Obviam
387 994 436 1035 ei.
476 993 520 1043 Y.
538 993 781 1035 Prudentes
799 993 1013 1044 Virgines,

193 1053 343 1103 aptate
383 1055 554 1092 vestras
593 1049 831 1103 lampades.
888 1050 1014 1092 Ecce.

195 1108 345 1149 (ileria
362 1107 493 1149 Patri.
519 1107 645 1148 Ecce.

492 1173 643 1214 Lectio
665 1175 716 1214 ix.

267 1224 479 1265 hesaurus
499 1228 643 1265 autem
663 1224 841 1266 coeleste
862 1229 928 1266 est
943 1224 1014 1267 de-

275 1280 495 1322 siderium:
511 1293 614 1332 ager
629 1293 745 1330 vero,
760 1281 804 1321 in
821 1293 908 1333 quo
923 1280 1013 1323 the-

191 1341 346 1379 saurus
362 1337 659 1387 absconditur,
679 1337 908 1390 disciplina
927 1341 1013 1379 stu-

192 1394 251 1435 dii
266 1394 470 1435 coelestis.
495 1394 635 1444 Quem
649 1394 848 1446 profecto
864 1407 1014 1445 agrum

191 1450 379 1492 venditis
416 1450 618 1492 omnibus
655 1452 896 1503 comparat,
941 1451 1014 1503 qui

191 1506 491 1559 voluptatibus
500 1507 642 1548 carnis
651 1507 913 1558 renuntians,
921 1520 1014 1549 cun-

192 1568 261 1605 cta
277 1576 355 1604 sua
373 1565 545 1604 terrena
563 1563 777 1605 desideria
791 1577 871 1616 per
887 1563 1013 1606 disci-

191 1620 322 1672 plinae
353 1620 544 1661 coelestis
580 1619 825 1661 custodiam
859 1620 1013 1663 calcat:

190 1680 239 1717 ut
260 1675 364 1716 nihil
390 1677 488 1728 jam,
514 1676 632 1728 quod
657 1689 758 1718 caro
782 1676 1012 1727 blanditur,

190 1731 337 1782 libeat;
364 1732 470 1773 nihil
498 1732 618 1785 quod
643 1733 861 1775 carnalem
879 1734 1012 1775 vitam

190 1788 388 1839 trucidat,
411 1789 590 1842 spiritus
608 1788 922 1842 perhorrescat.

244 1848 304 1886 Te
324 1846 466 1887 Deum
485 1845 723 1888 laudamus.
743 1847 801 1886 14.

235 1899 282 1936 'ln
306 1904 419 1938 Laud.
439 1907 477 1939 tit
497 1907 652 1940 comem.
670 1907 748 1941 Fer.
769 1909 804 1942 in
825 1910 1010 1945 Adventu.

248 1952 427 1994 vesperae
466 1953 511 1986 dc
552 1965 655 1996 sequ.
694 1966 777 1989 cum
818 1968 1010 1993 commem.

195 2008 304 2039 praec.
330 2004 365 2033 et
390 2000 519 2034 Furiae.

391 2079 474 2120 Die
492 2081 529 2121 3.
547 2080 814 2123 Decembris.

252 2137 294 2178 S.
319 2138 574 2180 Francisci
597 2140 805 2182 xaverii
831 2139 950 2180 Conf.

519 2194 680 2237 Duplex.

245 2246 379 2278 Omnia
399 2246 444 2279 dc
460 2245 658 2281 Communi
674 2248 917 2286 Cont'essoris
934 2263 1008 2287 non

192 2293 388 2327 l'ontiiicis
406 2294 474 2338 [67]
502 2301 640 2336 practer
658 2307 761 2340 sequ.

524 2345 686 2387 Oratio.

191 2397 371 2503 Deus,
407 2402 480 2455 qui
504 2402 727 2444 Indiarum
750 2404 914 2448 Gentes
939 2406 1010 2449 be-

291 2459 351 2500 ati
378 2459 599 2501 Francisci
626 2460 939 2512 praedicatione
968 2469 1011 2505 et

188 2514 409 2556 miraculis
429 2515 639 2557 Ecclesiae
661 2521 749 2557 tuae
773 2522 1010 2571 aggregare

189 2570 380 2612 voluisti:
404 2571 595 2613 concede
613 2573 844 2625 propitius;
869 2581 916 2617 ut
941 2589 1009 2618 cu-

188 2627 253 2679 jus
267 2626 459 2678 gloriosa
474 2628 629 2669 merita
644 2631 910 2680 veneramur,
929 2633 1009 2672 vir-

188 2686 331 2725 tutum
357 2697 531 2737 quoque
561 2685 777 2726 imitemur
801 2688 1009 2741 exempla.

188 2740 272 2782 Per
292 2741 535 2782 Dominum.

1124 318 1270 352 Deinde
1296 329 1488 362 commem.
1514 320 1548 355 S.
1574 320 1756 355 Bibianae.

1122 371 1219 411 Ant.
1245 369 1351 410 Veni
1369 382 1532 422 sponsa
1547 370 1717 422 Christi,
1737 371 1887 424 accipe

1067 426 1286 475 corenam,
1306 438 1436 477 quarn
1453 426 1533 470 tibi
1549 427 1762 469 Deminus
1777 441 1888 481 prae-

1067 481 1238 532 paravit
1256 481 1299 521 in
1319 483 1539 524 aeternum.

1121 531 1170 583 V.
1203 537 1374 579 Diffusa
1410 544 1476 580 est
1511 540 1648 591 gratia
1684 540 1728 581 in
1758 539 1886 583 labiis

1067 593 1166 634 tuis.
1225 595 1274 645 Rv.
1307 595 1548 647 Propterea
1584 595 1807 639 benedixit
1842 601 1887 639 te

1066 649 1186 691 Deus
1209 650 1252 691 in
1277 653 1497 692 aeternum.

1120 708 1280 749 Oratio.
1308 709 1426 749 Deus
1447 707 1649 750 Omnium.
1667 709 1762 751 366.

1119 769 1259 804 Postea
1285 770 1331 805 de
1356 771 1477 806 Fcria.

1119 822 1161 856 In
1195 822 1218 856 I.
1250 823 1446 858 Nocturno
1479 824 1680 859 Lectiones
1713 826 1759 860 de
1791 826 1888 861 Scri-

1070 876 1178 913 ptura
1203 877 1433 907 occurrente.

1289 929 1338 968 In
1364 931 1414 969 ΙΙ.
1442 931 1663 971 Nocturno.

1367 991 1516 1032 Lectio
1536 992 1587 1032 iv.

1118 1099 1124 1105 q·
1142 1067 1160 1102 >3
1175 1051 1402 1091 ranciscus
1417 1050 1461 1090 in
1475 1050 1669 1093 Xaverio
1684 1051 1886 1093 dioecesis

1070 1118 1072 1127 ·
1146 1104 1171 1147 '‘j-⁴
1200 1105 1557 1158 Pampelonensis
1577 1107 1794 1149 nobilibus
1811 1121 1885 1161 pa-

1076 1128 1078 1130 *
1119 1136 1125 1146 ,Δ
1138 1134 1157 1141 μ.

1071 1147 1079 1151 ’·
1106 1142 1176 1178 24«

1093 1171 1176 1189 ἐξ
1200 1162 1396 1203 rentibus
1421 1168 1565 1214 natus,
1591 1164 1768 1205 Parisiis
1792 1177 1886 1206 san-

1067 1223 1138 1260 cto
1157 1219 1331 1273 Ignatio
1355 1232 1451 1262 sese
1470 1220 1675 1262 comitem
1696 1225 1740 1262 et
1763 1220 1888 1263 disci-

1066 1276 1216 1328 pulum
1251 1276 1398 1327 junxit.
1447 1277 1552 1330 Ipso
1588 1279 1798 1329 magistro
1834 1290 1888 1319 eo

1065 1331 1189 1374 brevi
1207 1331 1399 1383 devenit,
1424 1337 1472 1374 ut
1496 1333 1540 1374 in
1562 1346 1708 1375 rerum
1726 1333 1887 1376 divina-

1065 1401 1162 1429 rum
1177 1388 1546 1442 contemplati6ne
1561 1389 1742 1440 defixus,
1763 1403 1789 1432 a
1805 1395 1887 1432 ter-

1065 1457 1113 1485 ra
1141 1444 1377 1498 aliquando
1404 1445 1601 1487 sublimis
1630 1446 1889 1488 elevaretur:

1067 1501 1186 1554 quod
1205 1501 1267 1542 illi
1286 1501 1550 1544 sacrificanti
1568 1515 1718 1544 coram
1735 1503 1889 1556 populi

1065 1557 1340 1600 multitudine
1359 1558 1590 1610 aliquoties
1610 1559 1764 1601 evenit.
1794 1559 1888 1602 Has

1066 1614 1196 1655 animi
1216 1614 1393 1656 delicias
1416 1616 1583 1666 magnis
1603 1615 1669 1656 sui
1688 1616 1887 1669 corporis

1065 1670 1328 1712 cruciatibus
1344 1671 1604 1713 merebatur.
1631 1671 1745 1713 Nam
1759 1672 1887 1715 inter-

1065 1726 1183 1768 dicto
1200 1726 1293 1777 sibi,
1313 1740 1401 1768 non
1416 1728 1557 1769 carnis
1573 1728 1717 1769 solum
1731 1733 1775 1771 et
1789 1729 1887 1780 vini,

1065 1782 1143 1825 sed
1161 1784 1285 1836 panis
1306 1796 1482 1836 quoque
1501 1784 1660 1826 triticei
1677 1797 1773 1836 usu,
1796 1785 1886 1827 vili-

1064 1839 1146 1881 bus
1166 1839 1273 1881 cibis
1288 1841 1406 1882 vesci
1425 1840 1589 1891 solitus,
1609 1854 1688 1894 per
1706 1840 1887 1883 biduum

1064 1895 1249 1938 subinde
1268 1895 1547 1949 triduumque
1567 1898 1685 1939 omni
1705 1910 1886 1951 prorsus

1064 1952 1269 1995 alimento
1302 1952 1522 1995 abstinuit.
1562 1954 1734 1996 Ferreis
1763 1955 1807 1995 in
1838 1967 1886 1997 se

1064 2009 1246 2060 flagellis
1269 2009 1329 2051 ita
1352 2010 1508 2060 saeviit,
1533 2016 1581 2052 ut
1600 2023 1718 2064 saepe
1738 2011 1885 2064 copio-

1064 2078 1113 2107 so
1134 2067 1289 2107 cruere
1314 2065 1548 2117 difflueret3
1572 2080 1771 2108 somnum
1789 2067 1883 2110 bre-

1063 2122 1286 2163 vissimum
1304 2123 1423 2164 humi
1442 2123 1586 2175 jacens
1605 2123 1825 2177 carpebat.

1117 2181 1166 2232 R'·
1191 2179 1440 2220 Honestum
1466 2179 1571 2222 fecit
1597 2179 1718 2222 illum
1736 2180 1884 2222 Demi-

1062 2248 1154 2286 nus,
1179 2239 1222 2277 et
1241 2235 1479 2277 custodivit
1498 2248 1597 2278 eum
1616 2236 1672 2278 ab
1690 2237 1884 2289 inimicis,

1064 2296 1106 2333 et
1133 2305 1159 2333 a
1185 2291 1490 2334 seductoribus
1516 2293 1675 2347 tutavit
1699 2293 1837 2335 illum:
1861 2299 1883 2323 *

1063 2348 1118 2390 Et
1145 2347 1268 2390 dedit
1297 2348 1359 2390 illi
1387 2349 1632 2391 claritatem
1663 2351 1884 2392 aeternam.

1067 2403 1114 2452 V.
1130 2405 1154 2446 J
1156 2409 1301 2447 ustum
1316 2405 1498 2447 deduxit
1512 2406 1604 2447 Dfis
1619 2418 1698 2459 per
1711 2407 1803 2448 vias
1819 2420 1883 2449 re-

1063 2466 1165 2512 ctas,
1180 2466 1224 2503 et
1239 2461 1431 2503 ostendit
1444 2462 1506 2503 issi
1517 2475 1697 2514 regnum
1709 2463 1802 2506 Dei.
1816 2464 1882 2507 Et.

1368 2520 1519 2562 Lectio
1540 2536 1575 2561 v.

1064 2570 1228 2677 Vitae
1268 2579 1522 2620 austeritate
1562 2592 1614 2621 ac
1654 2580 1882 2623 sanctitate

1169 2634 1414 2686 apostolico
1440 2636 1607 2676 muneri
1634 2636 1718 2688 jam
1744 2640 1880 2678 matu-

1061 2702 1145 2739 rus,
1164 2703 1262 2732 cum
1276 2690 1300 2730 J
1302 2692 1464 2732 oannes
1479 2692 1631 2733 tertius
1645 2691 1880 2734 Lusitaniae

1061 2759 1136 2788 rex
1157 2746 1325 2798 aliquot
1347 2748 1562 2789 nascentis
1581 2748 1804 2791 societatis
1822 2748 1879 2790 vi-
