2080 2990
484 216 553 249 Die
581 215 627 248 13.
656 216 759 248 Febr.
807 217 840 249 S.
866 215 1040 257 Gregorii
1068 215 1110 249 ll.
1138 216 1251 258 l'aipae
1276 220 1310 249 et
1335 216 1440 249 Cous,

127 309 239 351 male
264 308 481 361 jejunium,
512 309 596 360 jam
622 307 725 349 olim
749 288 804 350 ab
828 308 945 361 Apo-

129 366 251 407 stolis
265 364 483 414 traditum,
493 377 608 406 novo
625 363 768 406 edicto
783 370 944 406 restau-

128 425 262 472 rasse3
295 435 346 464 ac
378 420 609 462 mandasse
642 426 690 462 ut
722 421 765 461 in
799 421 945 463 Natali

128 479 302 520 Demini
339 483 534 520 sanctum
564 477 711 518 Missae
745 477 944 519 sacrifici-

127 548 201 576 um
218 540 284 577 ter
306 534 612 583 celebraretur,
638 532 780 575 media
806 538 944 583 nocte,

128 591 404 633 illucescente
434 592 607 639 autera,
635 589 743 631 hora
773 588 946 631 demum

128 648 256 690 tertia
279 652 382 700 post
407 647 511 688 solis
536 651 692 695 ortum;
719 650 763 687 et
791 647 944 687 consti-

128 706 262 746 tuisse
292 710 340 746 ut
367 716 503 745 sacrae
526 702 733 753 Liturgiae
760 702 947 754 hymnus

129 760 361 811 angelicus,
388 759 537 801 Gloria
565 759 608 799 in
639 759 820 799 excelsis
840 759 946 808 Deo,

130 815 372 858 adderetur.
428 819 475 869 Ιῇ.
503 814 789 857 Desiderium.
813 816 890 856 22*

433 874 582 914 Lectio
604 872 654 911 vi.

213 930 373 972 dixisse
393 942 567 982 quoque
585 942 639 970 ne
659 927 909 970 sacerdotes
924 942 949 969 a

228 986 394 1040 pepulo
423 987 719 1037 arguerentur,
747 991 794 1026 ut
822 985 949 1026 subli-

130 1045 212 1085 mis
251 1042 415 1084 ordinis
456 1041 653 1093 dignitati
694 1041 950 1083 consuleret.

132 1099 414 1142 Ordinatione
461 1098 750 1151 quadruplici,
802 1110 950 1139 mense

131 1155 372 1205 Decembri,
388 1155 551 1197 creavit
562 1154 843 1208 presbyteros
854 1153 952 1196 duo-

132 1211 288 1261 decim,
320 1211 529 1254 diaconos
562 1216 681 1261 octo,
719 1213 951 1263 episcopos

130 1267 340 1311 tredecim
372 1281 451 1321 per
482 1267 654 1309 diversa
681 1268 789 1309 loca.
844 1267 951 1308 Cum

133 1330 277 1367 autem
306 1324 350 1365 in
376 1323 662 1377 propaganda
687 1323 774 1365 fide
802 1322 950 1364 arden-

133 1382 323 1423 tissimus
355 1386 486 1430 esset,
520 1393 569 1422 ac
601 1379 785 1433 proinde
815 1379 951 1420 idolo-

133 1451 228 1479 rum
259 1436 559 1479 sacerdotibus
586 1437 766 1486 invisus,
799 1440 952 1488 captus

131 1493 308 1536 tandem
330 1494 485 1546 capitis
512 1492 780 1535 abscissione
797 1494 951 1543 marty-

132 1551 244 1592 rium
264 1550 580 1592 consummavit
597 1549 737 1591 Nonis
752 1549 776 1589 J
778 1548 952 1598 aunarii,

135 1612 179 1648 et
203 1608 293 1659 ejus
319 1619 479 1659 corpus
504 1606 547 1647 in
569 1606 783 1648 Vaticano
811 1604 951 1657 sepul-

134 1668 227 1704 tum
247 1668 324 1704 est.
368 1664 419 1715 Ην.
452 1662 573 1705 Stola
591 1661 879 1714 jucunditatis.

189 1725 232 1760 In
262 1725 326 1759 III.
356 1724 464 1759 Noct.
496 1723 637 1757 Homil.
671 1723 708 1756 in
738 1722 880 1763 Evang.
915 1721 954 1755 Si

135 1772 222 1817 quis
250 1772 333 1807 vult
361 1776 451 1816 post
479 1782 539 1807 me
568 1771 707 1807 venire.
743 1770 789 1803 de
822 1770 957 1803 codem

139 1820 338 1856 Communi
361 1820 391 1854 2.
416 1821 511 1854 loco.

188 1874 231 1907 In
256 1873 489 1914 Quadrata&
513 1871 643 1905 Lectio
672 1870 716 1903 ix.
745 1869 790 1902 dc
820 1869 956 1902 Homil.

141 1927 175 1955 et
200 1931 392 1955 commem.
418 1920 550 1954 Fcrizc.

339 2004 421 2045 Die
441 2004 498 2044 13.
516 2001 750 2044 Februarii.

176 2071 218 2113 S.
244 2070 469 2122 Gregorii
492 2071 553 2112 11.
581 2069 713 2118 Papae
739 2071 781 2106 et
806 2064 925 2105 Conf.

468 2131 630 2174 Duplex.

192 2191 326 2225 Omnia
375 2190 421 2223 dc
466 2186 668 2222 Communi
715 2180 959 2219 Confessoi·is

142 2239 348 2275 Pontificis,
373 2242 512 2280 praetcr
536 2246 641 2277 sequ.

194 2287 334 2321 Oratio.
358 2286 414 2321 Da
438 2286 667 2329 quaesumus.

193 2335 234 2368 In
264 2334 290 2368 Ι.
322 2334 519 2368 Nocturno
558 2329 756 2363 Lectiones
788 2326 833 2360 dc
866 2326 961 2359 Scri-

143 2388 253 2426 ptura
283 2384 512 2416 occurrente.
559 2378 600 2411 'ln
632 2377 820 2417 Ouzidrag.
846 2375 955 2410 Fide-

138 2431 186 2465 lis
215 2440 350 2465 sermo.
383 2429 428 2462 dc
446 2428 578 2461 eodeni
597 2424 794 2458 Communi
822 2423 848 2456 1.
865 2423 960 2455 loco.

370 2499 419 2538 In
441 2498 492 2537 11.
516 2497 737 2536 Nocturno.

443 2562 595 2603 Lectio
617 2561 666 2600 iv.

152 2648 160 2674 ξ
181 2633 218 2684 ’κ
225 2624 469 2680 regorius
509 2622 633 2674 hujus
674 2619 857 2662 neminis
894 2630 956 2659 se-

148 2680 161 2732 [
176 2681 193 2733 55,
260 2707 267 2734 ς
289 2678 476 2728 candus,
514 2679 688 2720 natione
723 2676 957 2723 Romanus,

164 2737 166 2740 ’
187 2738 191 2741 ’
290 2740 415 2789 patre
433 2734 650 2783 Marcello,
670 2744 780 2774 anno
801 2729 958 2772 Christi

996 309 1377 361 septingentesimo
1427 309 1596 352 decimo
1648 314 1813 362 quarto,

996 364 1180 407 mirabili
1198 367 1331 407 totius
1355 366 1457 407 cleri
1478 371 1520 407 et
1542 366 1695 418 populi
1715 379 1813 407 con-

998 421 1160 470 cordia,
1180 421 1236 463 ad
1255 425 1502 474 supremum
1520 422 1729 464 Ecclesiae
1749 435 1814 464 ca-

997 477 1171 519 tholicae
1203 478 1501 530 pontificatum
1534 481 1709 520 evectus
1738 483 1814 520 est.

996 534 1081 575 Hic
1105 547 1130 574 a
1153 534 1339 586 pueritia
1363 534 1508 576 divino
1535 534 1669 576 cultui
1695 533 1813 575 addi-

998 597 1092 633 ctus
1135 590 1178 630 in
1213 590 1493 632 Lateranensi
1536 590 1814 642 patriarchio⁷

997 647 1077 689 sub
1093 646 1211 688 beati
1225 647 1362 696 sergii
1377 647 1513 687 oculis
1529 651 1572 687 et
1589 646 1815 698 disciplina

997 706 1180 751 vixerat,
1212 702 1468 744 subdiaconi
1492 703 1692 755 primum,
1724 708 1816 744 tum

999 759 1211 800 sacellarii
1229 762 1406 800 munere
1425 759 1606 800 functus.
1632 758 1736 799 Mox
1754 758 1814 799 bi-

999 815 1229 857 bliothecae
1248 828 1351 856 cura
1370 814 1429 855 illi
1451 813 1629 863 credita,
1656 813 1710 855 ad
1730 814 1814 855 dia-

1002 874 1182 913 conatus
1214 871 1389 912 tandem
1421 870 1617 912 Ordinem
1646 873 1816 922 promo-

1000 934 1080 978 tus,
1099 929 1141 968 in
1158 928 1319 978 regiam
1333 927 1494 976 urbem,
1512 939 1597 967 una
1612 940 1709 968 cum
1725 939 1815 967 san-

1002 985 1193 1026 ctissimo
1218 985 1338 1036 Papa
1366 985 1649 1025 Constantino
1677 983 1815 1034 profe-

1002 1046 1096 1083 ctus
1112 1046 1189 1082 est.
1216 1040 1285 1081 Ibi
1300 1040 1354 1082 ab
1369 1041 1630 1092 imperatore
1646 1038 1700 1080 de
1714 1051 1816 1079 non-

1001 1097 1127 1138 m'sslis
1152 1096 1366 1149 capitibus
1389 1097 1693 1146 interrogatus,
1721 1108 1818 1135 cum

1002 1156 1223 1195 sacrarum
1256 1153 1497 1194 litterarum
1531 1151 1818 1204 peritissimus

1003 1215 1134 1259 esset,
1180 1215 1223 1250 et
1270 1208 1640 1250 constantissimus
1676 1220 1819 1248 rerum

1003 1266 1393 1308 ecclesiasticarum
1413 1264 1628 1313 defensor,
1655 1263 1819 1315 eptima

1004 1328 1047 1364 et
1078 1322 1291 1364 cathelica
1320 1320 1604 1374 responsione
1636 1319 1819 1371 principi

1004 1379 1220 1421 satisfecit.

1060 1437 1110 1487 Rg.
1131 1435 1279 1476 Inveni
1302 1432 1446 1475 David
1473 1445 1644 1473 servum
1666 1444 1819 1480 meum,

1005 1492 1103 1534 oleo
1128 1496 1277 1532 sancto
1301 1502 1399 1531 meo
1424 1489 1526 1530 unxi
1551 1501 1661 1529 eum:
1691 1490 1711 1513 *
1732 1487 1818 1528 Ma-

1004 1562 1083 1590 nus
1100 1548 1213 1589 enim
1226 1560 1322 1588 mea
1338 1544 1611 1587 auxiliabitur
1630 1539 1739 1590 eLY.
1755 1543 1821 1584 Ni-

1004 1605 1064 1646 hil
1088 1603 1290 1657 proficiet
1314 1602 1510 1643 inimicus
1535 1601 1578 1640 in
1605 1613 1675 1649 eo,
1708 1605 1750 1641 et
1776 1600 1820 1639 fi-

1005 1661 1087 1702 lius
1104 1659 1342 1711 iniquitatis
1361 1671 1449 1699 non
1467 1655 1641 1699 nocebit
1660 1657 1709 1698 ei.
1735 1655 1821 1696 Ma-

1006 1732 1085 1759 nus
1105 1717 1228 1759 enim.

1318 1771 1467 1812 Lectio
1488 1784 1524 1808 v.

1098 1828 1187 1870 rbis
1216 1827 1375 1868 mo'enia
1400 1829 1550 1867 contra
1573 1822 1821 1874 Longobar-

1110 1884 1265 1926 dorum
1292 1881 1569 1924 excursiOnes
1597 1879 1741 1930 aliqua
1769 1891 1822 1919 ex

1006 1946 1130 1994 parte
1154 1939 1381 1992 reparavit.
1418 1937 1598 1988 Aliquot
1621 1934 1822 1977 basilicas

1007 2000 1253 2050 temporum
1283 1993 1434 2046 injuria
1461 1992 1675 2044 collapsas
1703 1992 1821 2032 resti-

1007 2054 1098 2095 tuit.
1150 2051 1327 2094 Urbana
1351 2048 1613 2090 monasteria
1635 2047 1725 2088 fere
1751 2045 1821 2087 de-

1008 2112 1139 2159 serta,
1174 2114 1216 2150 et
1249 2105 1488 2148 monachos
1523 2104 1566 2144 in
1599 2102 1823 2156 pristinam

1007 2167 1189 2208 formam
1238 2168 1282 2205 et
1333 2160 1603 2214 disciplinam
1647 2158 1822 2209 redegit.

1007 2223 1101 2263 Imo
1121 2225 1223 2274 post
1235 2223 1422 2260 mortem
1440 2217 1651 2258 Honestae
1664 2214 1822 2263 matris,

1007 2279 1234 2331 paternam
1260 2274 1437 2317 domum
1462 2273 1506 2313 in
1530 2271 1755 2313 ecclesiam
1780 2274 1823 2310 et

1006 2331 1319 2375 monasterium
1363 2327 1659 2376 commutavit,
1704 2324 1823 2377 quod

1006 2390 1154 2432 multis
1171 2387 1349 2442 praediis
1366 2387 1622 2427 instructum
1641 2381 1822 2433 reliquit.

1008 2446 1316 2488 Corbinianum
1335 2447 1378 2484 et
1396 2439 1680 2488 Bonifacium,
1705 2437 1823 2479 viros

1008 2501 1250 2555 apostolico
1277 2498 1432 2552 spiritu
1457 2496 1625 2549 plenOS‚
1651 2494 1695 2536 in
1718 2493 1821 2534 Ger-

1007 2558 1195 2600 maniam
1229 2555 1360 2603 misit,
1410 2552 1466 2594 ad
1499 2548 1823 2604 praedicandum

1010 2613 1254 2657 Gentilibus
1315 2609 1472 2653 Christi
1526 2605 1822 2657 Evangelium,

1010 2674 1173 2723 eosque
1205 2668 1337 2710 sacris
1374 2664 1650 2719 episcopatus
1680 2660 1823 2702 infulis

1011 2726 1247 2775 decoravit,
1291 2728 1523 2776 postquam
1557 2720 1823 2760 innumeram
