2080 2990
534 256 576 289 In
601 256 974 291 Commemoratione
999 257 1200 291 Passionis
1225 257 1269 291 Ι).
1296 258 1339 291 N.
1364 258 1396 291 J.
1424 258 1461 291 (ἶ.

72 391 75 397 ,
144 349 247 401 quia
279 347 489 399 sanguine
519 347 762 401 Martyrum
794 350 974 390 suorum

143 404 355 447 Ecclesiae
381 416 542 456 corpus
569 406 762 446 ornatur.
800 404 974 446 Corona

143 463 297 514 spinea
316 459 452 513 capiti
475 461 566 511 ejus
592 460 848 512 imponitur,
873 461 974 513 quia

142 517 325 570 punctio
375 518 661 568 peccatorum
709 519 973 567 nostrorum,

145 587 332 626 quorum
366 572 624 625 remissione
658 572 973 626 Redemptoris

143 630 284 681 gloria
303 629 496 679 struitur,
512 628 645 670 aridis
664 628 835 670 tribulis
856 642 971 671 com-

143 689 335 739 paratur.
371 685 635 727 Studeamus
654 698 770 726 nunc
791 698 814 726 e
834 685 971 727 diver-

144 756 212 793 so,
236 747 285 784 ut
306 741 605 784 membrorum
624 741 714 782 vita
739 742 898 794 capitis
918 743 974 783 sit

145 801 319 840 corona.
350 796 479 848 Quod
492 810 599 839 vero
615 797 736 839 sitire
756 810 802 839 se
822 797 866 838 in
881 811 972 839 cru-

144 868 194 897 ce
219 855 391 908 positus
420 854 542 904 dicit,
574 853 710 895 fidem
735 853 972 896 incredulae

143 912 285 963 gentis
318 911 609 964 concupiscit,
647 909 726 952 sed
763 923 787 952 e
822 915 974 952 contra

144 970 317 1010 acetum
357 967 535 1009 malitiae
578 967 825 1020 porrigunt,
872 967 974 1019 quia

143 1024 291 1065 vinum
316 1023 555 1077 sapientiae,
586 1022 707 1075 quod
731 1036 757 1064 a
780 1023 877 1064 Deo
905 1036 972 1064 ac-

144 1082 369 1133 ceperant,
406 1078 635 1132 peccando
674 1082 973 1132 corruperant.

142 1136 304 1178 Velum
321 1135 475 1189 templi
494 1135 722 1185 scinditur,
748 1136 850 1188 quia
867 1136 971 1187 Syn-

119 1236 125 1241 „
143 1194 283 1243 agoga
300 1192 470 1234 honore
489 1191 695 1242 nudatur,
721 1191 972 1233 observatio

143 1251 323 1301 antiqua
348 1247 620 1297 dissolvitur,
645 1247 857 1289 Ecclesiae
881 1248 971 1288 smi-

141 1310 210 1347 tas
254 1307 629 1358 praemonstratur.
688 1304 972 1346 Monumenta

141 1361 414 1414 aperiuntur,
447 1362 551 1415 quia
577 1361 732 1402 mortis
760 1361 853 1412 jura
880 1362 972 1413 jure

141 1420 415 1471 superantur.

194 1481 246 1532 R.
270 1475 366 1525 Ego
387 1474 581 1516 exaltavi
598 1478 644 1515 te
661 1486 820 1524 magna
837 1474 970 1514 virtti-

139 1535 198 1572 te:
218 1538 242 1562 *
265 1530 322 1572 Et
344 1535 393 1571 tu
414 1543 485 1572 me
511 1528 781 1582 suspendisti
800 1529 843 1569 in
861 1532 970 1581 pati-

139 1585 244 1628 bulo
267 1587 423 1637 crucis,
444 1595 467 1618 ¹⁸¹
489 1587 542 1627 In
566 1599 652 1639 qua
672 1585 864 1638 expandi
883 1599 970 1627 ma-

140 1656 221 1684 nus
240 1655 360 1684 meas
380 1642 437 1685 ad
455 1642 671 1696 pepulum
685 1654 773 1682 non
791 1641 968 1683 creden-

139 1703 292 1741 tem-et
311 1698 694 1740 contradicentem.
720 1698 770 1749 Ns.
799 1698 970 1750 Popule

139 1767 278 1804 meus,
313 1755 419 1807 quid
450 1755 535 1797 feci
566 1754 664 1804 tibi,
699 1759 774 1796 aut
807 1754 851 1794 in
881 1766 969 1805 quo

139 1811 396 1853 contristavi
419 1810 486 1853 te?
513 1810 734 1864 responde
757 1810 875 1851 mihi.
902 1811 969 1852 Et.

145 1867 296 1910 Gloria
314 1868 444 1910 Patri.
471 1869 523 1909 In
545 1880 640 1920 qua.

364 1945 413 1984 In
430 1946 502 1985 111.
521 1946 745 1986 Nocturno.

140 2004 293 2047 Lectio
318 2005 459 2047 sancti
477 2005 704 2057 Evangelii
728 2003 968 2046 secundum

440 2061 667 2105 Ioannem.

243 2118 395 2159 Lectio
415 2119 484 2158 vii.
647 2118 750 2169 Cap.
767 2120 824 2157 19.
840 2118 865 2156 f.

137 2173 214 2279 In
227 2177 302 2219 illo
317 2179 532 2230 tempore:
550 2177 700 2219 Sciens
711 2178 736 2218 J
738 2190 851 2226 esus,
867 2176 967 2228 quia

203 2233 348 2275 omnia
362 2235 665 2275 consummata
677 2238 787 2284 sunt,
803 2237 851 2274 ut
866 2244 965 2273 con-

139 2291 429 2331 summaretur
443 2290 681 2342 Scriptura,
702 2288 827 2330 dixit:
846 2288 966 2330 Sitio.

137 2345 195 2387 Et
218 2345 396 2397 reliqua.

158 2421 349 2464 Homilia
371 2422 410 2463 S.
433 2422 458 2463 J
461 2422 614 2463 oannis
638 2421 949 2473 Chrysostomi.

182 2488 322 2523 Homil.
340 2488 395 2523 84.
417 2488 455 2522 in
473 2488 583 2523 Joan.
602 2499 630 2522 c
652 2488 701 2522 19
721 2495 806 2522 ante
825 2488 921 2521 med

148 2548 233 2605 ἡ]
241 2555 360 2584 ciens
378 2543 403 2583 J
405 2555 505 2584 esus
529 2542 675 2584 omnia
694 2543 965 2583 consumma-

143 2588 233 2661 Q*
258 2603 313 2648 ta,
333 2599 408 2640 ait:
426 2599 552 2649 Sitio;
573 2598 705 2640 etiam
723 2598 808 2639 hoc
827 2596 964 2638 verbo

142 2634 233 2681 ‘³³²⁴
258 2655 541 2707 prophetiam
562 2654 760 2718 implens.
800 2653 869 2694 Tu
894 2665 964 2693 au-

136 2714 227 2750 tem
254 2711 490 2752 astantium
522 2710 784 2762 pravitatem
812 2707 964 2749 intelli-

137 2778 206 2816 ge:
224 2779 324 2808 nam
342 2767 471 2808 licet'
459 2770 710 2808 innumeros
724 2765 964 2807 habeamus

1760 253 1851 297 [315]

1024 349 1232 398 inimicos,
1262 347 1336 400 qui
1363 360 1444 389 nos
1471 349 1728 398 gravissime
1755 362 1850 401 per-

1025 404 1165 447 secuti
1184 405 1279 454 sint,
1295 417 1394 446 cum
1408 410 1555 446 tamen
1571 405 1758 446 interimi
1775 418 1851 447 eos

1024 461 1243 510 videmus,
1286 461 1499 503 flectimur
1540 461 1852 504 misericordia.

1025 517 1084 559 Hi
1101 530 1207 559 vero
1226 517 1287 557 nil
1304 517 1424 566 moti,
1447 518 1585 568 magis
1605 517 1852 569 efferantur,

1026 578 1069 615 et
1088 572 1284 623 irrident,
1312 576 1571 625 acetumque
1595 574 1638 614 in
1666 575 1851 626 spongia

1025 629 1271 682 porrigunt,
1290 634 1338 670 ut
1357 629 1479 671 bibat
1497 635 1721 682 tamquam
1740 644 1851 672 reus.

1025 686 1139 727 Nam
1158 691 1341 738 propter
1359 685 1445 726 hoc
1470 686 1712 739 hyssopum
1732 686 1851 729 addi·

1026 748 1114 792 tur,
1161 755 1248 794 quo
1291 744 1487 793 gustato,
1532 745 1729 784 mortuus
1775 748 1852 785 est.

1025 797 1165 840 Vides
1203 811 1334 849 quam
1369 810 1458 839 non
1493 798 1767 850 perturbate,
1809 805 1852 841 et

1027 867 1158 906 quam
1189 856 1393 907 potenter
1431 854 1576 895 omnia
1613 855 1850 906 transigen-

1025 910 1137 952 tem?
1176 910 1306 960 Quod
1335 916 1379 952 et
1405 913 1680 963 prosequens
1709 914 1849 954 osten-

1026 967 1105 1018 dit;
1132 981 1231 1009 cum
1250 967 1365 1008 enim
1385 968 1531 1009 omnia
1550 971 1851 1009 consummata

1026 1028 1188 1073 essent,
1208 1023 1415 1065 inclinato
1437 1024 1598 1076 capite,
1624 1024 1743 1076 quod
1763 1024 1850 1066 affi-

1024 1093 1128 1120 xum
1160 1092 1248 1120 non
1283 1084 1393 1129 erat,
1425 1079 1606 1122 tradidit
1638 1081 1850 1133 spiritum,

1024 1135 1109 1178 hoc
1129 1140 1205 1185 est,
1225 1135 1475 1187 exspiravit.

1080 1197 1131 1247 Ιζι.
1144 1192 1241 1243 Ego
1262 1196 1306 1233 te
1323 1191 1479 1244 potavi
1494 1205 1607 1243 aqua
1627 1193 1779 1234 salutis
1795 1193 1850 1235 de

1025 1252 1166 1300 petra:
1200 1252 1222 1275 *
1244 1249 1301 1290 Et
1325 1254 1373 1289 tu
1395 1260 1465 1289 me
1489 1249 1655 1300 potasti
1680 1249 1780 1290 felle
1807 1255 1850 1291 et

1024 1306 1162 1346 aceto.
1209 1301 1258 1352 Y.
1284 1304 1454 1357 Popule
1478 1317 1612 1354 meus,
1639 1303 1744 1357 quid
1767 1305 1850 1347 feci

1022 1360 1111 1410 tibi,
1136 1366 1210 1402 aut
1233 1361 1276 1401 in
1301 1373 1388 1413 quo
1410 1361 1667 1403 contristavi
1690 1361 1756 1403 te?
1784 1375 1848 1404 re-

1023 1416 1194 1470 sponde
1213 1417 1329 1458 mihi.
1355 1417 1424 1459 Et.

1312 1482 1463 1520 Lectio
1484 1482 1565 1520 viii.

1100 1529 1196 1580 tqui
1215 1542 1303 1570 non
1322 1534 1426 1581 post
1444 1529 1698 1571 inclinatum
1717 1534 1849 1582 caput

1143 1585 1409 1638 exspiratur,
1438 1585 1517 1627 sed
1535 1591 1639 1638 post
1659 1586 1848 1638 exspira-

1021 1641 1187 1683 tionem
1215 1646 1346 1694 caput
1372 1642 1615 1683 inclinatur.
1664 1642 1749 1683 Hic
1777 1654 1847 1682 au-

1021 1702 1112 1738 tem
1127 1702 1280 1739 contra
1296 1698 1470 1740 accidit:
1485 1711 1565 1751 per
1582 1698 1702 1750 quod
1714 1700 1849 1740 osten-

1023 1752 1086 1794 dit
1110 1766 1209 1795 eum
1227 1754 1507 1804 Evangelista
1533 1767 1629 1795 esse
1654 1754 1847 1795 omniurn

1021 1810 1268 1851 Dominum.
1308 1810 1332 1850 J
1334 1809 1450 1851 udaei
1468 1815 1614 1851 autem
1634 1809 1847 1850 camelum

1022 1865 1297 1917 devorantes,
1315 1871 1359 1907 et
1379 1866 1562 1908 culicem
1582 1865 1846 1914 excolantes,

1021 1927 1191 1963 tantum
1220 1923 1343 1964 nefas
1371 1922 1465 1964 ausi
1493 1921 1548 1963 de
1576 1921 1647 1963 die
1675 1921 1845 1962 consal-

1021 1983 1130 2020 tant:
1158 1979 1374 2028 Quoniam
1397 1979 1639 2020 Parasceve
1663 1982 1772 2027 erat,
1798 1983 1845 2019 ut

1021 2047 1109 2075 non
1133 2037 1408 2076 remanerent
1432 2034 1477 2074 in
1503 2046 1631 2075 cruce
1656 2036 1845 2086 corpora

1021 2089 1232 2140 Sabbato,
1264 2092 1529 2141 rogaverunt
1556 2090 1764 2139 Pilatum,
1797 2094 1845 2131 ut

1019 2146 1322 2196 frangerentur
1349 2148 1500 2188 eorum
1528 2159 1664 2187 crura.
1704 2145 1844 2187 Vides

1020 2202 1170 2253 quanti
1188 2203 1244 2243 sit
1263 2202 1448 2243 veritas?
1484 2203 1569 2243 Per
1593 2215 1645 2243 ea
1664 2215 1763 2254 quae
1782 2201 1843 2242 illi

1020 2258 1198 2308 faciunt,
1234 2258 1468 2311 prophetia
1503 2258 1724 2311 impletur:
1760 2257 1843 2298 alia

1020 2315 1134 2356 enim
1158 2327 1213 2356 ex
1237 2314 1323 2356 hoc
1344 2314 1621 2356 manifestata
1645 2319 1721 2355 est.
1757 2314 1841 2355 Ve-

1018 2372 1175 2412 nerunt
1193 2383 1299 2422 ergo
1319 2370 1488 2420 milites,
1504 2375 1548 2411 et
1564 2370 1746 2410 aliorum
1761 2369 1841 2410 fre-

1017 2428 1174 2477 gerunt
1199 2439 1340 2477 crura;
1364 2439 1452 2468 non
1477 2425 1653 2475 Christi;
1681 2425 1759 2466 sed
1784 2425 1841 2466 ad

1017 2482 1272 2523 Judaeorum
1303 2482 1490 2533 gratiam
1523 2479 1840 2533 conciliandam

1016 2538 1130 2579 latus
1142 2539 1232 2589 eius
1242 2538 1394 2579 lancea
1404 2539 1676 2590 aperuerunt,
1685 2541 1729 2578 et
1735 2538 1840 2577 mor-

1016 2599 1093 2635 tuo
1119 2593 1263 2635 adhuc
1287 2593 1506 2635 insultant.
1543 2593 1580 2634 O
1605 2593 1839 2645 pessimam

1016 2650 1288 2691 voluntatem
1306 2662 1357 2690 ac
1374 2648 1747 2691 scelestissimam!

1073 2709 1123 2760 R.
1152 2706 1246 2756 Ego
1275 2709 1375 2746 ante
1402 2710 1446 2746 te
1475 2705 1627 2757 aperui
1653 2716 1786 2744 mare:
1819 2708 1842 2732 *

1016 2763 1072 2805 Et
1089 2767 1137 2804 tu
1160 2761 1370 2814 aperuisti
1386 2760 1540 2803 lancea
1558 2760 1672 2801 latus
1692 2759 1836 2801 Salva-
