2040 2990
650 217 850 251 Dominica
875 218 936 251 VI.
962 222 1050 261 post
1076 217 1340 261 Epiphaniam.

200 309 253 361 R.
268 308 446 350 Domini
461 314 528 350 est
541 314 667 359 terra,
686 315 728 352 et
743 310 967 363 plenitudo

150 365 254 417 ejus:
273 366 295 391 *
317 364 447 406 Orbis
466 368 695 416 terrarum,
715 372 758 409 et
776 367 968 408 universi

151 421 224 474 qui
248 420 445 463 habitant
470 422 514 462 in
538 435 602 464 eo.
638 419 686 470 V.
711 424 813 476 Ipse
837 437 968 476 super

148 477 284 519 maria
330 477 527 520 fundavit
575 492 688 529 eam,
742 485 785 522 et
836 493 968 533 super

149 534 325 575 flumina
357 536 621 587 praeparavit
651 536 780 578 illam.
826 537 968 579 Orbis.

151 588 300 631 Gloria
318 590 448 632 Patri.
475 591 616 634 Orbis.

357 665 405 702 In
432 664 502 702 ΠΙ.
518 663 751 702 ,Nocturna

149 729 301 771 Lectio
327 730 464 772 sancti
482 731 705 782 Evangelii
730 732 967 775 secundum

428 787 693 830 Matthaeum.

223 846 374 887 Lectio
396 846 462 886 vii.
662 844 762 897 Cap.
780 847 835 886 13.
852 846 890 886 d.

195 922 224 948 n
246 909 321 951 illo
344 912 556 962 tempore:
583 909 706 951 Dixit
730 911 754 951 J
757 923 856 952 esus
882 915 966 952 tur-

212 964 278 1007 bis
301 966 558 1019 parabolam
578 966 704 1008 hanc:
731 967 877 1009 Simile
902 972 968 1009 est

148 1033 328 1073 regnum
364 1022 576 1064 eoelorum
616 1036 751 1073 grano
789 1024 967 1077 sinapis,

150 1077 268 1129 quod
287 1079 503 1132 accipiens
524 1079 657 1120 homo
678 1080 907 1122 seminavit
925 1081 967 1121 in

148 1146 253 1185 agro
274 1148 365 1177 suo.
392 1136 449 1178 Et
466 1135 642 1188 reliqua.

239 1212 430 1254 Homilia
457 1213 595 1254 sancti
620 1213 877 1266 Hieronymi

427 1269 687 1322 Presbyteri.

204 1329 285 1364 Lib.
308 1330 338 1364 2.
364 1330 506 1365 Comm.
532 1331 570 1365 in
598 1341 679 1374 cap.
706 1331 754 1364 13.
779 1331 907 1365 Matth.

186 1388 223 1434 33?
237 1431 261 1444 ἢ
276 1396 433 1434 egnum
464 1383 676 1425 coelorum
711 1383 967 1436 praedicatio

158 1448 167 1487 ’ἶ
186 1437 194 1492 ’ᾗ
211 1438 270 1499 ffb
292 1439 516 1491 Evangelii
534 1445 612 1489 est,
632 1444 675 1481 et
688 1440 842 1482 notitia
857 1441 966 1482 Scri-

158 1494 167 1503 ”
256 1494 266 1510 ²
291 1498 532 1548 pturarum,
562 1509 660 1548 quae
686 1495 805 1538 ducit
827 1496 883 1538 ad
907 1497 966 1538 vi-

147 1556 252 1602 tam,
278 1557 321 1594 et
344 1551 399 1594 de
420 1565 505 1605 qua
524 1551 681 1594 dicitur
700 1552 756 1594 ad.
774 1553 798 1594 J
801 1552 967 1595 udaeos:

147 1608 380 1650 Auferetur
402 1621 427 1650 a
450 1608 575 1650 vobis
599 1621 779 1660 regnum
797 1609 895 1659 Dei,
924 1615 967 1652 et

149 1663 322 1706 dabitur
344 1665 462 1716 genti
484 1664 658 1706 facienti
676 1665 841 1706 fructus
866 1667 966 1718 ejus.

147 1720 293 1762 Simile
329 1726 396 1763 est
433 1733 536 1772 ergo
573 1720 871 1772 hujuscemodi
903 1735 966 1764 re-

147 1789 278 1828 gnum
313 1789 449 1828 grano
487 1778 666 1830 sinapis,
707 1777 827 1830 quod
859 1781 966 1820 acci-

147 1833 272 1886 piens
291 1833 423 1875 homo
443 1834 671 1875 seminavit
689 1834 734 1874 in
754 1847 858 1886 agro
876 1848 967 1877 suo.

147 1889 294 1932 Homo
321 1890 395 1942 qui
420 1890 603 1932 seminat
625 1890 669 1931 in
688 1903 793 1941 agro
816 1903 914 1941 suo,
941 1905 967 1933 a

147 1945 967 1999 plerisqueSalvatorintelligitur,quod

146 2002 191 2043 in
215 2003 369 2044 animis
398 2002 666 2044 credentium
691 2003 886 2045 seminet:
911 2003 966 2046 ab

148 2058 243 2100 aliis
273 2059 369 2112 ipse
397 2059 529 2101 homo
553 2059 768 2100 seminans
793 2060 837 2100 in
862 2073 966 2111 agro

148 2127 244 2165 suo,
282 2115 367 2157 hoc
399 2120 466 2157 est
494 2116 539 2156 in
568 2118 820 2168 semetipso,
857 2122 900 2158 et
924 2117 967 2157 in

149 2170 282 2214 corde
300 2185 390 2214 suo.

199 2228 250 2279 Rz.
266 2228 339 2270 Ad
356 2233 400 2270 te
414 2229 602 2270 Domine
621 2228 763 2270 levavi
781 2229 968 2270 animam

146 2297 304 2326 meam:
322 2284 345 2309 *
365 2285 486 2326 Deus
509 2298 632 2326 meus
656 2286 700 2326 in
718 2290 762 2326 te
782 2285 967 2333 confido,

147 2352 235 2381 non
270 2340 534 2382 erubescam.
581 2336 631 2387 V.
665 2341 848 2383 Custodi
882 2342 966 2383 ani-

147 2409 262 2437 mam
280 2409 432 2447 meam,
453 2402 497 2439 et
515 2398 634 2450 eripe
652 2411 732 2439 me.
760 2398 891 2440 Deus.

427 2457 577 2498 Lectio
597 2458 680 2498 viii.

233 2513 299 2554 uis
327 2519 394 2555 est
417 2514 516 2564 iste,
550 2515 624 2566 qui
653 2514 847 2564 seminat,
885 2515 967 2556 nisi

243 2581 393 2610 sensus
426 2575 575 2612 noster
608 2575 651 2612 et
680 2571 862 2621 animus;
894 2571 966 2622 qui

149 2625 390 2676 suscipiens
423 2638 603 2676 granum
630 2627 966 2679 praedicationis,

149 2685 192 2721 et
213 2680 364 2722 fovens
384 2684 635 2733 sementem,
662 2682 844 2724 humere
864 2682 966 2724 fidei
1004 2708 1006 2711 -

148 2736 251 2778 facit
264 2736 307 2777 in
323 2749 428 2788 agro
444 2738 510 2779 sui
523 2740 716 2791 pectoris
729 2737 965 2792 pullulare?

1019 309 1283 351 Praedicatio
1313 311 1537 362 Evangelii
1569 313 1744 353 minima
1772 318 1838 354 est

1022 366 1221 408 omnibus
1258 366 1505 420 disciplinis.
1553 368 1623 410 Ad
1654 370 1839 422 primam

1021 423 1184 476 quippe
1210 423 1467 473 doctrinam,
1499 424 1631 466 fidem
1655 438 1742 466 non
1767 426 1838 467 ha-

1019 479 1095 521 bet
1109 480 1313 530 veritatis,
1328 480 1546 522 hominem
1556 481 1707 532 Deum,
1724 482 1838 523 Chri-

1019 541 1135 577 stum
1154 538 1389 586 m6rtuum,
1415 542 1457 578 et
1477 537 1729 579 scandalum
1749 551 1838 580 cru-

1020 593 1082 634 cis
1101 592 1357 645 praedicans.
1393 594 1551 635 Confer
1571 594 1838 646 hujuscemo-

1020 648 1063 690 di
1088 649 1328 691 doctrinam
1353 649 1628 701 dogmatibus
1652 650 1838 703 philoso-

1019 706 1220 758 phorum,
1246 711 1289 747 et
1306 706 1425 748 libris
1446 709 1614 756 eorum,
1640 713 1681 749 et
1700 708 1838 760 splen-

1020 762 1117 804 doti
1145 763 1421 831 eloquentiae,
1462 769 1505 805 et
1534 764 1840 828 compositi6ni

1021 822 1284 861 sermonum:
1313 825 1357 862 et
1380 820 1547 861 videbis
1577 825 1739 872 quanto
1765 821 1839 861 mi-

1019 888 1100 916 nor
1123 876 1178 918 sit
1202 877 1357 918 ceteris
1379 876 1614 918 seminibus
1635 877 1839 918 sementis

1019 932 1086 972 Ev
1075 933 1255 983 angelii.

1074 991 1123 1041 Rg.
1147 990 1246 1031 Duo
1266 989 1491 1042 Seraphim
1515 989 1759 1031 clamabant
1783 990 1839 1030 al—

1019 1050 1086 1086 ter
1106 1046 1161 1087 ad
1180 1046 1377 1087 alterum:
1398 1048 1421 1071 *
1439 1047 1632 1095 Sanctus
1652 1051 1838 1095 sanctus,

1020 1107 1196 1144 sanctus
1216 1103 1429 1143 Dominus
1447 1103 1566 1144 Deus
1590 1102 1796 1144 Sabaoth:
1817 1104 1838 1127 *

1019 1160 1154 1202 Plena
1179 1164 1244 1201 est
1271 1160 1410 1201 omnis
1436 1164 1552 1200 terra
1574 1159 1712 1210 gleria
1737 1160 1838 1211 ejus.

1021 1214 1070 1263 V.
1088 1217 1197 1258 Tres
1217 1221 1317 1258 sunt
1337 1217 1409 1268 qui
1424 1216 1719 1257 testimonium
1734 1215 1839 1256 dant

1019 1274 1062 1314 in
1082 1273 1211 1315 coelo:
1237 1273 1383 1322 Pater,
1408 1272 1619 1321 Verbum,
1649 1276 1691 1312 et
1709 1272 1837 1324 Spiri-

1018 1335 1088 1372 tus
1110 1334 1299 1371 sanctus:
1325 1334 1368 1371 et
1391 1329 1436 1369 hi
1460 1334 1547 1370 tres
1572 1341 1704 1369 unum
1728 1333 1837 1369 sunt.

1019 1388 1212 1429 Sanctus.
1243 1386 1391 1427 Gleria
1409 1385 1538 1426 Patri.
1566 1384 1698 1426 Plena
1718 1389 1794 1426 est.

1320 1443 1470 1483 Lectio
1491 1443 1543 1482 ix.

1089 1500 1144 1542 ed
1164 1499 1236 1541 illa
1252 1512 1350 1541 cum
1365 1498 1589 1547 creverint,
1607 1497 1713 1538 nihil
1727 1510 1837 1538 mor-

1102 1556 1204 1606 dax,
1228 1555 1334 1596 nihil
1352 1554 1559 1603 vividum,
1582 1553 1688 1594 nihil
1707 1553 1837 1594 vitale

1019 1613 1332 1655 demonstrant:
1351 1611 1430 1653 sed
1448 1616 1590 1652 totum
1607 1609 1838 1651 flaccidum

1018 1669 1345 1721 marcidumque
1378 1672 1421 1709 et
1448 1667 1661 1708 mollitum
1689 1665 1839 1707 ebullit

1019 1727 1063 1767 in
1096 1726 1216 1767 Olera
1247 1730 1291 1766 et
1326 1725 1370 1765 in
1406 1723 1580 1772 herbas,
1619 1735 1716 1775 quae
1749 1723 1837 1763 cito

1019 1784 1221 1824 arescunt
1244 1786 1287 1823 et
1310 1783 1527 1822 cerruunt.
1562 1780 1670 1820 Haec
1694 1784 1838 1820 autem

1019 1838 1293 1891 praedicatio,
1322 1849 1419 1888 quae
1446 1848 1581 1888 parva
1608 1834 1837 1876 videbatur

1018 1896 1062 1936 in
1077 1894 1303 1947 principio,
1323 1906 1421 1934 cum
1439 1892 1508 1933 vel
1527 1892 1570 1932 in
1590 1891 1732 1932 anima
1748 1903 1836 1932 cre-

1020 1951 1179 2000 dentis,
1203 1949 1273 1991 vel
1296 1949 1338 1990 in
1361 1953 1455 1990 toto
1481 1947 1644 1989 mundo
1664 1952 1758 1989 sata
1775 1947 1836 1988 fu-

1020 2008 1110 2058 erit,
1128 2020 1215 2049 non
1235 2005 1427 2056 exsurgit
1444 2005 1488 2045 in
1508 2004 1636 2054 Olera,
1655 2003 1733 2045 sed
1748 2016 1836 2045 cre-

1020 2064 1101 2105 scit
1131 2064 1174 2104 in
1212 2062 1428 2104 arborem:
1465 2062 1525 2102 ita
1560 2066 1608 2102 ut
1638 2060 1837 2102 volucres

1020 2120 1119 2162 coeli
1145 2121 1267 2172 (quas
1286 2118 1355 2160 vel
1374 2118 1539 2159 animas
1559 2117 1837 2166 credentium,

1019 2176 1089 2218 vel
1107 2175 1399 2224 fortitudines,
1426 2175 1510 2216 Dei
1527 2174 1703 2216 servitio
1722 2186 1836 2214 man-

1019 2233 1202 2285 cipatas,
1229 2234 1389 2273 sentire
1415 2230 1638 2281 debemus)
1664 2230 1837 2271 veniant

1020 2294 1063 2331 et
1088 2289 1285 2331 habitent
1310 2289 1353 2329 in
1380 2288 1510 2328 ramis
1535 2289 1635 2339 ejus.
1671 2287 1836 2327 Ramos

1019 2350 1125 2398 puto
1153 2344 1414 2396 evangelicae
1439 2344 1625 2393 arboris,
1660 2356 1757 2396 quae
1782 2342 1836 2384 de

1018 2414 1154 2452 grano
1174 2401 1335 2454 sinapis
1356 2401 1557 2450 creverit,
1583 2400 1836 2450 dogmatum

1019 2470 1114 2499 esse
1133 2457 1421 2507 diversitates,
1449 2458 1493 2497 in
1514 2456 1669 2509 quibus
1689 2468 1834 2508 supra-

1019 2514 1232 2556 dictarum
1246 2514 1471 2556 volucrum
1485 2515 1758 2565 unaquaeque
1773 2524 1834 2552 re-

1020 2571 1212 2623 quiescit.

1075 2628 1135 2669 Te
1153 2627 1295 2668 Deum
1314 2625 1550 2667 laudamus.
1578 2627 1636 2666 14.

1070 2681 1141 2722 Ad
1162 2682 1321 2722 Bened.
1350 2682 1446 2722 Ant.
1475 2682 1622 2723 Simile
1646 2686 1711 2723 est
1729 2680 1751 2705 *
1770 2692 1833 2720 re-

1016 2753 1148 2791 gnum
1162 2739 1371 2781 coelorum
1381 2751 1516 2791 grano
1527 2738 1700 2789 sinapis,
1716 2734 1834 2787 quod
