<?xml version="1.0" encoding="UTF-8"?>
<!DOCTYPE html PUBLIC "-//W3C//DTD XHTML 1.0 Transitional//EN"
    "http://www.w3.org/TR/xhtml1/DTD/xhtml1-transitional.dtd">
<html xmlns="http://www.w3.org/1999/xhtml" xml:lang="en" lang="en">
 <head>
  <title>
</title>
<meta http-equiv="Content-Type" content="text/html;charset=utf-8" />
  <meta name='ocr-system' content='tesseract 3.04.00' />
  <meta name='ocr-capabilities' content='ocr_page ocr_carea ocr_par ocr_line ocrx_word'/>
</head>
<body>
  <div class='ocr_page' id='page_1' title='image "./p1breviariumroma00cathuoft_0622.png"; bbox 0 0 2080 2990; ppageno 0'>
   <div class='ocr_carea' id='block_1_1' title="bbox 720 196 1433 230">
    <p class='ocr_par' dir='ltr' id='par_1_1' title="bbox 720 196 1433 230">
     <span class='ocr_line' id='line_1_1' title="bbox 720 196 1433 230; baseline 0.003 -3"><span class='ocrx_word' id='word_1_1' title='bbox 720 198 929 230; x_wconf 67' lang='lat' dir='ltr'>Commune</span> <span class='ocrx_word' id='word_1_2' title='bbox 956 197 1201 230; x_wconf 42' lang='lat' dir='ltr'>(murmanis</span> <span class='ocrx_word' id='word_1_3' title='bbox 1229 196 1433 230; x_wconf 70' lang='lat' dir='ltr'>Pontificis.</span> 
     </span>
    </p>
   </div>
   <div class='ocr_carea' id='block_1_2' title="bbox 213 294 1047 2147">
    <p class='ocr_par' dir='ltr' id='par_1_2' title="bbox 215 294 1047 799">
     <span class='ocr_line' id='line_1_2' title="bbox 218 294 1046 346; baseline 0.001 -10"><span class='ocrx_word' id='word_1_4' title='bbox 218 308 339 336; x_wconf 89' lang='lat' dir='ltr'>mnes</span> <span class='ocrx_word' id='word_1_5' title='bbox 364 295 434 335; x_wconf 86' lang='lat' dir='ltr'>isti</span> <span class='ocrx_word' id='word_1_6' title='bbox 458 294 500 335; x_wconf 91' lang='lat' dir='ltr'>in</span> <span class='ocrx_word' id='word_1_7' title='bbox 525 294 879 345; x_wconf 77' lang='lat' dir='ltr'>generatienibus</span> <span class='ocrx_word' id='word_1_8' title='bbox 905 296 1046 346; x_wconf 84' lang='lat' dir='ltr'>gentis</span> 
     </span>
     <span class='ocr_line' id='line_1_3' title="bbox 218 350 1046 404; baseline 0.001 -12"><span class='ocrx_word' id='word_1_9' title='bbox 218 364 308 392; x_wconf 87' lang='lat' dir='ltr'>suae</span> <span class='ocrx_word' id='word_1_10' title='bbox 327 350 511 402; x_wconf 77' lang='lat' dir='ltr'>gleriam</span> <span class='ocrx_word' id='word_1_11' title='bbox 531 350 679 404; x_wconf 88' lang='lat' dir='ltr'>adepti</span> <span class='ocrx_word' id='word_1_12' title='bbox 701 356 811 400; x_wconf 86' lang='lat' dir='ltr'>sunt,</span> <span class='ocrx_word' id='word_1_13' title='bbox 835 357 878 394; x_wconf 91' lang='lat' dir='ltr'>et</span> <span class='ocrx_word' id='word_1_14' title='bbox 897 352 939 392; x_wconf 91' lang='lat' dir='ltr'>in</span> <span class='ocrx_word' id='word_1_15' title='bbox 960 352 1046 393; x_wconf 90' lang='lat' dir='ltr'>die-</span> 
     </span>
     <span class='ocr_line' id='line_1_4' title="bbox 217 407 1046 458; baseline 0 -9"><span class='ocrx_word' id='word_1_16' title='bbox 217 407 297 449; x_wconf 87' lang='lat' dir='ltr'>bus</span> <span class='ocrx_word' id='word_1_17' title='bbox 318 407 407 448; x_wconf 88' lang='lat' dir='ltr'>suis</span> <span class='ocrx_word' id='word_1_18' title='bbox 426 407 642 449; x_wconf 91' lang='lat' dir='ltr'>habentur</span> <span class='ocrx_word' id='word_1_19' title='bbox 661 408 704 448; x_wconf 92' lang='lat' dir='ltr'>in</span> <span class='ocrx_word' id='word_1_20' title='bbox 723 407 937 450; x_wconf 82' lang='lat' dir='ltr'>laudibus.</span> <span class='ocrx_word' id='word_1_21' title='bbox 963 409 1046 458; x_wconf 90' lang='lat' dir='ltr'>Qui</span> 
     </span>
     <span class='ocr_line' id='line_1_5' title="bbox 217 463 1046 517; baseline 0.001 -12"><span class='ocrx_word' id='word_1_22' title='bbox 217 463 271 505; x_wconf 89' lang='lat' dir='ltr'>de</span> <span class='ocrx_word' id='word_1_23' title='bbox 296 463 381 504; x_wconf 85' lang='lat' dir='ltr'>illis</span> <span class='ocrx_word' id='word_1_24' title='bbox 409 464 497 506; x_wconf 87' lang='lat' dir='ltr'>nati</span> <span class='ocrx_word' id='word_1_25' title='bbox 524 470 639 514; x_wconf 86' lang='lat' dir='ltr'>sunt,</span> <span class='ocrx_word' id='word_1_26' title='bbox 675 464 945 517; x_wconf 89' lang='lat' dir='ltr'>reliquerunt</span> <span class='ocrx_word' id='word_1_27' title='bbox 972 477 1046 506; x_wconf 91' lang='lat' dir='ltr'>no-</span> 
     </span>
     <span class='ocr_line' id='line_1_6' title="bbox 216 520 1047 562; baseline 0.002 -2"><span class='ocrx_word' id='word_1_28' title='bbox 216 533 316 561; x_wconf 90' lang='lat' dir='ltr'>men</span> <span class='ocrx_word' id='word_1_29' title='bbox 352 520 560 561; x_wconf 90' lang='lat' dir='ltr'>narrandi</span> <span class='ocrx_word' id='word_1_30' title='bbox 599 520 752 562; x_wconf 86' lang='lat' dir='ltr'>laudes</span> <span class='ocrx_word' id='word_1_31' title='bbox 794 523 962 562; x_wconf 79' lang='lat' dir='ltr'>eerum:</span> <span class='ocrx_word' id='word_1_32' title='bbox 1003 526 1047 562; x_wconf 89' lang='lat' dir='ltr'>et</span> 
     </span>
     <span class='ocr_line' id='line_1_7' title="bbox 217 577 1046 629; baseline 0 -12"><span class='ocrx_word' id='word_1_33' title='bbox 217 582 316 618; x_wconf 88' lang='lat' dir='ltr'>sunt</span> <span class='ocrx_word' id='word_1_34' title='bbox 360 590 547 629; x_wconf 91' lang='lat' dir='ltr'>quorum</span> <span class='ocrx_word' id='word_1_35' title='bbox 583 590 671 619; x_wconf 93' lang='lat' dir='ltr'>non</span> <span class='ocrx_word' id='word_1_36' title='bbox 714 582 781 619; x_wconf 88' lang='lat' dir='ltr'>est</span> <span class='ocrx_word' id='word_1_37' title='bbox 818 577 1046 619; x_wconf 82' lang='lat' dir='ltr'>memeria:</span> 
     </span>
     <span class='ocr_line' id='line_1_8' title="bbox 216 634 1046 686; baseline 0 -13"><span class='ocrx_word' id='word_1_38' title='bbox 216 634 438 685; x_wconf 90' lang='lat' dir='ltr'>perierunt</span> <span class='ocrx_word' id='word_1_39' title='bbox 475 634 599 686; x_wconf 85' lang='lat' dir='ltr'>quasi</span> <span class='ocrx_word' id='word_1_40' title='bbox 636 634 710 686; x_wconf 92' lang='lat' dir='ltr'>qui</span> <span class='ocrx_word' id='word_1_41' title='bbox 745 646 833 675; x_wconf 92' lang='lat' dir='ltr'>non</span> <span class='ocrx_word' id='word_1_42' title='bbox 870 634 1046 675; x_wconf 85' lang='lat' dir='ltr'>fuerint:</span> 
     </span>
     <span class='ocr_line' id='line_1_9' title="bbox 216 689 1045 742; baseline 0 -12"><span class='ocrx_word' id='word_1_43' title='bbox 216 695 260 731; x_wconf 88' lang='lat' dir='ltr'>et</span> <span class='ocrx_word' id='word_1_44' title='bbox 283 690 373 731; x_wconf 89' lang='lat' dir='ltr'>nati</span> <span class='ocrx_word' id='word_1_45' title='bbox 393 695 503 739; x_wconf 87' lang='lat' dir='ltr'>sunt,</span> <span class='ocrx_word' id='word_1_46' title='bbox 532 690 655 742; x_wconf 78' lang='lat' dir='ltr'>quasi</span> <span class='ocrx_word' id='word_1_47' title='bbox 674 702 761 731; x_wconf 93' lang='lat' dir='ltr'>non</span> <span class='ocrx_word' id='word_1_48' title='bbox 781 690 881 739; x_wconf 86' lang='lat' dir='ltr'>nati,</span> <span class='ocrx_word' id='word_1_49' title='bbox 906 695 950 732; x_wconf 87' lang='lat' dir='ltr'>et</span> <span class='ocrx_word' id='word_1_50' title='bbox 969 689 1045 730; x_wconf 88' lang='lat' dir='ltr'>fssii</span> 
     </span>
     <span class='ocr_line' id='line_1_10' title="bbox 215 747 685 799; baseline 0 -12"><span class='ocrx_word' id='word_1_51' title='bbox 215 747 411 799; x_wconf 79' lang='lat' dir='ltr'>ipserum</span> <span class='ocrx_word' id='word_1_52' title='bbox 441 759 538 787; x_wconf 89' lang='lat' dir='ltr'>cum</span> <span class='ocrx_word' id='word_1_53' title='bbox 566 747 685 799; x_wconf 85' lang='lat' dir='ltr'>ipsis.</span> 
     </span>
    </p>

    <p class='ocr_par' dir='ltr' id='par_1_3' title="bbox 213 802 1046 1196">
     <span class='ocr_line' id='line_1_11' title="bbox 274 802 1044 855; baseline -0.001 -11"><span class='ocrx_word' id='word_1_54' title='bbox 274 805 321 855; x_wconf 57' lang='lat' dir='ltr'>Ru</span> <span class='ocrx_word' id='word_1_55' title='bbox 355 804 470 844; x_wconf 86' lang='lat' dir='ltr'>Ecce</span> <span class='ocrx_word' id='word_1_56' title='bbox 498 802 707 844; x_wconf 86' lang='lat' dir='ltr'>sacerdos</span> <span class='ocrx_word' id='word_1_57' title='bbox 734 815 935 854; x_wconf 79' lang='lat' dir='ltr'>magnus,</span> <span class='ocrx_word' id='word_1_58' title='bbox 970 803 1044 854; x_wconf 90' lang='lat' dir='ltr'>qui</span> 
     </span>
     <span class='ocr_line' id='line_1_12' title="bbox 214 859 1044 912; baseline -0.001 -11"><span class='ocrx_word' id='word_1_59' title='bbox 214 860 256 900; x_wconf 91' lang='lat' dir='ltr'>in</span> <span class='ocrx_word' id='word_1_60' title='bbox 286 859 440 901; x_wconf 87' lang='lat' dir='ltr'>diebus</span> <span class='ocrx_word' id='word_1_61' title='bbox 469 861 557 901; x_wconf 86' lang='lat' dir='ltr'>suis</span> <span class='ocrx_word' id='word_1_62' title='bbox 577 859 742 912; x_wconf 86' lang='lat' dir='ltr'>placuit</span> <span class='ocrx_word' id='word_1_63' title='bbox 759 859 872 900; x_wconf 89' lang='lat' dir='ltr'>Deo:</span> <span class='ocrx_word' id='word_1_64' title='bbox 897 864 916 885; x_wconf 87' lang='lat'>*</span> <span class='ocrx_word' id='word_1_65' title='bbox 936 859 1044 900; x_wconf 86' lang='lat' dir='ltr'>Ideo</span> 
     </span>
     <span class='ocr_line' id='line_1_13' title="bbox 215 916 1044 969; baseline -0.001 -12"><span class='ocrx_word' id='word_1_66' title='bbox 215 916 492 969; x_wconf 89' lang='lat' dir='ltr'>jurejurando</span> <span class='ocrx_word' id='word_1_67' title='bbox 530 916 632 957; x_wconf 87' lang='lat' dir='ltr'>fecit</span> <span class='ocrx_word' id='word_1_68' title='bbox 671 916 792 957; x_wconf 92' lang='lat' dir='ltr'>illum</span> <span class='ocrx_word' id='word_1_69' title='bbox 829 916 1044 957; x_wconf 80' lang='lat' dir='ltr'>Deminus</span> 
     </span>
     <span class='ocr_line' id='line_1_14' title="bbox 215 968 1046 1026; baseline 0 -12"><span class='ocrx_word' id='word_1_70' title='bbox 215 975 412 1015; x_wconf 83' lang='lat' dir='ltr'>crescere</span> <span class='ocrx_word' id='word_1_71' title='bbox 430 973 472 1013; x_wconf 89' lang='lat' dir='ltr'>in</span> <span class='ocrx_word' id='word_1_72' title='bbox 493 972 669 1026; x_wconf 84' lang='lat' dir='ltr'><strong>plebem</strong></span> <span class='ocrx_word' id='word_1_73' title='bbox 689 986 823 1014; x_wconf 87' lang='lat' dir='ltr'>suam.</span> <span class='ocrx_word' id='word_1_74' title='bbox 851 968 894 1019; x_wconf 56' lang='grc' dir='ltr'>δ”.</span> <span class='ocrx_word' id='word_1_75' title='bbox 915 973 1046 1014; x_wconf 90' lang='lat' dir='ltr'>Bene-</span> 
     </span>
     <span class='ocr_line' id='line_1_15' title="bbox 214 1029 1043 1080; baseline -0.001 -8"><span class='ocrx_word' id='word_1_76' title='bbox 214 1030 450 1072; x_wconf 77' lang='lat' dir='ltr'>dictienem</span> <span class='ocrx_word' id='word_1_77' title='bbox 480 1030 673 1071; x_wconf 77' lang='lat' dir='ltr'>emnium</span> <span class='ocrx_word' id='word_1_78' title='bbox 700 1029 895 1080; x_wconf 86' lang='lat' dir='ltr'>gentium</span> <span class='ocrx_word' id='word_1_79' title='bbox 921 1029 1043 1071; x_wconf 86' lang='lat' dir='ltr'><strong>dedit</strong></span> 
     </span>
     <span class='ocr_line' id='line_1_16' title="bbox 214 1086 1043 1136; baseline -0.001 -9"><span class='ocrx_word' id='word_1_80' title='bbox 214 1087 292 1136; x_wconf 91' lang='lat' dir='ltr'>illi,</span> <span class='ocrx_word' id='word_1_81' title='bbox 323 1091 366 1128; x_wconf 89' lang='lat' dir='ltr'>et</span> <span class='ocrx_word' id='word_1_82' title='bbox 394 1088 704 1128; x_wconf 86' lang='lat' dir='ltr'>testamentum</span> <span class='ocrx_word' id='word_1_83' title='bbox 733 1099 859 1127; x_wconf 87' lang='lat' dir='ltr'>suum</span> <span class='ocrx_word' id='word_1_84' title='bbox 888 1086 1043 1128; x_wconf 87' lang='lat' dir='ltr'>confir-</span> 
     </span>
     <span class='ocr_line' id='line_1_17' title="bbox 213 1142 958 1196; baseline 0 -12"><span class='ocrx_word' id='word_1_85' title='bbox 213 1143 349 1184; x_wconf 90' lang='lat' dir='ltr'>mavit</span> <span class='ocrx_word' id='word_1_86' title='bbox 377 1156 510 1195; x_wconf 86' lang='lat' dir='ltr'>super</span> <span class='ocrx_word' id='word_1_87' title='bbox 538 1147 670 1196; x_wconf 87' lang='lat' dir='ltr'>caput</span> <span class='ocrx_word' id='word_1_88' title='bbox 698 1144 800 1195; x_wconf 88' lang='lat' dir='ltr'>ejus.</span> <span class='ocrx_word' id='word_1_89' title='bbox 836 1142 958 1184; x_wconf 89' lang='lat' dir='ltr'>Ideo.</span> 
     </span>
    </p>

    <p class='ocr_par' dir='ltr' id='par_1_4' title="bbox 520 1205 742 1245">
     <span class='ocr_line' id='line_1_18' title="bbox 520 1205 742 1245; baseline 0 -2"><span class='ocrx_word' id='word_1_90' title='bbox 520 1205 670 1245; x_wconf 66' lang='lat' dir='ltr'>Lecti«)</span> <span class='ocrx_word' id='word_1_91' title='bbox 692 1205 742 1243; x_wconf 76' lang='lat' dir='ltr'>iii.</span> 
     </span>
    </p>

    <p class='ocr_par' dir='ltr' id='par_1_5' title="bbox 219 1256 1043 1363">
     <span class='ocr_line' id='line_1_19' title="bbox 219 1256 1043 1363; baseline 0 -61"><span class='ocrx_word' id='word_1_92' title='bbox 219 1256 341 1363; x_wconf 83' lang='lat' dir='ltr'>Sed</span> <span class='ocrx_word' id='word_1_93' title='bbox 375 1261 435 1302; x_wconf 90' lang='lat' dir='ltr'>illi</span> <span class='ocrx_word' id='word_1_94' title='bbox 470 1261 552 1302; x_wconf 91' lang='lat' dir='ltr'>viri</span> <span class='ocrx_word' id='word_1_95' title='bbox 584 1261 899 1302; x_wconf 67' lang='lat' dir='ltr'>misericerdiae</span> <span class='ocrx_word' id='word_1_96' title='bbox 933 1266 1043 1310; x_wconf 84' lang='lat' dir='ltr'>sunt,</span> 
     </span>
    </p>

    <p class='ocr_par' dir='ltr' id='par_1_6' title="bbox 213 1317 1045 2047">
     <span class='ocr_line' id='line_1_20' title="bbox 312 1317 1043 1371; baseline 0 -12"><span class='ocrx_word' id='word_1_97' title='bbox 312 1331 497 1370; x_wconf 92' lang='lat' dir='ltr'>quorum</span> <span class='ocrx_word' id='word_1_98' title='bbox 538 1318 727 1371; x_wconf 84' lang='lat' dir='ltr'>pietates</span> <span class='ocrx_word' id='word_1_99' title='bbox 769 1330 856 1359; x_wconf 90' lang='lat' dir='ltr'>non</span> <span class='ocrx_word' id='word_1_100' title='bbox 899 1317 1043 1359; x_wconf 90' lang='lat' dir='ltr'>defue-</span> 
     </span>
     <span class='ocr_line' id='line_1_21' title="bbox 213 1375 1043 1427; baseline 0.001 -13"><span class='ocrx_word' id='word_1_101' title='bbox 213 1379 331 1415; x_wconf 89' lang='lat' dir='ltr'>runt:</span> <span class='ocrx_word' id='word_1_102' title='bbox 373 1387 471 1416; x_wconf 91' lang='lat' dir='ltr'>cum</span> <span class='ocrx_word' id='word_1_103' title='bbox 501 1375 666 1416; x_wconf 86' lang='lat' dir='ltr'>semine</span> <span class='ocrx_word' id='word_1_104' title='bbox 695 1376 847 1416; x_wconf 79' lang='lat' dir='ltr'>eerum</span> <span class='ocrx_word' id='word_1_105' title='bbox 875 1376 1043 1427; x_wconf 88' lang='lat' dir='ltr'>perma-</span> 
     </span>
     <span class='ocr_line' id='line_1_22' title="bbox 213 1430 1044 1481; baseline 0 -9"><span class='ocrx_word' id='word_1_106' title='bbox 213 1435 317 1472; x_wconf 91' lang='lat' dir='ltr'>nent</span> <span class='ocrx_word' id='word_1_107' title='bbox 350 1430 483 1481; x_wconf 85' lang='lat' dir='ltr'>bona,</span> <span class='ocrx_word' id='word_1_108' title='bbox 520 1431 755 1473; x_wconf 86' lang='lat' dir='ltr'>haereditas</span> <span class='ocrx_word' id='word_1_109' title='bbox 790 1436 942 1472; x_wconf 86' lang='lat' dir='ltr'>sancta</span> <span class='ocrx_word' id='word_1_110' title='bbox 973 1443 1044 1472; x_wconf 87' lang='lat' dir='ltr'>ne-</span> 
     </span>
     <span class='ocr_line' id='line_1_23' title="bbox 214 1487 1043 1539; baseline -0.001 -10"><span class='ocrx_word' id='word_1_111' title='bbox 214 1490 342 1539; x_wconf 64' lang='lat' dir='ltr'>petes</span> <span class='ocrx_word' id='word_1_112' title='bbox 392 1490 544 1529; x_wconf 80' lang='lat' dir='ltr'>eerum</span> <span class='ocrx_word' id='word_1_113' title='bbox 595 1494 639 1530; x_wconf 90' lang='lat' dir='ltr'>et</span> <span class='ocrx_word' id='word_1_114' title='bbox 681 1488 725 1529; x_wconf 90' lang='lat' dir='ltr'>in</span> <span class='ocrx_word' id='word_1_115' title='bbox 770 1487 1043 1529; x_wconf 84' lang='lat' dir='ltr'>testamentis</span> 
     </span>
     <span class='ocr_line' id='line_1_24' title="bbox 215 1544 1043 1586; baseline 0 -2"><span class='ocrx_word' id='word_1_116' title='bbox 215 1545 336 1586; x_wconf 84' lang='lat' dir='ltr'>stetit</span> <span class='ocrx_word' id='word_1_117' title='bbox 355 1557 504 1586; x_wconf 85' lang='lat' dir='ltr'>semen</span> <span class='ocrx_word' id='word_1_118' title='bbox 526 1547 695 1586; x_wconf 80' lang='lat' dir='ltr'>eerum:</span> <span class='ocrx_word' id='word_1_119' title='bbox 724 1549 768 1586; x_wconf 91' lang='lat' dir='ltr'>et</span> <span class='ocrx_word' id='word_1_120' title='bbox 791 1544 869 1585; x_wconf 90' lang='lat' dir='ltr'>filii</span> <span class='ocrx_word' id='word_1_121' title='bbox 891 1546 1043 1585; x_wconf 79' lang='lat' dir='ltr'>eerum</span> 
     </span>
     <span class='ocr_line' id='line_1_25' title="bbox 213 1601 1044 1654; baseline 0 -13"><span class='ocrx_word' id='word_1_122' title='bbox 213 1606 397 1653; x_wconf 90' lang='lat' dir='ltr'>propter</span> <span class='ocrx_word' id='word_1_123' title='bbox 434 1601 534 1642; x_wconf 89' lang='lat' dir='ltr'>illos</span> <span class='ocrx_word' id='word_1_124' title='bbox 570 1614 711 1654; x_wconf 87' lang='lat' dir='ltr'>usque</span> <span class='ocrx_word' id='word_1_125' title='bbox 748 1602 792 1641; x_wconf 93' lang='lat' dir='ltr'>in</span> <span class='ocrx_word' id='word_1_126' title='bbox 830 1603 1044 1642; x_wconf 85' lang='lat' dir='ltr'>aeternum</span> 
     </span>
     <span class='ocr_line' id='line_1_26' title="bbox 214 1657 1043 1708; baseline -0.001 -10"><span class='ocrx_word' id='word_1_127' title='bbox 214 1662 409 1698; x_wconf 87' lang='lat' dir='ltr'>manent:</span> <span class='ocrx_word' id='word_1_128' title='bbox 459 1670 608 1699; x_wconf 86' lang='lat' dir='ltr'>semen</span> <span class='ocrx_word' id='word_1_129' title='bbox 641 1659 793 1699; x_wconf 81' lang='lat' dir='ltr'>eerum</span> <span class='ocrx_word' id='word_1_130' title='bbox 827 1662 871 1698; x_wconf 90' lang='lat' dir='ltr'>et</span> <span class='ocrx_word' id='word_1_131' title='bbox 902 1657 1043 1708; x_wconf 80' lang='lat' dir='ltr'>gleria</span> 
     </span>
     <span class='ocr_line' id='line_1_27' title="bbox 215 1713 1043 1766; baseline 0 -12"><span class='ocrx_word' id='word_1_132' title='bbox 215 1715 366 1754; x_wconf 81' lang='lat' dir='ltr'>eerum</span> <span class='ocrx_word' id='word_1_133' title='bbox 407 1727 495 1756; x_wconf 92' lang='lat' dir='ltr'>non</span> <span class='ocrx_word' id='word_1_134' title='bbox 537 1714 877 1766; x_wconf 89' lang='lat' dir='ltr'>derelinquetur.</span> <span class='ocrx_word' id='word_1_135' title='bbox 941 1713 1043 1754; x_wconf 79' lang='lat' dir='ltr'>Cer-</span> 
     </span>
     <span class='ocr_line' id='line_1_28' title="bbox 214 1770 1044 1824; baseline 0.001 -14"><span class='ocrx_word' id='word_1_136' title='bbox 214 1783 324 1822; x_wconf 88' lang='lat' dir='ltr'>pora</span> <span class='ocrx_word' id='word_1_137' title='bbox 344 1771 541 1823; x_wconf 79' lang='lat' dir='ltr'>ipserum</span> <span class='ocrx_word' id='word_1_138' title='bbox 555 1771 599 1811; x_wconf 90' lang='lat' dir='ltr'>in</span> <span class='ocrx_word' id='word_1_139' title='bbox 614 1783 724 1824; x_wconf 84' lang='lat' dir='ltr'>paee</span> <span class='ocrx_word' id='word_1_140' title='bbox 740 1770 913 1823; x_wconf 81' lang='lat' dir='ltr'>sepulta</span> <span class='ocrx_word' id='word_1_141' title='bbox 932 1775 1044 1819; x_wconf 81' lang='lat' dir='ltr'>sunt,</span> 
     </span>
     <span class='ocr_line' id='line_1_29' title="bbox 215 1827 1044 1879; baseline 0.001 -12"><span class='ocrx_word' id='word_1_142' title='bbox 215 1832 258 1868; x_wconf 91' lang='lat' dir='ltr'>et</span> <span class='ocrx_word' id='word_1_143' title='bbox 286 1840 445 1869; x_wconf 89' lang='lat' dir='ltr'>nomen</span> <span class='ocrx_word' id='word_1_144' title='bbox 478 1830 630 1869; x_wconf 81' lang='lat' dir='ltr'>eerum</span> <span class='ocrx_word' id='word_1_145' title='bbox 658 1827 767 1868; x_wconf 88' lang='lat' dir='ltr'>vivit</span> <span class='ocrx_word' id='word_1_146' title='bbox 795 1827 839 1867; x_wconf 93' lang='lat' dir='ltr'>in</span> <span class='ocrx_word' id='word_1_147' title='bbox 867 1839 1044 1879; x_wconf 85' lang='lat' dir='ltr'>genera-</span> 
     </span>
     <span class='ocr_line' id='line_1_30' title="bbox 213 1883 1044 1936; baseline 0 -12"><span class='ocrx_word' id='word_1_148' title='bbox 213 1883 378 1925; x_wconf 81' lang='lat' dir='ltr'>tienem</span> <span class='ocrx_word' id='word_1_149' title='bbox 411 1889 455 1926; x_wconf 89' lang='lat' dir='ltr'>et</span> <span class='ocrx_word' id='word_1_150' title='bbox 488 1884 828 1936; x_wconf 81' lang='lat' dir='ltr'>generatienem.</span> <span class='ocrx_word' id='word_1_151' title='bbox 868 1884 1044 1936; x_wconf 89' lang='lat' dir='ltr'>Sapien-</span> 
     </span>
     <span class='ocr_line' id='line_1_31' title="bbox 215 1940 1045 1994; baseline 0.001 -14"><span class='ocrx_word' id='word_1_152' title='bbox 215 1940 321 1981; x_wconf 88' lang='lat' dir='ltr'>tiam</span> <span class='ocrx_word' id='word_1_153' title='bbox 348 1940 546 1993; x_wconf 81' lang='lat' dir='ltr'>ipserum</span> <span class='ocrx_word' id='word_1_154' title='bbox 578 1946 757 1982; x_wconf 88' lang='lat' dir='ltr'>narrent</span> <span class='ocrx_word' id='word_1_155' title='bbox 789 1940 960 1994; x_wconf 80' lang='lat' dir='ltr'>pepuli,</span> <span class='ocrx_word' id='word_1_156' title='bbox 1002 1945 1045 1982; x_wconf 87' lang='lat' dir='ltr'>et</span> 
     </span>
     <span class='ocr_line' id='line_1_32' title="bbox 216 1996 1008 2047; baseline 0.001 -11"><span class='ocrx_word' id='word_1_157' title='bbox 216 1996 390 2038; x_wconf 88' lang='lat' dir='ltr'>laudem</span> <span class='ocrx_word' id='word_1_158' title='bbox 420 1999 572 2038; x_wconf 80' lang='lat' dir='ltr'>eerum</span> <span class='ocrx_word' id='word_1_159' title='bbox 599 1998 772 2039; x_wconf 84' lang='lat' dir='ltr'>nuntiet</span> <span class='ocrx_word' id='word_1_160' title='bbox 799 1997 1008 2047; x_wconf 85' lang='lat' dir='ltr'>Ecclesia.</span> 
     </span>
    </p>

    <p class='ocr_par' dir='ltr' id='par_1_7' title="bbox 272 2054 869 2106">
     <span class='ocr_line' id='line_1_33' title="bbox 272 2054 869 2106; baseline 0.005 -14"><span class='ocrx_word' id='word_1_161' title='bbox 272 2054 321 2104; x_wconf 68' lang='lat' dir='ltr'>R.</span> <span class='ocrx_word' id='word_1_162' title='bbox 345 2054 512 2095; x_wconf 89' lang='lat' dir='ltr'>Juravit</span> <span class='ocrx_word' id='word_1_163' title='bbox 531 2054 758 2095; x_wconf 80' lang='lat' dir='ltr'>Deminus.</span> <span class='ocrx_word' id='word_1_164' title='bbox 787 2054 869 2106; x_wconf 87' lang='lat'>[52]</span> 
     </span>
    </p>

    <p class='ocr_par' dir='ltr' id='par_1_8' title="bbox 488 2125 671 2147">
     <span class='ocr_line' id='line_1_34' title="bbox 488 2125 671 2147; baseline 0 0"><span class='ocrx_word' id='word_1_165' title='bbox 488 2125 671 2147; x_wconf 34' lang='grc' dir='ltr'>’Ἢ</span> 
     </span>
    </p>
   </div>
   <div class='ocr_carea' id='block_1_3' title="bbox 220 2186 1045 2288">
    <p class='ocr_par' dir='ltr' id='par_1_9' title="bbox 220 2186 1045 2288">
     <span class='ocr_line' id='line_1_35' title="bbox 371 2186 888 2230; baseline 0.008 -4"><span class='ocrx_word' id='word_1_166' title='bbox 371 2186 432 2227; x_wconf 90' lang='lat'>11.</span> <span class='ocrx_word' id='word_1_167' title='bbox 469 2186 597 2228; x_wconf 87' lang='lat' dir='ltr'>Aliae</span> <span class='ocrx_word' id='word_1_168' title='bbox 624 2187 888 2230; x_wconf 78' lang='lat' dir='ltr'>Lectiones</span> 
     </span>
     <span class='ocr_line' id='line_1_36' title="bbox 220 2236 1045 2288; baseline -0.001 -12"><span class='ocrx_word' id='word_1_169' title='bbox 220 2250 299 2288; x_wconf 76' lang='lat' dir='ltr'>pro</span> <span class='ocrx_word' id='word_1_170' title='bbox 325 2236 607 2277; x_wconf 73' lang='lat' dir='ltr'>Pontificibus</span> <span class='ocrx_word' id='word_1_171' title='bbox 636 2243 676 2277; x_wconf 77' lang='lat' dir='ltr'>et</span> <span class='ocrx_word' id='word_1_172' title='bbox 698 2236 1045 2277; x_wconf 73' lang='lat' dir='ltr'>Confessoribus.</span> 
     </span>
    </p>
   </div>
   <div class='ocr_carea' id='block_1_4' title="bbox 219 2309 1046 2776">
    <p class='ocr_par' dir='ltr' id='par_1_10' title="bbox 453 2309 812 2348">
     <span class='ocr_line' id='line_1_37' title="bbox 453 2309 812 2348; baseline 0.003 -1"><span class='ocrx_word' id='word_1_173' title='bbox 453 2310 500 2348; x_wconf 89' lang='lat' dir='ltr'>In</span> <span class='ocrx_word' id='word_1_174' title='bbox 521 2309 571 2348; x_wconf 90' lang='grc' dir='ltr'>ΙΙ.</span> <span class='ocrx_word' id='word_1_175' title='bbox 590 2310 812 2348; x_wconf 78' lang='lat' dir='ltr'>Nocturno.</span> 
     </span>
    </p>

    <p class='ocr_par' dir='ltr' id='par_1_11' title="bbox 240 2377 1021 2536">
     <span class='ocr_line' id='line_1_38' title="bbox 240 2377 1021 2434; baseline 0.005 -16"><span class='ocrx_word' id='word_1_176' title='bbox 240 2377 392 2419; x_wconf 85' lang='lat' dir='ltr'>Sermo</span> <span class='ocrx_word' id='word_1_177' title='bbox 420 2379 562 2419; x_wconf 85' lang='lat' dir='ltr'>sancti</span> <span class='ocrx_word' id='word_1_178' title='bbox 590 2379 770 2420; x_wconf 84' lang='lat' dir='ltr'>Maximi</span> <span class='ocrx_word' id='word_1_179' title='bbox 798 2380 1021 2434; x_wconf 80' lang='lat' dir='ltr'><strong>Episcopi.</strong></span> 
     </span>
     <span class='ocr_line' id='line_1_39' title="bbox 306 2439 965 2475; baseline 0 -2"><span class='ocrx_word' id='word_1_180' title='bbox 306 2439 363 2473; x_wconf 80' lang='lat' dir='ltr'>Ex</span> <span class='ocrx_word' id='word_1_181' title='bbox 382 2439 521 2473; x_wconf 85' lang='lat' dir='ltr'>Homil.</span> <span class='ocrx_word' id='word_1_182' title='bbox 539 2440 604 2475; x_wconf 66' lang='lat'>59..</span> <span class='ocrx_word' id='word_1_183' title='bbox 631 2439 676 2473; x_wconf 84' lang='lat' dir='ltr'>dc</span> <span class='ocrx_word' id='word_1_184' title='bbox 695 2441 730 2474; x_wconf 72' lang='lat' dir='ltr'>S.</span> <span class='ocrx_word' id='word_1_185' title='bbox 752 2439 920 2474; x_wconf 76' lang='lat' dir='ltr'>Eusebio</span> <span class='ocrx_word' id='word_1_186' title='bbox 937 2441 965 2473; x_wconf 75' lang='lat'>2.</span> 
     </span>
     <span class='ocr_line' id='line_1_40' title="bbox 520 2496 741 2536; baseline -0.005 -1"><span class='ocrx_word' id='word_1_187' title='bbox 520 2496 671 2536; x_wconf 81' lang='lat' dir='ltr'>Lectio</span> <span class='ocrx_word' id='word_1_188' title='bbox 691 2496 741 2535; x_wconf 79' lang='lat' dir='ltr'>iv.</span> 
     </span>
    </p>

    <p class='ocr_par' dir='ltr' id='par_1_12' title="bbox 219 2554 1046 2776">
     <span class='ocr_line' id='line_1_41' title="bbox 228 2554 1045 2610; baseline 0.005 -13"><span class='ocrx_word' id='word_1_189' title='bbox 228 2573 295 2608; x_wconf 60' lang='lat' dir='ltr'>{¹24ss,</span> <span class='ocrx_word' id='word_1_190' title='bbox 322 2556 418 2596; x_wconf 72' lang='lat' dir='ltr'>eati</span> <span class='ocrx_word' id='word_1_191' title='bbox 447 2556 591 2597; x_wconf 86' lang='lat' dir='ltr'>Patris</span> <span class='ocrx_word' id='word_1_192' title='bbox 621 2554 670 2594; x_wconf 91' lang='lat' dir='ltr'>N.</span> <span class='ocrx_word' id='word_1_193' title='bbox 704 2558 858 2599; x_wconf 86' lang='lat' dir='ltr'>merita</span> <span class='ocrx_word' id='word_1_194' title='bbox 890 2559 974 2610; x_wconf 86' lang='lat' dir='ltr'>jam</span> <span class='ocrx_word' id='word_1_195' title='bbox 1003 2561 1045 2601; x_wconf 91' lang='lat' dir='ltr'>in</span> 
     </span>
     <span class='ocr_line' id='line_1_42' title="bbox 257 2603 1045 2666; baseline 0.009 -17"><span class='ocrx_word' id='word_1_196' title='bbox 257 2603 323 2665; x_wconf 40' lang='lat'>32⁵3*</span> <span class='ocrx_word' id='word_1_197' title='bbox 355 2616 451 2653; x_wconf 85' lang='lat' dir='ltr'>tuto</span> <span class='ocrx_word' id='word_1_198' title='bbox 488 2613 635 2665; x_wconf 80' lang='lat' dir='ltr'>pesita</span> <span class='ocrx_word' id='word_1_199' title='bbox 672 2614 815 2655; x_wconf 84' lang='lat' dir='ltr'>securi</span> <span class='ocrx_word' id='word_1_200' title='bbox 851 2616 1045 2666; x_wconf 86' lang='lat' dir='ltr'>magnifi-</span> 
     </span>
     <span class='ocr_line' id='line_1_43' title="bbox 317 2669 1046 2721; baseline 0.007 -12.36"><span class='ocrx_word' id='word_1_201' title='bbox 317 2671 323 2692; x_wconf 75' lang='grc'>-’</span> <span class='ocrx_word' id='word_1_202' title='bbox 357 2670 524 2709; x_wconf 87' lang='lat' dir='ltr'>cemus:</span> <span class='ocrx_word' id='word_1_203' title='bbox 579 2670 653 2721; x_wconf 90' lang='lat' dir='ltr'>qui</span> <span class='ocrx_word' id='word_1_204' title='bbox 701 2669 1046 2721; x_wconf 81' lang='lat' dir='ltr'>gubernaculum</span> 
     </span>
     <span class='ocr_line' id='line_1_44' title="bbox 219 2725 1046 2776; baseline 0.006 -11"><span class='ocrx_word' id='word_1_205' title='bbox 219 2725 322 2766; x_wconf 86' lang='lat' dir='ltr'>fidei</span> <span class='ocrx_word' id='word_1_206' title='bbox 364 2725 546 2767; x_wconf 87' lang='lat' dir='ltr'>viriliter</span> <span class='ocrx_word' id='word_1_207' title='bbox 586 2731 761 2776; x_wconf 86' lang='lat' dir='ltr'>tenens,</span> <span class='ocrx_word' id='word_1_208' title='bbox 808 2728 1046 2770; x_wconf 87' lang='lat' dir='ltr'>anchoram</span> 
     </span>
    </p>
   </div>
   <div class='ocr_carea' id='block_1_5' title="bbox 1096 296 1929 2783">
    <p class='ocr_par' dir='ltr' id='par_1_13' title="bbox 1098 296 1928 855">
     <span class='ocr_line' id='line_1_45' title="bbox 1099 296 1928 348; baseline 0.002 -12"><span class='ocrx_word' id='word_1_209' title='bbox 1099 296 1195 348; x_wconf 86' lang='lat' dir='ltr'>spei</span> <span class='ocrx_word' id='word_1_210' title='bbox 1234 296 1471 348; x_wconf 87' lang='lat' dir='ltr'>tranquilla</span> <span class='ocrx_word' id='word_1_211' title='bbox 1516 297 1600 348; x_wconf 86' lang='lat' dir='ltr'>iam</span> <span class='ocrx_word' id='word_1_212' title='bbox 1645 296 1689 337; x_wconf 93' lang='lat' dir='ltr'>in</span> <span class='ocrx_word' id='word_1_213' title='bbox 1736 297 1928 339; x_wconf 78' lang='lat' dir='ltr'>statiene</span> 
     </span>
     <span class='ocr_line' id='line_1_46' title="bbox 1100 352 1928 405; baseline 0.004 -13"><span class='ocrx_word' id='word_1_214' title='bbox 1100 352 1362 404; x_wconf 79' lang='lat' dir='ltr'>compesuit,</span> <span class='ocrx_word' id='word_1_215' title='bbox 1398 357 1442 394; x_wconf 89' lang='lat' dir='ltr'>et</span> <span class='ocrx_word' id='word_1_216' title='bbox 1467 352 1644 405; x_wconf 85' lang='lat' dir='ltr'><strong>plenam</strong></span> <span class='ocrx_word' id='word_1_217' title='bbox 1672 353 1928 395; x_wconf 83' lang='lat' dir='ltr'>coelestibus</span> 
     </span>
     <span class='ocr_line' id='line_1_47' title="bbox 1100 408 1927 451; baseline 0.002 -2"><span class='ocrx_word' id='word_1_218' title='bbox 1100 408 1266 449; x_wconf 82' lang='lat' dir='ltr'>divitiis</span> <span class='ocrx_word' id='word_1_219' title='bbox 1303 413 1346 449; x_wconf 87' lang='lat' dir='ltr'>et</span> <span class='ocrx_word' id='word_1_220' title='bbox 1382 409 1558 450; x_wconf 87' lang='lat' dir='ltr'>aeternis</span> <span class='ocrx_word' id='word_1_221' title='bbox 1594 409 1814 451; x_wconf 87' lang='lat' dir='ltr'>mercibus</span> <span class='ocrx_word' id='word_1_222' title='bbox 1855 423 1927 451; x_wconf 88' lang='lat' dir='ltr'>na-</span> 
     </span>
     <span class='ocr_line' id='line_1_48' title="bbox 1099 465 1928 518; baseline 0.002 -14"><span class='ocrx_word' id='word_1_223' title='bbox 1099 477 1198 505; x_wconf 90' lang='lat' dir='ltr'>vem</span> <span class='ocrx_word' id='word_1_224' title='bbox 1231 467 1387 518; x_wconf 89' lang='lat' dir='ltr'>optato</span> <span class='ocrx_word' id='word_1_225' title='bbox 1422 465 1466 506; x_wconf 94' lang='lat' dir='ltr'>in</span> <span class='ocrx_word' id='word_1_226' title='bbox 1499 465 1647 507; x_wconf 86' lang='lat' dir='ltr'>littore</span> <span class='ocrx_word' id='word_1_227' title='bbox 1675 465 1928 508; x_wconf 86' lang='lat' dir='ltr'>collocavit:</span> 
     </span>
     <span class='ocr_line' id='line_1_49' title="bbox 1100 521 1928 573; baseline 0.004 -12"><span class='ocrx_word' id='word_1_228' title='bbox 1100 521 1175 573; x_wconf 91' lang='lat' dir='ltr'>qui</span> <span class='ocrx_word' id='word_1_229' title='bbox 1194 526 1349 562; x_wconf 88' lang='lat' dir='ltr'>contra</span> <span class='ocrx_word' id='word_1_230' title='bbox 1369 534 1522 563; x_wconf 86' lang='lat' dir='ltr'>omnes</span> <span class='ocrx_word' id='word_1_231' title='bbox 1543 521 1822 564; x_wconf 85' lang='lat' dir='ltr'>adversarios</span> <span class='ocrx_word' id='word_1_232' title='bbox 1841 536 1928 564; x_wconf 84' lang='lat' dir='ltr'>scu-</span> 
     </span>
     <span class='ocr_line' id='line_1_50' title="bbox 1099 578 1927 631; baseline 0.004 -13"><span class='ocrx_word' id='word_1_233' title='bbox 1099 582 1192 618; x_wconf 90' lang='lat' dir='ltr'>tum</span> <span class='ocrx_word' id='word_1_234' title='bbox 1219 578 1392 619; x_wconf 82' lang='lat' dir='ltr'>timeris</span> <span class='ocrx_word' id='word_1_235' title='bbox 1419 578 1503 619; x_wconf 89' lang='lat' dir='ltr'>Dei</span> <span class='ocrx_word' id='word_1_236' title='bbox 1532 578 1701 620; x_wconf 90' lang='lat' dir='ltr'>tamdiu</span> <span class='ocrx_word' id='word_1_237' title='bbox 1731 579 1927 631; x_wconf 87' lang='lat' dir='ltr'>infatiga-</span> 
     </span>
     <span class='ocr_line' id='line_1_51' title="bbox 1098 633 1926 683; baseline 0.002 -8"><span class='ocrx_word' id='word_1_238' title='bbox 1098 633 1245 675; x_wconf 89' lang='lat' dir='ltr'>biliter</span> <span class='ocrx_word' id='word_1_239' title='bbox 1270 635 1421 683; x_wconf 86' lang='lat' dir='ltr'>tenuit,</span> <span class='ocrx_word' id='word_1_240' title='bbox 1450 634 1592 677; x_wconf 89' lang='lat' dir='ltr'>donec</span> <span class='ocrx_word' id='word_1_241' title='bbox 1615 635 1673 677; x_wconf 92' lang='lat' dir='ltr'>ad</span> <span class='ocrx_word' id='word_1_242' title='bbox 1698 635 1926 677; x_wconf 79' lang='lat' dir='ltr'>victeriam</span> 
     </span>
     <span class='ocr_line' id='line_1_52' title="bbox 1098 691 1927 743; baseline 0.004 -12"><span class='ocrx_word' id='word_1_243' title='bbox 1098 693 1360 743; x_wconf 87' lang='lat' dir='ltr'>perveniret.</span> <span class='ocrx_word' id='word_1_244' title='bbox 1408 691 1526 741; x_wconf 89' lang='lat' dir='ltr'>Quid</span> <span class='ocrx_word' id='word_1_245' title='bbox 1555 692 1670 733; x_wconf 88' lang='lat' dir='ltr'>enim</span> <span class='ocrx_word' id='word_1_246' title='bbox 1697 691 1779 733; x_wconf 89' lang='lat' dir='ltr'>fuit</span> <span class='ocrx_word' id='word_1_247' title='bbox 1805 696 1927 734; x_wconf 83' lang='lat' dir='ltr'>totus</span> 
     </span>
     <span class='ocr_line' id='line_1_53' title="bbox 1099 747 1928 799; baseline 0.002 -11"><span class='ocrx_word' id='word_1_248' title='bbox 1099 747 1202 789; x_wconf 88' lang='lat' dir='ltr'>vitae</span> <span class='ocrx_word' id='word_1_249' title='bbox 1229 748 1344 789; x_wconf 87' lang='lat' dir='ltr'>illius</span> <span class='ocrx_word' id='word_1_250' title='bbox 1373 760 1543 799; x_wconf 80' lang='lat' dir='ltr'>cursus,</span> <span class='ocrx_word' id='word_1_251' title='bbox 1577 748 1660 789; x_wconf 83' lang='lat' dir='ltr'>nisi</span> <span class='ocrx_word' id='word_1_252' title='bbox 1688 761 1800 790; x_wconf 88' lang='lat' dir='ltr'>unus</span> <span class='ocrx_word' id='word_1_253' title='bbox 1828 761 1928 790; x_wconf 91' lang='lat' dir='ltr'>cum</span> 
     </span>
     <span class='ocr_line' id='line_1_54' title="bbox 1099 804 1668 855; baseline 0.004 -11"><span class='ocrx_word' id='word_1_254' title='bbox 1099 804 1219 855; x_wconf 85' lang='lat' dir='ltr'>vigili</span> <span class='ocrx_word' id='word_1_255' title='bbox 1248 804 1378 846; x_wconf 86' lang='lat' dir='ltr'>hoste</span> <span class='ocrx_word' id='word_1_256' title='bbox 1410 805 1668 846; x_wconf 84' lang='lat' dir='ltr'>conflictus?</span> 
     </span>
    </p>

    <p class='ocr_par' dir='ltr' id='par_1_14' title="bbox 1096 861 1929 1186">
     <span class='ocr_line' id='line_1_55' title="bbox 1158 861 1928 912; baseline 0.005 -13"><span class='ocrx_word' id='word_1_257' title='bbox 1158 861 1205 910; x_wconf 66' lang='lat' dir='ltr'>R.</span> <span class='ocrx_word' id='word_1_258' title='bbox 1228 861 1381 902; x_wconf 87' lang='lat' dir='ltr'>Inveni</span> <span class='ocrx_word' id='word_1_259' title='bbox 1400 861 1546 903; x_wconf 88' lang='lat' dir='ltr'>David</span> <span class='ocrx_word' id='word_1_260' title='bbox 1569 874 1744 903; x_wconf 85' lang='lat' dir='ltr'>servum</span> <span class='ocrx_word' id='word_1_261' title='bbox 1771 874 1928 912; x_wconf 88' lang='lat' dir='ltr'>meum,</span> 
     </span>
     <span class='ocr_line' id='line_1_56' title="bbox 1098 916 1929 960; baseline 0 -2"><span class='ocrx_word' id='word_1_262' title='bbox 1098 917 1198 959; x_wconf 78' lang='lat' dir='ltr'>eleo</span> <span class='ocrx_word' id='word_1_263' title='bbox 1246 923 1399 960; x_wconf 87' lang='lat' dir='ltr'>sancto</span> <span class='ocrx_word' id='word_1_264' title='bbox 1445 931 1544 960; x_wconf 88' lang='lat' dir='ltr'>meo</span> <span class='ocrx_word' id='word_1_265' title='bbox 1590 918 1696 959; x_wconf 90' lang='lat' dir='ltr'>unxi</span> <span class='ocrx_word' id='word_1_266' title='bbox 1740 931 1858 960; x_wconf 88' lang='lat' dir='ltr'>eum:</span> <span class='ocrx_word' id='word_1_267' title='bbox 1909 916 1929 938; x_wconf 85' lang='lat'>*</span> 
     </span>
     <span class='ocr_line' id='line_1_57' title="bbox 1097 974 1927 1016; baseline 0.002 -2"><span class='ocrx_word' id='word_1_268' title='bbox 1097 974 1253 1015; x_wconf 86' lang='lat' dir='ltr'>Manus</span> <span class='ocrx_word' id='word_1_269' title='bbox 1286 975 1402 1016; x_wconf 89' lang='lat' dir='ltr'>enim</span> <span class='ocrx_word' id='word_1_270' title='bbox 1432 987 1533 1016; x_wconf 87' lang='lat' dir='ltr'>mea</span> <span class='ocrx_word' id='word_1_271' title='bbox 1564 974 1848 1016; x_wconf 65' lang='lat' dir='ltr'>auxiliabitur</span> <span class='ocrx_word' id='word_1_272' title='bbox 1877 975 1927 1016; x_wconf 89' lang='lat' dir='ltr'>ei.</span> 
     </span>
     <span class='ocr_line' id='line_1_58' title="bbox 1103 1024 1927 1084; baseline -0.001 -10"><span class='ocrx_word' id='word_1_273' title='bbox 1103 1024 1152 1074; x_wconf 60' lang='lat' dir='ltr'>V.</span> <span class='ocrx_word' id='word_1_274' title='bbox 1174 1031 1295 1072; x_wconf 91' lang='lat' dir='ltr'>Nihil</span> <span class='ocrx_word' id='word_1_275' title='bbox 1323 1032 1528 1084; x_wconf 87' lang='lat' dir='ltr'>proficiet</span> <span class='ocrx_word' id='word_1_276' title='bbox 1555 1031 1758 1073; x_wconf 83' lang='lat' dir='ltr'>inimicus</span> <span class='ocrx_word' id='word_1_277' title='bbox 1790 1032 1835 1072; x_wconf 92' lang='lat' dir='ltr'>in</span> <span class='ocrx_word' id='word_1_278' title='bbox 1863 1044 1927 1081; x_wconf 85' lang='lat' dir='ltr'>eo,</span> 
     </span>
     <span class='ocr_line' id='line_1_59' title="bbox 1098 1087 1927 1141; baseline 0 -13"><span class='ocrx_word' id='word_1_279' title='bbox 1098 1091 1141 1128; x_wconf 88' lang='lat' dir='ltr'>et</span> <span class='ocrx_word' id='word_1_280' title='bbox 1169 1087 1285 1129; x_wconf 85' lang='lat' dir='ltr'>filius</span> <span class='ocrx_word' id='word_1_281' title='bbox 1309 1088 1554 1141; x_wconf 83' lang='lat' dir='ltr'>iniquitatis</span> <span class='ocrx_word' id='word_1_282' title='bbox 1571 1100 1660 1129; x_wconf 91' lang='lat' dir='ltr'>non</span> <span class='ocrx_word' id='word_1_283' title='bbox 1678 1087 1858 1130; x_wconf 87' lang='lat' dir='ltr'>nocebit</span> <span class='ocrx_word' id='word_1_284' title='bbox 1877 1088 1927 1130; x_wconf 90' lang='lat' dir='ltr'>ei.</span> 
     </span>
     <span class='ocr_line' id='line_1_60' title="bbox 1096 1144 1319 1186; baseline 0.004 -1"><span class='ocrx_word' id='word_1_285' title='bbox 1096 1144 1263 1186; x_wconf 83' lang='lat' dir='ltr'>Manus.</span> <span class='ocrx_word' id='word_1_286' title='bbox 1314 1150 1319 1153; x_wconf 87' lang='lat'>&#39;</span> 
     </span>
    </p>

    <p class='ocr_par' dir='ltr' id='par_1_15' title="bbox 1414 1194 1621 1234">
     <span class='ocr_line' id='line_1_61' title="bbox 1414 1194 1621 1234; baseline 0 -2"><span class='ocrx_word' id='word_1_287' title='bbox 1414 1194 1564 1234; x_wconf 71' lang='lat' dir='ltr'>Lectio</span> <span class='ocrx_word' id='word_1_288' title='bbox 1587 1208 1621 1232; x_wconf 81' lang='lat' dir='ltr'>v.</span> 
     </span>
    </p>

    <p class='ocr_par' dir='ltr' id='par_1_16' title="bbox 1104 1236 1927 1357">
     <span class='ocr_line' id='line_1_62' title="bbox 1104 1236 1927 1357; baseline 0.001 -62"><span class='ocrx_word' id='word_1_289' title='bbox 1104 1236 1329 1357; x_wconf 74' lang='lat' dir='ltr'>Quantis</span> <span class='ocrx_word' id='word_1_290' title='bbox 1354 1255 1425 1296; x_wconf 83' lang='lat' dir='ltr'>hie</span> <span class='ocrx_word' id='word_1_291' title='bbox 1445 1256 1574 1297; x_wconf 84' lang='lat' dir='ltr'>eaecis</span> <span class='ocrx_word' id='word_1_292' title='bbox 1594 1268 1620 1297; x_wconf 89' lang='lat' dir='ltr'>a</span> <span class='ocrx_word' id='word_1_293' title='bbox 1639 1255 1710 1296; x_wconf 88' lang='lat' dir='ltr'>via</span> <span class='ocrx_word' id='word_1_294' title='bbox 1728 1255 1927 1297; x_wconf 86' lang='lat' dir='ltr'>veritatis</span> 
     </span>
    </p>

    <p class='ocr_par' dir='ltr' id='par_1_17' title="bbox 1096 1311 1927 2091">
     <span class='ocr_line' id='line_1_63' title="bbox 1207 1311 1927 1364; baseline 0.001 -12"><span class='ocrx_word' id='word_1_295' title='bbox 1207 1311 1466 1361; x_wconf 86' lang='lat' dir='ltr'>errantibus,</span> <span class='ocrx_word' id='word_1_296' title='bbox 1495 1317 1540 1354; x_wconf 91' lang='lat' dir='ltr'>et</span> <span class='ocrx_word' id='word_1_297' title='bbox 1565 1311 1621 1353; x_wconf 89' lang='lat' dir='ltr'>de</span> <span class='ocrx_word' id='word_1_298' title='bbox 1649 1325 1819 1353; x_wconf 84' lang='lat' dir='ltr'>summa</span> <span class='ocrx_word' id='word_1_299' title='bbox 1842 1312 1927 1364; x_wconf 85' lang='lat' dir='ltr'>jam</span> 
     </span>
     <span class='ocr_line' id='line_1_64' title="bbox 1097 1368 1926 1422; baseline 0.001 -13"><span class='ocrx_word' id='word_1_300' title='bbox 1097 1369 1140 1409; x_wconf 89' lang='lat' dir='ltr'>in</span> <span class='ocrx_word' id='word_1_301' title='bbox 1179 1368 1449 1421; x_wconf 70' lang='lat' dir='ltr'>profandum</span> <span class='ocrx_word' id='word_1_302' title='bbox 1485 1381 1595 1422; x_wconf 90' lang='lat' dir='ltr'>rupe</span> <span class='ocrx_word' id='word_1_303' title='bbox 1631 1368 1926 1421; x_wconf 84' lang='lat' dir='ltr'>pendentibus</span> 
     </span>
     <span class='ocr_line' id='line_1_65' title="bbox 1097 1425 1926 1475; baseline 0 -9"><span class='ocrx_word' id='word_1_304' title='bbox 1097 1428 1305 1466; x_wconf 84' lang='lat' dir='ltr'>amissum</span> <span class='ocrx_word' id='word_1_305' title='bbox 1333 1425 1527 1467; x_wconf 90' lang='lat' dir='ltr'>reddidit</span> <span class='ocrx_word' id='word_1_306' title='bbox 1550 1426 1703 1475; x_wconf 85' lang='lat' dir='ltr'>visum,</span> <span class='ocrx_word' id='word_1_307' title='bbox 1732 1430 1776 1467; x_wconf 91' lang='lat' dir='ltr'>et</span> <span class='ocrx_word' id='word_1_308' title='bbox 1792 1425 1926 1475; x_wconf 88' lang='lat' dir='ltr'>illum,</span> 
     </span>
     <span class='ocr_line' id='line_1_66' title="bbox 1098 1481 1927 1536; baseline 0 -13"><span class='ocrx_word' id='word_1_309' title='bbox 1098 1495 1186 1534; x_wconf 92' lang='lat' dir='ltr'>quo</span> <span class='ocrx_word' id='word_1_310' title='bbox 1207 1482 1407 1523; x_wconf 85' lang='lat' dir='ltr'>Christus</span> <span class='ocrx_word' id='word_1_311' title='bbox 1427 1481 1668 1532; x_wconf 86' lang='lat' dir='ltr'>videretur,</span> <span class='ocrx_word' id='word_1_312' title='bbox 1704 1481 1927 1536; x_wconf 84' lang='lat' dir='ltr'>reparavit</span> 
     </span>
     <span class='ocr_line' id='line_1_67' title="bbox 1096 1538 1926 1589; baseline 0.001 -10"><span class='ocrx_word' id='word_1_313' title='bbox 1096 1538 1323 1581; x_wconf 83' lang='lat' dir='ltr'>intuitum?</span> <span class='ocrx_word' id='word_1_314' title='bbox 1349 1539 1624 1589; x_wconf 79' lang='lat' dir='ltr'>Quanterum</span> <span class='ocrx_word' id='word_1_315' title='bbox 1639 1538 1819 1580; x_wconf 80' lang='lat' dir='ltr'>auribus</span> <span class='ocrx_word' id='word_1_316' title='bbox 1836 1551 1926 1580; x_wconf 85' lang='lat' dir='ltr'>sur-</span> 
     </span>
     <span class='ocr_line' id='line_1_68' title="bbox 1097 1595 1926 1645; baseline -0.001 -8"><span class='ocrx_word' id='word_1_317' title='bbox 1097 1595 1185 1645; x_wconf 82' lang='lat' dir='ltr'>dis,</span> <span class='ocrx_word' id='word_1_318' title='bbox 1234 1601 1278 1637; x_wconf 90' lang='lat' dir='ltr'>et</span> <span class='ocrx_word' id='word_1_319' title='bbox 1322 1595 1597 1637; x_wconf 82' lang='lat' dir='ltr'>infidelitatis</span> <span class='ocrx_word' id='word_1_320' title='bbox 1644 1595 1926 1637; x_wconf 82' lang='lat' dir='ltr'>obturatiene</span> 
     </span>
     <span class='ocr_line' id='line_1_69' title="bbox 1097 1652 1926 1705; baseline -0.001 -12"><span class='ocrx_word' id='word_1_321' title='bbox 1097 1652 1327 1703; x_wconf 81' lang='lat' dir='ltr'>damnatis,</span> <span class='ocrx_word' id='word_1_322' title='bbox 1345 1652 1402 1693; x_wconf 90' lang='lat' dir='ltr'>ad</span> <span class='ocrx_word' id='word_1_323' title='bbox 1421 1652 1751 1705; x_wconf 67' lang='lat' dir='ltr'>percipiendam</span> <span class='ocrx_word' id='word_1_324' title='bbox 1769 1664 1926 1694; x_wconf 89' lang='lat' dir='ltr'>vocem</span> 
     </span>
     <span class='ocr_line' id='line_1_70' title="bbox 1097 1708 1926 1762; baseline 0 -12"><span class='ocrx_word' id='word_1_325' title='bbox 1097 1709 1344 1750; x_wconf 86' lang='lat' dir='ltr'>coelestium</span> <span class='ocrx_word' id='word_1_326' title='bbox 1389 1708 1718 1759; x_wconf 70' lang='lat' dir='ltr'>mandaterum,</span> <span class='ocrx_word' id='word_1_327' title='bbox 1763 1708 1926 1762; x_wconf 80' lang='lat' dir='ltr'>pretie-</span> 
     </span>
     <span class='ocr_line' id='line_1_71' title="bbox 1097 1765 1927 1815; baseline 0.001 -9"><span class='ocrx_word' id='word_1_328' title='bbox 1097 1779 1194 1807; x_wconf 83' lang='lat' dir='ltr'>sum</span> <span class='ocrx_word' id='word_1_329' title='bbox 1222 1765 1381 1807; x_wconf 82' lang='lat' dir='ltr'>infudit</span> <span class='ocrx_word' id='word_1_330' title='bbox 1410 1765 1628 1815; x_wconf 87' lang='lat' dir='ltr'>auditum,</span> <span class='ocrx_word' id='word_1_331' title='bbox 1669 1770 1718 1807; x_wconf 89' lang='lat' dir='ltr'>ut</span> <span class='ocrx_word' id='word_1_332' title='bbox 1750 1765 1927 1807; x_wconf 84' lang='lat' dir='ltr'>vocanti</span> 
     </span>
     <span class='ocr_line' id='line_1_72' title="bbox 1097 1822 1927 1875; baseline -0.001 -11"><span class='ocrx_word' id='word_1_333' title='bbox 1097 1823 1195 1864; x_wconf 88' lang='lat' dir='ltr'>Deo</span> <span class='ocrx_word' id='word_1_334' title='bbox 1230 1822 1286 1864; x_wconf 88' lang='lat' dir='ltr'>ad</span> <span class='ocrx_word' id='word_1_335' title='bbox 1314 1822 1662 1864; x_wconf 81' lang='lat' dir='ltr'>misericerdiam</span> <span class='ocrx_word' id='word_1_336' title='bbox 1689 1822 1927 1875; x_wconf 86' lang='lat' dir='ltr'>responde-</span> 
     </span>
     <span class='ocr_line' id='line_1_73' title="bbox 1098 1877 1927 1932; baseline 0 -12"><span class='ocrx_word' id='word_1_337' title='bbox 1098 1884 1195 1921; x_wconf 87' lang='lat' dir='ltr'>rent</span> <span class='ocrx_word' id='word_1_338' title='bbox 1236 1892 1316 1932; x_wconf 89' lang='lat' dir='ltr'>per</span> <span class='ocrx_word' id='word_1_339' title='bbox 1352 1877 1675 1921; x_wconf 80' lang='lat' dir='ltr'>obedientiam?</span> <span class='ocrx_word' id='word_1_340' title='bbox 1727 1879 1927 1929; x_wconf 87' lang='lat' dir='ltr'>Quantos</span> 
     </span>
     <span class='ocr_line' id='line_1_74' title="bbox 1098 1934 1927 1987; baseline -0.001 -10"><span class='ocrx_word' id='word_1_341' title='bbox 1098 1936 1359 1977; x_wconf 84' lang='lat' dir='ltr'>intrinsecus</span> <span class='ocrx_word' id='word_1_342' title='bbox 1411 1934 1684 1985; x_wconf 80' lang='lat' dir='ltr'>vulneratos,</span> <span class='ocrx_word' id='word_1_343' title='bbox 1742 1934 1927 1987; x_wconf 76' lang='lat' dir='ltr'>angelici</span> 
     </span>
     <span class='ocr_line' id='line_1_75' title="bbox 1099 1991 1927 2042; baseline -0.001 -9"><span class='ocrx_word' id='word_1_344' title='bbox 1099 1993 1188 2034; x_wconf 85' lang='lat' dir='ltr'>oris</span> <span class='ocrx_word' id='word_1_345' title='bbox 1217 1997 1312 2034; x_wconf 89' lang='lat' dir='ltr'>arte</span> <span class='ocrx_word' id='word_1_346' title='bbox 1341 1997 1385 2034; x_wconf 89' lang='lat' dir='ltr'>et</span> <span class='ocrx_word' id='word_1_347' title='bbox 1413 1992 1681 2042; x_wconf 81' lang='lat' dir='ltr'>oratienum,</span> <span class='ocrx_word' id='word_1_348' title='bbox 1722 1991 1778 2034; x_wconf 88' lang='lat' dir='ltr'>ab</span> <span class='ocrx_word' id='word_1_349' title='bbox 1812 1991 1927 2032; x_wconf 91' lang='lat' dir='ltr'>infir-</span> 
     </span>
     <span class='ocr_line' id='line_1_76' title="bbox 1098 2048 1477 2091; baseline 0 -1"><span class='ocrx_word' id='word_1_350' title='bbox 1098 2049 1252 2091; x_wconf 84' lang='lat' dir='ltr'>mitate</span> <span class='ocrx_word' id='word_1_351' title='bbox 1281 2048 1477 2091; x_wconf 86' lang='lat' dir='ltr'>curavit?</span> 
     </span>
    </p>

    <p class='ocr_par' dir='ltr' id='par_1_18' title="bbox 1099 2104 1928 2430">
     <span class='ocr_line' id='line_1_77' title="bbox 1152 2104 1927 2158; baseline 0.004 -15"><span class='ocrx_word' id='word_1_352' title='bbox 1152 2104 1205 2155; x_wconf 70' lang='lat' dir='ltr'>R.</span> <span class='ocrx_word' id='word_1_353' title='bbox 1234 2106 1369 2147; x_wconf 81' lang='lat' dir='ltr'>Pesui</span> <span class='ocrx_word' id='word_1_354' title='bbox 1397 2105 1664 2158; x_wconf 79' lang='lat' dir='ltr'>adjuterium</span> <span class='ocrx_word' id='word_1_355' title='bbox 1691 2117 1823 2158; x_wconf 87' lang='lat' dir='ltr'>super</span> <span class='ocrx_word' id='word_1_356' title='bbox 1849 2117 1927 2157; x_wconf 92' lang='lat' dir='ltr'>po-</span> 
     </span>
     <span class='ocr_line' id='line_1_78' title="bbox 1099 2161 1928 2212; baseline -0.001 -8"><span class='ocrx_word' id='word_1_357' title='bbox 1099 2164 1284 2212; x_wconf 88' lang='lat' dir='ltr'>tentem,</span> <span class='ocrx_word' id='word_1_358' title='bbox 1327 2167 1371 2204; x_wconf 90' lang='lat' dir='ltr'>et</span> <span class='ocrx_word' id='word_1_359' title='bbox 1413 2161 1606 2204; x_wconf 76' lang='lat' dir='ltr'>exaltavi</span> <span class='ocrx_word' id='word_1_360' title='bbox 1645 2161 1834 2203; x_wconf 87' lang='lat' dir='ltr'>electum</span> <span class='ocrx_word' id='word_1_361' title='bbox 1856 2161 1928 2203; x_wconf 63' lang='lat' dir='ltr'>&gt;de</span> 
     </span>
     <span class='ocr_line' id='line_1_79' title="bbox 1099 2216 1928 2276; baseline -0.001 -16"><span class='ocrx_word' id='word_1_362' title='bbox 1099 2218 1230 2272; x_wconf 84' lang='lat' dir='ltr'>plebe</span> <span class='ocrx_word' id='word_1_363' title='bbox 1269 2231 1386 2260; x_wconf 86' lang='lat' dir='ltr'>mea:</span> <span class='ocrx_word' id='word_1_364' title='bbox 1426 2216 1447 2238; x_wconf 67' lang='lat'>¹*</span> <span class='ocrx_word' id='word_1_365' title='bbox 1486 2218 1643 2276; x_wconf 71' lang='lat' dir='ltr'>Manus</span> <span class='ocrx_word' id='word_1_366' title='bbox 1680 2218 1794 2259; x_wconf 89' lang='lat' dir='ltr'>enim</span> <span class='ocrx_word' id='word_1_367' title='bbox 1829 2231 1928 2260; x_wconf 88' lang='lat' dir='ltr'>mea</span> 
     </span>
     <span class='ocr_line' id='line_1_80' title="bbox 1099 2269 1927 2317; baseline -0.001 -1"><span class='ocrx_word' id='word_1_368' title='bbox 1099 2275 1381 2317; x_wconf 77' lang='lat' dir='ltr'>auxiliabitur</span> <span class='ocrx_word' id='word_1_369' title='bbox 1413 2275 1466 2316; x_wconf 88' lang='lat' dir='ltr'>ei.</span> <span class='ocrx_word' id='word_1_370' title='bbox 1509 2269 1560 2316; x_wconf 69' lang='lat' dir='ltr'>,V-</span> <span class='ocrx_word' id='word_1_371' title='bbox 1596 2275 1749 2315; x_wconf 86' lang='lat' dir='ltr'>Inveni</span> <span class='ocrx_word' id='word_1_372' title='bbox 1780 2274 1927 2316; x_wconf 88' lang='lat' dir='ltr'>David</span> 
     </span>
     <span class='ocr_line' id='line_1_81' title="bbox 1100 2330 1926 2381; baseline 0 -8"><span class='ocrx_word' id='word_1_373' title='bbox 1100 2344 1275 2373; x_wconf 84' lang='lat' dir='ltr'>servum</span> <span class='ocrx_word' id='word_1_374' title='bbox 1307 2344 1473 2381; x_wconf 89' lang='lat' dir='ltr'>meum,</span> <span class='ocrx_word' id='word_1_375' title='bbox 1515 2330 1614 2372; x_wconf 78' lang='lat' dir='ltr'>eleo</span> <span class='ocrx_word' id='word_1_376' title='bbox 1644 2335 1798 2372; x_wconf 86' lang='lat' dir='ltr'>sancto</span> <span class='ocrx_word' id='word_1_377' title='bbox 1825 2344 1926 2373; x_wconf 88' lang='lat' dir='ltr'>meo</span> 
     </span>
     <span class='ocr_line' id='line_1_82' title="bbox 1099 2387 1555 2430; baseline -0.004 0"><span class='ocrx_word' id='word_1_378' title='bbox 1099 2388 1203 2430; x_wconf 92' lang='lat' dir='ltr'>unxi</span> <span class='ocrx_word' id='word_1_379' title='bbox 1231 2401 1343 2430; x_wconf 90' lang='lat' dir='ltr'>eum.</span> <span class='ocrx_word' id='word_1_380' title='bbox 1387 2387 1555 2429; x_wconf 84' lang='lat' dir='ltr'>Manus.</span> 
     </span>
    </p>

    <p class='ocr_par' dir='ltr' id='par_1_19' title="bbox 1100 2444 1927 2783">
     <span class='ocr_line' id='line_1_83' title="bbox 1404 2444 1627 2485; baseline -0.013 0"><span class='ocrx_word' id='word_1_381' title='bbox 1404 2444 1554 2485; x_wconf 77' lang='lat' dir='ltr'>Lectio</span> <span class='ocrx_word' id='word_1_382' title='bbox 1577 2444 1627 2483; x_wconf 80' lang='lat' dir='ltr'>vi.</span> 
     </span>
     <span class='ocr_line' id='line_1_84' title="bbox 1186 2502 1927 2556; baseline -0.003 -11"><span class='ocrx_word' id='word_1_383' title='bbox 1186 2508 1343 2545; x_wconf 84' lang='lat' dir='ltr'>uantos</span> <span class='ocrx_word' id='word_1_384' title='bbox 1375 2515 1455 2556; x_wconf 90' lang='lat' dir='ltr'>per</span> <span class='ocrx_word' id='word_1_385' title='bbox 1496 2502 1674 2554; x_wconf 87' lang='lat' dir='ltr'>longam</span> <span class='ocrx_word' id='word_1_386' title='bbox 1714 2502 1927 2544; x_wconf 83' lang='lat' dir='ltr'>incuriam</span> 
     </span>
     <span class='ocr_line' id='line_1_85' title="bbox 1201 2559 1926 2613; baseline -0.003 -11"><span class='ocrx_word' id='word_1_387' title='bbox 1201 2559 1374 2613; x_wconf 88' lang='lat' dir='ltr'>peccati</span> <span class='ocrx_word' id='word_1_388' title='bbox 1393 2559 1493 2600; x_wconf 89' lang='lat' dir='ltr'>labe</span> <span class='ocrx_word' id='word_1_389' title='bbox 1511 2559 1744 2608; x_wconf 83' lang='lat' dir='ltr'>resolutos,</span> <span class='ocrx_word' id='word_1_390' title='bbox 1761 2563 1805 2600; x_wconf 92' lang='lat' dir='ltr'>et</span> <span class='ocrx_word' id='word_1_391' title='bbox 1825 2571 1926 2611; x_wconf 89' lang='lat' dir='ltr'>qua-</span> 
     </span>
     <span class='ocr_line' id='line_1_86' title="bbox 1100 2615 1926 2670; baseline -0.002 -11"><span class='ocrx_word' id='word_1_392' title='bbox 1100 2617 1201 2659; x_wconf 88' lang='lat' dir='ltr'>dam</span> <span class='ocrx_word' id='word_1_393' title='bbox 1237 2617 1373 2670; x_wconf 88' lang='lat' dir='ltr'>leprae</span> <span class='ocrx_word' id='word_1_394' title='bbox 1411 2616 1675 2668; x_wconf 82' lang='lat' dir='ltr'>contagiene</span> <span class='ocrx_word' id='word_1_395' title='bbox 1712 2615 1926 2669; x_wconf 81' lang='lat' dir='ltr'>perquOS‚</span> 
     </span>
     <span class='ocr_line' id='line_1_87' title="bbox 1100 2671 1926 2725; baseline -0.002 -10"><span class='ocrx_word' id='word_1_396' title='bbox 1100 2673 1461 2725; x_wconf 81' lang='lat' dir='ltr'>castigatienibus</span> <span class='ocrx_word' id='word_1_397' title='bbox 1481 2678 1525 2714; x_wconf 89' lang='lat' dir='ltr'>et</span> <span class='ocrx_word' id='word_1_398' title='bbox 1546 2671 1926 2714; x_wconf 83' lang='lat' dir='ltr'>exhortatienibus</span> 
     </span>
     <span class='ocr_line' id='line_1_88' title="bbox 1100 2729 1926 2783; baseline -0.002 -11"><span class='ocrx_word' id='word_1_399' title='bbox 1100 2729 1339 2783; x_wconf 83' lang='lat' dir='ltr'>expiando,</span> <span class='ocrx_word' id='word_1_400' title='bbox 1385 2729 1482 2771; x_wconf 88' lang='lat' dir='ltr'>Deo</span> <span class='ocrx_word' id='word_1_401' title='bbox 1528 2729 1571 2770; x_wconf 91' lang='lat' dir='ltr'>in</span> <span class='ocrx_word' id='word_1_402' title='bbox 1613 2742 1661 2771; x_wconf 87' lang='lat' dir='ltr'>se</span> <span class='ocrx_word' id='word_1_403' title='bbox 1703 2730 1926 2782; x_wconf 68' lang='lat' dir='ltr'>operante3</span> 
     </span>
    </p>
   </div>
   <div class='ocr_carea' id='block_1_6' title="bbox 160 138 1987 2833">
    <p class='ocr_par' dir='ltr' id='par_1_20' title="bbox 160 138 1987 2833">
     <span class='ocr_line' id='line_1_89' title="bbox 160 138 1987 2833; baseline 0 0"><span class='ocrx_word' id='word_1_404' title='bbox 160 138 1987 2833; x_wconf 95' lang='lat' dir='ltr'> </span> 
     </span>
    </p>
   </div>
  </div>
 </body>
</html>
