2040 2990
191 225 259 260 292
603 226 701 258 Infra
731 225 1019 259 llebdomadum
1048 224 1081 257 ii.
1110 230 1196 266 post
1220 225 1487 268 Epiphaniam.

193 326 298 369 tem,
334 332 388 361 ne
417 319 513 371 quis
541 331 610 360 me
638 318 857 360 existimet
884 329 1015 369 supra

194 377 254 426 id,
284 375 402 428 quod
427 374 548 416 videt
573 375 616 415 in
642 387 729 423 me,
756 379 831 415 aut
851 372 1016 425 aliquid

193 432 314 474 audit
334 445 389 473 ex
407 444 488 472 me.
521 432 577 472 Et
599 444 652 472 ne
676 429 931 481 magnitudo
951 442 1014 470 re-

193 489 459 530 velatienum
478 487 663 529 extollat
682 500 767 537 me,
797 487 924 528 datus
949 490 1015 527 est

193 546 297 586 mihi
317 545 517 587 stimulus
541 545 684 586 carnis
706 557 816 585 meae
837 543 1015 594 angelus

193 605 373 652 satanae,
407 602 481 654 qui
512 614 582 643 me
616 601 872 653 colaphizet.
913 600 1015 640 Pro-

193 665 290 712 pter
311 658 430 711 quod
448 663 516 700 ter
531 658 768 699 Deminum
787 656 948 707 rogavi,
969 661 1016 697 ut

193 715 439 757 discederet
458 728 483 756 a
498 727 582 756 me:
602 719 644 756 et
660 714 769 755 dixit
783 712 905 754 mihi:
923 712 1015 754 Suf-

192 773 283 814 ficit
300 772 379 814 tibi
397 771 536 823 gratia
559 783 670 812 mea:
694 783 795 811 nam
814 770 952 810 virtus
971 769 1015 809 in

191 829 443 870 infirmitate
462 827 698 881 perficitur.

248 894 294 943 Ru
311 893 611 936 Misericerdia
629 898 703 934 tua
722 893 910 934 Do'mine
929 905 1015 933 ma-

192 964 276 1003 gna
308 956 375 993 est
406 963 538 1003 super
569 963 653 991 me:
682 952 703 974 *
729 950 785 990 Et
819 949 1016 990 liberasti

193 1008 381 1049 animam
398 1020 542 1048 meam
559 1019 612 1048 ex
627 1006 795 1047 inferno
811 1005 1016 1046 inferiori.

193 1057 242 1107 Y.
274 1065 325 1104 In
357 1064 428 1105 die
460 1063 754 1105 tribulatienis
788 1075 898 1104 meae
932 1062 1016 1103 cla-

192 1121 307 1162 mavi
327 1120 383 1162 ad
401 1126 459 1171 te,
487 1121 588 1174 quia
613 1119 829 1162 exaudisti
846 1132 927 1161 me.
959 1120 1016 1160 Et

192 1177 400 1219 liberasti.

490 1239 640 1279 Lectio
661 1240 714 1278 iii.

190 1295 425 1399 Ebenter
447 1303 576 1355 igitur
599 1301 821 1354 gloriabor
839 1302 884 1342 in
903 1301 1016 1342 infir-

282 1359 507 1402 mitatibus
525 1359 649 1408 meis,
674 1363 722 1399 ut
740 1358 955 1400 inhabitet
973 1358 1017 1399 in

192 1430 262 1459 me
293 1417 432 1458 virtus
460 1415 634 1457 Christi.
674 1416 863 1467 Propter
897 1414 1017 1466 quod

192 1475 347 1526 placeo
366 1473 472 1514 mihi
491 1473 535 1513 in
554 1471 879 1513 infirmitatibus
898 1472 1017 1522 meis,

192 1531 235 1571 in
268 1529 561 1578 contumeliis,
599 1529 642 1569 in
674 1528 1017 1578 necessitatibus,

192 1587 236 1627 in
275 1585 672 1639 persecutienibus,
717 1585 761 1625 in
807 1585 1017 1636 angustiis

192 1655 273 1695 pro
304 1642 495 1684 Christo:
528 1641 637 1682 Cum
667 1641 781 1683 enim
809 1641 1019 1690 infirmor,

193 1704 296 1741 tunc
314 1703 473 1751 potens
492 1711 600 1739 sum.
628 1697 789 1739 Factus
809 1710 906 1738 sum
920 1697 1018 1738 insi-

193 1756 334 1807 piens,
353 1768 433 1796 vos
452 1767 522 1795 me
542 1754 759 1804 coegistis.
786 1753 882 1804 Ego
904 1754 1018 1795 enim

193 1825 218 1852 a
245 1811 373 1853 vobis
406 1810 537 1852 debui
569 1809 881 1852 commendari:
912 1809 1018 1850 nihil

194 1869 307 1910 enim
326 1868 467 1909 minus
487 1867 547 1908 fui
567 1867 623 1908 ab
644 1867 710 1917 iis,
738 1867 812 1919 qui
831 1870 931 1908 sunt
951 1880 1017 1908 su-

195 1938 274 1978 pra
301 1924 482 1966 modum
507 1923 728 1976 Apestoli:
756 1923 930 1965 tametsi
958 1924 1018 1964 ni·

194 1981 254 2022 hil
275 1994 381 2022 sum.

241 2040 289 2090 R·-
324 2042 484 2083 Factus
514 2046 580 2082 est
603 2041 709 2082 mihi
734 2041 949 2082 Deminus
973 2040 1017 2081 in

195 2097 423 2148 refugium:
439 2099 459 2119 ¹*
493 2098 550 2138 Et
576 2098 696 2139 Deus
724 2111 846 2139 meus
873 2097 917 2138 in
945 2110 1016 2138 au-

195 2153 345 2195 xilium
378 2154 472 2207 spei
504 2167 624 2195 meae.
660 2146 708 2197 Y.
746 2154 918 2207 Eripuit
947 2167 1016 2195 me

196 2210 251 2252 de
270 2210 456 2251 inimicis
475 2211 583 2252 meis
602 2210 866 2259 fortissimis,
893 2215 937 2252 et
959 2210 1016 2251 fa-

196 2272 292 2308 ctus
317 2271 383 2308 est
402 2266 616 2307 Dominus
639 2268 864 2318 protector
883 2279 1016 2308 meus.

196 2322 252 2364 Et
270 2322 402 2364 Deus.
429 2322 581 2363 Gloria
600 2322 730 2363 Patri.
758 2323 814 2363 Et
835 2323 964 2364 Deus.

443 2442 470 2479 S
496 2454 521 2479 a
544 2443 570 2478 b
596 2443 621 2478 b
646 2454 671 2478 a
695 2447 710 2478 t
735 2453 772 2479 0.

195 2506 263 2546 De
273 2504 471 2556 Epistola
485 2504 678 2546 secunda
692 2504 747 2546 ad
759 2505 1017 2546 Corinthios.

246 2584 251 2590 ’
296 2574 443 2614 Lectio
465 2574 487 2613 i.
731 2576 832 2624 Cap.
857 2576 907 2612 153.

203 2647 360 2683 ‘svcce
378 2635 508 2676 tertio
528 2635 612 2676 hoc
632 2634 759 2675 venio
780 2634 835 2675 ad
855 2647 948 2675 vos:
967 2636 1017 2676 In

208 2695 269 2729 ι’ᾉὶ
301 2704 376 2733 ore
401 2691 587 2732 du6rum
607 2690 675 2731 vel
694 2690 824 2731 trium
842 2691 1018 2732 testium

198 2747 330 2790 stabit
358 2760 487 2789 omne
515 2746 706 2788 verbum.
743 2746 946 2796 Praedixi,
976 2754 1019 2789 et

1067 315 1278 368 praedico,
1305 322 1353 358 ut
1376 330 1587 370 praesens,
1616 322 1660 360 et
1684 331 1799 359 nunc
1818 317 1890 359 ab·

1068 385 1167 414 sens
1187 373 1258 422 iis,
1287 374 1361 426 qui
1386 378 1485 415 ante
1508 376 1820 427 peccaverunt,
1847 378 1891 416 et

1068 429 1225 470 ceteris
1259 429 1478 479 Omnibus,
1513 430 1719 483 queniam
1753 431 1790 472 si
1821 432 1891 472 ve·

1067 498 1174 527 nero
1198 488 1369 535 iterum,
1397 499 1484 528 non
1503 499 1691 539 parcam.
1727 487 1797 528 An
1821 499 1890 528 ex-

1068 542 1358 594 perimentum
1387 543 1581 594 quaeritis
1608 543 1715 595 ejus,
1744 542 1820 595 qui
1847 543 1891 583 in

1067 611 1137 640 me
1156 599 1349 650 lequitur
1369 598 1582 650 Christus,
1608 599 1684 651 qui
1701 599 1746 640 in
1763 598 1891 640 vobis

1069 668 1155 697 non
1178 655 1437 704 infirmetur,
1470 655 1550 697 sed
1575 660 1734 708 potens
1758 659 1824 697 est
1846 655 1891 696 in

1069 710 1216 753 vobis?
1244 712 1357 753 Nam
1382 712 1466 753 etsi
1488 712 1721 753 crucifixus
1745 716 1812 753 est
1836 724 1891 753 ex

1067 768 1331 810 infirmitate:
1347 768 1426 810 sed
1440 768 1547 810 vivit
1563 780 1616 810 ex
1630 768 1790 810 virtute
1798 768 1892 810 Dei.

1067 825 1181 866 Nam
1207 830 1250 867 et
1275 837 1356 866 nos
1381 824 1540 865 infirmi
1563 837 1713 866 sumus
1735 824 1781 865 in
1803 824 1892 866 illo:

1068 881 1147 924 sed
1165 882 1360 922 vivemus
1380 894 1478 923 cum
1496 893 1549 922 eo
1565 894 1619 922 ex
1634 882 1796 922 virtute
1809 881 1893 922 Dei

1068 939 1111 979 in
1131 938 1268 980 vobis.

1122 1000 1172 1051 R.
1199 999 1266 1041 Ne
1284 999 1541 1052 perdideris.
1561 999 1661 1039 290.

1378 1069 1529 1110 Lectio
1550 1069 1589 1108 ii.

1069 1128 1425 1234 Vosmetipsos
1456 1135 1625 1175 tentete
1655 1133 1692 1175 si
1716 1133 1821 1192 estis
1849 1133 1893 1175 in

1171 1191 1272 1233 fide:
1291 1191 1377 1244 ipsi
1392 1203 1472 1232 vos
1490 1189 1688 1244 probate.
1715 1191 1786 1231 An
1803 1202 1893 1232 non

1070 1248 1334 1300 cognoscitis
1347 1249 1653 1300 vosmetipsos,
1669 1247 1772 1299 quia
1782 1246 1895 1288 Chri-

1069 1310 1161 1346 stus
1180 1305 1205 1346 J
1208 1317 1307 1346 esus
1333 1304 1377 1344 in
1401 1303 1528 1345 vobis
1556 1301 1643 1345 est?
1671 1303 1754 1344 nisi
1779 1303 1893 1345 forte

1068 1361 1246 1414 reprobi
1274 1361 1391 1402 estis.
1431 1360 1570 1413 Spero
1599 1363 1746 1401 autem
1773 1358 1894 1412 quod

1069 1418 1363 1469 cognoscetis,
1393 1417 1494 1470 quia
1521 1429 1603 1458 nos
1627 1428 1716 1457 non
1743 1429 1893 1457 sumus

1068 1474 1255 1528 reprobi.
1293 1474 1479 1515 Oramus
1507 1477 1654 1515 autem
1677 1472 1821 1514 Deum
1845 1476 1894 1514 ut

1068 1531 1174 1572 nihil
1192 1530 1295 1572 mali
1314 1530 1502 1580 faciatis,
1520 1541 1609 1571 non
1626 1533 1676 1571 ut
1693 1541 1775 1570 nos
1792 1541 1892 1582 pro-

1068 1588 1160 1629 bati
1179 1589 1487 1640 appareamus,
1506 1585 1587 1628 sed
1604 1590 1653 1627 ut
1670 1598 1752 1627 vos
1772 1584 1894 1638 quod

1067 1644 1231 1686 bonum
1259 1649 1326 1685 est
1351 1643 1535 1684 faciatis:
1562 1654 1643 1683 nos
1671 1647 1818 1684 autem
1844 1645 1894 1684 ut

1068 1700 1244 1753 reprobi
1273 1700 1420 1741 simus.
1458 1698 1561 1740 Non
1593 1698 1708 1740 enim
1738 1700 1892 1751 pessu-

1067 1770 1163 1798 mus
1202 1755 1367 1809 aliquid
1405 1755 1616 1797 adversus
1651 1754 1893 1805 veritatem,

1068 1813 1147 1855 sed
1166 1825 1247 1866 pro
1267 1812 1463 1854 veritate.
1491 1810 1745 1853 Gaudemus
1767 1811 1893 1860 enim,

1069 1870 1275 1923 queniam
1305 1882 1386 1910 nos
1418 1868 1578 1909 infirmi
1611 1880 1780 1918 sumuS,
1811 1879 1891 1909 vos

1068 1931 1214 1969 autem
1233 1927 1438 1979 potentes
1459 1925 1576 1966 estis.
1608 1925 1707 1965 Hoc
1730 1928 1774 1965 et
1797 1925 1892 1966 ora—

1068 1997 1164 2025 mus
1183 1988 1375 2024 vestram
1395 1981 1823 2023 consummationem.

1119 2046 1169 2096 R.
1198 2045 1403 2086 Paratum
1422 2055 1507 2084 cor.
1525 2043 1626 2083 290.

1363 2118 1515 2159 Lectio
1538 2118 1592 2157 iii.

1117 2183 1201 2225 deo
1230 2183 1325 2224 haec
1352 2182 1510 2224 absens
1539 2180 1699 2230 scribo,
1731 2185 1779 2222 ut
1805 2192 1891 2222 non

1121 2252 1316 2293 praesens
1336 2238 1486 2280 durius
1504 2250 1629 2289 agam
1652 2235 1892 2278 secundum

1069 2297 1350 2349 potestatem,
1380 2307 1511 2346 quam
1530 2293 1745 2334 Deminus
1770 2291 1892 2334 dedit

1068 2352 1173 2394 mihi
1200 2352 1244 2392 in
1272 2350 1627 2398 aedificatienem,
1659 2354 1703 2391 et
1730 2361 1818 2390 non
1848 2348 1891 2389 in

1070 2408 1421 2451 destructienem.
1461 2406 1529 2447 De
1561 2408 1708 2447 cetero
1736 2405 1891 2446 fratres

1069 2464 1269 2517 gaudete,
1297 2463 1480 2516 perfecti
1506 2464 1664 2511 estete,
1691 2460 1891 2502 exhorta-

1069 2522 1189 2570 mini,
1216 2520 1333 2562 idem
1358 2519 1515 2571 sapite,
1543 2531 1698 2571 pacem
1723 2517 1891 2566 habete,

1071 2584 1114 2620 et
1143 2578 1264 2619 Deus
1291 2576 1433 2629 pacis,
1461 2579 1504 2615 et
1533 2574 1781 2616 dilectienis
1809 2573 1892 2615 erit

1070 2635 1308 2677 vobiscum.
1339 2631 1531 2673 Salutate
1555 2631 1740 2672 invicem
1762 2630 1806 2670 in
1826 2632 1891 2671 6s-

1071 2691 1168 2732 culo
1194 2694 1358 2730 sancto.
1399 2687 1598 2729 Salutant
1629 2699 1708 2728 vos
1741 2697 1891 2728 omnes

1070 2746 1219 2788 sancti.
1256 2745 1407 2786 Gratia
1430 2743 1607 2784 Demini
1630 2742 1771 2784 nostri
1786 2741 1812 2783 J
1814 2753 1891 2782 esu
