2080 2990
233 226 277 262 6*
656 227 725 260 Dic
750 227 779 260 Γ).
808 227 892 259 Ηυς.
941 228 974 258 S.
1001 224 1180 258 stanislai
1212 224 1370 257 l{‹j›stkae
1396 226 1504 258 (Ioni.

283 328 320 360 ln
357 327 381 359 l.
415 326 610 359 Nocturno
645 323 843 357 Lectiones
877 323 922 357 dc
956 323 1052 356 Scri-

232 380 340 418 ptum
371 380 601 407 occurrente.

451 434 500 473 In
528 434 577 472 H.
606 432 827 471 Nocturno.

530 492 681 533 Lectio
702 493 753 532 iv.

267 567 285 598 ,ς’
534 548 775 601 Hispanus,
808 559 862 588 ex
890 545 1054 599 oppido

270 626 317 652 a
349 610 354 653 J
379 605 517 648 sancti
534 605 575 646 Ν
578 604 708 646 icolai
726 603 781 645 de
795 603 930 644 Portu
949 601 1054 643 dioe-

248 660 350 687 ⁷4⁴*
379 663 491 704 cesis
505 660 791 714 Hispalensis,
811 659 865 700 ab
882 659 1056 700 ineunte

234 723 363 762 aetate
380 720 443 773 pii
462 718 543 760 sub
560 717 802 759 sacerdotis
818 715 1056 768 disciplina,

234 777 462 819 sanctioris
496 776 598 817 vitae
631 774 824 815 solitaria
850 773 894 813 in
923 772 1056 814 eccle-

235 835 312 884 sia,
344 832 605 886 tyrocinium
632 830 835 872 exercuit.
875 829 1057 879 Deinde,

232 896 282 932 ut
306 890 473 931 firmius
493 889 590 930 Deo
617 900 663 928 se
690 887 986 938 conjungeret,
1014 886 1057 926 in

235 949 452 989 conventu
471 945 525 986 de
541 943 767 985 Arrizzafa
786 943 966 984 fratrum
981 943 1057 983 Mi-

234 1006 389 1045 norum
413 1003 539 1054 (quos
558 1000 858 1042 Observantes
884 1000 1056 1050 vocant)

234 1060 371 1101 sancti
397 1058 618 1099 Francisci
644 1056 839 1108 regulam
869 1056 913 1097 in
940 1060 1058 1097 statu

232 1115 372 1158 laicali
406 1115 631 1168 professus
669 1118 745 1155 est.
802 1114 959 1163 Magna
996 1111 1057 1154 ibi

233 1172 455 1214 alacritate
499 1170 674 1212 humilis
714 1169 976 1211 obedientiae
1014 1173 1058 1210 et

231 1228 439 1280 regularis
466 1227 755 1269 observantiae
784 1228 931 1278 jugum
958 1225 1056 1267 sub-

231 1286 344 1336 iens,
396 1284 757 1337 contemplationi
810 1284 854 1324 in
906 1283 1056 1335 primis

233 1342 424 1391 deditUS,
455 1341 566 1383 mira
591 1341 676 1382 Dei
701 1340 798 1382 luce
825 1339 1054 1392 perfunde-

230 1399 376 1448 batur,
409 1398 521 1439 adeo
553 1403 602 1440 ut
629 1397 684 1439 de
711 1396 842 1438 rebus
870 1396 1053 1437 coelesti-

231 1455 328 1505 bus,
353 1455 594 1496 litterarum
614 1466 786 1507 expers,
810 1452 1056 1494 mirandum

231 1512 275 1553 in
307 1511 487 1553 modum
519 1517 562 1553 et
592 1511 722 1564 plane
757 1510 963 1552 divinitus
994 1509 1054 1551 lo-

233 1570 448 1621 queretur.

283 1627 333 1678 Rv.
359 1625 607 1666 Honestum
626 1623 729 1665 fecit
747 1623 870 1664 illum
888 1623 993 1673 Dfis,
1013 1628 1056 1665 et

233 1681 585 1723 custodivit-eum
601 1680 655 1721 ab
675 1680 873 1729 inimicis,
889 1684 932 1721 et
952 1693 977 1720 a
992 1692 1055 1721 se-

233 1737 487 1780 ductoribus
503 1737 664 1779 tutavit
678 1736 813 1778 illum:
826 1733 849 1757 *
862 1737 919 1777 Et
935 1735 1057 1778 dedit

231 1794 293 1835 illi
309 1794 552 1836 claritatem
567 1795 784 1835 aeternam.
810 1787 861 1839 Υ
883 1793 907 1834 J
909 1797 1057 1834 ustum

232 1850 414 1893 deduxit
437 1851 653 1892 Dominus
679 1863 758 1903 per
784 1850 878 1891 vias
902 1854 1056 1899 rectas,

233 1912 276 1949 et
308 1908 499 1950 ostendit
530 1907 594 1949 illi
624 1920 805 1959 regnum
836 1906 931 1948 Dei.
989 1907 1055 1948 Et.

539 1966 688 2006 Lectio
711 1980 747 2004 v.

233 2016 469 2123 Canariis
492 2021 536 2062 in
559 2020 726 2070 insulis,
751 2019 827 2062 ubi
850 2019 1056 2061 fratribus

323 2078 389 2119 sui
408 2077 571 2119 ordinis
589 2077 779 2130 praefuit,
804 2076 942 2118 multa
960 2089 1055 2129 per—

232 2135 406 2187 pessus,
438 2134 634 2186 martyrii
667 2135 857 2175 aestuans
888 2132 1056 2175 deside—

232 2190 311 2241 rio,
345 2190 492 2243 plures
523 2190 721 2232 infideles
748 2189 885 2231 verbo
914 2195 957 2231 et
985 2203 1054 2231 ex-

232 2246 376 2299 emplo
405 2245 462 2288 ad
486 2246 647 2288 Christi
674 2245 808 2288 fidem
832 2247 1056 2288 convertit.

231 2303 420 2344 Romam
441 2302 620 2344 veniens
646 2315 759 2344 anno
778 2302 954 2355 jubilaei,
982 2302 1055 2344 Ni-

232 2358 358 2400 colao
379 2358 529 2411 quinto
546 2359 769 2409 Pontifice‚
789 2361 1056 2410 aegrotorum

233 2427 349 2456 curae
374 2415 417 2456 in
443 2417 659 2457 conventu
677 2414 781 2456 Arae
806 2415 906 2457 coeli
925 2415 1054 2457 desti-

231 2473 376 2521 natus,
410 2484 463 2513 eo
491 2472 686 2514 caritatis
715 2471 872 2513 affectu
898 2485 1056 2513 munus

231 2527 318 2569 hoc
337 2528 547 2578 exercuit,
576 2533 624 2569 ut
642 2527 762 2570 Urbe
787 2530 970 2569 annonae
996 2528 1056 2569 in-

234 2583 336 2636 opia
380 2583 625 2634 laborante,
675 2584 852 2635 aegrotis
894 2589 1056 2634 tamen,

236 2652 421 2691 quorum
466 2640 702 2692 aliquando
743 2640 891 2681 ulcera
926 2641 1057 2681 etiam

234 2695 467 2738 lambendo
487 2695 782 2748 abstergebat,
810 2695 915 2737 nihil
939 2697 1056 2749 peni-

234 2756 305 2792 tus
341 2752 575 2794 necessarii
610 2752 830 2794 defecerit.
887 2752 1057 2794 Eximia

1109 331 1285 371 quoque
1305 317 1416 360 fides
1440 323 1484 360 et
1501 318 1642 370 gratia
1661 319 1934 361 curationum

1107 376 1150 416 in
1177 388 1229 417 eo
1256 375 1412 425 eluxit,
1441 388 1541 417 cum
1565 375 1801 428 lampadis,
1834 388 1933 428 quae

1108 431 1352 473 collucebat
1383 437 1484 474 ante
1515 432 1750 483 imaginem
1775 432 1932 475 beatis-

1108 489 1229 530 simae
1248 489 1333 530 Dei
1351 488 1595 538 Genitricis,
1617 501 1747 541 quam
1766 501 1934 530 summa

1109 544 1344 587 devotione
1363 545 1554 594 colebat,
1582 544 1681 587 oleo
1708 558 1851 597 aegros
1874 546 1934 586 in-

1108 605 1290 652 ungens,
1342 602 1467 653 signo
1516 602 1658 643 crucis
1702 602 1934 655 impresso,

1108 658 1345 700 multorum
1375 658 1556 700 morbos
1586 658 1842 701 mirabiliter
1869 672 1933 700 sa-

1109 715 1288 756 naverit.

1164 772 1209 823 Rg.
1236 771 1413 813 Amavit
1436 784 1535 812 eum
1552 772 1784 822 Dominus,
1807 776 1851 814 et
1868 785 1934 814 or-

1109 828 1230 869 navit
1265 840 1378 869 eum:
1415 828 1573 870 stolam
1609 828 1759 880 gloriae
1795 828 1936 871 induit

1110 897 1219 934 eum,
1232 881 1254 905 *
1273 886 1331 927 Et
1350 884 1407 926 ad
1426 889 1580 938 portas
1598 884 1792 938 paradisi
1810 897 1933 927 coro-

1109 941 1228 983 navit
1269 955 1378 983 eum.
1431 935 1481 987 V.
1520 941 1668 984 Induit
1705 954 1805 984 eum
1841 942 1935 983 Dfis

1109 997 1290 1039 loricam
1312 998 1432 1048 fidei,
1461 1003 1506 1040 et
1529 998 1700 1040 ornavit
1719 1011 1829 1040 eum.
1867 998 1935 1040 Et.

1408 1053 1560 1094 Lectio
1582 1053 1636 1093 vi.

1200 1123 1344 1152 emum
1368 1111 1590 1163 Compluti
1614 1110 1745 1152 finem
1769 1110 1854 1152 sibi
1875 1110 1935 1153 vi-

1204 1172 1263 1209 tae
1283 1167 1438 1209 adesse
1456 1167 1711 1218 intelligens,
1729 1167 1875 1209 lacera
1892 1172 1936 1210 et

1110 1223 1311 1265 obsoleta
1333 1223 1512 1266 indutus
1538 1224 1701 1273 tunica,
1729 1224 1936 1276 conjectis

1109 1281 1153 1321 in
1181 1293 1356 1322 crucem
1385 1280 1540 1330 oculis,
1569 1280 1776 1331 singulari
1805 1280 1935 1323 devo-

1110 1338 1227 1379 tione
1254 1337 1340 1378 illis
1367 1336 1514 1379 verbis
1542 1350 1596 1379 ex
1622 1350 1748 1379 sacro
1772 1336 1935 1390 hymno

1108 1395 1418 1447 pronuntiatis:
1435 1394 1576 1436 Dulce
1591 1394 1767 1446 lignum,
1786 1394 1936 1436 dulces

1109 1451 1270 1501 clavos,
1290 1451 1435 1493 dulcia
1448 1451 1593 1492 ferens
1607 1450 1817 1504 pondera,
1837 1463 1935 1503 quae

1108 1507 1227 1549 fuisti
1253 1507 1384 1560 digna
1406 1509 1587 1560 portare
1612 1508 1781 1559 Regem
1803 1507 1935 1549 coelo-

1108 1577 1205 1605 rum
1241 1570 1286 1606 et
1319 1565 1575 1614 Dominum,
1613 1564 1804 1605 animam
1837 1564 1935 1606 Deo

1108 1619 1314 1671 reddidit,
1346 1621 1488 1674 pridie
1522 1621 1626 1663 Idus
1658 1619 1935 1672 Novembris,

1109 1690 1224 1719 anno
1259 1678 1437 1719 Domini
1482 1690 1615 1730 supra
1658 1677 1936 1719 millesimum

1110 1733 1538 1786 quadringentesimo
1558 1734 1832 1785 sexagesimo
1851 1735 1935 1775 ter-

1108 1792 1182 1832 tio.
1216 1791 1320 1842 Ejus
1345 1803 1507 1843 corpus
1531 1803 1631 1832 cum
1654 1802 1829 1832 menses
1846 1802 1935 1832 non

1108 1859 1274 1900 paucos
1303 1848 1365 1898 (ut
1387 1847 1463 1900 pio
1490 1846 1802 1888 confluentium
1824 1846 1935 1888 desi-

1109 1902 1232 1945 derio
1252 1903 1379 1945 fieret
1394 1903 1514 1954 satis)
1532 1902 1800 1956 insepultum
1818 1915 1935 1944 man-

1108 1961 1256 2010 sisset,
1289 1960 1413 2012 quasi
1444 1960 1530 2010 jam
1561 1959 1936 2012 incorruptionem

1107 2016 1314 2066 induerit,
1339 2015 1523 2058 odorem
1547 2016 1855 2058 suavissimum
1878 2015 1935 2057 ef-

1108 2073 1239 2114 flavit.
1283 2073 1412 2114 Illum
1443 2072 1591 2114 multis
1624 2077 1668 2114 et
1695 2071 1935 2115 illustribus

1107 2129 1327 2171 miraculis
1367 2129 1532 2171 clarum
1570 2129 1716 2171 Sixtus
1758 2128 1935 2181 quintus

1107 2186 1311 2228 Pontifex
1335 2186 1552 2227 Maximus
1581 2187 1833 2227 sanctorum
1858 2188 1934 2227 nu·

1109 2255 1231 2284 mero
1251 2242 1496 2295 adscripsit.

1164 2301 1211 2351 Rg.
1238 2300 1328 2341 Iste
1346 2298 1490 2341 homo.

1161 2361 1203 2394 In
1224 2361 1287 2394 III.
1309 2361 1417 2395 Noct.
1445 2361 1610 2395 llomilia
1637 2361 1670 2394 in
1693 2362 1834 2405 Evang.
1859 2362 1932 2396 No-

1108 2409 1174 2444 lite
1198 2409 1341 2444 timere.
1370 2409 1416 2443 de
1447 2410 1582 2444 eodeni
1608 2411 1752 2444 (Iomm.
1779 2411 1810 2444 2.
1835 2411 1932 2445 loeo.

1163 2458 1201 2491 ln
1231 2458 1346 2492 Laud.
1373 2458 1413 2492 fit
1438 2468 1570 2492 comm.
1594 2458 1676 2492 Fer.
1703 2458 1738 2492 in
1763 2458 1862 2493 Adv.

1308 2532 1392 2573 Die
1411 2532 1448 2572 5.
1467 2530 1737 2572 Decembris.

1188 2596 1230 2637 S.
1251 2595 1491 2637 stanislai
1509 2594 1715 2636 Kostkae
1736 2596 1856 2637 Conf.

1438 2658 1601 2700 Duplex.

1162 2715 1296 2748 Omnia
1327 2715 1373 2749 dc
1403 2714 1546 2757 Comm.
1577 2714 1685 2747 Cont'.
1716 2723 1791 2747 non
1813 2712 1932 2753 Pom„

1111 2769 1249 2805 practer
1273 2773 1378 2805 sequ.
1402 2761 1462 2803 (m.
1486 2765 1510 2796 t.
1533 2761 1582 2805 v.)
