2040 2990
700 191 809 225 Feria
835 195 943 225 sexta
970 191 1018 225 ad
1043 190 1280 224 Matutinum.
1797 189 1840 225 91

191 287 374 329 Cantate
404 286 610 336 Domino,
642 291 686 328 et
716 285 963 328 benedicite

138 344 302 386 nomini
330 345 438 396 ejus:
465 345 490 371 *
517 343 771 384 annuntiate
803 342 858 384 de
892 342 963 384 die

136 402 182 443 in
209 401 326 443 diem
352 400 543 442 salutare
572 400 674 452 ejus.

109 498 112 502 .
188 457 457 499 Annuntiate
471 457 584 498 inter
599 456 764 498 Gentes
778 456 964 507 gloriam

138 515 244 567 ejus,
275 516 300 542 *
330 514 375 554 in
403 513 606 555 omnibus
632 512 809 566 populis
838 513 962 554 mira-

137 571 242 613 bilia
270 572 371 623 ejus.

191 627 408 678 Quoniam
438 638 621 676 magnus
652 626 885 677 Dominus,
920 630 965 667 et

137 683 370 726 laudabilis
404 682 551 723 nimis:
588 684 612 709 *
649 681 858 724 terribilis
897 687 964 724 est

138 753 270 794 super
297 752 448 781 omnes
477 738 596 780 deos.

190 797 407 848 Quoniam
422 808 572 837 omnes
588 795 648 837 dii
659 796 868 838 Gentium
877 795 962 837 dae-

137 854 300 895 monia:
333 855 357 881 *
393 852 609 894 Dominus
645 857 791 894 autem
826 852 963 894 coelos

137 910 252 952 feeit.

191 966 429 1017 Confessio,
445 971 489 1008 et
506 965 788 1019 pulchritudo
803 965 848 1006 in
863 978 962 1007 con-

138 1025 292 1076 spectu
318 1024 425 1075 ejus:
450 1024 474 1050 *
499 1022 786 1064 sanctimonia
810 1027 853 1064 et
875 1035 962 1063 ma-

137 1080 386 1132 gnificentia
412 1080 457 1120 in
490 1079 833 1121 sanctificatione
861 1080 963 1131 ejus.

185 1136 353 1179 Afferte
367 1136 559 1178 Domino
574 1137 731 1189 patriae
747 1136 963 1186 Gentium,

138 1192 291 1235 afferte
318 1194 509 1235 Domino
537 1193 724 1244 gloriam
756 1197 800 1234 et
827 1192 962 1234 hono-

137 1259 246 1292 rem?
263 1251 287 1277 *
306 1249 458 1292 afferte
476 1249 667 1291 Domino
686 1249 872 1301 gloriam
888 1251 963 1290 no-

135 1306 243 1348 mini
270 1307 371 1358 ejus.

189 1362 353 1404 Tollite
392 1362 579 1413 hostias,
616 1368 660 1404 et
702 1363 880 1404 introite
920 1363 964 1403 in

137 1419 250 1461 atria
272 1420 378 1472 ejus:
400 1421 425 1447 *
450 1419 633 1461 adorate
654 1419 893 1461 Dominum
919 1419 963 1460 in

138 1476 250 1518 atrio
278 1479 430 1517 sancto
458 1477 559 1528 ejus.

190 1532 529 1574 Commoveatur
559 1545 586 1573 a
616 1532 728 1574 facie
756 1533 846 1584 ejus
874 1533 963 1574 uni-

138 1590 265 1630 versa
291 1593 425 1630 terra:
451 1590 477 1617 *
508 1588 641 1631 dicite
671 1589 716 1630 in
749 1588 963 1631 Gentibus

139 1645 242 1698 quia
267 1645 482 1687 Dominus
509 1646 716 1697 regnavit.

190 1702 366 1744 Etenim
406 1702 598 1745 correxit
638 1702 792 1744 orbern
832 1707 963 1744 terrae

140 1759 214 1811 qui
244 1771 333 1800 non
361 1758 722 1801 commovebitur:
753 1761 778 1788 *
805 1759 962 1812 iudice-

137 1814 203 1858 bit
228 1815 420 1868 populos
446 1816 491 1856 in
519 1815 738 1867 aequitate.

189 1871 415 1914 Laetentur
433 1871 544 1922 coeli,
566 1877 609 1914 et
626 1872 815 1914 exsultet
832 1877 963 1914 terra:

139 1931 469 1970 commoveatur
494 1941 629 1979 mare,
664 1934 707 1971 et
732 1928 962 1982 plenitudo

139 1986 248 2037 ejus:
266 1986 291 2013 *
308 1985 562 2036 gaudebunt
583 1986 737 2038 campi,
755 1990 799 2027 et
818 1985 963 2026 omnia

140 2053 240 2093 quae
267 2042 312 2083 in
339 2042 401 2084 eis
429 2046 541 2083 sunt.

191 2098 317 2140 Tunc
350 2098 628 2141 exsultabunt
664 2099 808 2140 omnia
847 2098 964 2150 ligna

140 2154 349 2196 silvarum
371 2168 397 2196 a
418 2155 529 2197 facie
551 2155 738 2204 Domini,
767 2155 868 2207 quia
893 2167 962 2195 ve-

140 2211 217 2252 nit:
242 2212 266 2239 *
293 2212 499 2264 quoniam
522 2212 641 2253 venit
665 2211 854 2264 judicare
879 2215 962 2252 ter-

138 2279 243 2309 ram.

191 2323 412 2366 Judicabit
438 2324 591 2366 orbem
616 2329 746 2366 terrae
770 2324 814 2365 in
833 2323 963 2376 aequi-

140 2381 240 2431 tate,
258 2382 283 2407 *
309 2385 352 2422 et
378 2381 570 2433 populos
596 2380 640 2421 in
663 2380 848 2422 veritate
875 2392 963 2421 sua.

409 2439 605 2478 Psalmus
633 2440 699 2478 96.

231 2488 400 2530 ominus
414 2489 623 2540 regnavit,
635 2489 824 2530 exsultet
833 2493 963 2530 terra:

262 2546 287 2572 *
314 2545 518 2588 laetentur
544 2545 698 2587 insulae
725 2545 886 2586 multae,

192 2601 354 2652 Nubes,
374 2608 418 2644 et
436 2602 576 2654 caligo
593 2602 637 2643 in
656 2602 840 2643 circuitu
858 2602 963 2653 ejus:

1066 287 1186 338 Ignis
1225 291 1324 328 ante
1363 286 1507 339 ipsum
1541 285 1783 339 praecedet,
1816 287 1840 313 *

1016 347 1060 384 et
1086 342 1328 385 inflamabit
1358 343 1402 383 in
1430 343 1613 385 circuitu
1640 343 1840 385 inimicos

1016 412 1118 451 ejus.

1066 455 1308 497 Illuxerunt
1330 455 1502 506 fulgura
1526 456 1614 508 ejus
1639 455 1736 497 orbi
1756 460 1839 497 ter-

1015 525 1091 553 rae:
1112 514 1137 540 *
1158 512 1280 562 vidit,
1304 517 1348 554 et
1372 513 1592 554 commota
1619 517 1686 553 est
1713 516 1841 554 terra.

1066 569 1256 619 Montes,
1290 569 1402 610 sicut
1437 581 1538 610 cera
1569 568 1789 610 fluxerunt
1816 582 1841 611 a

1015 625 1125 667 facie
1161 626 1353 667 Domini:
1390 627 1414 653 *
1452 638 1477 666 a
1513 625 1623 667 facie
1663 625 1841 666 Domini

1016 682 1158 724 omnis
1186 686 1314 724 terra.

1067 739 1447 780 Annuntiaverunt
1490 738 1592 779 coeli
1637 739 1842 790 justitiam

1016 797 1121 847 ejus:
1153 797 1177 823 *
1209 799 1253 837 et
1280 794 1483 837 viderunt
1512 807 1661 836 omnes
1689 795 1842 848 populi

1014 852 1199 904 gloriam
1226 852 1327 903 ejus.

1068 908 1399 950 Confundantur
1439 920 1606 958 omnes,
1653 908 1728 960 qui
1769 908 1841 949 ad-

1016 967 1143 1006 orant
1166 964 1402 1017 sculptilia:
1435 966 1458 991 *
1486 969 1530 1006 et
1556 965 1631 1017 qui
1657 964 1840 1016 glorian-

1014 1026 1086 1063 tur
1113 1022 1157 1062 in
1184 1021 1427 1062 simulacris
1457 1022 1557 1063 suis.

1066 1078 1264 1120 Adorate
1281 1091 1380 1120 eum
1397 1090 1548 1119 omnes
1563 1078 1721 1129 Angeli
1738 1080 1842 1131 ejus:

1015 1136 1039 1162 *
1067 1134 1246 1184 audivit,
1274 1139 1318 1176 et
1344 1135 1494 1176 laetata
1523 1139 1589 1176 est
1616 1135 1731 1176 Sion.

1067 1192 1125 1233 Et
1157 1191 1486 1233 exsultaverunt
1517 1191 1620 1232 filiae
1647 1191 1789 1242 Judae,
1818 1193 1841 1218 *

1015 1253 1200 1301 propter
1227 1247 1386 1300 judicia
1413 1252 1489 1289 tua
1515 1247 1717 1289 Domine:

1068 1305 1283 1355 Quoniam
1301 1310 1349 1346 tu
1363 1304 1575 1345 Dominus
1590 1304 1840 1346 Altissimus

1015 1374 1147 1414 super
1175 1374 1351 1403 omnem
1372 1366 1547 1402 terram:
1571 1363 1594 1387 *
1617 1360 1744 1402 nimis
1770 1373 1839 1403 ex-

1016 1417 1175 1459 altatus
1205 1430 1251 1459 es
1279 1430 1412 1470 super
1440 1430 1590 1459 omnes
1618 1416 1737 1458 deos.

1068 1474 1153 1524 Qui
1168 1473 1346 1525 diligitis
1361 1474 1607 1524 Dominum,
1622 1473 1742 1515 odite
1753 1486 1840 1514 ma-

1015 1531 1119 1572 lum:
1147 1532 1172 1559 *
1202 1530 1398 1572 custodit
1428 1530 1642 1571 Dominus
1675 1530 1839 1571 animas

1016 1589 1267 1630 sanctorum
1293 1589 1482 1637 suorum,
1511 1586 1565 1628 de
1590 1599 1721 1627 manu
1740 1599 1839 1638 pec-

1016 1645 1176 1686 catoris
1203 1643 1406 1686 liberabit
1434 1656 1522 1685 eos.

1067 1701 1164 1743 Lux
1192 1705 1290 1742 orta
1321 1705 1389 1742 est
1414 1701 1545 1752 justo,
1577 1700 1601 1726 *
1634 1703 1677 1740 et
1709 1699 1839 1741 rectis

1016 1757 1152 1800 corde
1178 1757 1341 1798 laetitia.

1066 1813 1297 1856 Laetamini
1324 1813 1424 1864 justi
1451 1812 1495 1852 in
1519 1811 1724 1852 Domino:
1749 1813 1773 1838 *
1796 1816 1839 1853 et

1016 1869 1283 1912 confitemini
1309 1868 1532 1910 memoriae
1565 1868 1837 1909 sanctificati-

1016 1927 1111 1968 onis
1139 1927 1241 1978 ejus.

1070 1985 1168 2024 Ant.
1197 1983 1383 2023 Cantate
1410 1980 1611 2031 Domino,
1639 1985 1684 2022 et
1709 1980 1838 2022 bene-

1016 2039 1148 2081 dicite
1175 2038 1340 2080 nomini
1367 2039 1468 2090 eius.

1068 2098 1151 2137 Per
1163 2096 1346 2136 Annum.
1369 2091 1415 2142 V.
1431 2095 1569 2136 Intret
1585 2093 1727 2135 oratio
1741 2106 1838 2135 mea

1015 2152 1060 2192 in
1087 2153 1327 2204 conspectu
1353 2155 1429 2192 tuo
1458 2150 1654 2191 Domine.
1698 2153 1746 2202 R:-
1770 2151 1838 2190 In-

1016 2208 1129 2250 clina
1142 2221 1292 2250 aurem
1301 2212 1420 2250 tuam
1434 2206 1490 2248 ad
1499 2219 1677 2259 precem
1686 2219 1838 2248 meam.

1071 2266 1119 2305 In
1147 2264 1360 2305 Adventu.
1403 2260 1451 2310 Y.
1475 2263 1638 2304 Emitte
1664 2263 1838 2314 Agnum

1015 2321 1203 2363 Domine
1213 2319 1543 2362 Dominatorem
1552 2324 1691 2361 terrae.
1712 2319 1762 2370 Rv.
1770 2319 1837 2360 De

1015 2378 1147 2419 Petra
1165 2377 1326 2420 deserti
1340 2375 1396 2418 ad
1410 2380 1603 2417 montem
1612 2374 1713 2416 fssiae
1724 2375 1836 2416 Sion.

1074 2435 1155 2473 lr'ro
1177 2446 1260 2473 uno
1279 2432 1400 2472 Mart.
1426 2426 1474 2478 W
1487 2432 1678 2473 Posuisti
1690 2430 1836 2472 Domi-

1015 2503 1071 2531 ne
1094 2502 1227 2543 super
1251 2493 1383 2542 caput
1410 2489 1511 2540 ejus.
1553 2487 1598 2536 R*-
1620 2488 1836 2540 Coronam

1017 2545 1072 2588 de
1090 2546 1238 2599 lapide
1257 2546 1464 2605 pretioso.

1070 2603 1155 2642 Pro
1172 2601 1279 2653 plur.
1292 2601 1413 2641 Mart.
1432 2599 1483 2646 Y.
1494 2600 1724 2641 Exsultent
1738 2597 1835 2650 justi

142 2658 166 2684 *
202 2658 380 2709 justitia,
419 2664 464 2701 et
504 2659 710 2711 judicium
746 2658 962 2700 correctio
1014 2657 1059 2698 in
1084 2660 1322 2710 conspectu
1340 2658 1434 2699 Dei.
1468 2656 1517 2706 Ru
1541 2657 1597 2698 Et
1622 2655 1832 2697 delecten-

143 2712 260 2755 sedis
289 2714 391 2765 ejus.

1014 2718 1085 2755 tur
1102 2714 1146 2754 in
1164 2714 1325 2756 laetitia.
