2040 2990
662 213 865 248 Dominica
890 214 950 247 iv.
976 219 1065 257 post
1088 215 1355 258 Epiphaniam.

158 313 231 366 qui
251 312 432 363 dormis,
458 317 501 354 et
525 315 710 363 exsurge
734 325 759 353 a
782 312 977 362 mortuis,

157 374 201 412 et
217 369 476 411 illuminabit
494 374 538 411 te
559 369 766 411 Christus.

214 427 264 479 R.
282 426 443 467 Factus
466 431 541 467 est.
567 426 660 466 292.

401 528 429 565 S
455 540 480 565 a
502 529 528 565 b
553 529 579 566 b
605 541 630 566 a
654 533 670 566 t
695 541 732 567 o.

252 587 317 627 De
344 586 544 639 Epistola
571 586 627 628 ad
655 587 880 640 Ephesios.

290 649 440 691 Lectio
470 651 493 690 i.
695 650 796 702 Cap.
817 652 853 691 6.

154 702 316 805 .ilii,
345 706 521 748 obedite
543 703 796 756 parentibus
820 703 978 745 vestris

166 766 227 802 ιθ
257 763 302 804 in
327 762 535 804 Domino:
566 761 650 802 hoc
678 760 792 802 enim
818 760 979 812 justum

156 823 233 860 est.
269 819 451 860 Honora
474 822 645 871 patrem
667 822 803 866 tuum,
828 821 872 858 et
892 829 978 858 ma-

155 880 268 916 trem
294 880 424 916 tuam.
476 873 605 924 Quod
634 878 700 915 est
725 873 979 915 mandatum

154 931 342 983 primum
373 932 417 972 in
449 930 761 984 promissiene:
791 934 840 971 ut
867 929 978 972 bene

156 988 212 1029 sit
232 987 327 1036 tibi,
353 993 396 1029 et
420 988 479 1029 sis
497 987 722 1038 longaevus
746 999 878 1039 super
896 991 978 1028 ter-

155 1057 258 1086 ram.
301 1044 357 1086 Et
382 1057 462 1085 vos
486 1049 635 1096 patres
660 1043 794 1085 nolite
819 1043 875 1084 ad
898 1043 978 1084 ira-

155 1100 359 1142 cundiam
383 1102 627 1153 provocare
652 1099 766 1140 filios
793 1104 979 1141 vestros:

156 1157 235 1199 sed
260 1157 443 1199 educate
469 1156 568 1198 illos
594 1157 636 1197 in
663 1155 908 1209 disciplina,
937 1161 980 1198 et

156 1214 432 1266 correptiene
450 1213 639 1254 Demini.

208 1273 259 1324 R.
282 1270 351 1312 Ne
370 1269 626 1323 perdideris.
653 1271 752 1310 290.

464 1330 614 1371 Lectio
636 1331 674 1370 ii.

158 1380 316 1487 Servi
333 1382 510 1424 obedite
528 1381 714 1424 dominis
734 1382 979 1424 carnalibus

242 1452 341 1481 cum
360 1439 516 1480 timere
535 1443 580 1480 et
596 1441 796 1488 tremere,
819 1439 863 1479 in
881 1439 979 1480 sim-

155 1496 352 1549 plicitate
376 1495 522 1537 cordis
546 1496 696 1545 vestri,
725 1495 837 1537 sicut
862 1495 979 1537 Chri-

157 1557 245 1595 sto:
288 1565 376 1594 non
417 1551 474 1594 ad
515 1551 690 1593 oculum
730 1552 980 1602 servientes,

159 1609 282 1662 quasi
302 1608 550 1650 hominibus
571 1608 810 1661 placentes,
835 1608 914 1651 sed
933 1613 981 1650 ut

157 1666 272 1707 servi
292 1665 462 1715 Christi,
482 1665 690 1707 facientes
711 1665 981 1707 voluntatem

156 1722 241 1764 Dei
259 1735 313 1764 ex
333 1722 488 1771 animo,
508 1734 607 1763 cum
620 1721 736 1763 bona
754 1722 980 1764 voluntate

158 1779 416 1829 servientes,
446 1779 557 1821 sicut
584 1779 794 1829 Demino,
823 1783 867 1820 et
893 1791 982 1820 non

157 1834 420 1877 hominibus:
439 1835 625 1877 scientes
641 1835 845 1886 queniam
859 1848 982 1876 unus·
1039 1839 1046 1888 ξ
1068 1839 1114 1885 ‘fg-Q,

159 1894 344 1944 quisque
381 1891 688 1944 quodcumque
724 1891 875 1933 fecerit
905 1891 979 1933 bo·
1038 1898 1045 1918 ⁵

157 1961 277 1999 num,
300 1948 383 1989 hoc
408 1948 590 2001 recipiet
614 1960 639 1988 a
660 1947 865 1998 Demino,
889 1948 980 1990 sive

159 2017 327 2055 servus,
352 2005 442 2046 sive
466 2004 588 2046 liber.
631 2004 689 2046 Et
712 2016 791 2045 vos
817 2003 982 2045 domini

159 2060 313 2103 eadem
336 2061 463 2104 facite
488 2061 587 2111 illis,
613 2061 882 2102 remittentes
906 2061 981 2101 mi-

158 2130 254 2159 nas:
291 2118 476 2160 scientes
514 2117 614 2170 quia
651 2122 694 2159 et
729 2116 902 2158 illorum
938 2121 981 2159 et

158 2178 303 2216 vester
333 2174 548 2216 Deminus
583 2178 650 2215 est
682 2174 726 2214 in
762 2173 903 2215 coelis:
939 2178 982 2215 et

158 2233 443 2283 personarum
463 2230 661 2283 acceptio
680 2242 768 2271 non
783 2234 850 2271 est
864 2229 981 2282 apud

160 2300 269 2329 eum.

210 2345 259 2396 R.
286 2345 493 2385 Paretum
512 2356 598 2385 cor.
623 2344 724 2384 290.

455 2401 605 2442 Lectio
626 2401 679 2441 iii.

248 2468 272 2497 e
287 2458 433 2498 cetero
448 2456 604 2498 fratres
621 2456 923 2498 confortamini
938 2455 982 2496 in

265 2512 465 2562 Demino‚
483 2517 526 2554 et
541 2513 585 2554 in
597 2513 795 2566 potentia
809 2512 981 2554 virtutis

163 2567 263 2618 ejus.
301 2568 475 2611 Induite
499 2581 579 2610 vos
603 2572 868 2610 armaturam
888 2568 981 2618 Dei,

162 2627 209 2664 ut
231 2625 408 2675 possitis
432 2630 548 2667 stare
572 2625 781 2667 adversus
804 2624 981 2665 insidias

162 2678 335 2721 diaboli.
388 2681 602 2731 Quoniam
638 2694 726 2723 non
759 2686 825 2724 est
856 2679 981 2721 nobis

162 2734 414 2778 colluctatio
461 2736 671 2780 adversus
718 2749 893 2779 carnem
939 2740 982 2778 et

1030 311 1302 361 sanguinem:
1340 309 1419 352 sed
1453 310 1662 353 adversus
1696 314 1852 365 princi-

1030 380 1120 420 pes,
1141 372 1184 409 et
1203 369 1457 420 potestates,
1477 367 1687 410 adversus
1702 370 1852 412 mundi

1030 426 1224 466 rectores
1250 423 1529 466 tenebrarum
1556 425 1724 475 harum,
1753 439 1852 468 con-

1030 485 1098 522 tra
1116 480 1357 533 spiritualia
1374 481 1590 533 nequitiae,
1610 482 1652 522 in
1669 483 1853 525 coelesti-

1030 537 1123 579 bus.
1175 538 1418 590 Propterea
1451 538 1635 590 accipite
1668 543 1853 581 armatu-

1031 607 1124 635 ram
1151 594 1253 643 Dei,
1285 600 1333 636 ut
1364 595 1543 647 possitis
1576 597 1778 638 resistere
1810 597 1853 637 in

1032 650 1102 692 die
1129 650 1264 701 malo,
1299 656 1342 693 et
1368 652 1411 692 in
1441 651 1641 693 omnibus
1670 653 1854 705 perfecti

1032 712 1158 749 stare.

1088 772 1138 823 R.
1161 768 1347 821 Adjutor
1366 782 1500 811 meus.
1526 771 1627 811 290.

1265 842 1343 882 Ad
1359 842 1622 893 vesperas.

1365 907 1527 948 Oratio.

1035 956 1214 1062 Deus,
1241 965 1314 1017 qui
1333 978 1414 1007 nos
1435 965 1478 1006 in
1501 966 1632 1007 tantis
1652 966 1855 1018 periculis

1136 1022 1415 1072 constitutos,
1444 1035 1526 1074 pro
1554 1022 1742 1063 humana
1770 1023 1854 1064 seis

1031 1078 1263 1128 fragilitate
1277 1091 1365 1120 non
1379 1091 1511 1131 posse
1527 1078 1779 1121 subsistere:
1800 1079 1855 1121 da

1031 1135 1158 1176 nobis
1184 1135 1368 1176 saltitem
1391 1136 1548 1177 mentis
1572 1140 1615 1177 et
1640 1136 1854 1188 corporis;

1031 1195 1079 1232 ut
1114 1204 1183 1241 ea,
1221 1205 1318 1244 quae
1350 1205 1432 1244 pro
1467 1192 1661 1244 peccatis
1694 1192 1854 1234 nostris

1030 1248 1240 1299 patimur,
1276 1253 1319 1290 te
1353 1248 1584 1300 adjuvante
1620 1249 1853 1290 vincamus.

1031 1304 1115 1346 Per
1133 1305 1381 1346 Deminum.

1238 1385 1498 1407 ——w

1249 1455 1522 1505 Dominiea
1548 1454 1634 1504 IV.

1175 1522 1302 1568 post
1339 1516 1712 1568 Epiphaniam.

1270 1591 1317 1629 In
1344 1591 1372 1629 Ι.
1397 1591 1617 1630 Nocturno.

1034 1652 1192 1705 Incipit
1218 1652 1419 1704 Epistola
1447 1651 1565 1692 beati
1589 1650 1713 1691 Pauli
1738 1650 1854 1702 Apo-

1187 1709 1287 1750 stoli
1311 1708 1367 1750 ad
1386 1708 1702 1760 Philippenses.

1136 1773 1286 1814 Lectio
1312 1775 1336 1814 i.
1602 1774 1703 1825 Cap.
1724 1776 1751 1813 1.

1128 1835 1279 1884 aulus,
1294 1839 1338 1876 et
1351 1831 1608 1874 Timetheus
1624 1831 1738 1873 servi
1751 1831 1775 1871 J
1779 1843 1855 1872 esu

1039 1909 1046 1936 1
1163 1891 1342 1939 Christi,
1379 1888 1579 1930 omnibus
1615 1887 1776 1928 sanctis
1812 1887 1855 1927 in

1038 1939 1045 1949 ⁵
1068 1922 1139 1970 §l
1163 1947 1336 1989 Christo
1350 1946 1375 1986 J
1378 1958 1464 1994 esu,
1485 1944 1558 1996 qui
1577 1948 1678 1985 sunt
1694 1943 1854 1996 Philip-

1031 2005 1116 2058 pis,
1142 2017 1241 2046 cum
1258 2001 1492 2055 Episcopis
1517 2005 1560 2043 et
1577 1999 1854 2042 Diaconibus.

1034 2061 1185 2102 Gratia
1208 2059 1352 2108 vobiS‚
1380 2062 1422 2100 et
1445 2070 1533 2110 pax
1557 2070 1582 2098 a
1605 2057 1702 2098 Deo
1725 2057 1855 2097 Patre

1032 2122 1204 2167 nostro,
1238 2120 1281 2157 et
1312 2114 1502 2156 Domino
1535 2114 1638 2155 Jesu
1672 2113 1854 2154 Christo.

1034 2173 1209 2215 Gratias
1233 2184 1315 2223 ago
1334 2171 1430 2213 Deo
1449 2182 1548 2212 meo
1568 2170 1612 2211 in
1632 2170 1750 2212 omni
1768 2182 1854 2210 me-

1032 2230 1172 2271 meria
1207 2228 1360 2278 vestri,
1402 2239 1574 2280 semper
1609 2227 1652 2267 in
1689 2225 1854 2268 cunctis

1033 2285 1304 2328 orationibus
1324 2284 1432 2326 meis
1455 2296 1536 2336 pro
1561 2282 1762 2324 omnibus
1781 2294 1853 2323 vo-

1031 2342 1099 2384 bis
1121 2355 1221 2384 cum
1242 2341 1403 2393 gaudio
1423 2339 1776 2393 deprecatienem
1795 2338 1853 2379 fa-

1033 2399 1165 2449 ciens,
1190 2411 1321 2451 super
1345 2396 1690 2439 comunicatione
1709 2398 1855 2436 vestra

1032 2455 1076 2496 in
1103 2454 1341 2506 Evangelio
1371 2453 1530 2495 Christi
1562 2465 1587 2493 a
1617 2451 1756 2504 prima
1783 2450 1853 2491 die

1032 2524 1172 2564 usque
1190 2523 1314 2552 nunc.
1344 2509 1578 2552 Confidens
1597 2508 1682 2549 hoc
1699 2507 1853 2559 ipsum,

1035 2568 1135 2620 quia
1160 2568 1234 2620 qui
1261 2567 1396 2620 coepit
1423 2567 1466 2607 in
1491 2564 1616 2607 vobis
1644 2577 1753 2616 opus
1778 2562 1852 2603 bo-

1032 2637 1146 2674 num,
1165 2624 1364 2676 perficiet
1381 2634 1520 2675 usque
1539 2622 1583 2662 in
1602 2621 1718 2662 diem
1734 2618 1852 2660 Chri—

1034 2681 1090 2722 sti
1102 2681 1127 2721 J
1130 2693 1218 2722 esu.
1244 2680 1365 2721 Sicut
1384 2683 1451 2721 est
1469 2678 1573 2719 mihi
1592 2678 1750 2730 justum
1768 2674 1851 2715 hoc

1033 2739 1194 2778 sentire
1206 2749 1287 2789 pro
1301 2735 1502 2778 omnibus
1514 2734 1654 2776 vobis:
1669 2745 1720 2774 eo
1733 2729 1851 2784 quod
