2040 2990
708 187 885 222 'Rubrieae
910 188 1109 230 generales
1131 189 1329 222 Breviarii.

1755 193 1867 229 xxvii

162 288 246 316 modo
269 295 326 315 non
350 288 433 315 fuerit
457 288 531 315 infra
555 289 687 322 majorem
710 288 938 322 Hebdomadam,
961 292 989 315 et

162 335 213 362 per
229 328 365 354 Octavam
383 327 498 354 Paschae
515 331 544 354 et
563 328 752 354 pentecostes:
770 327 872 362 quibus
891 328 989 354 diebus

161 374 218 393 non
242 367 272 393 fit
294 366 330 392 de
352 366 446 400 aliquo
470 367 553 393 Festo
571 366 683 400 Duplici
703 370 873 393 occurrente.
910 367 988 393 Idem

163 405 311 433 dicendum
330 405 365 432 de
382 405 442 432 aliis
457 406 545 432 Festis
558 406 656 440 primae
669 406 766 432 classis
780 406 989 433 occurrentibus

161 445 190 471 in
209 444 333 479 praefatis
352 445 505 471 Dominicis
524 445 684 479 Maioribus.

211 487 236 514 4.
255 489 299 514 De
312 488 419 515 Octava
432 488 523 519 etiam,
542 488 654 522 quando
669 488 751 515 Festo
767 496 867 515 novem
883 487 988 514 Lectio-

160 535 242 560 num,
267 527 310 553 vel
335 527 481 554 Dominica
506 528 669 562 impeditur,
699 527 730 554 fit
753 527 988 560 commemoratio,

161 565 214 592 nisi
231 566 301 592 illud
319 566 433 592 Festum
453 574 554 593 novem
573 566 737 593 Lectionum
764 566 847 592 fuerit
866 567 988 593 solemne

161 605 313 639 principale
338 605 453 638 alicuius
477 605 543 639 loci,
567 609 598 632 ut
621 614 714 639 supra.
750 606 822 633 Nam
845 606 873 631 in
892 605 988 639 primis

162 644 292 678 Vesperis
310 647 338 670 et
352 644 497 671 Laudibus
511 645 669 678 hujusmodi
688 644 762 671 Festi
776 645 852 671 nulla
871 645 902 671 fit
915 652 988 671 com-

161 683 324 710 memoratio
343 683 417 710 Festi
436 683 574 718 Simplicis
593 684 776 717 occurrentis,
799 692 849 710 nec
872 684 988 717 alicujus

161 722 282 756 Vigiliis,
309 724 435 757 (excepta
458 723 559 756 vigilia
585 723 775 757 Epiphaniae),
798 731 850 750 nec
873 723 988 756 alicujus

161 761 215 788 diei
233 761 307 788 infra
325 762 474 795 Octavam,
498 770 549 789 nec
573 762 688 795 alicujus
711 762 895 796 praecedentis
914 762 988 788 Festi

160 807 262 827 novem
275 801 439 828 Lectionum
459 801 523 834 (nisi
542 801 571 827 id
586 802 698 828 Festum
718 801 802 828 fuerit
820 810 854 827 ex
873 801 906 827 iis
924 809 988 835 quae

160 839 234 866 infra
251 839 280 866 in
298 840 351 866 hac
367 839 465 866 eadem
484 840 608 867 Rubrica
626 843 846 874 enumerantur),
864 848 915 867 nec
933 840 988 866 diei

161 878 283 911 Oetavae,
296 886 348 906 nec
360 879 523 913 Dominicae,
537 880 560 905 si
574 880 687 906 Festum
700 880 771 906 illud
782 880 906 906 solemne
919 880 987 906 cele-

160 917 256 944 bretur
273 918 355 944 Feria
373 918 507 945 secunda:
526 919 650 952 exceptis
664 919 818 946 Dominicis
830 919 986 951 Adventus,

159 959 187 983 et
211 957 365 984 Dominicis
392 965 408 984 a
436 957 644 991 Septuagesima
672 966 761 992 usque
788 958 824 985 ad
852 960 986 985 Octavam

160 996 276 1022 Paschae
293 996 441 1023 inclusive:
459 997 495 1023 de
513 998 615 1031 quibus
633 998 795 1030 Dominicis,
815 997 885 1024 sicut
904 997 986 1023 etiam

160 1035 195 1062 de
213 1035 300 1062 Feriis
311 1035 479 1069 Adventus,
499 1037 737 1070 Quadragesimae,
761 1038 887 1070 Quatuor
905 1037 986 1062 'rem-

159 1082 272 1109 porum,
291 1078 318 1101 et
336 1075 466 1102 seeundae
485 1076 671 1109 Rogationum
694 1084 804 1110 semper
820 1076 851 1102 fit
869 1083 987 1102 comme-

160 1114 293 1148 moratio,
319 1122 496 1148 quocumque
523 1116 606 1141 Festo
636 1115 807 1142 adveniente.
854 1115 935 1148 Quod
964 1115 986 1141 si

160 1153 319 1187 hujusmodi
343 1154 456 1180 Festum
481 1154 605 1181 solemne
629 1154 735 1181 venerit
758 1154 787 1180 in
811 1162 987 1188 quacumque

161 1192 316 1227 Dominica,
331 1193 361 1220 fit
375 1194 601 1220 commemoratio
616 1194 651 1220 de
664 1202 696 1220 ea
710 1194 738 1220 in
749 1194 874 1227 utrisque
885 1194 986 1227 Vespe—

159 1231 199 1257 ris
225 1235 252 1258 et
279 1232 432 1259 Laudibus.
470 1233 505 1259 Et
531 1233 658 1259 similiter
684 1233 706 1259 si
732 1236 859 1260 occurrat
886 1233 913 1259 in
942 1233 987 1259 die

161 1270 267 1298 Octava
284 1271 400 1305 alicujus
420 1272 493 1299 Festi
511 1272 639 1299 habentis
658 1272 804 1305 Octavam,
827 1272 862 1298 de
884 1280 917 1298 ea
940 1273 987 1298 flet

160 1311 386 1338 commemoratio
405 1311 488 1338 etiam
506 1311 535 1337 in
554 1311 679 1345 utrisque
694 1312 823 1346 Vesperis
838 1315 865 1338 et
885 1311 986 1338 Laudi-

161 1349 220 1376 bus.
258 1350 292 1376 In
309 1350 438 1377 secundis
457 1354 549 1377 autem
569 1351 698 1385 Vesperis
717 1350 791 1377 Festi
810 1351 937 1384 praedicti
956 1351 986 1376 fit

159 1389 386 1416 commemoratio
406 1389 440 1416 de
454 1389 574 1423 Duplici,
593 1389 781 1424 Semiduplici,
800 1394 827 1416 et
840 1390 987 1416 Dominica

159 1427 348 1461 sequentibus,
366 1432 393 1455 et
410 1436 467 1455 non
485 1429 520 1455 de
538 1428 606 1455 aliis.

211 1471 236 1498 5.
255 1471 333 1498 Idem
351 1475 480 1499 servatur
495 1471 524 1498 in
542 1472 709 1506 quibusdam
729 1472 817 1498 Festis
835 1472 986 1506 majoribus

159 1518 210 1544 per
227 1518 345 1545 annum,
369 1511 473 1538 scilicet
496 1511 524 1537 in
543 1511 694 1539 Nativitate
712 1511 825 1538 Domini
850 1512 890 1541 (in
908 1512 986 1546 cujus

161 1549 260 1577 Officio
277 1550 357 1577 nulla
375 1550 406 1576 fit
423 1551 649 1577 commemoratio
669 1551 704 1577 de
717 1554 813 1578 sancta
828 1551 985 1585 Anastasia,

159 1589 210 1616 sed
227 1589 256 1616 in
274 1589 394 1616 secunda
413 1592 522 1616 tantum
541 1590 646 1623 Missa),
666 1590 695 1616 in
709 1590 874 1624 Epiphania,
892 1591 919 1616 in
933 1591 985 1617 Pa-

159 1628 226 1656 scha
243 1628 468 1656 Resurrectionis
491 1636 555 1656 cum
572 1629 661 1655 tribus
679 1629 805 1663 proxime
823 1630 984 1656 anteceden-

157 1667 241 1701 tibus,
259 1671 288 1694 et
305 1668 415 1694 duobus
433 1668 614 1702 sequentibus
633 1668 743 1702 diebus,
767 1669 795 1695 in
814 1669 985 1696 Ascensione

158 1706 280 1738 Domini.
297 1707 326 1733 in
339 1707 516 1741 Pentecoste3
534 1714 598 1734 cum
612 1707 722 1734 duobus
736 1708 916 1742 sequentibus
930 1709 984 1735 die-

158 1746 220 1779 bus,
233 1745 262 1772 in
272 1746 354 1773 Festo
364 1746 497 1781 Corporis
506 1746 618 1780 Christi,
632 1747 661 1773 in
670 1747 759 1774 Festis
772 1747 860 1774 sancti
869 1747 984 1781 Joseph,

159 1785 318 1813 Nativitatis
335 1785 423 1812 sancti
439 1785 558 1812 Joannis
575 1786 716 1820 Baptistae,
735 1789 894 1813 sanctorum
909 1787 983 1820 Apo-

159 1824 294 1851 stolorum
314 1824 389 1851 Petrl
412 1828 439 1851 et
458 1825 552 1859 Pauli,
576 1825 765 1851 Immaculatae
788 1826 985 1860 Conceptionis

159 1865 187 1890 et
200 1862 408 1898 Assumptionis
421 1864 511 1890 beatoe
524 1864 628 1898 Mariae,
641 1864 670 1890 in
684 1865 766 1890 Festo
778 1865 902 1891 omnium
917 1864 984 1891 San-

158 1905 275 1936 ctorum,
289 1905 316 1928 et
329 1903 358 1929 in
368 1903 450 1929 Festo
460 1903 650 1930 Dedicationis
663 1903 784 1937 propriae
798 1903 941 1931 Ecclesiae:
955 1904 984 1931 in

159 1941 260 1975 quibus
274 1941 363 1968 Festis
376 1942 446 1969 fiunt
463 1942 712 1969 comemorationes
730 1950 763 1969 eo
778 1943 862 1970 modo
876 1946 984 1970 tantum

158 1987 215 2014 quo
233 1981 338 2008 dictum
355 1985 398 2008 est
410 1989 496 2016 supra
510 1981 546 2008 de
559 1982 642 2009 Festo
660 1982 777 2008 solemni
793 1982 908 2016 alicujus
921 1982 983 2009 loci.

210 2029 235 2054 6.
253 2028 287 2055 In
301 2028 390 2055 Festis
402 2031 495 2055 autem
509 2029 625 2056 secundi
637 2029 751 2062 ordinis,
770 2029 905 2062 videlicet,
926 2030 983 2056 Cir-

159 2067 348 2101 cumcisionis,
376 2067 547 2094 Sanctissimi
570 2068 696 2095 Nominis
719 2069 802 2100 Jesu.
831 2069 983 2101 Trinitatis,

159 2106 371 2140 Pun'ficationis,
390 2107 625 2141 Annuntiationis,
644 2108 815 2134 Visitationis
833 2112 860 2135 et
879 2108 982 2135 Nativi-

158 2145 223 2172 tatis
236 2146 325 2172 beatae
339 2147 442 2179 Mariae,
456 2146 483 2172 in
494 2146 632 2174 Natalitiis
644 2147 771 2174 undecim
782 2147 983 2181 Apostolorum

159 2187 187 2211 et
201 2184 449 2224 EvangelistaruQ
463 2185 490 2211 in
505 2186 587 2212 Festo
603 2186 753 2213 Patrocinii
767 2186 854 2212 sancti
868 2187 982 2220 Joseph,

158 2223 187 2250 in
199 2224 282 2250 Festo
294 2223 485 2258 pretiosissimi
499 2224 645 2258 Sanguinis
659 2226 692 2252 D.
709 2226 741 2252 N.
756 2226 781 2252 J.
792 2226 831 2259 C.,
845 2229 872 2252 et
886 2226 982 2252 Inven-

159 2262 241 2289 tionis
257 2266 361 2290 sanctae
374 2263 479 2297 Crucis,
498 2264 526 2290 in
546 2264 627 2290 Festo
646 2265 734 2292 sancti
748 2265 876 2291 Joachim
891 2265 982 2291 Patris

160 2301 248 2328 beatae
265 2302 360 2328 Mariae
379 2302 506 2336 Virginis,
524 2306 551 2330 et
569 2307 673 2330 sanctae
691 2304 781 2330 Annae
795 2304 892 2330 Matris
914 2304 983 2337 ejus-

160 2340 231 2374 dem,
244 2341 273 2367 in
286 2341 369 2368 Festo
382 2342 470 2368 sancti
485 2342 636 2376 Laurentii,
651 2346 678 2369 et
691 2343 881 2370 Dedicationis
894 2343 982 2370 sancti

158 2380 301 2406 Michaelis
314 2380 490 2414 Archangeli,
509 2381 536 2407 in
555 2382 652 2415 primis
666 2382 796 2416 Vesperis
817 2383 847 2408 tit
864 2390 983 2413 comme:

158 2419 276 2445 moratio
295 2419 371 2446 Festi
390 2420 516 2453 Duplicis
539 2428 572 2446 eo
596 2420 640 2446 die
660 2421 804 2454 celebrati,
828 2421 879 2447 nisi
902 2421 983 2447 aliter

158 2457 187 2484 in
205 2458 325 2492 propriis
342 2459 412 2485 locis
430 2462 554 2491 notetur:
574 2460 608 2486 de
627 2460 772 2486 Dominica
792 2468 866 2493 vero,
885 2461 920 2486 de
938 2461 982 2486 die

158 2496 232 2523 infra
250 2496 396 2530 Octavam,
415 2501 442 2524 et
460 2498 495 2524 de
514 2498 603 2524 Festis
621 2498 854 2535 Semiduplicibus
877 2507 931 2525 non
951 2499 982 2525 fit

158 2537 392 2569 commemoratio,
411 2545 443 2563 eo
462 2537 557 2569 modo,
576 2545 632 2571 quo
650 2546 700 2564 nee
718 2538 746 2564 in
766 2539 846 2564 Festo
866 2538 982 2564 solemni

160 2574 274 2608 alicujus
292 2575 357 2609 loci,
380 2580 410 2602 ut
430 2576 533 2603 dictum
556 2581 597 2603 est
616 2585 708 2611 supra.
746 2578 789 2603 De
807 2577 982 2611 Simplicibus

159 2616 187 2639 et
206 2613 312 2647 Vigiliis
335 2615 363 2641 in
388 2615 431 2641 his
450 2616 538 2641 Festis
557 2616 765 2642 occurrentibus
788 2617 887 2649 legitur
909 2623 981 2642 nona

160 2652 270 2686 Lectio,
293 2656 321 2680 et
344 2654 374 2680 fit
397 2655 622 2681 commemoratio
647 2655 674 2680 in
699 2655 843 2681 Laudibus
866 2658 981 2682 tantum.

161 2691 192 2717 In
216 2692 344 2718 secundis
367 2697 458 2720 autem
484 2694 614 2727 Vesperis
642 2694 672 2720 fit
695 2693 922 2720 commemoratio
948 2694 982 2720 d'e

159 2738 336 2764 quocumque
352 2732 478 2765 sequenti
493 2733 582 2765 Festo,
600 2733 682 2759 etiam
696 2733 826 2766 Simplici,
845 2736 871 2759 et
889 2732 924 2758 de
938 2731 982 2759 die

1040 289 1114 315 infra
1134 289 1283 322 Octavam,
1308 290 1331 315 si
1355 290 1390 316 de
1413 298 1446 317 ea
1470 291 1529 317 fieri
1553 292 1653 318 debeat
1672 292 1803 318 Officium
1822 292 1866 319 die

1040 335 1116 361 sequ.
1154 328 1197 354 De
1216 328 1329 355 Octavis
1344 329 1502 356 Nativitatis
1518 331 1639 363 Domini,
1658 331 1821 365 Epiphaniae
1840 334 1867 358 et

1040 367 1173 401 Corporis
1187 367 1298 400 Christi,
1317 375 1427 402 semper
1446 369 1476 394 fit
1494 370 1720 396 commemoratio
1739 371 1768 396 in
1786 371 1866 396 utris—

1041 414 1095 439 que
1109 406 1239 439 Vesperis
1257 410 1284 433 et
1303 407 1455 440 Laudibus,
1473 409 1706 442 quandocumque
1722 409 1867 443 contigerit

1040 445 1114 471 infra
1139 445 1201 471 illas
1224 445 1258 472 de
1283 446 1376 479 aliquo
1401 446 1455 472 alio
1475 447 1556 473 Festo
1580 447 1709 475 Officium
1732 448 1866 475 celebrari

1041 484 1117 517 juxta
1136 485 1287 511 Rubricam
1308 485 1342 511 de
1362 486 1482 519 Octavis,
1502 494 1576 513 num.
1595 488 1618 513 3.

1091 529 1114 554 7.
1135 529 1177 554 De
1197 528 1350 555 Dominicis
1372 533 1399 555 et
1417 530 1503 556 Feriis
1523 530 1669 557 Adventus
1695 535 1721 557 et
1740 531 1865 564 Quadra-

1040 567 1150 600 gesima:
1175 568 1403 594 commemoratio
1428 569 1459 595 fit
1485 569 1512 595 in
1538 570 1663 604 utrisque
1684 571 1814 604 Vesperis
1838 574 1865 596 et

1043 606 1192 632 Laudibus.
1236 607 1278 632 De
1298 607 1386 633 Feriis
1405 608 1532 641 Quatuor
1550 609 1732 643 Temporum,
1756 610 1865 643 Vigilia—

1040 653 1102 671 rum
1116 648 1143 671 et
1157 645 1279 671 secunda
1294 646 1488 680 Rogationum,
1504 648 1617 681 quando
1632 648 1666 674 de
1681 649 1734 674 illis
1747 657 1837 675 comm
1856 664 1864 668 -

1040 684 1158 710 moratio
1183 684 1243 711 fieri
1267 685 1362 718 debet,
1390 686 1421 712 fit
1445 686 1471 712 in
1498 687 1641 713 Laudibus
1665 690 1780 714 tantum.
1849 696 1865 714 e

1040 723 1129 750 Festis
1148 727 1239 750 autem
1254 723 1433 758 Simplicibus
1453 726 1515 753 (nisi
1535 726 1562 752 in
1582 726 1679 752 diebus
1698 727 1864 761 supradictis

1040 765 1198 791 occurrant)
1218 765 1444 791 commemoratio
1467 765 1497 791 fit
1520 765 1547 791 in
1570 765 1667 799 primis
1686 766 1815 800 Vesperis
1838 770 1865 793 et

1040 802 1184 829 Laudibus
1204 810 1236 829 eo
1252 803 1304 834 die,
1323 811 1378 837 quo
1392 804 1420 830 in
1436 805 1605 831 Kalendario
1620 805 1802 839 assignantur.
1822 806 1864 832 De

1039 841 1100 868 aliis
1123 849 1189 868 vero
1214 843 1367 870 Dominicis
1390 851 1440 877 per
1462 851 1578 877 annum,
1601 847 1627 870 et
1647 845 1771 878 Octavis,
1793 853 1864 871 com-

1039 881 1202 907 memoratio
1222 882 1252 908 fit
1272 882 1299 908 in
1318 883 1443 916 utrisque
1456 884 1586 917 Vesperis
1605 887 1631 910 et
1646 884 1798 916 Laudibus,
1812 884 1863 910 nisi

1039 925 1206 947 concurrant
1224 929 1287 947 cum
1306 930 1390 956 supra
1405 923 1572 949 enumeratis
1586 923 1682 950 Festis.
1719 924 1762 950 De
1776 923 1864 950 Festis

1039 959 1205 993 Duplicibus
1224 964 1250 986 et
1265 960 1504 995 SemiduplicibuS,
1523 962 1640 996 quoties,
1659 963 1735 995 juxta
1749 971 1863 996 sequen-

1038 1001 1094 1024 tem
1109 999 1261 1026 Rubricam
1280 1000 1315 1026 de
1329 1001 1523 1028 Translatione
1538 1002 1691 1035 Festorum,
1710 1002 1804 1030 reduci
1819 1002 1863 1028 de-

1039 1038 1105 1064 bent
1119 1038 1154 1063 ad
1165 1039 1278 1064 modum
1289 1039 1435 1073 Simplicis,
1450 1040 1481 1066 fit
1490 1041 1594 1074 pariter
1604 1041 1816 1075 Comemoratio,
1828 1041 1863 1067 ad

1039 1077 1126 1103 instar
1145 1077 1199 1104 diei
1219 1078 1331 1104 Octavae
1350 1082 1376 1105 et
1395 1080 1557 1111 Dominicae,
1576 1080 1603 1106 in
1622 1081 1748 1114 utrisque
1763 1081 1864 1114 Vespe-

1038 1117 1077 1142 ris
1095 1120 1122 1143 et
1137 1117 1289 1151 Laudibus,
1308 1122 1494 1152 praeterquam
1508 1119 1535 1144 in
1555 1119 1684 1146 omnibus
1698 1120 1864 1154 Duplicibus

1038 1156 1136 1190 primae
1153 1156 1258 1190 classis,
1276 1158 1399 1191 exceptis
1417 1165 1512 1184 eorum
1532 1159 1660 1185 secundis
1679 1159 1821 1193 Vesperis,
1841 1159 1863 1185 si

1038 1195 1196 1228 hujusmodi
1215 1197 1441 1223 commemoratio
1465 1197 1590 1224 facienda
1613 1197 1649 1224 sit
1667 1198 1712 1224 die
1729 1198 1862 1232 sequenti.

1089 1239 1113 1265 8.
1132 1239 1415 1267 Commemorationes
1435 1242 1504 1267 flunt
1522 1241 1575 1267 hoc
1594 1242 1689 1268 modo:
1709 1242 1777 1268 Post
1797 1242 1863 1267 Ora-

1038 1278 1141 1304 tionem
1166 1278 1232 1311 diei,
1257 1279 1284 1305 in
1308 1280 1404 1313 primis
1422 1280 1553 1314 Vesperis
1577 1281 1678 1307 dicitur
1701 1281 1863 1314 Antiphona

1038 1325 1101 1351 quae
1120 1317 1211 1351 posita
1229 1322 1270 1344 est
1294 1319 1330 1345 ad
1349 1319 1518 1353 Magnificat,
1539 1324 1566 1346 et
1589 1321 1616 1346 in
1636 1320 1781 1346 Laudibus
1799 1327 1862 1353 quae

1037 1357 1128 1390 posita
1151 1361 1193 1383 est
1215 1358 1251 1383 ad
1272 1358 1437 1384 Benedictus
1456 1359 1483 1385 in
1503 1359 1648 1385 Communi
1669 1359 1702 1386 (si
1720 1359 1861 1393 propriam

1038 1403 1094 1422 non
1104 1396 1242 1425 habuerit)
1253 1397 1420 1423 conveniens
1430 1398 1488 1431 ejus
1499 1398 1607 1431 Officio,
1617 1399 1694 1432 cujus
1705 1398 1735 1424 fit
1745 1405 1862 1424 comme-

1037 1435 1162 1461 moratio.
1200 1436 1269 1461 Post
1282 1436 1471 1470 Antiphonam
1491 1437 1590 1463 dicitur
1604 1438 1717 1470 Versus,
1736 1437 1801 1463 inde
1819 1445 1861 1463 su-

1037 1474 1169 1507 mendus,
1193 1475 1267 1501 unde
1285 1478 1396 1509 sumpta
1418 1479 1459 1502 est
1477 1476 1652 1510 Antiphona,
1677 1477 1781 1503 scilicet
1799 1480 1862 1510 post

1037 1514 1180 1547 Hymnum
1205 1514 1392 1548 Vesperarum
1416 1518 1442 1541 et
1467 1515 1609 1542 Laudum:
1639 1516 1738 1542 deinde
1762 1516 1862 1542 dicitur

1038 1552 1141 1579 Oratio.
1178 1553 1207 1579 Si
1225 1553 1388 1588 Antiphona
1413 1558 1440 1580 et
1464 1554 1568 1581 Versus
1593 1555 1668 1581 Festi
1692 1555 1726 1582 de
1751 1563 1806 1589 quo
1831 1555 1861 1581 fit

1037 1593 1272 1626 commemoratio,
1290 1593 1425 1619 sumenda
1438 1597 1530 1620 essent
1548 1602 1581 1620 ex
1596 1594 1692 1620 eodem
1707 1594 1861 1627 Communi,

1037 1631 1111 1657 unde
1130 1635 1241 1665 sumpta
1258 1636 1323 1658 sunt
1341 1634 1369 1658 in
1388 1632 1488 1659 Officio
1507 1633 1574 1667 diei3
1598 1633 1625 1659 in
1644 1634 1726 1660 Festo
1745 1642 1861 1660 comme—

1037 1671 1206 1697 morationes
1225 1671 1382 1703 variantur,
1406 1672 1444 1698 ita
1468 1675 1498 1698 ut
1521 1672 1548 1698 in
1568 1673 1698 1706 Vesperis
1716 1677 1861 1699 sumantur

1036 1717 1070 1735 ex
1096 1709 1255 1743 Laudibus,
1279 1714 1306 1737 et
1331 1711 1359 1737 iu
1384 1711 1528 1738 Laudibus
1553 1719 1586 1738 ex
1611 1712 1707 1746 primis
1732 1712 1860 1746 Vesperis

1036 1749 1159 1782 ejusdem
1173 1750 1343 1783 Communis,
1362 1750 1415 1777 nisi
1433 1751 1514 1777 aliter
1526 1751 1656 1784 signetur.
1686 1751 1721 1777 Et
1735 1751 1861 1777 similiter

1036 1789 1059 1814 si
1078 1789 1106 1815 in
1124 1789 1252 1815 secundis
1267 1790 1397 1823 Vesperis
1416 1793 1518 1816 sanctae
1536 1790 1661 1822 Agathae,
1680 1793 1728 1816 aut
1746 1790 1860 1816 alterius

1036 1827 1144 1854 Sanctae
1159 1835 1260 1854 novem
1271 1828 1434 1855 Lectionum
1449 1828 1508 1854 fieri
1522 1828 1621 1854 debeat
1633 1829 1859 1855 commemoratio

1036 1867 1125 1893 beatae
1143 1866 1252 1899 Mariae,
1275 1875 1326 1901 pro
1349 1867 1407 1899 ejus
1426 1867 1527 1894 Officio
1546 1867 1573 1894 in
1592 1867 1719 1901 sequenti
1736 1867 1858 1894 Sabbato

1036 1905 1211 1939 celebrando,
1230 1914 1265 1932 ne
1278 1909 1420 1939 repetatur
1434 1902 1468 1938 ils.
1483 1906 1589 1931 Diffusa
1609 1910 1649 1931 est
1669 1906 1764 1936 gratia,
1787 1907 1858 1933 dica-

1036 1948 1082 1971 tur
1095 1941 1129 1976 W.
1140 1945 1289 1977 Bcnchcta
1301 1949 1338 1973 tu.
1353 1953 1388 1972 ex
1398 1945 1550 1972 Laudibus
1564 1945 1593 1973 Si
1607 1946 1672 1972 item
1683 1950 1818 1979 occurrat,
1828 1949 1858 1972 ut

1035 1984 1132 2011 eadem
1151 1984 1187 2010 sit
1205 1984 1300 2011 Oratio
1318 1985 1394 2011 Festi
1412 1985 1446 2011 de
1465 1993 1521 2018 quo
1540 1985 1571 2011 fit
1589 1985 1732 2017 Officium,
1755 1990 1782 2012 et
1800 1986 1858 2019 ejus

1035 2023 1070 2049 de
1079 2030 1135 2056 quo
1147 2023 1177 2049 fit
1191 2024 1425 2057 commemoratio,
1440 2028 1562 2050 mutetur
1571 2024 1666 2051 Oratio
1675 2032 1727 2059 pro
1740 2032 1858 2051 comme-

1035 2062 1188 2088 moratione
1202 2062 1230 2088 in
1244 2062 1326 2089 aliam
1341 2063 1376 2089 de
1389 2063 1544 2090 Communi.
1567 2063 1595 2090 Si
1609 2064 1644 2090 dc
1658 2064 1796 2098 Tempore
1810 2064 1858 2090 fiat

1034 2101 1244 2135 comemoratio,
1263 2101 1298 2127 de
1317 2102 1463 2129 Dominica
1481 2102 1593 2136 scilicet,
1611 2103 1655 2129 vel
1674 2103 1762 2136 Feria,
1779 2102 1857 2129 Anti-

1034 2140 1127 2174 phona
1141 2143 1168 2166 et
1178 2140 1282 2167 Versus
1296 2144 1360 2167 ante
1369 2141 1529 2168 Orationem
1543 2141 1640 2168 eodem
1653 2141 1737 2168 modo
1750 2149 1857 2168 suman-

1034 2183 1080 2205 tur
1089 2187 1124 2206 ex
1134 2179 1252 2213 Proprio
1263 2179 1297 2206 de
1305 2180 1451 2214 Tempore,
1461 2180 1484 2206 si
1495 2180 1622 2207 habuerit
1631 2181 1782 2214 proprium,
1792 2181 1857 2207 alio-

1034 2218 1101 2252 quin
1112 2218 1147 2244 de
1156 2218 1301 2251 Psalterio,
1311 2219 1406 2245 Oratio
1417 2227 1483 2246 vero
1493 2227 1527 2246 ex
1537 2219 1655 2254 Proprio
1666 2220 1700 2246 de
1710 2220 1856 2254 Tempore.

1086 2262 1110 2287 9.
1130 2262 1248 2295 Quando
1273 2262 1303 2288 fit
1325 2263 1552 2289 commemoratio
1575 2263 1610 2289 de
1629 2263 1787 2296 Dominica,
1812 2263 1856 2289 vel

1034 2301 1122 2334 Feria,
1141 2309 1204 2334 quae
1224 2301 1326 2327 habent
1339 2302 1480 2335 propriam
1495 2302 1654 2334 Homiliam,
1671 2309 1746 2328 nona
1760 2302 1855 2328 Lectio

1033 2339 1060 2365 in
1080 2339 1179 2366 Officio
1198 2339 1251 2366 diei
1270 2348 1370 2367 novem
1389 2341 1551 2367 Lectionum
1571 2341 1669 2375 legitur
1687 2342 1721 2368 de
1735 2341 1856 2368 Homilia

1034 2378 1195 2409 Dominicae,
1209 2379 1253 2405 vel
1270 2379 1367 2413 Feriae,
1384 2387 1447 2413 quae
1460 2380 1512 2406 erit
1526 2381 1569 2407 vel
1583 2380 1673 2414 prima
1686 2381 1721 2407 de
1734 2381 1854 2407 Homilia

1034 2417 1195 2449 Dominicae,
1215 2418 1259 2444 vel
1273 2422 1328 2444 tres
1343 2419 1425 2444 simul
1439 2419 1466 2445 in
1482 2427 1535 2445 una
1550 2420 1682 2446 Lectione
1694 2420 1854 2453 conjunctae.

1087 2462 1126 2487 10.
1146 2461 1174 2487 Si
1193 2461 1220 2487 in
1240 2461 1292 2493 die,
1312 2462 1339 2487 in
1357 2470 1414 2495 quo
1433 2462 1463 2488 fit
1482 2463 1611 2489 Officium
1630 2471 1731 2490 novem
1749 2463 1854 2490 Lectio-

1033 2507 1108 2533 num,
1127 2500 1175 2526 fiat
1193 2501 1418 2527 commemoratio
1437 2502 1472 2528 de
1486 2502 1567 2528 Festo
1586 2503 1668 2528 trium
1683 2502 1857 2535 Lectionum,

1033 2546 1106 2565 nona
1125 2539 1220 2566 Lectio
1244 2540 1343 2572 legitur
1367 2540 1402 2566 de
1420 2541 1502 2567 Festo
1526 2541 1608 2567 trium
1628 2541 1805 2574 Lectionum,
1830 2541 1852 2566 si

1033 2578 1173 2611 propriam
1201 2578 1341 2605 habuerit:
1371 2580 1393 2605 si
1421 2579 1503 2610 duas,
1530 2588 1564 2606 ex
1591 2580 1699 2606 duabus
1727 2580 1775 2606 fiat
1797 2587 1852 2605 una

1034 2617 1142 2650 Lectio,
1165 2625 1228 2651 quae
1250 2617 1285 2644 sit
1303 2625 1376 2644 nona
1399 2618 1426 2644 in
1446 2618 1546 2645 Officio
1564 2626 1663 2645 novem
1683 2619 1851 2645 Lectionum.

1034 2657 1103 2689 Quae
1122 2656 1216 2683 Lectio
1236 2657 1271 2683 de
1289 2656 1390 2683 Sancto
1415 2665 1469 2683 non
1489 2658 1602 2691 legitur,
1626 2658 1738 2691 quando
1763 2657 1796 2683 de
1819 2663 1852 2682 eo

1034 2695 1064 2720 fit
1081 2696 1305 2722 commemoratio
1324 2696 1351 2722 in
1371 2696 1531 2729 Dominicis,
1550 2705 1613 2730 quae
1629 2697 1731 2722 habent
1748 2703 1851 2722 nonum

1033 2734 1261 2768 Responsorium,
1279 2742 1329 2761 nec
1347 2735 1460 2768 quando
1478 2743 1551 2761 nona
1565 2735 1659 2762 Lectio
1678 2734 1791 2767 legenda
1810 2738 1852 2760 est
