2040 2990
606 229 707 262 Infra
732 229 1026 263 llcbdomadam
1052 239 1084 262 κ’.
1111 233 1198 271 post
1224 228 1492 272 Epiphaniam.

189 330 376 373 vissimis
390 328 663 382 temporibus
678 326 907 369 discedent
923 325 1012 377 qui-

190 388 290 430 dam
310 400 334 427 a
354 385 456 435 fide,
485 384 762 427 attendentes
786 381 1012 436 spiritibus

190 444 366 492 erroris,
387 447 430 484 et
451 442 663 484 doctrinis
684 439 1012 483 daemoniorum.

246 503 295 542 R„
318 498 593 542 Benedicam.
610 499 704 539 289.

335 621 553 658 Feria
590 620 866 656 Tertia.

195 678 1013 736 IncipitEpistolasecundabeatiPauli

306 739 514 792 Apostoli
532 738 588 780 ad
607 737 899 779 Timotheum.

300 808 451 850 Lectio
474 809 496 848 i.
763 809 864 861 Cap.
884 810 913 849 1.

202 885 255 925 Τ)
279 874 402 916 aulus
434 873 677 927 Apostolus
713 872 816 914 Jesu
855 871 1014 914 Christi

217 929 270 975 [ᾆξ’-,ἶ
295 944 374 984 per
412 931 682 972 voluntatem
719 929 817 979 Dei,
865 931 1014 970 secun-

192 989 294 1031 dum
320 987 656 1041 promissionem
680 987 798 1035 vitae,
828 998 926 1037 quae
949 990 1015 1026 est

191 1046 234 1086 in
268 1045 442 1087 Christo
470 1044 586 1085 Jesu:
620 1042 853 1084 Timotheo
887 1044 1015 1083 caris-

192 1103 302 1144 simo
344 1101 452 1151 filio,
497 1101 655 1152 gratia,
703 1098 1015 1148 misericordia,

191 1172 279 1212 pax
302 1172 327 1200 a
352 1159 450 1199 Deo
477 1158 624 1206 Patre,
651 1162 695 1199 et
718 1157 892 1198 Christo
911 1156 936 1196 J
939 1169 1016 1197 esu

192 1215 383 1256 Domino
403 1219 568 1256 nostro.
602 1214 778 1255 Gratias
803 1225 886 1264 ago
907 1212 1016 1262 Deo,

194 1272 263 1314 cui
282 1272 424 1313 servio
446 1284 470 1312 a
488 1270 843 1324 progenitoribus
858 1270 902 1310 in
917 1282 1016 1311 con-

193 1329 374 1371 scientia
392 1341 519 1381 pura,
549 1327 669 1381 quod
693 1328 784 1368 sine
803 1326 1016 1368 intermis-

194 1386 315 1427 sione
355 1385 542 1427 habeam
580 1386 643 1426 tui
683 1384 938 1426 memoriam
974 1384 1018 1424 in

194 1442 463 1484 orationibus
486 1442 610 1492 meis,
635 1446 764 1483 nocte
785 1454 835 1482 ac
856 1441 926 1482 die
946 1440 1017 1481 de-

195 1499 391 1541 siderans
405 1504 450 1540 te
465 1499 623 1549 videre,
640 1511 807 1540 memor
822 1497 1018 1539 lacrima-

194 1569 291 1597 rum
320 1558 511 1605 tuarum,
552 1560 601 1597 ut
631 1555 792 1607 gaudio
825 1553 1018 1607 implear,

194 1612 544 1654 recordationem
564 1612 781 1665 accipiens
799 1613 889 1664 ejus
904 1612 1019 1661 fidei,

198 1682 295 1721 quae
317 1674 383 1710 est
402 1669 445 1709 in
465 1675 508 1710 te
527 1681 615 1710 non
634 1669 747 1719 ficta,
770 1682 868 1721 quae
890 1675 932 1711 et
947 1669 1019 1709 ha-

196 1725 352 1767 bitavit
376 1726 565 1778 primum
590 1726 634 1766 in
663 1726 760 1766 avia
777 1731 853 1767 tua
871 1725 1019 1775 Loide,

198 1788 241 1824 et
273 1787 412 1824 matre
443 1788 518 1824 tua
543 1783 722 1833 Eunice,
754 1787 898 1825 certus
925 1795 1021 1824 sum

197 1845 343 1881 autern
363 1839 482 1891 quod
502 1844 545 1881 et
563 1840 606 1880 in
624 1845 679 1881 te.

251 1897 299 1948 Rg.
326 1896 517 1938 Auribus
536 1897 724 1950 percipe.
742 1898 836 1938 289.

506 1961 657 2002 Lectio
678 1961 715 2000 ii.

282 2033 431 2080 ropter
457 2041 586 2080 quam
609 2041 785 2070 causam
805 2028 1021 2071 admoneo

293 2088 338 2125 te
370 2089 418 2125 ut
450 2085 684 2126 resuscites
716 2086 901 2136 gratiam
929 2086 1023 2136 Dei,

201 2153 299 2192 quae
332 2146 399 2182 est
434 2141 477 2181 in
513 2146 557 2183 te
589 2154 668 2194 per
700 2142 1023 2195 impositionem

199 2199 406 2238 manuum
430 2199 636 2239 mearum.
675 2198 774 2239 Non
808 2199 923 2240 enim
952 2198 1023 2241 de-

201 2253 265 2295 dit
297 2253 424 2295 nobis
457 2255 577 2295 Deus
609 2255 810 2307 spiritum
841 2256 1024 2297 timoris:

201 2309 280 2352 sed.
307 2310 495 2359 virtutis,
524 2316 567 2352 et
597 2310 857 2362 dilectionis,
886 2317 1023 2354 etso-

201 2366 410 2408 brietatis.
451 2366 554 2408 Noli
585 2369 732 2419 itaque
766 2367 1024 2411 erubescere

201 2423 497 2464 testimonium
516 2424 691 2465 Domini
709 2425 864 2474 nostri,
882 2438 1024 2478 neque

201 2493 271 2521 me
307 2480 501 2521 vinctum
538 2481 643 2532 ejus3
687 2480 765 2522 sed
802 2481 1025 2523 collabora

202 2536 441 2587 Evangelio
458 2536 698 2578 secundum
713 2537 917 2579 virtutem
927 2539 1025 2580 Dei:

204 2593 277 2646 qui
298 2606 378 2634 nos
401 2593 616 2642 liberavit,
642 2599 685 2634 et
704 2594 880 2635 vocavit
899 2607 1024 2635 voca-

203 2651 322 2692 tione
355 2663 433 2691 sua
465 2655 630 2699 sancta,
667 2662 755 2690 non
786 2650 1025 2691 secundum

204 2710 340 2760 opera
365 2711 531 2755 nostra,
560 2705 638 2748 sed
663 2706 903 2748 secundum
927 2720 1024 2759 pro-

203 2764 397 2817 positum
429 2777 570 2813 suum,
611 2768 654 2804 et
684 2763 887 2814 gratiam,
928 2776 1025 2817 quae

1063 323 1166 365 data
1185 327 1252 364 est
1269 322 1398 364 nobis
1416 323 1459 364 in
1478 321 1651 364 Christo
1666 322 1690 363 J
1692 335 1769 364 esu
1788 326 1890 364 ante

1063 382 1265 432 tempora
1284 379 1523 421 saecularia.

1125 439 1175 491 R*-
1193 436 1354 478 Statuit
1372 436 1597 477 Dominus.
1615 436 1709 477 289.

1374 495 1526 536 Lectio
1547 494 1600 536 iii.

1175 551 1407 592 anifestata
1426 554 1493 592 est
1511 554 1656 591 autem
1679 562 1793 592 nunc
1811 563 1892 603 per

1183 607 1542 649 illuminationem
1561 606 1800 649 Salvatoris
1817 619 1891 649 no-

1064 667 1143 708 stri
1160 666 1185 707 J
1187 679 1264 708 esu
1284 664 1454 714 Christi,
1476 663 1549 716 qui
1568 662 1783 705 destruxit
1802 664 1891 716 qui-

1065 724 1166 766 dem
1205 727 1410 771 mortem,
1453 719 1710 762 illuminavit
1746 725 1892 762 autem

1066 782 1213 830 vitam,
1243 785 1286 822 et
1310 777 1683 830 incorruptionem
1708 789 1787 830 per
1809 776 1892 818 Ev-

1067 837 1296 890 angelium:
1321 836 1363 876 in
1390 848 1477 887 quo
1500 835 1673 888 positus
1693 846 1790 875 sum
1810 846 1892 884 ego

1066 894 1341 949 praedicator,
1361 898 1405 935 et
1423 891 1679 945 Apostolus,
1699 895 1743 933 et
1761 892 1892 941 magi-

1068 957 1157 994 ster
1190 950 1405 994 Gentium.
1451 949 1520 991 Ob
1554 961 1685 1000 quam
1717 959 1894 988 causam

1068 1009 1198 1051 etiam
1217 1008 1313 1049 haec
1330 1007 1487 1060 patior,
1510 1004 1589 1047 sed
1610 1017 1697 1046 non
1716 1003 1893 1045 confun-

1069 1066 1161 1107 dor.
1193 1065 1292 1107 Scio
1313 1064 1428 1106 enim
1447 1062 1516 1104 cui
1537 1060 1718 1111 credidi,
1742 1065 1786 1102 et
1805 1072 1894 1102 cer—

1067 1129 1139 1165 tus
1172 1135 1268 1164 sum
1300 1121 1402 1173 quia
1432 1125 1590 1173 potens
1624 1122 1691 1159 est
1722 1116 1894 1170 deposi-

1067 1186 1161 1223 tum
1185 1191 1331 1220 meum
1357 1178 1533 1219 servare
1558 1175 1603 1215 in
1625 1174 1747 1216 illum
1768 1172 1910 1217 diem..

1068 1238 1273 1279 Formam
1292 1234 1405 1276 habe
1426 1235 1632 1275 sanorum
1649 1230 1895 1279 verborum,

1071 1307 1169 1348 quae
1189 1307 1214 1335 a
1232 1305 1302 1334 me
1322 1290 1484 1333 audisti
1502 1290 1546 1330 in
1566 1288 1671 1338 fide,
1700 1291 1743 1330 et
1767 1287 1821 1342 in,
1835 1286 1895 1328 di-

1069 1352 1258 1394 lectione
1276 1350 1320 1391 in
1340 1347 1516 1391 Christo
1535 1346 1559 1387 J
1562 1359 1650 1388 esu.

1126 1410 1175 1462 Re.
1197 1408 1292 1459 Ego
1313 1405 1413 1455 dixi,
1431 1403 1630 1460 Domine.
1648 1402 1749 1443 290.

1258 1512 1291 1548 F
1312 1522 1335 1547 e
1351 1523 1370 1547 r
1387 1511 1400 1547 i
1417 1521 1443 1546 a
1478 1509 1514 1556 Q
1531 1520 1559 1545 u
1577 1518 1602 1543 a
1617 1518 1638 1543 r
1652 1510 1670 1542 t
1686 1517 1712 1542 a

1184 1568 1250 1608 De
1279 1563 1478 1618 Epistola
1506 1558 1698 1603 secunda
1729 1558 1786 1600 ad

1340 1618 1630 1662 Timotheum.

1178 1684 1330 1725 Lectio
1352 1684 1374 1724 i.
1638 1681 1741 1732 Cap.
1761 1681 1797 1720 3.

1073 1733 1898 1848 ..maritimae

1073 1869 1183 1911 pora
1223 1853 1488 1908 periculosa:
1533 1853 1658 1891 erunt
1699 1845 1898 1888 homines

1074 1917 1244 1966 seipsos
1262 1913 1474 1958 amantes,
1498 1905 1662 1959 cupidi,
1688 1902 1807 1953 elati,
1831 1915 1898 1944 su-

1074 1969 1215 2024 perbi,
1242 1965 1502 2019 blasphemi,
1530 1960 1786 2016 parentibus
1811 1971 1899 2000 non

1075 2027 1352 2074 obedientes,
1378 2021 1554 2074 ingrati,
1583 2017 1777 2067 scelesti,
1805 2015 1898 2057 sine

1075 2084 1316 2133 affectione,
1337 2081 1430 2123 sine
1444 2090 1565 2132 pace,
1585 2075 1899 2123 criminatores,

1075 2140 1409 2186 incontinentes,
1437 2136 1641 2183 immites,
1669 2131 1761 2173 sine
1781 2129 1899 2172 beni-

1075 2198 1257 2250 gnitate,
1288 2193 1558 2249 proditores,
1590 2187 1803 2243 protervi,
1834 2189 1898 2228 tu-

1075 2254 1198 2303 midi,
1219 2258 1262 2294 et
1279 2251 1556 2303 voluptatum
1575 2247 1793 2288 amatores
1812 2256 1899 2284 ma-

1076 2312 1142 2363 gis
1176 2322 1306 2363 quam
1333 2307 1433 2349 Dei:
1464 2304 1676 2347 habentes
1709 2300 1900 2354 speciem

1078 2367 1257 2421 quidem
1286 2363 1480 2418 pietatis,
1517 2361 1722 2402 virtutem
1755 2360 1900 2398 autem

1078 2426 1170 2477 ejus
1189 2422 1467 2473 abnegantes.
1495 2418 1551 2459 Et
1570 2416 1652 2458 hos
1672 2414 1830 2457 devita.

1128 2481 1178 2533 R.
1206 2479 1273 2521 Ne
1292 2475 1550 2531 perdideris,
1569 2474 1668 2514 290.

1386 2537 1537 2578 Lectio
1556 2537 1596 2577 ii.

1155 2607 1184 2634 x
1208 2592 1274 2633 his
1300 2592 1414 2633 enim
1433 2594 1550 2638 sunt,
1579 2587 1652 2639 qui
1671 2588 1901 2639 penetrant

1165 2649 1331 2699 domos,
1351 2653 1395 2690 et
1414 2649 1610 2699 captivas
1630 2644 1794 2686 ducunt
1811 2653 1901 2682 mu-

1079 2706 1277 2748 lierculas
1314 2706 1516 2747 oneratas
1553 2699 1766 2755 peccatiS‚
1803 2709 1901 2750 quae

1079 2763 1296 2806 ducuntur
1315 2761 1446 2803 variis
1465 2758 1705 2802 desideriis:
1728 2765 1901 2809 semper
