2080 2990
642 214 710 246 Dic
735 216 767 246 S.
796 213 902 246 Febr.
950 215 984 246 S.
1008 213 1172 246 dominis
1199 213 1245 246 dc
1272 213 1401 246 Matha
1426 214 1534 246 (lons.

210 312 391 353 stituere
416 310 620 361 dignatus
641 324 705 352 es:
732 316 896 363 praesta
923 314 1038 363 quae-

210 380 375 416 sumus;
399 371 463 415 ut,
484 367 575 417 ejus
594 367 933 417 suffragantibus
953 369 1039 407 me-

209 423 319 471 ritis,
344 435 369 463 a
393 422 648 474 captivitate
667 423 866 475 corporis
889 428 933 464 et
952 423 1039 463 ani-

210 495 310 531 mae,
334 487 378 523 te
399 481 646 534 adjuvante,
674 482 921 524 liberemur.
956 483 1040 523 Per

210 538 448 579 Dominum
475 543 686 580 nostrum.

263 599 410 631 Deinde
437 600 475 631 lit
501 609 696 632 commem.
723 598 887 641 praeced.

266 647 299 685 A
307 653 362 685 nt.
387 646 469 686 llic
484 646 550 686 vir
569 645 816 698 despiciens
831 645 1041 686 mundum

211 705 255 742 et
291 703 482 751 terrena,
527 702 820 754 triumphans,
866 701 1040 743 divitias

210 756 325 797 coelo
346 757 545 799 condidit
564 770 651 806 ore,
670 770 813 797 manu.

261 810 310 861 N.
333 812 505 854 Justum
525 813 708 854 deduxit
726 813 942 854 Dominus
961 826 1042 865 per

210 868 303 909 vias
322 874 477 909 rectas.
515 872 563 921 R:-
590 869 647 909 Et
672 868 866 910 ostendit
889 869 949 909 illi
975 881 1039 910 re-

210 937 343 975 gnum
362 925 456 965 Dei.

264 984 424 1023 Oratio.
462 981 730 1022 Intercessio.
757 982 859 1021 480.

263 1054 299 1086 In
334 1054 356 1086 Ι.
391 1053 590 1086 Nocturno
622 1051 825 1084 Lectiones
864 1050 910 1083 dc
942 1050 1038 1083 Scri·

209 1108 319 1145 ptura
346 1106 578 1134 occurrente.

260 1154 301 1186 In
339 1152 530 1192 Quadi-ug.
566 1151 665 1183 licet.
711 1149 849 1183 Beatus
883 1149 955 1184 Vir.
992 1149 1037 1183 dc

210 1202 345 1235 codem
371 1198 574 1234 Communi
599 1200 627 1231 2.
654 1198 751 1230 loco.
776 1196 845 1239 [77]

442 1259 490 1296 In
514 1259 563 1295 II.
586 1258 809 1295 Nocturno.

512 1316 664 1357 Lectio
688 1316 739 1355 iv.

228 1391 251 1410 a·
278 1373 486 1419 oannes
507 1371 562 1412 de
582 1371 743 1421 Matha,
763 1371 929 1412 ordinis
948 1384 1042 1412 san-

281 1425 283 1428 ‘
339 1427 545 1468 ctissimae
586 1428 814 1468 Trinitatis
855 1426 1042 1468 Redem-

292 1494 317 1500 κ’
338 1483 501 1534 ptionis
544 1483 832 1535 Captivorum
873 1484 1043 1524 instita-

210 1542 297 1585 tor‚
341 1538 532 1579 Falcone
567 1539 612 1578 in
647 1539 879 1580 Provincia
915 1544 1043 1579 natus

212 1598 279 1634 est
299 1593 553 1645 parentibus
572 1595 737 1646 pietate
757 1600 800 1635 et
815 1594 1042 1636 nobilitate

211 1650 471 1701 conspicuis.
485 1650 740 1691 Studiorum
751 1663 883 1691 causa
891 1651 1044 1702 Aquas

210 1705 398 1754 Sextias,
438 1718 542 1746 mox
574 1706 768 1747 Parisios
801 1707 1042 1759 profectus,

212 1761 504 1812 confectoque
536 1761 774 1812 theologiae
808 1762 1042 1811 curriculo,

211 1817 453 1867 magisterii
488 1817 683 1858 lauream
720 1817 924 1870 adeptus,
967 1817 1042 1859 do-

211 1875 363 1914 ctrinae
390 1878 433 1914 et
459 1873 668 1914 virtlitum
693 1873 931 1926 splendore
957 1876 1042 1915 eni-

210 1929 305 1970 tuit.
334 1928 502 1978 Quibus
519 1934 668 1971 motus
683 1930 939 1971 Parisiensis
955 1930 1041 1970 An-

210 1986 347 2033 tistes,
367 1984 423 2025 ad
441 1997 614 2026 sacrum
628 1985 961 2038 presbyteratus
976 1988 1043 2026 or-

212 2039 358 2080 dinem
378 2053 470 2091 prae
491 2040 735 2082 humilitate
754 2041 1043 2082 reluctantem

211 2096 452 2147 promovit,
479 2108 532 2136 eo
558 2096 759 2146 consilio,
786 2102 834 2137 ut
853 2097 897 2137 in
917 2110 968 2138 ea
987 2097 1042 2137 ci-

211 2151 347 2191 vitate
392 2153 685 2201 commorans,
739 2153 955 2205 sapientia
999 2157 1044 2193 et

211 2206 408 2247 moribus
441 2206 655 2248 studiosae
687 2208 899 2259 juventuti
931 2221 1042 2260 prae-

212 2262 388 2303 luceret.
444 2263 554 2303 Cum
599 2268 745 2304 autem
789 2264 834 2304 in
879 2264 1042 2305 sacello

213 2318 410 2369 ejasdem
438 2319 655 2370 episcopi,
693 2319 791 2370 ipso
821 2332 920 2360 cum
948 2319 1043 2360 aliis

212 2375 400 2423 astante,
430 2373 619 2425 primum
647 2374 744 2415 Deo
771 2374 953 2415 Sacrum
982 2375 1042 2416 of-

211 2429 362 2478 ferret,
399 2429 569 2470 coelesti
603 2429 755 2470 favore
787 2430 947 2471 meruit
977 2443 1042 2471 re-

212 2484 362 2525 creari.
404 2485 519 2525 Nam
552 2484 748 2535 Angelus
780 2484 967 2526 candida
999 2490 1043 2526 et

211 2540 394 2590 fulgenti
422 2545 545 2581 veste
572 2540 769 2589 indutus,
801 2541 871 2581 cui
898 2541 942 2580 in
969 2542 1042 2592 pe-

212 2600 334 2636 ctore
354 2608 461 2636 crux
481 2596 607 2637 rubei
625 2601 670 2636 et
688 2595 865 2636 caeralei
881 2596 1042 2636 coloris

211 2654 363 2692 assuta
382 2656 486 2700 erat,
505 2651 697 2692 brachiis
717 2651 979 2699 cancellatis,
999 2656 1043 2692 et

212 2719 344 2759 super
369 2706 481 2748 duos
505 2709 706 2759 captivos
729 2706 787 2748 ad
806 2707 946 2747 latera
964 2709 1041 2759 po-

1092 311 1217 360 sitos,
1241 309 1536 351 Christianum
1562 323 1710 360 unum,
1737 310 1922 351 alterum

1092 366 1308 415 Maurum,
1334 366 1543 415 extensis,
1568 366 1783 418 apparuit.
1826 366 1922 415 Qua

1093 422 1260 463 visione
1286 422 1329 462 in
1354 422 1539 463 extasim
1563 426 1733 473 raptus,
1756 421 1922 462 intelle-

1092 478 1156 519 xit
1187 477 1392 529 protinus
1425 478 1491 518 vir
1522 478 1621 526 Dei,
1658 489 1706 518 se
1739 476 1795 518 ad
1827 476 1922 518 red-

1094 533 1294 574 imendos
1335 532 1390 574 ab
1432 532 1682 574 infidelibus
1724 534 1924 584 captivos

1095 588 1314 630 destinari.

1148 648 1196 698 R».
1229 645 1478 685 Honestum
1503 644 1606 685 fecit
1630 643 1751 684 illum
1775 642 1924 683 Domi-

1093 714 1186 750 nus,
1213 705 1257 741 et
1276 700 1515 741 custodivit
1535 713 1635 741 eum
1653 698 1708 740 ab
1727 698 1925 747 inimicis,

1095 762 1139 798 et
1166 769 1191 797 a
1219 755 1527 797 seductoribus
1554 755 1714 797 tutavit
1740 754 1876 795 illum:
1899 760 1920 783 *

1094 813 1151 853 Et
1184 812 1308 853 dedit
1339 811 1401 852 illi
1433 811 1677 852 claritatem
1706 811 1926 851 aeternam.

1094 865 1145 915 V.
1177 868 1352 908 Justum
1385 866 1568 908 deduxit
1595 866 1812 907 Dominus
1846 878 1925 917 per

1095 925 1188 964 vias
1208 929 1367 973 rectas,
1387 928 1431 964 et
1452 922 1644 965 ostendit
1662 922 1725 962 illi
1744 933 1927 971 regnum

1094 980 1189 1021 Dei.
1217 980 1274 1020 Et
1293 979 1424 1020 dedit.

1405 1040 1557 1080 Lectio
1578 1054 1615 1079 v.

1184 1103 1242 1131 uo
1275 1103 1381 1131 vero
1418 1091 1631 1131 maturius
1663 1091 1707 1130 in
1739 1103 1786 1131 re
1817 1091 1927 1131 tanti

1199 1147 1412 1188 momenti
1444 1146 1724 1198 procederet,
1756 1147 1800 1186 in
1828 1146 1926 1187 soli-

1095 1201 1293 1243 tudinem
1338 1203 1538 1251 secessit‚
1582 1202 1732 1253 ibique
1778 1201 1926 1243 divino

1096 1263 1205 1299 nutu
1224 1258 1389 1299 factum
1414 1263 1498 1307 est,
1521 1262 1569 1299 ut
1587 1257 1780 1298 Felicem
1797 1257 1927 1298 Vale-

1096 1314 1208 1354 sium
1234 1314 1277 1354 in
1301 1314 1398 1365 ipsa
1418 1315 1565 1354 eremo
1585 1314 1670 1364 jam
1688 1313 1836 1354 multis
1855 1325 1927 1353 an-

1095 1370 1164 1410 nis
1191 1369 1423 1419 degentem
1448 1369 1676 1421 repererit:
1709 1381 1810 1409 cum
1839 1381 1926 1420 quo

1096 1426 1202 1466 inita
1221 1425 1444 1474 societate,
1466 1437 1514 1466 se
1533 1437 1612 1476 per
1630 1424 1864 1466 triennium
1883 1424 1927 1464 in

1097 1482 1315 1530 oratione,
1361 1486 1404 1522 et
1448 1480 1838 1532 contemplatione,
1883 1492 1927 1522 ο-

1095 1538 1349 1589 mniumque
1380 1537 1593 1578 virtutum
1625 1535 1773 1577 studio
1806 1537 1926 1577 exer-

1097 1594 1196 1635 cuit.
1235 1593 1428 1643 Contigit
1456 1598 1619 1641 autem,
1652 1597 1702 1632 ut
1730 1591 1835 1633 dum
1862 1604 1927 1633 se-

1097 1662 1196 1690 cum
1228 1648 1283 1690 de
1316 1648 1449 1689 rebus
1478 1647 1638 1688 divinis
1666 1659 1806 1699 prope
1834 1647 1926 1688 fon-

1096 1710 1186 1746 tem
1205 1704 1575 1755 colloquerentur,
1601 1716 1756 1744 cervus
1776 1702 1833 1744 ad
1850 1715 1926 1744 eos

1096 1761 1347 1810 accesserit,
1401 1772 1577 1800 crucem
1612 1759 1725 1800 inter
1762 1760 1927 1799 cornua

1095 1829 1269 1868 gerens,
1310 1815 1437 1857 rubei
1469 1820 1513 1856 et
1545 1815 1723 1856 caerulei
1754 1814 1926 1856 coloris.

1097 1874 1296 1923 Cumque
1328 1871 1454 1912 Felix
1489 1871 1547 1912 ob
1584 1871 1648 1912 rei
1684 1871 1927 1912 novitatem

1095 1929 1343 1977 miraretur,
1371 1928 1566 1969 narravit
1589 1927 1629 1968 ei
1652 1927 1677 1967 J
1679 1928 1844 1968 oannes
1867 1927 1926 1968 vi-

1096 1985 1265 2025 sionem
1283 1984 1328 2024 in
1346 1984 1488 2036 prima
1502 1983 1637 2024 Missa
1654 1982 1863 2024 habitam:
1882 1987 1927 2024 et

1097 2039 1256 2081 exinde
1283 2039 1523 2080 ferventius
1551 2038 1738 2079 orationi
1763 2038 1926 2079 incum-

1096 2096 1261 2144 bentes,
1277 2100 1344 2136 ter
1358 2095 1403 2135 in
1417 2094 1582 2136 somnis
1597 2093 1820 2142 admoniti,
1838 2094 1925 2135 Ro-

1095 2164 1212 2192 mam
1235 2150 1459 2203 proficisci
1483 2149 1789 2198 decreverunt,
1825 2154 1874 2190 ut
1900 2162 1926 2191 a

1095 2208 1274 2248 Summo
1292 2205 1506 2247 Pontifice
1528 2204 1632 2246 novi
1657 2204 1824 2245 ordinis
1843 2217 1925 2257 pro

1096 2261 1362 2304 redimendis
1391 2260 1578 2313 captivis
1606 2260 1926 2301 institutionem

1095 2318 1390 2369 impetrarent.
1461 2315 1639 2356 Electus
1684 2315 1826 2356 fuerat
1871 2328 1925 2357 eo

1095 2375 1297 2425 tempore
1329 2371 1610 2413 Innocentius
1642 2371 1815 2412 tertius:
1852 2371 1926 2423 qui

1095 2428 1181 2469 illis
1208 2428 1396 2478 benigne
1424 2427 1617 2478 acceptis
1646 2426 1751 2467 dum
1775 2439 1926 2467 secum

1096 2483 1151 2525 de
1171 2496 1219 2525 re
1238 2483 1470 2535 proposita
1490 2481 1719 2530 deliberat,
1747 2482 1790 2521 in
1811 2482 1924 2522 festo

1095 2544 1260 2580 sanctae
1279 2538 1462 2588 Agnetis
1483 2537 1694 2587 secundo,
1719 2537 1925 2578 Laterani

1096 2596 1209 2635 intra
1227 2594 1461 2634 Missarum
1481 2592 1693 2633 solemnia
1712 2591 1769 2633 ad
1787 2604 1924 2633 sacrae

1095 2650 1266 2691 Hostiae
1303 2649 1609 2697 elevationem,
1651 2647 1848 2698 Angelus
1884 2647 1925 2688 ei

1096 2705 1281 2747 candida
1301 2710 1438 2754 veste,
1459 2716 1589 2745 cruce
1608 2704 1808 2753 bicolori,
1827 2705 1923 2756 spe·
