2080 2990
444 213 619 246 Officium
645 222 807 254 parvum
832 211 872 245 B.
899 210 1030 244 Mariae
1054 209 1158 251 Virg.
1186 214 1273 251 post
1299 208 1558 242 Nativitatem.

424 306 493 343 Ad
515 305 702 343 Sextam.

201 363 299 404 Ant.
328 363 393 404 Ne
412 365 568 405 timeas
585 363 737 404 Maria.

226 423 485 475 Capitulum.
688 422 788 462 Luc.
810 424 838 461 1.
859 422 898 462 d.

236 482 327 525 abit
353 483 417 524 illi
439 483 655 525 Deminus
677 484 799 525 Deus
825 483 976 524 sedem

253 539 400 581 David
422 540 560 592 patris
583 541 685 592 ejuS,
711 544 755 582 et
775 539 977 590 regnabit

145 595 191 635 in
227 594 360 637 domo
397 596 536 638 Jacob
577 597 622 637 in
660 598 892 647 aeternum,
933 599 977 637 et

147 651 272 702 regni
300 652 390 704 ejus
417 665 506 694 non
534 653 617 695 erit
643 653 753 694 finis.

201 703 253 756 V.
282 707 526 751 Benedicta
557 714 605 751 tu
638 709 683 750 in
713 707 977 750 mulieribus.

150 766 200 817 R.
213 763 271 806 Et
282 764 540 807 benedictus
549 765 717 807 fructus
727 765 893 807 ventris
903 765 977 806 tui.

202 821 338 872 Kyrie
366 821 542 863 eleison.
571 828 614 863 et
642 822 805 863 Oratio.
834 821 940 873 [156]

428 891 496 927 Ad
508 891 699 928 Nonam.

202 945 301 985 Ant.
330 944 446 984 Ecce
465 943 622 984 ancilla
638 942 828 984 Demini.

202 1005 339 1057 Capit.
374 1004 490 1045 Ecce
517 1004 654 1056 virgo.
688 1011 734 1045 ut
763 1017 894 1056 supra
923 1004 977 1045 ad

150 1058 350 1098 Primam.
377 1055 483 1108 [158]

202 1111 252 1162 V.
301 1111 496 1163 Angelus
540 1112 718 1154 Demini
766 1112 980 1153 nuntiavit

150 1168 310 1209 Mariae.
346 1171 397 1222 Ru.
426 1168 484 1210 Et
509 1168 713 1221 concepit
739 1168 799 1209 de.
817 1167 981 1220 Spiritu

150 1229 315 1266 sancto.

203 1281 337 1333 Kyrie
365 1280 542 1322 eleison.
569 1287 612 1322 et
641 1282 803 1322 Oratio.
834 1279 939 1331 [156]

310 1392 439 1443 Post
469 1392 825 1442 Nat1vitatem

195 1468 333 1502 usque
360 1459 413 1492 ad
439 1458 669 1492 Purificat.
697 1458 930 1491 inclusive.

204 1514 381 1548 Officium
405 1514 446 1547 Β.
472 1515 604 1548 Mariae
634 1514 774 1548 dicitur
803 1519 843 1547 ut
872 1519 979 1548 extra

151 1561 331 1599 Advent..
360 1563 533 1605 exceptis
558 1563 618 1595 his
645 1573 732 1605 quae
758 1566 979 1604 sequuntur.

384 1629 465 1671 Ad
486 1630 751 1680 vesperas.

195 1690 290 1724 Ant.
316 1690 363 1724 de
388 1690 599 1733 Laudibus,
623 1695 663 1724 ut
688 1690 796 1723 infra.

204 1741 265 1775 Ps.
291 1747 332 1777 ut
355 1742 393 1776 in
418 1743 544 1777 Festis
568 1743 609 1776 Β.
634 1742 679 1775 M.
704 1742 746 1775 V.
773 1742 863 1786 [133]

204 1798 276 1838 Ad
291 1798 542 1849 Magnificat
563 1804 605 1839 01
624 1798 678 1839 ad
695 1799 821 1838 Nunc
841 1798 977 1837 dimit-

150 1853 218 1893 tis.
248 1854 347 1895 Ant.
372 1855 580 1906 Magnum
599 1853 873 1896 haereditatis
894 1867 983 1907 my-

155 1910 354 1960 51611111111Γ
370 1911 395 1937 *
418 1911 634 1964 templum
651 1910 736 1952 Dei
757 1910 897 1951 factus
917 1915 985 1951 est

154 1970 306 2018 11161115
337 1967 570 2009 116501611115
602 1967 764 2008 virum:
796 1978 886 2007 non
918 1971 986 2008 est

153 2022 349 2075 pollutus
377 2036 431 2065 ex
458 2036 509 2065 ea
537 2035 714 2064 carnem
741 2025 985 2064 assumens:

156 2090 308 2121 01111165
349 2084 501 2131 gentes
537 2079 731 2129 venient,
772 2077 985 2120 dicentes:

156 2134 309 2176 Gleria
327 2135 410 2178 tibi
427 2136 627 2177 Demine.

418 2206 498 2247 Ad
523 2205 720 2248 Laudes

373 2267 421 2298 et
458 2271 548 2306 per
582 2260 765 2294 Horas.

208 2315 307 2357 Ant.
342 2318 370 2356 1.
410 2317 447 2357 O
486 2315 744 2358 admirabile
778 2316 986 2356 commer-

158 2371 291 2413 cium!
325 2373 349 2399 *
381 2372 564 2414 Creator
594 2373 767 2424 generis
798 2371 986 2420 humani,

157 2428 397 2469 animatum
420 2441 583 2481 corpus
607 2441 792 2477 sumens,
818 2427 872 2468 de
891 2427 987 2468 Vir-

156 2483 257 2534 gine
282 2484 404 2524 nasci
427 2483 630 2536 dignatus
656 2489 739 2526 est:
768 2487 811 2524 61
836 2483 987 2535 proce-

159 2538 267 2580 dens
298 2539 431 2581 homo
464 2541 558 2582 51116
590 2541 773 2590 561111116,
806 2539 987 2590 largitus

159 2599 226 2636 est
243 2594 372 2638 nobis
392 2609 516 2638 suam
534 2597 769 2639 Deitatem.

212 2655 279 2695 Ps.
308 2656 522 2698 Deminus
542 2658 752 2709 regnavit.
773 2657 833 2697 15.

1086 308 1122 347 2.
1151 305 1336 356 Quando
1368 309 1496 346 natus
1530 316 1576 346 65
1609 306 1632 331 *
1665 303 1858 345 ineffabi-

1029 362 1129 403 liter
1148 374 1202 403 ex
1217 361 1407 413 Virgine,
1425 366 1530 403 tunc
1548 359 1741 413 impletae
1758 364 1859 401 sunt

1029 418 1287 471 Scripturae:
1324 418 1435 458 sicut
1462 417 1612 470 pluvia
1644 416 1689 457 in
1719 415 1859 458 vellus

1031 472 1308 524 descendisti,
1332 478 1381 514 ut
1405 473 1574 515 salvum
1596 471 1765 514 faceres
1787 485 1858 523 ge-

1030 544 1111 572 nus
1136 530 1390 572 humanum:
1415 533 1460 570 16
1484 528 1714 570 laudamus
1736 528 1858 570 Deus

1030 591 1193 629 noster.

1084 644 1119 683 3.
1147 643 1322 685 Rubum
1347 655 1478 695 quem
1499 642 1670 684 viderat
1694 642 1719 669 *
1739 641 1859 694 Mey-

1034 712 1105 740 565
1155 699 1502 748 incombustum,
1555 699 1861 740 conservatam

1033 756 1290 806 agnevimus
1324 761 1445 797 tuam
1479 754 1748 796 laudabilem
1779 754 1861 794 vir—

1032 812 1275 863 ginitatem:
1302 813 1387 854 Dei
1411 812 1610 854 Genitrix
1638 810 1862 852 intercede

1032 881 1114 920 pro
1133 868 1272 910 nobis.

1086 926 1122 963 4.
1144 925 1415 966 Germinavit
1428 923 1556 966 radix
1570 924 1594 965 J
1597 935 1705 974 esse,
1724 923 1749 951 *
1765 926 1864 963 orta

1033 986 1101 1022 est
1123 981 1251 1022 stella
1275 994 1330 1023 ex
1348 981 1502 1022 Jacob:
1524 981 1664 1031 Virgo
1688 979 1864 1033 peperit

1032 1037 1324 1079 Salvaterem:
1369 1043 1414 1079 16
1450 1037 1701 1087 laudamus,
1740 1036 1862 1077 Deus

1032 1098 1193 1135 noster.

1086 1151 1122 1189 5.
1143 1150 1260 1191 Ecce
1274 1149 1413 1190 Maria
1431 1148 1581 1200 36111111
1595 1149 1619 1175 *
1633 1147 1760 1189 nobis
1775 1146 1863 1188 Sal-

1034 1208 1242 1256 vaterem,
1263 1218 1394 1258 quem
1408 1206 1433 1245 J
1435 1207 1599 1246 oannes
1618 1203 1772 1246 videns
1794 1216 1863 1244 ex-

1035 1261 1250 1312 clamavit,
1274 1261 1437 1303 dicens:
1459 1261 1576 1302 Ecce
1597 1261 1751 1310 Agnus
1771 1259 1865 1309 Dei,

1035 1331 1138 1359 6006
1165 1318 1240 1370 qui
1263 1318 1378 1360 tollit
1403 1319 1588 1370 peccata
1612 1316 1778 1366 mundi,
1807 1315 1864 1356 al-

1032 1374 1173 1426 leluja.
1622 1388 1624 1391 ’

1090 1428 1158 1469 Ad
1183 1427 1340 1469 Bened.
1363 1429 1461 1470 Ant.
1487 1428 1687 1470 Mirabile
1706 1429 1865 1480 myste-

1034 1489 1148 1529 rium
1171 1488 1194 1513 *
1219 1486 1469 1528 declaratur
1487 1485 1635 1526 hedie:
1660 1485 1866 1526 innovan-

1034 1549 1106 1586 tur
1124 1547 1307 1593 naturae,
1328 1543 1450 1584 Deus
1469 1541 1603 1583 homo
1623 1541 1765 1582 factus
1785 1544 1867 1581 est:

1034 1600 1081 1641 id
1113 1599 1234 1652 quod
1265 1599 1346 1640 fuit
1377 1598 1635 1651 permansit,
1672 1601 1716 1638 et
1748 1595 1868 1649 quod

1035 1669 1125 1697 non
1145 1660 1239 1698 6161
1256 1654 1508 1707 assumpsit:
1531 1666 1621 1694 non
1641 1652 1867 1694 comixtie-

1036 1725 1137 1754 nem
1156 1724 1324 1766 passus,
1343 1723 1487 1763 neque
1506 1709 1777 1751 divisienem.

1090 1768 1226 1821 Kyrie
1255 1767 1431 1809 61615011.
1485 1765 1659 1807 Christe
1690 1765 1867 1806 eleison.

1039 1823 1171 1877 Kyrie
1196 1824 1373 1866 eleison.

1092 1874 1139 1924 Y.
1179 1879 1396 1920 Dominus
1432 1877 1673 1920 vobiscum.
1723 1878 1767 1929 lx'g.
1811 1875 1870 1917 Et

1038 1949 1138 1977 cum
1157 1935 1313 1988 spiritu
1330 1940 1420 1976 tuo.

1374 1988 1535 2028 Oratio.

1037 2038 1216 2143 DeUS,
1238 2047 1321 2099 qui'
1336 2046 1489 2088 salutis
1513 2046 1701 2094 aeternae,
1725 2043 1869 2085 beatae

1150 2103 1302 2144 Mariae
1350 2101 1599 2153 virginitate
1646 2098 1871 2149 foecunda,

1038 2160 1229 2201 humano
1266 2159 1416 2208 generi
1450 2156 1634 2210 praemia
1667 2155 1870 2208 praestiti-

1039 2216 1114 2257 sti:
1150 2215 1295 2257 tribue
1333 2216 1604 2267 quaesumus;
1645 2218 1694 2253 ut
1729 2212 1871 2264 ipsam

1038 2284 1121 2324 pro
1153 2271 1282 2322 nobis
1317 2269 1589 2312 intercedere
1621 2268 1869 2315 sentiamus,

1040 2341 1120 2380 per
1147 2340 1279 2380 quam
1304 2327 1543 2368 meruimus
1567 2326 1792 2366 aucterem
1810 2322 1869 2363 vi-

1040 2390 1098 2425 tae
1118 2386 1354 2436 suscipere,
1370 2383 1488 2424 Dfim
1505 2386 1705 2422 nostrum
1721 2379 1746 2419 J
1748 2391 1870 2420 esum

1043 2439 1265 2481 Christum
1282 2439 1441 2480 Filium
1459 2443 1592 2479 tuum.
1635 2437 1685 2488 R.
1716 2434 1869 2476 Amen.

1091 2494 1147 2534 Et
1167 2494 1324 2535 dicitur
1343 2494 1399 2535 ad
1419 2505 1570 2534 omnes
1587 2493 1742 2539 Horas,
1763 2496 1806 2532 et
1822 2492 1863 2531 in

1040 2550 1102 2590 eis
1123 2549 1311 2591 additur:
1332 2551 1420 2599 Qui
1438 2555 1585 2592 tecum
1603 2547 1722 2597 vivit,
1741 2550 1821 2588 etc.

1091 2610 1239 2645 Deinde
1257 2621 1328 2654 pro
1345 2611 1496 2645 Sanctis
1514 2615 1550 2644 et
1567 2610 1757 2652 reliquum
1774 2607 1861 2641 Offl-

1039 2658 1139 2692 cium
1164 2662 1204 2692 ut
1226 2669 1343 2701 supra
1369 2662 1475 2692 extra
1500 2657 1729 2692 Adventum.

808 2730 1223 2758 W———eoffiSffiw-ss
