2040 2990
752 195 786 226 lu
816 199 823 222 (
838 195 1116 227 Ti1nz11uisimm·
1148 194 1307 226 Domini.

221 293 436 344 Quoniam
452 305 605 334 omnes
621 291 680 334 dii
692 290 899 333 Gentium
915 289 1000 331 dae-

171 350 331 392 monia:
367 350 390 375 *
427 349 643 391 Dominus
679 352 827 389 autem
863 346 1000 388 coelos

171 407 283 449 fecit.

225 462 463 512 Confessio,
483 460 527 504 et
544 460 826 515 pulchritudo
842 460 886 500 in
901 472 1001 501 con-

173 522 328 572 spectu
357 520 464 571 ejus:
483 520 506 545 *
528 517 815 560 sanctimonia
843 521 886 558 et
913 528 1000 557 ma-

170 576 422 627 gnificentia
440 576 483 616 in
503 574 847 617 sanctificatione
867 574 969 625 ejus.

224 632 392 673 Afferte
406 632 598 673 Domino
616 630 771 684 patriae
784 629 1002 678 Gentium,

172 689 324 731 afferte
351 689 543 730 Domino
574 688 759 739 gloriam
791 691 834 728 et
866 686 1001 727 hono—

172 759 279 788 rem:
298 746 322 771 *
342 745 493 787 afferte
512 745 703 786 Domino
725 744 910 795 gloriam
927 745 1002 784 no-

171 803 276 843 mini
296 804 398 855 ejus.

223 859 386 901 Tollite
396 858 574 907 hostias,
594 863 637 900 et
650 858 828 899 introite
839 857 882 897 in
894 856 1004 898 atria

173 917 278 968 ejus:
298 917 321 941 *
346 915 528 957 adorate
556 915 794 956 Dominum
819 914 862 954 in
891 913 1002 955 atrio

173 978 325 1015 sancto
345 974 447 1025 ejus.

227 1030 567 1071 Commoveatur
600 1042 624 1070 a
657 1028 766 1069 facie
795 1028 886 1079 ejus
914 1027 1003 1068 uni-

172 1089 300 1128 versa
331 1091 468 1128 terra:
495 1087 518 1112 *
547 1086 679 1127 dicite
711 1085 755 1125 in
788 1083 1003 1125 Gentibus

174 1144 275 1196 quia
293 1141 511 1184 Dominus
530 1142 739 1194 regnavit.

224 1199 399 1241 Etenim
442 1199 633 1241 correxit
678 1198 832 1240 orbem
872 1202 1003 1239 terrae

174 1256 247 1309 qui
265 1269 353 1298 non
369 1255 733 1298 commovebitur:
751 1255 774 1280 *
795 1253 1005 1307 judicabit

172 1313 364 1365 populos
383 1313 427 1354 in
447 1313 667 1365 aequitate.

222 1370 449 1411 Laetentur
469 1369 586 1419 coeli,
605 1374 649 1411 et
668 1368 857 1410 exsultet
875 1372 1004 1415 terra,

173 1428 504 1468 commoveatur
532 1439 668 1476 mare,
702 1430 746 1467 et
774 1423 1003 1478 plenit1‘1d0

174 1484 279 1534 ejus:
298 1484 321 1508 *
341 1482 595 1535 gaudebunt
615 1482 774 1535 campi,
795 1486 839 1524 et
859 1480 1006 1523 omnia

175 1552 274 1592 quae
293 1540 337 1580 in
358 1540 419 1581 eis
439 1545 550 1581 sunt.

225 1596 351 1637 Tunc
388 1596 669 1638 exsultabunt
707 1595 854 1638 omnia
889 1594 1006 1645 ligna

174 1652 382 1694 silvarum
408 1665 434 1693 a
459 1652 570 1694 facie
589 1653 784 1702 Domini,
810 1651 911 1704 quia
935 1663 1004 1691 ve-

173 1709 250 1751 nit:
269 1709 292 1734 *
318 1709 525 1761 quoniam
554 1709 675 1751 venit
702 1708 895 1761 judicare
923 1711 1005 1748 ter-

175 1778 279 1807 ram.

226 1823 250 1863 J
254 1822 452 1864 udicabit
479 1822 631 1864 orbem
656 1827 786 1864 terrae
812 1822 855 1863 in
875 1821 1006 1874 aequi-

176 1881 278 1928 tate,
297 1879 321 1904 *
341 1883 384 1921 et
401 1879 592 1932 populos
611 1880 655 1920 in
674 1879 858 1921 veritate
878 1890 967 1919 sua.

240 1947 336 1984 Ant.
390 1943 678 1985 lixsultabunt
714 1943 859 1985 omnia
891 1943 1008 1994 ligna

179 2000 386 2041 silvarum
406 2005 507 2042 ante
526 2001 683 2042 faciem
697 2000 886 2050 Domini,
903 2001 1007 2052 quo-

179 2057 294 2098 niam
313 2058 442 2098 venit.

234 2120 281 2167 Y.
326 2122 561 2174 Speciosus
603 2122 742 2163 forma
779 2135 872 2174 prae
909 2122 1009 2162 filiis

180 2178 415 2219 hominum.
472 2179 515 2228 Κ.
557 2177 728 2219 Diffusa
765 2184 831 2219 est
867 2179 1009 2229 gratia

181 2235 223 2275 in
251 2234 378 2276 labiis
406 2235 502 2275 tuis.

268 2311 422 2350 Sermo
443 2310 582 2351 sancti
601 2308 762 2350 Leonis
781 2308 926 2361 Papae.

227 2378 407 2408 1-s'm‘1um1u·
434 2376 460 2408 7.
489 2376 533 2407 (lc
564 2375 770 2408 Nam-itan:
803 2375 963 2407 immuni.

486 2432 632 2470 Leptim
656 2432 705 2469 ixi

184 2491 532 2535 &estivitatis
560 2490 796 2540 hodiernae,
824 2491 1010 2533 dilectis·

185 2557 186 2564 ’
216 2547 292 2627 κ’..ᾖξξ
319 2547 427 2597 simi,
451 2560 580 2589 verus
606 2549 839 2588 venerator
864 2553 941 2598 est,
967 2554 1011 2589 et

184 2604 186 2614 '
283 2603 285 2606 ”
318 2604 416 2656 pius
437 2604 589 2653 cultor,
606 2604 679 2655 qui
698 2617 779 2645 nec
799 2604 853 2645 de
870 2605 1011 2645 lncar-

185 2662 360 2703 natione
374 2660 551 2701 Domini
569 2660 735 2711 aliquid
750 2660 916 2709 falsum,
931 2674 1011 2702 nec

184 2718 239 2760 de
254 2718 428 2759 Deitatc
449 2716 613 2768 aliquid
629 2717 760 2758 sentit
777 2716 1012 2768 ind1'gnum.

1054 289 1177 330 Paris
1204 289 1319 330 enim
1344 290 1528 342 periculi
1554 291 1716 333 malum
1743 297 1820 343 est,
1847 293 1883 335 si

1053 346 1115 386 illi
1141 350 1215 387 aut
1238 349 1407 388 naturae
1426 352 1591 389 nostrae
1611 349 1784 398 veritas,
1809 354 1884 391 aut

1054 403 1251 455 paternae
1271 402 1423 453 gloriae
1443 406 1626 455 negatur
1643 405 1883 457 aequalitas.

1056 459 1164 500 Cum
1185 471 1289 510 ergo
1310 458 1367 501 ad
1391 460 1722 511 intelligendum
1741 474 1882 503 sacra-

1053 517 1250 557 mentum
1286 515 1540 558 Nativitatis
1577 517 1760 569 Christi,
1798 531 1884 571 qua

1056 572 1111 613 de
1130 577 1271 614 matre
1286 573 1453 624 virgine
1474 578 1542 615 est
1562 579 1696 624 ortus
1717 574 1884 616 accedi-

1054 642 1168 678 muS,
1200 629 1401 679 abigatur
1428 631 1584 682 procul
1610 633 1885 673 terrenarum

1056 685 1197 736 caligo
1223 686 1452 736 rationum,
1481 692 1525 729 et
1547 688 1602 729 ab
1629 687 1884 729 illuminatae

1055 742 1159 784 fidei
1205 743 1333 785 oculo
1379 744 1613 786 mundanae
1655 745 1884 798 sapientiae

1056 799 1199 841 fumus
1218 800 1440 842 abscedat.

1116 868 1163 918 lx'g.
1187 865 1561 916 Congratulamini
1594 865 1701 906 mihi
1733 878 1886 907 omnes

1059 922 1132 974 qui
1153 921 1331 973 diligitis
1346 922 1600 963 Dominum:
1625 924 1646 946 *
1661 922 1773 973 Quia
1787 935 1887 963 cum

1058 991 1200 1019 essem
1231 979 1433 1031 parvula,
1468 978 1614 1031 placui
1646 978 1886 1028 Alt1ssimo,

1058 1039 1101 1076 et
1127 1034 1182 1077 de
1206 1036 1315 1077 meis
1334 1035 1576 1077 visceribus
1595 1036 1725 1086 genui
1743 1035 1887 1077 Deum

1058 1096 1101 1133 et
1120 1091 1352 1133 hominem.
1391 1091 1436 1139 δ”.
1451 1092 1636 1134 Beatam
1653 1105 1724 1133 me
1740 1091 1888 1134 dicent

1058 1161 1210 1190 omnes
1229 1150 1545 1201 generationes,
1565 1149 1667 1202 quia
1685 1148 1888 1190 ancillam

1057 1204 1267 1247 hamilem
1285 1207 1482 1259 respexit
1501 1206 1634 1248 Deus.
1663 1206 1785 1256 Quia.

1372 1286 1522 1325 Lectio
1547 1299 1581 1324 v.

1062 1347 1272 1453 Divina
1305 1355 1371 1392 est
1391 1350 1507 1393 enim
1535 1350 1790 1399 auetoritaS‚
1819 1349 1889 1391 cui

1160 1408 1393 1449 credimus:
1418 1406 1564 1449 divina
1587 1411 1655 1448 est
1678 1405 1888 1455 doctrina,

1059 1478 1191 1517 quam
1210 1464 1443 1517 sequimur.
1483 1463 1701 1515 Quoniam
1720 1462 1812 1504 sive
1831 1462 1889 1504 le-

1058 1523 1124 1573 gis
1142 1521 1452 1571 testificationi,
1473 1521 1564 1562 sive
1580 1519 1770 1562 oraculis
1783 1519 1888 1560 Pro·
1923 1537 1925 1539 ·

1058 1578 1310 1631 phetarum,
1347 1577 1439 1619 sive
1473 1575 1737 1627 evangelicae
1769 1575 1888 1617 tubae

1058 1635 1311 1676 interiorem
1337 1632 1651 1675 admoveamus
1678 1631 1889 1678 auditum

1059 1704 1212 1733 verum
1245 1695 1326 1740 est,
1360 1689 1480 1743 quod
1507 1690 1700 1731 Joannes
1731 1688 1889 1741 plenus

1059 1748 1223 1801 Spiritu
1248 1751 1400 1789 sancto
1425 1746 1629 1788 intonuit:
1656 1746 1708 1787 In
1733 1745 1890 1799 princi-

1060 1805 1135 1857 pio
1163 1809 1256 1845 erat
1274 1803 1483 1854 Verbum,
1504 1807 1547 1845 et
1570 1802 1770 1845 Verbum
1798 1806 1892 1844 erat

1060 1860 1180 1914 apud
1196 1861 1352 1910 Deum,
1372 1865 1416 1902 et
1434 1860 1556 1902 Deus
1575 1864 1669 1901 erat
1682 1858 1891 1901 Verbum.

1061 1918 1161 1959 Hoc
1182 1921 1275 1959 erat
1300 1917 1343 1958 in
1362 1916 1579 1970 principio
1599 1915 1719 1969 apud.
1736 1915 1892 1958 Deum.

1062 1975 1220 2017 Omnia
1234 1987 1313 2027 per
1328 1974 1473 2026 ipsum
1488 1974 1604 2015 facta
1618 1977 1729 2022 sunt,
1741 1978 1784 2015 et
1799 1972 1892 2014 sine

1061 2032 1159 2085 ipso
1180 2031 1344 2072 factum
1369 2035 1436 2072 est
1460 2030 1576 2071 nihil.
1611 2029 1669 2071 Et
1693 2028 1892 2071 similiter

1062 2101 1214 2130 verum
1239 2092 1317 2137 est,
1342 2086 1462 2140 quod
1486 2086 1604 2129 idem
1625 2085 1892 2138 praedicator

1062 2145 1234 2197 adjecit:
1270 2144 1469 2186 Verbum
1495 2156 1598 2185 caro
1627 2142 1790 2184 factum
1815 2148 1892 2191 est,

1063 2207 1107 2244 et
1132 2200 1348 2242 habitavit
1375 2200 1419 2240 in
1451 2199 1594 2241 nobis:
1629 2203 1673 2240 et
1703 2198 1892 2240 vidimus

1062 2258 1247 2309 gloriam
1281 2258 1389 2309 ejus,
1423 2256 1609 2307 gloriam
1645 2256 1770 2307 quasi
1801 2255 1891 2297 uni-

1063 2314 1198 2366 geniti
1225 2326 1250 2354 a
1275 2314 1416 2354 Patre.

1125 2381 1169 2430 lq„
1183 2378 1498 2420 Confirmatum
1514 2382 1582 2419 est
1597 2388 1674 2418 cor
1687 2376 1892 2426 Virginis,

1064 2436 1107 2476 in
1146 2448 1234 2487 quo
1272 2434 1418 2476 divina
1461 2433 1686 2485 mysteria,
1720 2432 1892 2484 Angelo

1064 2492 1308 2540 nuntiante,
1338 2490 1558 2543 concepit:
1589 2494 1693 2531 tunc
1725 2489 1892 2542 specio-

1065 2562 1160 2590 sum
1206 2548 1345 2589 forma
1389 2559 1482 2599 prae
1525 2546 1625 2587 filiis
1669 2545 1892 2587 hominum

1065 2605 1198 2646 castis
1240 2604 1435 2656 suscepit
1477 2601 1737 2644 visceribus:
1781 2602 1800 2624 *
1836 2602 1893 2643 Et

1064 2660 1298 2703 benedicta
1327 2660 1369 2700 in
1399 2660 1622 2708 aeternum‚
1647 2660 1790 2701 Deum
1818 2671 1891 2699 no-

1064 2717 1132 2759 bis
1147 2716 1330 2770 protulit
1350 2721 1393 2757 et
1407 2715 1639 2757 hominem.
1662 2710 1707 2760 X'.
1723 2715 1892 2765 Domus
