2040 2990
725 201 834 235 Feria
859 206 966 235 sexta
992 203 1040 242 ad
1059 202 1262 246 Vesperas.

191 296 302 346 Quia
318 300 368 337 tu
388 295 625 348 possedisti
643 308 770 337 renes
788 307 926 336 meos:
940 294 964 320 *

139 353 372 405 suscepiSti
387 365 459 394 me
474 352 529 394 de
543 355 670 394 utero
682 352 833 393 matris
843 364 964 393 meae.

191 408 446 451 Confitebor
473 408 553 451 tibi
586 409 686 462 quia
712 408 965 450 terribiliter

138 466 440 517 magnificatus
465 479 527 507 es:
545 466 571 492 *
590 465 807 507 mirabilia
830 467 966 518 opera

138 527 223 573 tua,
243 527 286 564 et
305 522 449 563 anima
466 535 565 564 mea
583 522 813 574 cognoscit
825 522 966 562 nimis.

159 590 162 592 ’
189 579 291 621 Non
315 583 382 623 est
405 579 673 620 occultatum
697 591 748 620 os
770 591 917 619 meum
940 590 966 619 a

138 639 193 686 te,
214 635 333 689 quod
350 636 493 677 fecisti
509 636 554 676 in
574 635 797 678 occulto:*
808 639 852 676 et
867 634 964 676 sub-

139 693 299 734 stantia
315 705 414 734 mea
431 692 476 732 in
494 692 771 734 inferioribus
789 696 930 733 terrae.
945 710 948 712 ·

189 749 499 802 Imperfectum
522 762 669 791 meum
692 748 896 790 viderunt
922 750 964 789 o-

140 805 225 847 culi
260 806 342 856 tui,
384 811 427 848 et
467 806 512 847 in
547 806 660 848 libro
695 810 772 847 tuo
813 818 964 847 omnes

139 862 396 904 scribentur:
414 863 438 888 *
458 862 552 905 dies
576 862 895 912 formabuntur,
922 866 966 903 et

138 932 267 961 nemo
286 920 331 960 in
350 920 422 961 eis.

189 975 297 1017 Mihi
339 981 485 1018 autem
525 976 654 1017 nimis
690 975 965 1017 honorificati

139 1037 240 1074 sunt
266 1034 395 1075 amici
419 1034 485 1075 tui
506 1034 642 1075 Deus:
661 1033 684 1058 *
708 1033 837 1073 nimis
865 1044 964 1073 con-

139 1089 324 1131 fortatus
345 1094 412 1131 est
429 1090 699 1144 principatus
719 1091 884 1131 eorum.

190 1146 488 1189 Dinumerabo
518 1160 614 1197 eos,
643 1151 686 1188 et
714 1159 845 1198 super
875 1146 964 1186 are-

139 1215 240 1244 nam
258 1203 678 1257 multiplicabantur:
692 1203 715 1229 *
729 1201 965 1251 exsurrexi,

141 1264 185 1301 et
203 1259 347 1302 adhuc
366 1273 462 1302 sum
481 1265 637 1302 tecum.

191 1317 236 1358 Si
260 1317 474 1359 occideris
497 1318 620 1359 Deus
647 1317 919 1370 peccatores:
942 1314 965 1339 *

140 1373 223 1414 viri
241 1374 500 1425 sanguinum
519 1373 734 1415 declinate
754 1385 779 1413 a
799 1384 880 1412 me:

194 1429 306 1480 Quia
326 1429 471 1471 dicitis
490 1431 534 1471 in
554 1429 836 1482 cogitatione:
853 1428 877 1453 *
899 1440 965 1469 ac-

142 1486 304 1538 cipient
321 1486 366 1527 in
384 1487 576 1528 vanitate
595 1487 792 1528 civitates
809 1489 918 1526 tuas.

192 1542 350 1584 Nonne
383 1543 457 1596 qui
483 1543 669 1585 oderunt
695 1547 739 1584 te
767 1541 967 1591 Domine,

143 1597 346 1640 oderam?
369 1600 393 1626 *
418 1604 462 1642 et
485 1613 617 1654 super
643 1599 843 1640 inimicos
866 1603 967 1639 tuos

142 1655 449 1699 tabescebam?
567 1704 570 1707 Γ

193 1712 393 1755 Perfecto
419 1713 523 1755 odio
548 1714 729 1756 oderam
746 1713 862 1754 illos:
881 1712 905 1737 *
926 1715 970 1753 et

142 1768 305 1811 inimici
323 1769 427 1811 facti
447 1775 549 1812 sunt
566 1770 683 1812 mihi.

194 1825 341 1868 Proba
363 1840 433 1868 me
450 1827 573 1869 Deus
592 1832 636 1870 et
655 1828 765 1869 scito
789 1840 866 1869 cor
882 1839 969 1868 me-

143 1895 232 1924 um:
258 1883 283 1908 *
310 1883 532 1935 interroga
548 1897 636 1935 me,
672 1889 715 1926 et
752 1885 970 1935 cognosce

117 1991 121 1996 ’
145 1939 323 1981 semitas
340 1953 475 1984 meas,
874 1966 877 1967 ν

195 1996 253 2038 Et
267 1996 384 2046 vide,
413 1998 451 2038 si
478 1998 549 2039 via
571 1997 810 2050 iniquitatis
834 1997 878 2038 in
901 2009 971 2038 me

146 2057 226 2094 est:
245 2053 269 2078 *
292 2058 336 2095 et
354 2053 497 2096 deduc
512 2068 582 2096 me
600 2055 644 2095 in
663 2054 734 2095 via
753 2056 926 2095 aeterna.

142 2154 144 2161 χ
199 2111 297 2151 Ant.
343 2111 531 2153 Domine
567 2110 767 2163 probasti
801 2123 887 2159 me,
929 2114 972 2151 et

147 2167 394 2217 cognovisti
413 2181 493 2210 me.

199 2223 297 2264 Ant.
320 2226 357 2265 A
376 2225 472 2266 viro
493 2225 654 2278 iniquo.

410 2280 606 2321 Psalmus
627 2282 712 2321 139.

234 2336 326 2389 ripe
366 2350 436 2378 me
474 2337 662 2380 Domine
705 2337 760 2379 ab
797 2336 973 2378 homine

254 2393 385 2434 malo:
399 2393 423 2419 *
439 2406 465 2434 a
480 2394 573 2436 viro
592 2395 742 2446 iniquo
759 2394 878 2445 eripe
892 2405 973 2433 me.

200 2450 285 2499 Qui
313 2450 615 2501 cogitaverunt
650 2450 900 2502 iniquitates
930 2449 974 2488 in

149 2506 301 2547 corde:
339 2506 363 2532 *
402 2511 498 2548 tota
538 2507 609 2549 die
650 2505 974 2549 constituebant

148 2561 309 2613 praelia.

199 2617 423 2660 Acuerunt
436 2620 614 2671 ,linguas
634 2633 736 2661 suas
756 2619 867 2661 sicut
889 2630 974 2659 ser-

148 2675 305 2727 pentis:
319 2676 344 2701 *
362 2678 578 2718 venenum
596 2676 797 2729 aspidum
816 2674 895 2716 sub
917 2673 974 2715 la-

148 2730 232 2772 biis
252 2734 414 2773 eorum.

301 2874 364 2899 Pars
381 2873 514 2899 Hiemalis.

1781 202 1841 237 121

1018 312 1021 313 ’
1070 295 1253 337 Custodi
1292 309 1362 337 me
1398 296 1585 338 Domine
1620 296 1675 337 de
1711 309 1843 336 manu

1016 353 1276 405 peccatoris:
1295 353 1319 378 *
1338 357 1382 394 et
1410 352 1463 394 ab
1492 352 1842 403 hominibusgini-

1018 410 1114 462 quis
1135 410 1255 462 eripe
1272 422 1352 450 me.

1069 467 1154 516 Qui
1205 467 1507 517 cogitaverunt
1561 466 1842 518 supplantare

1017 535 1194 574 gressus
1218 536 1356 564 meos:
1380 523 1403 548 *
1428 522 1751 564 absconderunt
1775 536 1841 563 su—

1016 580 1142 632 perbi
1160 579 1367 632 laqueum
1388 578 1508 620 mihi:

1067 637 1125 678 Et
1135 637 1259 678 funes
1273 636 1562 678 extenderunt
1570 636 1614 676 in
1624 636 1841 688 laqueum:

1017 694 1040 719 *
1063 694 1182 746 juxta
1209 694 1291 735 iter
1319 692 1572 734 scandalum
1601 694 1843 745 posuerunt

1016 750 1131 791 mihi.
1390 777 1398 786 .

1069 807 1172 848 Dixi
1191 807 1397 848 Domino:
1423 807 1544 848 Deus
1570 819 1692 847 meus
1717 819 1762 847 es
1781 810 1842 846 tu:

1018 864 1042 890 *
1067 863 1225 905 exaudi
1249 859 1615 905 Domine'vocem
1638 862 1842 915 depreca-

1016 921 1147 962 tionis
1165 933 1287 962 meae.

1068 978 1276 1027 Domine,
1308 977 1497 1018 Domine
1525 977 1662 1018 virtus
1691 975 1842 1017 salutis

1016 1047 1144 1075 meae:
1173 1035 1196 1059 *
1231 1033 1502 1075 obumbrasti
1538 1046 1669 1086 super
1712 1037 1844 1085 caput

1016 1104 1161 1132 meum
1181 1091 1225 1131 in
1248 1090 1318 1132 die
1336 1090 1455 1132 belli:

1068 1147 1135 1189 Ne
1155 1146 1304 1188 tradas
1328 1160 1399 1188 me
1417 1147 1605 1188 Domine
1629 1159 1654 1186 a
1675 1145 1841 1187 deside-

1017 1204 1081 1245 rio
1110 1217 1208 1245 meo
1233 1204 1472 1256 peccatori:
1494 1203 1518 1229 *
1543 1203 1843 1253 cogitaverunt

1018 1265 1171 1302 contra
1192 1274 1278 1311 me,
1301 1273 1356 1302 ne
1381 1259 1658 1312 derelinquas
1676 1272 1761 1309 me,
1788 1272 1843 1299 ne

1018 1317 1130 1359 forte
1151 1317 1405 1359 exaltentur,

1072 1374 1213 1427 Caput
1241 1374 1447 1415 circuitus
1476 1375 1641 1414 eorum:
1665 1373 1689 1398 *
1719 1372 1844 1414 labor

1018 1430 1233 1471 labiorum
1252 1431 1449 1482 ipsorum
1468 1430 1637 1482 operiet
1654 1442 1742 1471 eos.

1072 1487 1240 1529 Cadent
1270 1500 1401 1539 super
1428 1499 1504 1528 eos
1533 1485 1781 1536 carbones‚'
1803 1487 1844 1526 in

1019 1545 1164 1595 ignem
1197 1543 1371 1595 dejicies
1408 1556 1498 1585 eos:
1532 1543 1555 1568 *
1587 1543 1630 1583 in
1661 1543 1845 1584 miseriis

1020 1613 1108 1642 non
1128 1600 1375 1641 subsistent.

1071 1657 1151 1699 Vir
1183 1656 1409 1708 linguosus
1441 1669 1529 1697 non
1563 1655 1770 1706 dirigetur
1802 1655 1845 1695 in

1020 1718 1155 1755 terra:
1182 1714 1207 1739 *
1235 1714 1375 1755 virum
1403 1713 1607 1766 injustum
1635 1711 1750 1752 mala
1778 1713 1844 1752 ca-

1020 1771 1142 1823 pient
1157 1770 1405 1811 in‘interitu.

1073 1826 1271 1878 Cognovi
1290 1826 1391 1878 quia
1407 1826 1538 1867 faciet
1553 1825 1767 1865 Dominus
1788 1824 1845 1876 ju-

1023 1883 1183 1925 dicium
1202 1883 1359 1935 inopis:
1378 1882 1402 1908 *
1423 1886 1466 1923 et
1485 1881 1720 1922 vindictam
1742 1884 1845 1933 pau-

1022 1953 1186 1993 perum.

1074 1996 1387 2038 Verumtamen
1407 1995 1507 2047 justi
1526 1994 1848 2036 confitebuntur

1022 2053 1187 2093 nomini
1217 2057 1309 2093 tuo:
1328 2052 1351 2077 *
1372 2056 1415 2093 et
1450 2050 1709 2093 habitabunt
1740 2050 1848 2092 recti

1024 2122 1123 2150 cum
1141 2108 1263 2150 vultu
1283 2113 1370 2149 tuo.

1079 2166 1178 2205 Ant.
1221 2165 1257 2204 A
1294 2165 1388 2206 viro
1420 2165 1569 2217 iniquo
1606 2163 1743 2205 libera
1779 2176 1848 2203 me

1024 2222 1224 2263 Domine.

1081 2277 1177 2317 Ant.
1207 2278 1403 2319 Domine.

1284 2332 1484 2372 Psalmus
1502 2334 1592 2371 140.

1118 2393 1262 2434 omine
1296 2391 1481 2433 clamavi
1508 2389 1564 2431 ad
1590 2394 1654 2439 te,
1694 2387 1850 2430 exaudi

1128 2462 1213 2490 me:
1232 2449 1255 2474 *
1274 2446 1450 2490 intende
1474 2447 1573 2488 voci
1596 2459 1722 2496 meae,
1752 2457 1849 2486 cum

1026 2505 1273 2547 clamavero
1292 2504 1349 2546 ad
1366 2509 1421 2545 te.

1078 2562 1301 2613 Dirigatur
1318 2561 1458 2602 oratio
1473 2572 1571 2601 mea
1585 2560 1695 2600 sicut
1708 2558 1847 2598 incen-

1027 2631 1123 2659 sum
1149 2619 1193 2658 in
1226 2619 1466 2670 conspectu
1493 2621 1584 2657 tuo:
1612 2616 1635 2641 *
1664 2612 1846 2656 elevatio

1026 2677 1233 2715 manuum
1262 2676 1457 2715 mearum
1490 2671 1746 2713 sacrificium
1781 2679 1849 2708 ve-

1029 2732 1281 2783 spertinum.
1639 2749 1643 2753 ’

1626 2858 1645 2888 9
