2040 2990
757 198 863 231 Feriu
891 205 1024 241 quarta
1051 199 1098 231 ad
1121 198 1320 241 Vespera&

182 301 225 336 et
248 297 559 336 convertantur
578 297 819 336 retrorsum
840 307 1003 343 omnes,

183 352 255 403 qui
276 351 462 392 oderunt
481 351 595 392 Sion.

232 407 358 448 Fiant
386 408 499 449 sicut
528 408 691 449 foenum
719 409 953 449 tectorum:
981 408 1004 432 *

182 463 301 515 quod
315 464 572 516 priusquam
583 464 805 513 evellatur,
822 464 1005 505 exaruit:

232 520 298 560 De
342 533 428 572 quo
472 533 559 561 non
596 520 794 573 implevit
829 533 1005 561 manum

181 589 304 617 suam
331 577 404 628 qui
429 577 564 626 metit,
592 578 614 602 *
640 582 683 618 et
710 577 852 617 sinum
879 590 1004 617 suum

183 633 255 685 qui
275 633 521 685 manipulos
541 633 718 684 colligit.

233 690 289 730 Et
302 702 388 730 non
403 689 607 731 dixerunt
621 690 695 741 qui
706 689 1005 742 praeteribant:

182 745 440 786 Benedictio
471 746 648 787 Domini
687 759 818 798 super
851 758 951 786 vos:
982 747 1004 770 ’⁸‘

182 801 484 843 benediximus
510 802 635 843 vobis
660 803 702 843 in
722 802 898 843 nomine
918 802 1004 842 Do-

181 858 296 898 mini.

238 915 334 953 Ant.
363 915 490 967 Saepe
516 917 873 968 expugnaverunt
892 928 961 956 me
982 928 1006 955 a

182 972 406 1022 juventute
425 984 531 1012 mea.

238 1031 334 1068 Ant.
368 1029 432 1068 De
451 1027 691 1080 profundis.

447 1085 640 1124 l'salmus
667 1087 749 1124 129.

270 1154 293 1182 e
319 1141 548 1194 profandis
573 1142 757 1185 clamavi
780 1143 837 1184 ad
856 1149 900 1185 te
918 1144 1005 1185 Do-

281 1198 412 1239 mine:
428 1198 450 1222 *
467 1198 654 1240 Domine
675 1200 833 1242 exaedi
853 1213 1006 1242 vocem

181 1267 337 1295 meam:
768 1296 773 1300 ,

232 1311 359 1351 Fiant
386 1323 513 1352 aures
547 1316 635 1353 tuae
663 1312 955 1363 intendenteS,
983 1315 1006 1339 *

182 1367 223 1406 in
246 1380 399 1408 vocem
423 1367 748 1420 deprecationis
770 1383 891 1412 meae.

231 1424 275 1464 Si
305 1423 559 1475 iniquitates
588 1424 894 1468 observaveris
918 1428 1005 1469 Do-

181 1480 311 1520 mine:
331 1481 354 1504 *
374 1480 561 1522 Domine
581 1482 678 1533 quis
699 1483 953 1525 sustinebit?

235 1536 346 1586 Quia
374 1537 493 1589 apud
521 1543 564 1579 te
591 1540 850 1591 propitiatio
879 1546 960 1583 est:
983 1542 1006 1567 *

183 1598 226 1633 et
245 1597 427 1645 propter
446 1593 587 1644 legem
613 1600 733 1636 tuam
757 1598 942 1639 sustinui
961 1603 1007 1640 te

182 1649 379 1690 Domine.

234 1705 448 1747 Sustinuit
482 1707 624 1748 anima
660 1722 757 1750 mea
791 1710 835 1750 in
870 1710 1005 1752 verbo

184 1762 290 1811 ejus:
309 1762 331 1786 *
352 1763 545 1814 speravit
571 1765 712 1806 anima
736 1779 833 1807 mea
856 1767 899 1807 in
919 1767 1005 1808 Do-

182 1830 310 1858 mmo.

236 1874 271 1914 A
308 1875 509 1915 custodia
542 1880 755 1918 matutina
783 1892 922 1931 usque
950 1879 1007 1921 ad

185 1935 374 1970 noctem:
388 1931 410 1955 *
427 1938 573 1983 speret
594 1933 728 1975 Israel
747 1935 788 1975 in
806 1935 1006 1977 Domino.

236 1986 347 2035 Quia
369 1987 485 2038 apud
508 1988 742 2031 Dominum
764 1992 1006 2033 misericor-

185 2041 272 2082 dia:
302 2042 323 2066 *
354 2049 397 2083 et
424 2044 603 2095 copiosa
635 2046 752 2098 apud
785 2061 883 2088 eum
912 2048 1006 2090 red-

184 2098 358 2150 emptio.

239 2154 293 2194 Et
322 2154 417 2206 ipse
446 2155 630 2198 redimet
659 2159 809 2209 Israel,
834 2162 857 2185 ¹⁸¹
882 2174 935 2202 ex
964 2164 1007 2202 o-

185 2209 359 2250 mnibus
379 2210 681 2263 iniquitatibus
705 2216 805 2266 ejus.

243 2268 339 2307 Ant.
364 2267 425 2308 De
444 2269 673 2319 profundis
691 2272 875 2314 clamavi
893 2273 949 2315 acl
963 2279 1008 2316 te

186 2322 384 2364 Domine.

242 2380 339 2419 Ant.
368 2381 532 2431 Speret.

450 2438 642 2478 l'salmus
664 2441 752 2478 13o.

272 2490 415 2531 omine
447 2504 532 2533 non
565 2499 632 2535 est
665 2495 903 2538 exaltatum
931 2511 1007 2539 cor

280 2560 440 2587 meum:
455 2549 478 2572 *
496 2562 634 2601 neque
655 2551 754 2592 elati
777 2559 877 2594 sunt
893 2554 1006 2594 oculi

185 2602 282 2643 mei.

238 2658 392 2710 Neque
409 2659 624 2702 ambulav
614 2676 627 2702 1
643 2662 685 2703 in
701 2666 884 2715 magnis:
900 2668 922 2692 *
938 2681 1006 2709 ne-

188 2727 272 2766 que
291 2715 334 2754 in
354 2716 625 2759 mirabilibus
646 2732 777 2771 super
799 2735 878 2763 me.

1108 295 1153 336 Si
1186 307 1272 335 non
1310 294 1532 336 humiliter
1569 293 1828 336 sentiebam:
1859 294 1883 319 *

1058 351 1136 392 sed
1156 351 1346 392 exaltavi
1365 347 1553 392 animam
1572 363 1729 392 meam:

1109 407 1231 448 Sicut
1251 407 1497 448 ablactatus
1512 411 1580 448 est
1595 419 1728 460 super
1743 411 1884 448 matre

1058 475 1147 511 sua,
1166 465 1188 488 *
1209 464 1269 504 ita
1289 462 1522 505 retributio
1546 463 1590 504 in
1614 463 1758 505 anima
1775 475 1884 504 mea.

1110 520 1266 572 Speret
1300 519 1437 560 Israel
1467 520 1512 560 in
1539 520 1750 570 Domino,
1777 520 1801 546 ²⁸¹
1830 532 1885 561 ex

1059 576 1143 617 hoc
1163 589 1278 618 nunc
1299 582 1342 617 et
1361 589 1502 628 usque
1522 576 1567 616 in
1586 576 1806 618 saeculum.

1117 633 1214 671 Ant.
1243 634 1396 685 Speret
1414 633 1551 674 Israel
1570 634 1613 674 in
1630 633 1833 674 Domino.

1116 697 1375 748 Capitulum.
1622 697 1674 738 ΙΙ.
1695 698 1790 739 Cor.
1812 699 1839 738 l.

1142 761 1368 803 enedictus
1396 761 1533 811 Deus,
1568 766 1612 802 et
1637 761 1770 802 Pater
1796 759 1884 800 Do-

1158 818 1262 858 mini
1282 819 1419 859 nostri
1437 818 1462 859 J
1464 831 1542 859 esu
1560 817 1734 867 Christi,
1754 816 1884 857 Pater

1058 874 1480 925 misericordiarum,
1518 879 1562 916 et
1593 875 1714 916 Deus
1746 874 1884 914 totius

1060 930 1391 980 consolationis,
1421 931 1495 984 qui
1523 931 1776 973 consolatur
1803 941 1885 970 nos

1059 987 1103 1027 in
1124 987 1243 1028 omni
1259 987 1544 1030 tribulatione
1563 991 1725 1029 nostra.

1376 1047 1585 1098 Hymnus.

1184 1105 1258 1146 oeli
1278 1106 1399 1147 Deus
1421 1106 1705 1156 sanctissime,

1201 1162 1285 1212 Qui
1305 1162 1473 1204 lucidas
1491 1162 1644 1205 mundi
1663 1162 1817 1216 plagas

1165 1219 1366 1261 Candore
1384 1219 1527 1272 pingis
1546 1222 1686 1271 igneo,

1163 1275 1345 1327 Augens
1365 1275 1529 1318 decoro
1548 1276 1726 1317 lumine:

1116 1342 1281 1389 Quarto
1301 1340 1372 1383 die
1393 1342 1467 1394 qui
1489 1342 1736 1383 flammeam

1163 1398 1279 1439 Dum
1300 1398 1407 1439 solis
1427 1398 1632 1440 accendis
1651 1402 1805 1447 rotam,

1163 1454 1300 1496 Lunae
1321 1455 1544 1497 ministras
1565 1454 1775 1504 ordinem,

1162 1511 1402 1564 Vagosque
1421 1525 1576 1554 cursus
1596 1511 1803 1553 siderum:

1116 1576 1169 1617 Ut
1188 1577 1403 1627 nectibus,
1423 1577 1494 1618 vel
1513 1577 1665 1618 lumini

1162 1633 1481 1686 Diremptionis
1500 1633 1746 1683 terminum,

1162 1689 1420 1731 Primordiis
1441 1695 1484 1731 et
1503 1689 1718 1731 mensium

1162 1746 1342 1798 Signum
1362 1745 1490 1788 dares
1510 1746 1801 1795 notissimum3

1114 1811 1299 1864 Expelle
1319 1816 1495 1853 noctem
1516 1810 1733 1853 cordium:

1163 1867 1383 1920 Absterge
1403 1867 1558 1910 sordes
1578 1867 1805 1909 mentium:

1163 1925 1355 1966 Resolve
1376 1925 1518 1977 culpae
1537 1924 1773 1966 vinculum:

1163 1981 1325 2022 Everte
1346 1981 1485 2023 moles
1508 1981 1745 2022 criminum.

1117 2047 1290 2096 Praesta,
1310 2048 1441 2088 Pater
1462 2047 1668 2100 piissime,

1163 2104 1369 2155 Patrique
1392 2116 1573 2156 compar
1591 2104 1740 2153 Unice,

1163 2160 1271 2201 Cum
1290 2161 1454 2212 Spiritu
1472 2160 1690 2202 Paraclito

1163 2216 1369 2267 Regnans
1389 2230 1469 2269 per
1489 2230 1617 2258 omne
1637 2217 1856 2258 saeculum.

1370 2273 1522 2315 Amen.

1118 2328 1168 2379 Y.
1180 2333 1406 2383 Dirigatur
1422 2334 1608 2376 Domine
1624 2334 1765 2375 oratio
1778 2345 1886 2374 mea.

1068 2390 1116 2442 R.
1124 2389 1269 2430 Sicut
1259 2391 1482 2431 lncensum
1495 2391 1538 2431 in
1549 2392 1790 2443 conspectu
1798 2394 1886 2430 tuo.

1120 2446 1190 2487 Ad
1211 2446 1382 2495 Magnis.
1412 2449 1510 2488 Ant.
1541 2446 1782 2499 Respexit*
1798 2445 1886 2486 Do-

1060 2501 1203 2542 minus
1222 2500 1508 2543 humilitatem
1530 2516 1688 2551 meam,
1718 2507 1761 2544 et
1784 2502 1887 2543 fecit

1060 2557 1102 2597 in
1121 2570 1191 2598 me
1210 2570 1377 2608 magna,
1399 2559 1471 2610 qui
1491 2564 1650 2611 potens
1669 2564 1746 2600 est.

1119 2618 1271 2653 Preces
1305 2619 1338 2652 si
1364 2619 1539 2653 dicende
1571 2621 1665 2656 sint
1700 2620 1891 2655 habentur

1067 2677 1182 2709 supra
1208 2666 1245 2699 in
1274 2666 1302 2698 V
1308 2676 1385 2709 esp.
1412 2666 1493 2700 Fer.
1520 2666 1564 2701 ΙΙ,
1583 2667 1655 2702 112.

1266 2743 1304 2746 .,.
1396 2731 1601 2758 „offla—n:
1619 2746 1636 2747 Π
1674 2746 1677 2747 γ
