2040 2990
756 196 926 232 sabbato
953 197 1001 231 ad
1028 197 1230 240 Vesperas.

1781 200 1845 237 125

195 297 437 338 AEdificans
465 297 707 339 Jerusalem
738 298 968 338 Dominus:

144 354 167 379 *
179 353 473 406 dispersiones
484 354 658 395 Israelis
674 354 968 405 congregabit.

197 410 280 459 Qui
308 415 434 451 sanat
464 413 676 452 contritos
705 410 852 452 corde:
876 412 900 436 *
925 415 968 451 et

145 465 292 516 alligat
312 467 597 508 contritiones
617 469 779 508 eorum.

196 523 280 572 Qui
303 526 503 565 numerat
525 523 850 565 multitudinem
870 523 968 564 stel-

143 577 296 619 larum:
324 580 347 604 *
376 585 420 621 et
457 580 659 622 omnibus
697 579 758 621 eis
793 580 969 620 nomina

144 641 285 677 vocat.

194 692 378 743 Magnus
398 693 614 733 Dominus
634 697 798 743 noster,
819 699 863 735 et
882 707 968 734 ma-

143 761 228 799 gna
246 750 383 790 virtus
404 750 508 801 ejus:
527 750 551 775 *
572 754 615 791 et
634 751 859 802 sapientiae
880 751 969 802 ejus

143 817 230 846 non
251 810 318 847 est
339 809 556 847 numerus.

194 862 445 915 Suscipiens
469 865 721 915 mansuetos
741 863 970 904 Dominus:

143 917 167 943 *
191 917 421 960 humilians
446 924 592 961 autem
619 922 878 972 peccatores
902 933 969 960 us-

145 988 229 1026 que
249 975 306 1016 ad
323 980 496 1017 terram.

193 1032 424 1074 Praecinite
446 1033 638 1074 Domino
667 1034 708 1073 in
736 1033 969 1074 confessio-

143 1089 432 1141 ne:*psallite
441 1091 538 1131 Deo
558 1094 710 1130 nostro
730 1091 773 1130 in
794 1090 970 1130 cithara.

195 1146 278 1195 Qui
307 1147 450 1198 operit
478 1146 637 1187 coelum
661 1146 864 1187 nubibus:
884 1148 907 1172 *
928 1152 971 1188 et

143 1207 270 1253 parat
288 1206 418 1244 terrae
438 1203 642 1255 pluviam.

186 1258 269 1308 Qui
281 1259 487 1311 producit
499 1260 543 1299 in
553 1259 775 1300 montibus
791 1260 969 1300 foenum:

142 1314 166 1340 *
186 1319 229 1356 et
247 1314 429 1357 herbam
449 1316 648 1357 servituti
666 1315 901 1357 hominum.

195 1372 278 1421 Qui
298 1371 373 1413 dat
388 1373 588 1424 jumentis
600 1385 747 1413 escam
757 1373 969 1424 ipsorum:

142 1427 166 1452 *
186 1432 229 1468 et
253 1427 383 1480 pullis
408 1431 642 1470 corvorum
664 1428 969 1470 invocantibus

144 1496 254 1524 eum.

193 1540 294 1581 Non
313 1541 356 1581 in
380 1541 635 1583 fortitudine
654 1542 755 1594 equi
774 1541 968 1583 volunta-

142 1600 231 1638 tem
246 1596 438 1639 habebit:
457 1598 480 1623 *
499 1611 581 1639 nec
600 1599 642 1638 in
661 1597 779 1640 tibiis
798 1599 878 1639 viri
896 1598 968 1639 be-

142 1653 410 1705 neplacitum
431 1655 512 1696 erit
532 1655 582 1696 ei.

194 1709 526 1763 Beneplacitum
546 1715 612 1753 est
625 1711 816 1752 Domino
837 1724 969 1764 super

144 1765 346 1808 timentes
365 1780 478 1808 eum:
497 1768 520 1793 *
541 1772 584 1809 et
606 1768 650 1808 in
674 1769 750 1818 eis⁷
780 1768 854 1820 qui
874 1781 968 1820 spe-

143 1827 241 1864 rant
260 1837 392 1876 super
410 1825 710 1866 misericordia
730 1825 830 1876 ejus.

196 1883 294 1923 Ant.
313 1882 409 1922 Deo
429 1886 580 1922 nostro
600 1881 788 1932 jucunda
809 1881 863 1922 sit
881 1880 968 1921 lau-

145 1934 276 1980 datio,
519 1963 522 1966 ·

196 1995 295 2035 Ant.
324 1994 486 2035 Lauda.

408 2050 606 2090 Psalmus
628 2049 711 2088 147.

146 2103 328 2208 Lauda
371 2105 613 2147 Jerusalem
657 2107 908 2147 Dominum:
944 2105 968 2130 *

229 2163 252 2188 *
271 2162 401 2204 lauda
420 2163 562 2204 Deum
581 2167 702 2203 tuum
722 2163 836 2204 Sion.

197 2220 412 2269 Quoniam
437 2219 700 2260 confortavit
725 2232 844 2260 seras
870 2230 967 2270 por-

143 2277 285 2316 tarum
322 2278 508 2316 tuarum:
544 2276 567 2301 *
604 2275 826 2317 benedixit
871 2274 968 2314 filiis

144 2332 230 2372 tuis
249 2332 292 2372 in
311 2337 366 2373 te.

196 2388 279 2439 Qui
306 2389 454 2441 posuit
481 2389 589 2430 fines
616 2393 717 2429 tuos
745 2401 917 2440 pacem:
946 2387 968 2412 *

145 2449 188 2485 et
215 2445 344 2498 adipe
373 2446 576 2486 frumenti
604 2445 734 2486 satiat
761 2450 815 2486 te.

196 2501 279 2551 Qui
307 2502 464 2542 emittit
491 2501 712 2553 eloquium
741 2514 865 2541 suum
887 2504 968 2541 ter-

145 2569 221 2597 rae:
248 2557 271 2582 *
298 2557 507 2599 velociter
536 2558 669 2599 currit
697 2570 840 2598 sermo
870 2557 969 2607 ejus.

197 2613 280 2662 Qui
317 2613 392 2655 dat
426 2615 571 2659 nivem
607 2615 720 2655 sicut
754 2613 912 2653 lanam:
946 2612 969 2637 *

145 2668 347 2710 nebulam
376 2670 487 2711 sicut
515 2673 704 2712 cinerem
732 2669 909 2722 spargit.

1022 297 1167 338 cellas:
1190 298 1214 322 *
1243 302 1342 338 ante
1370 298 1525 339 faciem
1553 299 1726 349 frigoris
1755 299 1844 350 ejus

1022 354 1118 405 quis
1139 353 1390 395 sustinebit?

1072 411 1253 451 Emittet
1272 411 1455 452 verbum
1479 425 1618 461 suum,
1648 417 1690 453 et
1712 412 1844 463 lique-

1021 466 1151 508 faciet
1180 480 1245 508 ea:
1264 468 1287 492 *
1313 467 1435 509 flabit
1463 469 1640 520 spiritus
1665 466 1773 519 ejus,
1803 474 1846 509 ct

1023 523 1157 564 fluent
1177 536 1314 576 aquae.

1074 581 1156 630 Qui
1180 582 1406 622 annuntiat
1429 581 1611 622 verbum
1635 595 1759 622 suum
1777 582 1800 622 J
1805 595 1844 622 a·

1023 636 1121 678 cob:
1132 637 1155 662 *
1166 637 1360 688 justitias,
1376 643 1419 679 et
1432 638 1590 689 judicia
1606 651 1684 678 sua
1699 638 1846 678 Israel.

1073 693 1174 734 Non
1197 694 1299 734 fecit
1322 694 1466 735 taliter
1490 695 1607 735 omni
1625 695 1804 735 nationi:
1822 695 1845 720 *

1024 754 1066 791 et
1084 750 1243 802 judicia
1262 764 1340 792 sua
1359 764 1446 792 non
1464 751 1756 792 manifestavit
1776 751 1846 792 eis.

1076 814 1174 852 Ant.
1191 812 1342 854 Lauda
1351 813 1375 853 J
1379 812 1847 854 erusalemDominum.

1104 886 1362 937 Capitulum.
1520 884 1641 923 Rom.
1665 884 1711 921 ll.
1733 882 1770 922 d.

1132 950 1315 992 altitudo
1347 951 1593 993 divitiarum
1623 951 1847 1003 sapientiae

1133 1012 1175 1048 et
1200 1009 1392 1049 scientiae
1412 1009 1508 1050 Dei:
1538 1021 1668 1059 quam
1687 1008 1846 1048 incom-

1024 1063 1333 1113 prehensibilia
1361 1070 1460 1106 sunt
1489 1064 1645 1116 judicia
1673 1065 1777 1115 ejus,
1806 1068 1848 1104 et

1023 1119 1346 1171 investigabiles
1374 1122 1456 1163 viae
1486 1121 1590 1173 ejus!

1334 1187 1541 1237 Hymnus.

1147 1264 1216 1291 am
1245 1252 1310 1293 sol
1339 1252 1505 1294 recedit
1531 1255 1696 1303 igneus:

1151 1308 1219 1349 Tu
1247 1309 1320 1350 lux
1349 1310 1553 1362 perennis
1580 1310 1744 1357 Unitas‚

1124 1364 1310 1415 Nostris,
1337 1365 1467 1407 beata
1492 1366 1693 1415 Trinitas,

1132 1421 1317 1463 Infunde
1344 1422 1488 1463 lumen
1517 1422 1735 1463 cordibus.

1075 1487 1136 1527 Te
1162 1500 1290 1528 mane
1318 1487 1495 1528 laudum
1525 1488 1726 1537 carmine,

1125 1543 1190 1584 Te
1219 1543 1507 1596 deprecamur
1536 1546 1736 1596 vespere3

1126 1600 1329 1650 Digneris
1357 1605 1405 1641 ut
1431 1605 1474 1641 te
1504 1600 1726 1653 supplices

1124 1655 1374 1698 Laudemus
1401 1657 1512 1698 inter
1541 1657 1720 1698 coelites.

1078 1722 1204 1769 Patri,
1234 1722 1448 1774 simulque
1475 1722 1598 1771 Fssio,

1126 1777 1313 1830 Tibique
1342 1783 1490 1819 sancte
1518 1778 1715 1830 Spiritus,

1126 1834 1245 1875 Sicut
1272 1834 1361 1883 fuit,
1390 1835 1446 1875 sit
1472 1835 1627 1886 jugiter

1124 1890 1310 1931 Saeclum
1335 1904 1414 1943 per
1443 1903 1570 1931 omne
1598 1890 1747 1941 gloria.

1331 1947 1483 1988 Amen.

1079 2010 1126 2061 V.
1159 2012 1424 2064 Vespertina
1460 2013 1601 2053 oratio
1638 2011 1846 2052 ascendat

1022 2068 1078 2110 ad
1115 2074 1158 2110 te
1189 2069 1388 2110 Domine.
1438 2071 1486 2122 R.
1515 2070 1571 2110 Et
1608 2067 1846 2110 descendat

1023 2138 1154 2178 super
1180 2138 1261 2166 nos
1289 2125 1588 2166 misericordia
1615 2130 1700 2166 tua.

1076 2195 1145 2235 Ad
1161 2195 1334 2245 Magnis.
1358 2196 1455 2235 Ant.
1476 2194 1709 2246 Suscepit*
1724 2193 1842 2234 Deus

1022 2251 1157 2293 Israel
1177 2255 1361 2304 puerum
1382 2265 1519 2292 suum:
1544 2251 1655 2291 sicut
1672 2249 1843 2290 locutus

1023 2313 1089 2349 est
1121 2308 1177 2349 ad
1205 2307 1443 2356 Abraham,
1481 2312 1523 2348 et
1557 2319 1704 2348 semen
1740 2305 1844 2356 ejus:

1023 2364 1215 2405 exaltare
1226 2364 1412 2405 humiles
1422 2376 1561 2415 usque
1572 2363 1615 2403 in
1626 2361 1843 2403 saeculum.

1077 2441 1200 2484 Capit.
1232 2440 1262 2474 O
1293 2437 1467 2472 altitudo.
1499 2438 1638 2471 dicitur
1667 2437 1704 2470 in
1730 2436 1843 2478 Vesp.

1025 2489 1183 2524 Sabbati
1215 2489 1262 2522 ab
1293 2487 1371 2522 Oct.
1396 2486 1534 2541 Epiph.
1560 2496 1680 2528 usque
1710 2484 1758 2518 ad
1783 2483 1843 2517 Se-

1024 2535 1170 2581 p‘tuag.:
1197 2537 1370 2580 Hymnus
1396 2541 1431 2569 et
1453 2534 1498 2574 Y.
1517 2534 1630 2567 etiam
1654 2543 1774 2575 usque
1797 2530 1843 2564 ad

1025 2585 1377 2628 Quadragesimam.
1396 2583 1481 2616 Ant.
1499 2582 1547 2615 ad
1558 2580 1775 2624 Magnifieat
1797 2579 1843 2611 ab

1026 2633 1171 2667 Octava
1200 2632 1429 2676 Epiphaniae
1460 2641 1579 2673 usque
1610 2630 1657 2662 ad
1688 2630 1842 2669 Septua-

1026 2682 1209 2724 gesimam
1249 2684 1404 2714 tantum.
1459 2679 1550 2712 Post
1585 2676 1841 2718 Antiphonam

195 2725 327 2766 Mittit
342 2726 594 2777 crystallum
610 2739 732 2767 suam
745 2727 856 2766 Sicut
865 2724 967 2766 buc·
995 2713 1010 2770 Ι
1027 2721 1166 2763 dicitur
1185 2729 1316 2762 Oratio
1342 2726 1507 2770 propria.

298 2869 361 2893 Pars
378 2868 510 2892 Hiemalis.

1590 2846 1632 2879 9*
