<?xml version="1.0" encoding="UTF-8"?>
<!DOCTYPE html PUBLIC "-//W3C//DTD XHTML 1.0 Transitional//EN"
    "http://www.w3.org/TR/xhtml1/DTD/xhtml1-transitional.dtd">
<html xmlns="http://www.w3.org/1999/xhtml" xml:lang="en" lang="en">
 <head>
  <title>
</title>
<meta http-equiv="Content-Type" content="text/html;charset=utf-8" />
  <meta name='ocr-system' content='tesseract 3.04.00' />
  <meta name='ocr-capabilities' content='ocr_page ocr_carea ocr_par ocr_line ocrx_word'/>
</head>
<body>
  <div class='ocr_page' id='page_1' title='image "./p1breviariumroma00cathuoft_0341.png"; bbox 0 0 2040 2990; ppageno 0'>
   <div class='ocr_carea' id='block_1_1' title="bbox 650 223 1323 267">
    <p class='ocr_par' dir='ltr' id='par_1_1' title="bbox 650 223 1323 267">
     <span class='ocr_line' id='line_1_1' title="bbox 650 223 1323 267; baseline 0.003 -11"><span class='ocrx_word' id='word_1_1' title='bbox 650 223 851 257; x_wconf 79' lang='lat' dir='ltr'>Dominica</span> <span class='ocrx_word' id='word_1_2' title='bbox 875 224 919 258; x_wconf 90' lang='grc' dir='ltr'>Π.</span> <span class='ocrx_word' id='word_1_3' title='bbox 945 228 1033 267; x_wconf 84' lang='lat' dir='ltr'>post</span> <span class='ocrx_word' id='word_1_4' title='bbox 1058 225 1323 267; x_wconf 69' lang='lat' dir='ltr'>Epiphaniam.</span> 
     </span>
    </p>
   </div>
   <div class='ocr_carea' id='block_1_2' title="bbox 142 321 958 373">
    <p class='ocr_par' dir='ltr' id='par_1_2' title="bbox 142 321 958 373">
     <span class='ocr_line' id='line_1_2' title="bbox 142 321 958 373; baseline 0 -11"><span class='ocrx_word' id='word_1_5' title='bbox 142 321 407 373; x_wconf 89' lang='lat' dir='ltr'>quirendum.</span> <span class='ocrx_word' id='word_1_6' title='bbox 440 323 588 364; x_wconf 85' lang='lat' dir='ltr'>Verax</span> <span class='ocrx_word' id='word_1_7' title='bbox 613 326 680 363; x_wconf 90' lang='lat' dir='ltr'>est</span> <span class='ocrx_word' id='word_1_8' title='bbox 705 322 820 363; x_wconf 92' lang='lat' dir='ltr'>enim</span> <span class='ocrx_word' id='word_1_9' title='bbox 842 321 958 364; x_wconf 91' lang='lat' dir='ltr'>Chri-</span> 
     </span>
    </p>
   </div>
   <div class='ocr_carea' id='block_1_3' title="bbox 142 377 982 429">
    <p class='ocr_par' dir='ltr' id='par_1_3' title="bbox 142 377 982 429">
     <span class='ocr_line' id='line_1_3' title="bbox 142 377 982 429; baseline 0.002 -11"><span class='ocrx_word' id='word_1_10' title='bbox 142 377 197 418; x_wconf 85' lang='lat' dir='ltr'>sti</span> <span class='ocrx_word' id='word_1_11' title='bbox 215 390 358 419; x_wconf 91' lang='lat' dir='ltr'>sermo</span> <span class='ocrx_word' id='word_1_12' title='bbox 379 378 576 420; x_wconf 89' lang='lat' dir='ltr'>dicentis:</span> <span class='ocrx_word' id='word_1_13' title='bbox 604 379 811 429; x_wconf 79' lang='lat' dir='ltr'>Quaerite,</span> <span class='ocrx_word' id='word_1_14' title='bbox 840 383 882 420; x_wconf 89' lang='lat' dir='ltr'>et</span> <span class='ocrx_word' id='word_1_15' title='bbox 900 377 982 419; x_wconf 77' lang='lat' dir='ltr'>in-&#39;</span> 
     </span>
    </p>
   </div>
   <div class='ocr_carea' id='block_1_4' title="bbox 139 434 961 1445">
    <p class='ocr_par' dir='ltr' id='par_1_4' title="bbox 139 434 961 1322">
     <span class='ocr_line' id='line_1_4' title="bbox 141 434 960 488; baseline 0.002 -14"><span class='ocrx_word' id='word_1_16' title='bbox 141 434 337 475; x_wconf 89' lang='lat' dir='ltr'>venietis:</span> <span class='ocrx_word' id='word_1_17' title='bbox 364 435 550 487; x_wconf 81' lang='lat' dir='ltr'>pulsate,</span> <span class='ocrx_word' id='word_1_18' title='bbox 579 440 622 476; x_wconf 89' lang='lat' dir='ltr'>et</span> <span class='ocrx_word' id='word_1_19' title='bbox 646 436 863 488; x_wconf 89' lang='lat' dir='ltr'>aperietur</span> <span class='ocrx_word' id='word_1_20' title='bbox 887 447 960 476; x_wconf 87' lang='lat' dir='ltr'>vo-</span> 
     </span>
     <span class='ocr_line' id='line_1_5' title="bbox 141 489 960 544; baseline 0.004 -14"><span class='ocrx_word' id='word_1_21' title='bbox 141 489 218 531; x_wconf 85' lang='lat' dir='ltr'><strong>bis.</strong></span> <span class='ocrx_word' id='word_1_22' title='bbox 246 490 458 541; x_wconf 90' lang='lat' dir='ltr'>Ceterum,</span> <span class='ocrx_word' id='word_1_23' title='bbox 476 491 832 544; x_wconf 91' lang='lat' dir='ltr'>quandoquidem</span> <span class='ocrx_word' id='word_1_24' title='bbox 846 504 960 533; x_wconf 92' lang='lat' dir='ltr'>com-</span> 
     </span>
     <span class='ocr_line' id='line_1_6' title="bbox 140 546 960 600; baseline 0.002 -13"><span class='ocrx_word' id='word_1_25' title='bbox 140 546 289 600; x_wconf 76' lang='lat' dir='ltr'>plures</span> <span class='ocrx_word' id='word_1_26' title='bbox 318 559 371 588; x_wconf 82' lang='lat' dir='ltr'>ex</span> <span class='ocrx_word' id='word_1_27' title='bbox 398 548 471 598; x_wconf 89' lang='lat' dir='ltr'>iis,</span> <span class='ocrx_word' id='word_1_28' title='bbox 509 548 583 599; x_wconf 90' lang='lat' dir='ltr'>qui</span> <span class='ocrx_word' id='word_1_29' title='bbox 614 547 698 589; x_wconf 90' lang='lat' dir='ltr'>huc</span> <span class='ocrx_word' id='word_1_30' title='bbox 731 546 960 589; x_wconf 81' lang='lat' dir='ltr'>nobiscum</span> 
     </span>
     <span class='ocr_line' id='line_1_7' title="bbox 141 604 959 654; baseline 0.002 -10"><span class='ocrx_word' id='word_1_31' title='bbox 141 604 415 654; x_wconf 89' lang='lat' dir='ltr'>conveniunt,</span> <span class='ocrx_word' id='word_1_32' title='bbox 435 609 478 645; x_wconf 90' lang='lat' dir='ltr'>et</span> <span class='ocrx_word' id='word_1_33' title='bbox 491 604 728 646; x_wconf 90' lang='lat' dir='ltr'>liberorum</span> <span class='ocrx_word' id='word_1_34' title='bbox 743 604 959 646; x_wconf 89' lang='lat' dir='ltr'>educatio-</span> 
     </span>
     <span class='ocr_line' id='line_1_8' title="bbox 141 661 959 711; baseline 0 -10"><span class='ocrx_word' id='word_1_35' title='bbox 141 672 256 710; x_wconf 90' lang='lat' dir='ltr'>nem,</span> <span class='ocrx_word' id='word_1_36' title='bbox 286 665 329 701; x_wconf 91' lang='lat' dir='ltr'>et</span> <span class='ocrx_word' id='word_1_37' title='bbox 352 661 499 701; x_wconf 82' lang='lat' dir='ltr'>uxoris</span> <span class='ocrx_word' id='word_1_38' title='bbox 526 674 689 711; x_wconf 89' lang='lat' dir='ltr'>curam,</span> <span class='ocrx_word' id='word_1_39' title='bbox 718 666 761 702; x_wconf 91' lang='lat' dir='ltr'>et</span> <span class='ocrx_word' id='word_1_40' title='bbox 787 661 959 702; x_wconf 83' lang='lat' dir='ltr'>familiae</span> 
     </span>
     <span class='ocr_line' id='line_1_9' title="bbox 140 716 959 770; baseline 0.004 -14"><span class='ocrx_word' id='word_1_41' title='bbox 140 716 462 768; x_wconf 90' lang='lat' dir='ltr'>providentiam</span> <span class='ocrx_word' id='word_1_42' title='bbox 482 719 728 770; x_wconf 89' lang='lat' dir='ltr'>suscepere,</span> <span class='ocrx_word' id='word_1_43' title='bbox 752 717 808 758; x_wconf 93' lang='lat' dir='ltr'>ob</span> <span class='ocrx_word' id='word_1_44' title='bbox 827 717 959 769; x_wconf 92' lang='lat' dir='ltr'>idque</span> 
     </span>
     <span class='ocr_line' id='line_1_10' title="bbox 140 773 961 815; baseline 0.001 -2"><span class='ocrx_word' id='word_1_45' title='bbox 140 777 258 814; x_wconf 91' lang='lat' dir='ltr'>totos</span> <span class='ocrx_word' id='word_1_46' title='bbox 295 785 391 814; x_wconf 91' lang='lat' dir='ltr'>sese</span> <span class='ocrx_word' id='word_1_47' title='bbox 425 773 526 815; x_wconf 92' lang='lat' dir='ltr'>huic</span> <span class='ocrx_word' id='word_1_48' title='bbox 556 773 698 814; x_wconf 88' lang='lat' dir='ltr'>labori</span> <span class='ocrx_word' id='word_1_49' title='bbox 735 773 838 815; x_wconf 91' lang='lat' dir='ltr'>dare</span> <span class='ocrx_word' id='word_1_50' title='bbox 872 786 961 814; x_wconf 92' lang='lat' dir='ltr'>non</span> 
     </span>
     <span class='ocr_line' id='line_1_11' title="bbox 142 829 960 882; baseline 0.002 -13"><span class='ocrx_word' id='word_1_51' title='bbox 142 829 369 870; x_wconf 80' lang='lat' dir='ltr'>sustinent:</span> <span class='ocrx_word' id='word_1_52' title='bbox 389 834 433 870; x_wconf 89' lang='lat' dir='ltr'>at</span> <span class='ocrx_word' id='word_1_53' title='bbox 451 835 568 871; x_wconf 87' lang='lat' dir='ltr'>certe</span> <span class='ocrx_word' id='word_1_54' title='bbox 582 830 666 882; x_wconf 92' lang='lat' dir='ltr'>ipsi</span> <span class='ocrx_word' id='word_1_55' title='bbox 681 843 760 872; x_wconf 86' lang='lat' dir='ltr'>vos</span> <span class='ocrx_word' id='word_1_56' title='bbox 774 831 960 872; x_wconf 79' lang='lat' dir='ltr'>excitate</span> 
     </span>
     <span class='ocr_line' id='line_1_12' title="bbox 141 884 961 939; baseline 0.001 -13"><span class='ocrx_word' id='word_1_57' title='bbox 141 884 197 926; x_wconf 87' lang='lat' dir='ltr'>ad</span> <span class='ocrx_word' id='word_1_58' title='bbox 224 897 275 926; x_wconf 89' lang='lat' dir='ltr'>ea</span> <span class='ocrx_word' id='word_1_59' title='bbox 307 885 462 927; x_wconf 87' lang='lat' dir='ltr'>saltem</span> <span class='ocrx_word' id='word_1_60' title='bbox 493 886 721 939; x_wconf 90' lang='lat' dir='ltr'>capienda,</span> <span class='ocrx_word' id='word_1_61' title='bbox 759 899 857 939; x_wconf 87' lang='lat' dir='ltr'>quae</span> <span class='ocrx_word' id='word_1_62' title='bbox 890 887 961 927; x_wconf 81' lang='lat' dir='ltr'>alii</span> 
     </span>
     <span class='ocr_line' id='line_1_13' title="bbox 141 940 960 994; baseline 0.004 -13"><span class='ocrx_word' id='word_1_63' title='bbox 141 940 412 992; x_wconf 81' lang='lat' dir='ltr'>collegerint3</span> <span class='ocrx_word' id='word_1_64' title='bbox 440 942 574 984; x_wconf 77' lang='lat' dir='ltr'>studii</span> <span class='ocrx_word' id='word_1_65' title='bbox 601 942 871 984; x_wconf 81' lang='lat' dir='ltr'>tantumdem</span> <span class='ocrx_word' id='word_1_66' title='bbox 898 944 960 994; x_wconf 89' lang='lat' dir='ltr'>iis,</span> 
     </span>
     <span class='ocr_line' id='line_1_14' title="bbox 142 997 960 1050; baseline 0.002 -12"><span class='ocrx_word' id='word_1_67' title='bbox 142 1009 239 1050; x_wconf 88' lang='lat' dir='ltr'>quae</span> <span class='ocrx_word' id='word_1_68' title='bbox 279 997 395 1039; x_wconf 90' lang='lat' dir='ltr'>dicta</span> <span class='ocrx_word' id='word_1_69' title='bbox 435 998 608 1049; x_wconf 79' lang='lat' dir='ltr'>fuerint,</span> <span class='ocrx_word' id='word_1_70' title='bbox 650 999 960 1050; x_wconf 80' lang='lat' dir='ltr'>auscultandis,</span> 
     </span>
     <span class='ocr_line' id='line_1_15' title="bbox 142 1055 959 1107; baseline 0.004 -13"><span class='ocrx_word' id='word_1_71' title='bbox 142 1058 350 1106; x_wconf 89' lang='lat' dir='ltr'>quantum</span> <span class='ocrx_word' id='word_1_72' title='bbox 378 1055 575 1107; x_wconf 79' lang='lat' dir='ltr'>pecuniis</span> <span class='ocrx_word' id='word_1_73' title='bbox 605 1055 859 1107; x_wconf 85' lang='lat' dir='ltr'>colligendis</span> <span class='ocrx_word' id='word_1_74' title='bbox 886 1057 959 1096; x_wconf 91' lang='lat' dir='ltr'>im-</span> 
     </span>
     <span class='ocr_line' id='line_1_16' title="bbox 139 1110 960 1165; baseline 0.002 -14"><span class='ocrx_word' id='word_1_75' title='bbox 139 1110 388 1162; x_wconf 90' lang='lat' dir='ltr'>pertientes.</span> <span class='ocrx_word' id='word_1_76' title='bbox 414 1111 528 1152; x_wconf 91' lang='lat' dir='ltr'>Nam</span> <span class='ocrx_word' id='word_1_77' title='bbox 547 1113 628 1153; x_wconf 93' lang='lat' dir='ltr'>etsi</span> <span class='ocrx_word' id='word_1_78' title='bbox 643 1117 770 1165; x_wconf 83' lang='lat' dir='ltr'>turpe</span> <span class='ocrx_word' id='word_1_79' title='bbox 787 1113 851 1162; x_wconf 88' lang='lat' dir='ltr'>sit,</span> <span class='ocrx_word' id='word_1_80' title='bbox 873 1126 960 1154; x_wconf 93' lang='lat' dir='ltr'>non</span> 
     </span>
     <span class='ocr_line' id='line_1_17' title="bbox 140 1166 959 1220; baseline 0.004 -13"><span class='ocrx_word' id='word_1_81' title='bbox 140 1166 222 1207; x_wconf 92' lang='lat' dir='ltr'>nisi</span> <span class='ocrx_word' id='word_1_82' title='bbox 239 1171 409 1208; x_wconf 87' lang='lat' dir='ltr'>tantum</span> <span class='ocrx_word' id='word_1_83' title='bbox 428 1167 560 1209; x_wconf 81' lang='lat' dir='ltr'>studii</span> <span class='ocrx_word' id='word_1_84' title='bbox 584 1181 608 1209; x_wconf 92' lang='lat' dir='ltr'>a</span> <span class='ocrx_word' id='word_1_85' title='bbox 627 1168 753 1210; x_wconf 91' lang='lat' dir='ltr'>vobis</span> <span class='ocrx_word' id='word_1_86' title='bbox 774 1171 959 1220; x_wconf 79' lang='lat' dir='ltr'>exigere:</span> 
     </span>
     <span class='ocr_line' id='line_1_18' title="bbox 142 1222 959 1275; baseline 0.002 -11"><span class='ocrx_word' id='word_1_87' title='bbox 142 1222 334 1275; x_wconf 77' lang='lat' dir='ltr'>optabile</span> <span class='ocrx_word' id='word_1_88' title='bbox 353 1228 499 1266; x_wconf 88' lang='lat' dir='ltr'>tamen</span> <span class='ocrx_word' id='word_1_89' title='bbox 519 1225 613 1275; x_wconf 88' lang='lat' dir='ltr'>erit,</span> <span class='ocrx_word' id='word_1_90' title='bbox 638 1225 675 1266; x_wconf 93' lang='lat' dir='ltr'>si</span> <span class='ocrx_word' id='word_1_91' title='bbox 692 1230 861 1266; x_wconf 88' lang='lat' dir='ltr'>tantum</span> <span class='ocrx_word' id='word_1_92' title='bbox 880 1226 959 1266; x_wconf 89' lang='lat' dir='ltr'>sal-</span> 
     </span>
     <span class='ocr_line' id='line_1_19' title="bbox 139 1279 458 1322; baseline 0 -1"><span class='ocrx_word' id='word_1_93' title='bbox 139 1284 229 1321; x_wconf 91' lang='lat' dir='ltr'>tem</span> <span class='ocrx_word' id='word_1_94' title='bbox 246 1279 458 1322; x_wconf 81' lang='lat' dir='ltr'>tribuatis.</span> 
     </span>
    </p>

    <p class='ocr_par' dir='ltr' id='par_1_5' title="bbox 142 1334 961 1445">
     <span class='ocr_line' id='line_1_20' title="bbox 190 1334 960 1406; baseline 0.005 -30"><span class='ocrx_word' id='word_1_95' title='bbox 190 1334 240 1386; x_wconf 71' lang='lat' dir='ltr'>R:-</span> <span class='ocrx_word' id='word_1_96' title='bbox 259 1336 437 1377; x_wconf 91' lang='lat' dir='ltr'>Domini</span> <span class='ocrx_word' id='word_1_97' title='bbox 452 1341 518 1378; x_wconf 89' lang='lat' dir='ltr'>est</span> <span class='ocrx_word' id='word_1_98' title='bbox 531 1341 656 1388; x_wconf 90' lang='lat' dir='ltr'>terra,</span> <span class='ocrx_word' id='word_1_99' title='bbox 677 1343 720 1379; x_wconf 88' lang='lat' dir='ltr'>et</span> <span class='ocrx_word' id='word_1_100' title='bbox 734 1338 960 1406; x_wconf 86' lang='lat' dir='ltr'>plenitudo</span> 
     </span>
     <span class='ocr_line' id='line_1_21' title="bbox 142 1390 961 1445; baseline 0.001 -10"><span class='ocrx_word' id='word_1_101' title='bbox 142 1394 248 1445; x_wconf 89' lang='lat' dir='ltr'>ejus:</span> <span class='ocrx_word' id='word_1_102' title='bbox 266 1390 288 1415; x_wconf 89' lang='lat'>*</span> <span class='ocrx_word' id='word_1_103' title='bbox 312 1392 443 1434; x_wconf 87' lang='lat' dir='ltr'>Orbis</span> <span class='ocrx_word' id='word_1_104' title='bbox 461 1395 689 1443; x_wconf 78' lang='lat' dir='ltr'>terrarum,</span> <span class='ocrx_word' id='word_1_105' title='bbox 710 1399 753 1436; x_wconf 93' lang='lat' dir='ltr'>et</span> <span class='ocrx_word' id='word_1_106' title='bbox 771 1395 961 1436; x_wconf 87' lang='lat' dir='ltr'>universi</span> 
     </span>
    </p>
   </div>
   <div class='ocr_carea' id='block_1_5' title="bbox 143 1443 977 1504">
    <p class='ocr_par' dir='ltr' id='par_1_6' title="bbox 143 1443 977 1504">
     <span class='ocr_line' id='line_1_22' title="bbox 143 1443 977 1504; baseline 0.006 -14"><span class='ocrx_word' id='word_1_107' title='bbox 143 1450 217 1502; x_wconf 93' lang='lat' dir='ltr'>qui</span> <span class='ocrx_word' id='word_1_108' title='bbox 239 1449 471 1491; x_wconf 81' lang='lat' dir='ltr'>habitant</span> <span class='ocrx_word' id='word_1_109' title='bbox 460 1463 503 1490; x_wconf 92' lang='lat' dir='ltr'>1n</span> <span class='ocrx_word' id='word_1_110' title='bbox 528 1462 590 1491; x_wconf 91' lang='lat' dir='ltr'>eo.</span> <span class='ocrx_word' id='word_1_111' title='bbox 626 1443 675 1494; x_wconf 97' lang='lat' dir='ltr'>V</span> <span class='ocrx_word' id='word_1_112' title='bbox 704 1451 805 1503; x_wconf 89' lang='lat' dir='ltr'>Ipse</span> <span class='ocrx_word' id='word_1_113' title='bbox 830 1464 977 1504; x_wconf 81' lang='lat' dir='ltr'>super.</span> 
     </span>
    </p>
   </div>
   <div class='ocr_carea' id='block_1_6' title="bbox 140 1504 960 1660">
    <p class='ocr_par' dir='ltr' id='par_1_7' title="bbox 140 1504 960 1660">
     <span class='ocr_line' id='line_1_23' title="bbox 141 1504 960 1560; baseline 0.004 -14"><span class='ocrx_word' id='word_1_114' title='bbox 141 1506 277 1547; x_wconf 82' lang='lat' dir='ltr'>maria</span> <span class='ocrx_word' id='word_1_115' title='bbox 298 1504 495 1547; x_wconf 78' lang='lat' dir='ltr'>fundavit</span> <span class='ocrx_word' id='word_1_116' title='bbox 520 1518 631 1554; x_wconf 89' lang='lat' dir='ltr'>eam,</span> <span class='ocrx_word' id='word_1_117' title='bbox 660 1512 703 1548; x_wconf 88' lang='lat' dir='ltr'>et</span> <span class='ocrx_word' id='word_1_118' title='bbox 729 1521 861 1560; x_wconf 91' lang='lat' dir='ltr'>super</span> <span class='ocrx_word' id='word_1_119' title='bbox 885 1508 960 1549; x_wconf 78' lang='lat' dir='ltr'>flu-</span> 
     </span>
     <span class='ocr_line' id='line_1_24' title="bbox 140 1562 959 1615; baseline 0.004 -13"><span class='ocrx_word' id='word_1_120' title='bbox 140 1562 256 1603; x_wconf 81' lang='lat' dir='ltr'>mina</span> <span class='ocrx_word' id='word_1_121' title='bbox 268 1562 534 1615; x_wconf 81' lang='lat' dir='ltr'>praeparavit</span> <span class='ocrx_word' id='word_1_122' title='bbox 548 1562 675 1604; x_wconf 89' lang='lat' dir='ltr'>illam.</span> <span class='ocrx_word' id='word_1_123' title='bbox 696 1563 837 1606; x_wconf 84' lang='lat' dir='ltr'>Orbis.</span> <span class='ocrx_word' id='word_1_124' title='bbox 856 1562 959 1605; x_wconf 89' lang='lat' dir='ltr'>Glo-</span> 
     </span>
     <span class='ocr_line' id='line_1_25' title="bbox 140 1617 524 1660; baseline 0.003 -1"><span class='ocrx_word' id='word_1_125' title='bbox 140 1619 204 1660; x_wconf 89' lang='lat' dir='ltr'>ria</span> <span class='ocrx_word' id='word_1_126' title='bbox 220 1618 350 1659; x_wconf 88' lang='lat' dir='ltr'>Patri.</span> <span class='ocrx_word' id='word_1_127' title='bbox 384 1617 524 1660; x_wconf 85' lang='lat' dir='ltr'>Orbis.</span> 
     </span>
    </p>
   </div>
   <div class='ocr_carea' id='block_1_7' title="bbox 353 1669 744 1732">
    <p class='ocr_par' dir='ltr' id='par_1_8' title="bbox 353 1669 744 1732">
     <span class='ocr_line' id='line_1_26' title="bbox 353 1669 744 1732; baseline 0.008 -3"><span class='ocrx_word' id='word_1_128' title='bbox 353 1690 401 1729; x_wconf 91' lang='lat' dir='ltr'>In</span> <span class='ocrx_word' id='word_1_129' title='bbox 425 1691 495 1730; x_wconf 88' lang='lat' dir='ltr'>III.</span> <span class='ocrx_word' id='word_1_130' title='bbox 523 1669 744 1732; x_wconf 41' lang='lat' dir='ltr'>No‘cturno.</span> 
     </span>
    </p>
   </div>
   <div class='ocr_carea' id='block_1_8' title="bbox 138 1757 962 2210">
    <p class='ocr_par' dir='ltr' id='par_1_9' title="bbox 138 1757 962 1929">
     <span class='ocr_line' id='line_1_27' title="bbox 138 1757 962 1810; baseline 0.006 -12"><span class='ocrx_word' id='word_1_131' title='bbox 138 1757 289 1801; x_wconf 81' lang='lat' dir='ltr'>Lectio</span> <span class='ocrx_word' id='word_1_132' title='bbox 316 1759 453 1800; x_wconf 87' lang='lat' dir='ltr'>sancti</span> <span class='ocrx_word' id='word_1_133' title='bbox 472 1759 698 1810; x_wconf 81' lang='lat' dir='ltr'>Evangelii</span> <span class='ocrx_word' id='word_1_134' title='bbox 722 1760 962 1803; x_wconf 79' lang='lat' dir='ltr'>secundum</span> 
     </span>
     <span class='ocr_line' id='line_1_28' title="bbox 440 1815 662 1857; baseline 0 -1"><span class='ocrx_word' id='word_1_135' title='bbox 440 1815 465 1856; x_wconf 90' lang='lat' dir='ltr'>J</span> <span class='ocrx_word' id='word_1_136' title='bbox 467 1818 662 1857; x_wconf 79' lang='lat' dir='ltr'>oannem.</span> 
     </span>
     <span class='ocr_line' id='line_1_29' title="bbox 242 1874 855 1929; baseline 0.005 -14"><span class='ocrx_word' id='word_1_137' title='bbox 242 1874 392 1916; x_wconf 85' lang='lat' dir='ltr'>Lectio</span> <span class='ocrx_word' id='word_1_138' title='bbox 413 1876 480 1916; x_wconf 82' lang='lat' dir='ltr'>vii.</span> <span class='ocrx_word' id='word_1_139' title='bbox 698 1877 798 1929; x_wconf 88' lang='lat' dir='ltr'>Cap.</span> <span class='ocrx_word' id='word_1_140' title='bbox 819 1879 855 1918; x_wconf 85' lang='lat'>2.</span> 
     </span>
    </p>

    <p class='ocr_par' dir='ltr' id='par_1_10' title="bbox 140 1927 960 2034">
     <span class='ocr_line' id='line_1_30' title="bbox 140 1927 960 2034; baseline 0.002 -61"><span class='ocrx_word' id='word_1_141' title='bbox 140 1927 217 2034; x_wconf 87' lang='lat' dir='ltr'>In</span> <span class='ocrx_word' id='word_1_142' title='bbox 252 1932 327 1973; x_wconf 90' lang='lat' dir='ltr'>illo</span> <span class='ocrx_word' id='word_1_143' title='bbox 362 1933 575 1984; x_wconf 89' lang='lat' dir='ltr'>tempore:</span> <span class='ocrx_word' id='word_1_144' title='bbox 618 1932 796 1984; x_wconf 81' lang='lat' dir='ltr'>Nuptiae</span> <span class='ocrx_word' id='word_1_145' title='bbox 833 1933 960 1975; x_wconf 88' lang='lat' dir='ltr'>factae</span> 
     </span>
    </p>

    <p class='ocr_par' dir='ltr' id='par_1_11' title="bbox 140 1987 962 2210">
     <span class='ocr_line' id='line_1_31' title="bbox 210 1987 960 2038; baseline 0.001 -8"><span class='ocrx_word' id='word_1_146' title='bbox 210 1993 310 2030; x_wconf 90' lang='lat' dir='ltr'>sunt</span> <span class='ocrx_word' id='word_1_147' title='bbox 337 1988 382 2029; x_wconf 92' lang='lat' dir='ltr'>in</span> <span class='ocrx_word' id='word_1_148' title='bbox 409 1988 527 2029; x_wconf 88' lang='lat' dir='ltr'>Cana</span> <span class='ocrx_word' id='word_1_149' title='bbox 555 1987 764 2038; x_wconf 76' lang='lat' dir='ltr'>Galilaeae,</span> <span class='ocrx_word' id='word_1_150' title='bbox 796 1994 838 2031; x_wconf 89' lang='lat' dir='ltr'>et</span> <span class='ocrx_word' id='word_1_151' title='bbox 868 1995 960 2032; x_wconf 89' lang='lat' dir='ltr'>erat</span> 
     </span>
     <span class='ocr_line' id='line_1_32' title="bbox 140 2044 962 2088; baseline 0.004 -3"><span class='ocrx_word' id='word_1_152' title='bbox 140 2050 278 2087; x_wconf 87' lang='lat' dir='ltr'>mater</span> <span class='ocrx_word' id='word_1_153' title='bbox 296 2045 321 2086; x_wconf 87' lang='lat' dir='ltr'><strong>J</strong></span> <span class='ocrx_word' id='word_1_154' title='bbox 323 2057 400 2086; x_wconf 89' lang='lat' dir='ltr'>esu</span> <span class='ocrx_word' id='word_1_155' title='bbox 418 2044 489 2086; x_wconf 91' lang='lat' dir='ltr'>ibi.</span> <span class='ocrx_word' id='word_1_156' title='bbox 515 2045 713 2086; x_wconf 77' lang='lat' dir='ltr'>Vocatus</span> <span class='ocrx_word' id='word_1_157' title='bbox 733 2049 799 2087; x_wconf 91' lang='lat' dir='ltr'>est</span> <span class='ocrx_word' id='word_1_158' title='bbox 818 2051 962 2088; x_wconf 90' lang='lat' dir='ltr'>autem</span> 
     </span>
     <span class='ocr_line' id='line_1_33' title="bbox 142 2100 960 2154; baseline 0.001 -11"><span class='ocrx_word' id='word_1_159' title='bbox 142 2105 186 2143; x_wconf 89' lang='lat' dir='ltr'>et</span> <span class='ocrx_word' id='word_1_160' title='bbox 209 2101 234 2142; x_wconf 92' lang='lat' dir='ltr'><strong>J</strong></span> <span class='ocrx_word' id='word_1_161' title='bbox 236 2114 352 2151; x_wconf 92' lang='lat' dir='ltr'>esus,</span> <span class='ocrx_word' id='word_1_162' title='bbox 385 2106 429 2143; x_wconf 93' lang='lat' dir='ltr'>et</span> <span class='ocrx_word' id='word_1_163' title='bbox 457 2100 656 2154; x_wconf 91' lang='lat' dir='ltr'>discipuli</span> <span class='ocrx_word' id='word_1_164' title='bbox 685 2102 775 2153; x_wconf 92' lang='lat' dir='ltr'>ejus</span> <span class='ocrx_word' id='word_1_165' title='bbox 803 2101 860 2143; x_wconf 91' lang='lat' dir='ltr'>ad</span> <span class='ocrx_word' id='word_1_166' title='bbox 886 2106 960 2144; x_wconf 80' lang='lat' dir='ltr'>mi-</span> 
     </span>
     <span class='ocr_line' id='line_1_34' title="bbox 140 2157 543 2210; baseline 0 -12"><span class='ocrx_word' id='word_1_167' title='bbox 140 2157 264 2210; x_wconf 88' lang='lat' dir='ltr'>ptias.</span> <span class='ocrx_word' id='word_1_168' title='bbox 292 2158 348 2198; x_wconf 88' lang='lat' dir='ltr'>Et</span> <span class='ocrx_word' id='word_1_169' title='bbox 367 2157 543 2210; x_wconf 89' lang='lat' dir='ltr'>reliqua.</span> 
     </span>
    </p>
   </div>
   <div class='ocr_carea' id='block_1_9' title="bbox 143 2230 962 2680">
    <p class='ocr_par' dir='ltr' id='par_1_12' title="bbox 143 2230 962 2680">
     <span class='ocr_line' id='line_1_35' title="bbox 245 2230 860 2282; baseline 0.003 -12"><span class='ocrx_word' id='word_1_170' title='bbox 245 2230 435 2272; x_wconf 88' lang='lat' dir='ltr'>Homilia</span> <span class='ocrx_word' id='word_1_171' title='bbox 463 2231 601 2271; x_wconf 87' lang='lat' dir='ltr'>sancti</span> <span class='ocrx_word' id='word_1_172' title='bbox 628 2230 860 2282; x_wconf 84' lang='lat' dir='ltr'>Augustini</span> 
     </span>
     <span class='ocr_line' id='line_1_36' title="bbox 438 2287 659 2339; baseline 0 -12"><span class='ocrx_word' id='word_1_173' title='bbox 438 2287 659 2339; x_wconf 81' lang='lat' dir='ltr'>Episcopi.</span> 
     </span>
     <span class='ocr_line' id='line_1_37' title="bbox 170 2345 927 2391; baseline 0.004 -12"><span class='ocrx_word' id='word_1_174' title='bbox 170 2345 292 2380; x_wconf 84' lang='lat' dir='ltr'>Tract.</span> <span class='ocrx_word' id='word_1_175' title='bbox 317 2348 347 2381; x_wconf 85' lang='lat'>9.</span> <span class='ocrx_word' id='word_1_176' title='bbox 374 2347 412 2380; x_wconf 90' lang='lat' dir='ltr'>in</span> <span class='ocrx_word' id='word_1_177' title='bbox 435 2347 633 2390; x_wconf 81' lang='lat' dir='ltr'>Joannem,</span> <span class='ocrx_word' id='word_1_178' title='bbox 657 2354 746 2391; x_wconf 85' lang='lat' dir='ltr'>post</span> <span class='ocrx_word' id='word_1_179' title='bbox 770 2348 927 2382; x_wconf 89' lang='lat' dir='ltr'>initium.</span> 
     </span>
     <span class='ocr_line' id='line_1_38' title="bbox 143 2403 962 2453; baseline 0.005 -11"><span class='ocrx_word' id='word_1_180' title='bbox 143 2410 146 2453; x_wconf 64' lang='grc' dir='ltr'>ξ</span> <span class='ocrx_word' id='word_1_181' title='bbox 293 2403 351 2445; x_wconf 91' lang='lat' dir='ltr'>od</span> <span class='ocrx_word' id='word_1_182' title='bbox 374 2403 588 2445; x_wconf 82' lang='lat' dir='ltr'>Dominus</span> <span class='ocrx_word' id='word_1_183' title='bbox 611 2404 818 2446; x_wconf 79' lang='lat' dir='ltr'>invitatus</span> <span class='ocrx_word' id='word_1_184' title='bbox 843 2404 962 2446; x_wconf 90' lang='lat' dir='ltr'>venit</span> 
     </span>
     <span class='ocr_line' id='line_1_39' title="bbox 169 2453 962 2516; baseline -0.001 -14"><span class='ocrx_word' id='word_1_185' title='bbox 169 2453 220 2508; x_wconf 44' lang='lat'>‚121⁸</span> <span class='ocrx_word' id='word_1_186' title='bbox 252 2505 260 2516; x_wconf 3' lang='lat' dir='ltr'>p,</span> <span class='ocrx_word' id='word_1_187' title='bbox 281 2459 337 2501; x_wconf 88' lang='lat' dir='ltr'>ad</span> <span class='ocrx_word' id='word_1_188' title='bbox 374 2460 566 2513; x_wconf 81' lang='lat' dir='ltr'>nuptias,</span> <span class='ocrx_word' id='word_1_189' title='bbox 612 2460 742 2501; x_wconf 89' lang='lat' dir='ltr'>etiam</span> <span class='ocrx_word' id='word_1_190' title='bbox 778 2462 962 2512; x_wconf 81' lang='lat' dir='ltr'>excepta</span> 
     </span>
     <span class='ocr_line' id='line_1_40' title="bbox 144 2516 960 2568; baseline 0.001 -13"><span class='ocrx_word' id='word_1_191' title='bbox 144 2518 197 2539; x_wconf 23' lang='grc' dir='ltr'>μ’)</span> <span class='ocrx_word' id='word_1_192' title='bbox 216 2538 223 2539; x_wconf 28' lang='lat' dir='ltr'><em>ff</em></span> <span class='ocrx_word' id='word_1_193' title='bbox 280 2517 464 2567; x_wconf 73' lang='lat' dir='ltr'>mystica</span> <span class='ocrx_word' id='word_1_194' title='bbox 494 2516 823 2568; x_wconf 86' lang='lat' dir='ltr'>significatione,</span> <span class='ocrx_word' id='word_1_195' title='bbox 862 2529 960 2557; x_wconf 92' lang='lat' dir='ltr'>con-</span> 
     </span>
     <span class='ocr_line' id='line_1_41' title="bbox 143 2570 960 2625; baseline 0.002 -15"><span class='ocrx_word' id='word_1_196' title='bbox 143 2570 317 2612; x_wconf 81' lang='lat' dir='ltr'>firmare</span> <span class='ocrx_word' id='word_1_197' title='bbox 335 2572 487 2622; x_wconf 88' lang='lat' dir='ltr'>voluit,</span> <span class='ocrx_word' id='word_1_198' title='bbox 514 2572 632 2625; x_wconf 91' lang='lat' dir='ltr'>quod</span> <span class='ocrx_word' id='word_1_199' title='bbox 650 2573 744 2625; x_wconf 89' lang='lat' dir='ltr'>ipse</span> <span class='ocrx_word' id='word_1_200' title='bbox 764 2573 867 2614; x_wconf 87' lang='lat' dir='ltr'>fecit</span> <span class='ocrx_word' id='word_1_201' title='bbox 886 2575 960 2612; x_wconf 80' lang='lat' dir='ltr'>nu-</span> 
     </span>
     <span class='ocr_line' id='line_1_42' title="bbox 143 2626 959 2680; baseline 0.002 -14"><span class='ocrx_word' id='word_1_202' title='bbox 143 2626 268 2678; x_wconf 89' lang='lat' dir='ltr'>ptias.</span> <span class='ocrx_word' id='word_1_203' title='bbox 304 2627 456 2669; x_wconf 83' lang='lat' dir='ltr'>Futuri</span> <span class='ocrx_word' id='word_1_204' title='bbox 482 2629 597 2670; x_wconf 91' lang='lat' dir='ltr'>enim</span> <span class='ocrx_word' id='word_1_205' title='bbox 621 2634 759 2678; x_wconf 90' lang='lat' dir='ltr'>erant,</span> <span class='ocrx_word' id='word_1_206' title='bbox 788 2628 842 2670; x_wconf 93' lang='lat' dir='ltr'>de</span> <span class='ocrx_word' id='word_1_207' title='bbox 871 2628 959 2680; x_wconf 92' lang='lat' dir='ltr'>qui-</span> 
     </span>
    </p>
   </div>
   <div class='ocr_carea' id='block_1_10' title="bbox 143 2682 1829 2792">
    <p class='ocr_par' dir='ltr' id='par_1_13' title="bbox 143 2682 1829 2792">
     <span class='ocr_line' id='line_1_43' title="bbox 143 2682 1829 2792; baseline 0.004 -35"><span class='ocrx_word' id='word_1_208' title='bbox 143 2682 225 2723; x_wconf 69' lang='lat' dir='ltr'>bus</span> <span class='ocrx_word' id='word_1_209' title='bbox 251 2682 359 2724; x_wconf 63' lang='lat' dir='ltr'>dunt</span> <span class='ocrx_word' id='word_1_210' title='bbox 388 2684 651 2737; x_wconf 63' lang='lat' dir='ltr'>Aposmlus&#39;</span> <span class='ocrx_word' id='word_1_211' title='bbox 678 2685 960 2737; x_wconf 77' lang='lat' dir='ltr'>prohibentes</span> <span class='ocrx_word' id='word_1_212' title='bbox 983 2701 1164 2792; x_wconf 59' lang='lat' dir='ltr'>&#39;iugalis</span> <span class='ocrx_word' id='word_1_213' title='bbox 1178 2741 1355 2782; x_wconf 82' lang='lat' dir='ltr'>castitas</span> <span class='ocrx_word' id='word_1_214' title='bbox 1369 2740 1623 2788; x_wconf 89' lang='lat' dir='ltr'>firmaretur,</span> <span class='ocrx_word' id='word_1_215' title='bbox 1639 2742 1681 2779; x_wconf 86' lang='lat' dir='ltr'>et</span> <span class='ocrx_word' id='word_1_216' title='bbox 1695 2741 1829 2779; x_wconf 90' lang='lat' dir='ltr'>osten-</span> 
     </span>
    </p>
   </div>
   <div class='ocr_carea' id='block_1_11' title="bbox 142 2738 961 2793">
    <p class='ocr_par' dir='ltr' id='par_1_14' title="bbox 142 2738 961 2793">
     <span class='ocr_line' id='line_1_44' title="bbox 142 2738 961 2793; baseline 0.002 -14"><span class='ocrx_word' id='word_1_217' title='bbox 142 2738 324 2788; x_wconf 81' lang='lat' dir='ltr'>nubere,</span> <span class='ocrx_word' id='word_1_218' title='bbox 357 2744 401 2781; x_wconf 90' lang='lat' dir='ltr'>et</span> <span class='ocrx_word' id='word_1_219' title='bbox 431 2740 624 2782; x_wconf 89' lang='lat' dir='ltr'>dicentes</span> <span class='ocrx_word' id='word_1_220' title='bbox 653 2741 774 2793; x_wconf 92' lang='lat' dir='ltr'>quod</span> <span class='ocrx_word' id='word_1_221' title='bbox 800 2740 961 2782; x_wconf 90' lang='lat' dir='ltr'>malum</span> 
     </span>
    </p>
   </div>
   <div class='ocr_carea' id='block_1_12' title="bbox 1011 324 1881 2346">
    <p class='ocr_par' dir='ltr' id='par_1_15' title="bbox 1011 324 1832 829">
     <span class='ocr_line' id='line_1_45' title="bbox 1012 324 1831 377; baseline 0.007 -15"><span class='ocrx_word' id='word_1_222' title='bbox 1012 327 1158 364; x_wconf 84' lang='lat' dir='ltr'>essent</span> <span class='ocrx_word' id='word_1_223' title='bbox 1184 324 1368 376; x_wconf 78' lang='lat' dir='ltr'>nuptiae,</span> <span class='ocrx_word' id='word_1_224' title='bbox 1407 330 1451 366; x_wconf 93' lang='lat' dir='ltr'>et</span> <span class='ocrx_word' id='word_1_225' title='bbox 1483 326 1602 377; x_wconf 90' lang='lat' dir='ltr'>quod</span> <span class='ocrx_word' id='word_1_226' title='bbox 1631 326 1831 368; x_wconf 76' lang='lat' dir='ltr'>diabolus</span> 
     </span>
     <span class='ocr_line' id='line_1_46' title="bbox 1012 379 1831 425; baseline 0.006 -5"><span class='ocrx_word' id='word_1_227' title='bbox 1012 391 1086 420; x_wconf 88' lang='lat' dir='ltr'>eas</span> <span class='ocrx_word' id='word_1_228' title='bbox 1118 379 1307 421; x_wconf 83' lang='lat' dir='ltr'>fecisset:</span> <span class='ocrx_word' id='word_1_229' title='bbox 1340 393 1439 422; x_wconf 89' lang='lat' dir='ltr'>cum</span> <span class='ocrx_word' id='word_1_230' title='bbox 1471 381 1586 423; x_wconf 91' lang='lat' dir='ltr'>idem</span> <span class='ocrx_word' id='word_1_231' title='bbox 1617 383 1831 425; x_wconf 86' lang='lat' dir='ltr'>Dominus</span> 
     </span>
     <span class='ocr_line' id='line_1_47' title="bbox 1012 435 1831 491; baseline 0.007 -15"><span class='ocrx_word' id='word_1_232' title='bbox 1012 435 1129 477; x_wconf 91' lang='lat' dir='ltr'>dicat</span> <span class='ocrx_word' id='word_1_233' title='bbox 1167 437 1211 476; x_wconf 89' lang='lat' dir='ltr'>in</span> <span class='ocrx_word' id='word_1_234' title='bbox 1246 437 1484 489; x_wconf 87' lang='lat' dir='ltr'>Evangelio</span> <span class='ocrx_word' id='word_1_235' title='bbox 1527 439 1831 491; x_wconf 80' lang='lat' dir='ltr'>interrogatus,</span> 
     </span>
     <span class='ocr_line' id='line_1_48' title="bbox 1011 492 1831 538; baseline 0.006 -5"><span class='ocrx_word' id='word_1_236' title='bbox 1011 497 1156 534; x_wconf 90' lang='lat' dir='ltr'>utrum</span> <span class='ocrx_word' id='word_1_237' title='bbox 1213 492 1342 534; x_wconf 89' lang='lat' dir='ltr'>liceat</span> <span class='ocrx_word' id='word_1_238' title='bbox 1396 494 1559 535; x_wconf 91' lang='lat' dir='ltr'>homini</span> <span class='ocrx_word' id='word_1_239' title='bbox 1615 495 1831 538; x_wconf 89' lang='lat' dir='ltr'>dimittere</span> 
     </span>
     <span class='ocr_line' id='line_1_49' title="bbox 1011 550 1832 602; baseline 0.006 -13"><span class='ocrx_word' id='word_1_240' title='bbox 1011 550 1192 590; x_wconf 81' lang='lat' dir='ltr'>uxorem</span> <span class='ocrx_word' id='word_1_241' title='bbox 1220 562 1342 590; x_wconf 89' lang='lat' dir='ltr'>suam</span> <span class='ocrx_word' id='word_1_242' title='bbox 1379 563 1433 591; x_wconf 82' lang='lat' dir='ltr'>ex</span> <span class='ocrx_word' id='word_1_243' title='bbox 1466 551 1659 602; x_wconf 79' lang='lat' dir='ltr'>qualibet</span> <span class='ocrx_word' id='word_1_244' title='bbox 1691 565 1832 602; x_wconf 89' lang='lat' dir='ltr'>causa,</span> 
     </span>
     <span class='ocr_line' id='line_1_50' title="bbox 1011 605 1831 658; baseline 0.005 -13"><span class='ocrx_word' id='word_1_245' title='bbox 1011 617 1100 646; x_wconf 93' lang='lat' dir='ltr'>non</span> <span class='ocrx_word' id='word_1_246' title='bbox 1118 605 1263 657; x_wconf 92' lang='lat' dir='ltr'>licere,</span> <span class='ocrx_word' id='word_1_247' title='bbox 1290 608 1474 658; x_wconf 81' lang='lat' dir='ltr'>excepta</span> <span class='ocrx_word' id='word_1_248' title='bbox 1497 620 1629 648; x_wconf 88' lang='lat' dir='ltr'>causa</span> <span class='ocrx_word' id='word_1_249' title='bbox 1651 609 1831 650; x_wconf 88' lang='lat' dir='ltr'>fornica-</span> 
     </span>
     <span class='ocr_line' id='line_1_51' title="bbox 1011 662 1832 715; baseline 0.005 -13"><span class='ocrx_word' id='word_1_250' title='bbox 1011 662 1152 703; x_wconf 83' lang='lat' dir='ltr'>tionis.</span> <span class='ocrx_word' id='word_1_251' title='bbox 1186 663 1237 702; x_wconf 87' lang='lat' dir='ltr'>In</span> <span class='ocrx_word' id='word_1_252' title='bbox 1261 675 1346 714; x_wconf 92' lang='lat' dir='ltr'>qua</span> <span class='ocrx_word' id='word_1_253' title='bbox 1364 664 1662 715; x_wconf 85' lang='lat' dir='ltr'>responsione,</span> <span class='ocrx_word' id='word_1_254' title='bbox 1692 665 1729 705; x_wconf 92' lang='lat' dir='ltr'>si</span> <span class='ocrx_word' id='word_1_255' title='bbox 1747 678 1832 706; x_wconf 90' lang='lat' dir='ltr'>me—</span> 
     </span>
     <span class='ocr_line' id='line_1_52' title="bbox 1012 719 1831 770; baseline 0.006 -12"><span class='ocrx_word' id='word_1_256' title='bbox 1012 719 1213 768; x_wconf 88' lang='lat' dir='ltr'>ministis,</span> <span class='ocrx_word' id='word_1_257' title='bbox 1240 719 1325 760; x_wconf 92' lang='lat' dir='ltr'>hoc</span> <span class='ocrx_word' id='word_1_258' title='bbox 1344 719 1417 761; x_wconf 89' lang='lat' dir='ltr'>ait:</span> <span class='ocrx_word' id='word_1_259' title='bbox 1447 720 1576 770; x_wconf 87' lang='lat' dir='ltr'>Quod</span> <span class='ocrx_word' id='word_1_260' title='bbox 1594 721 1714 762; x_wconf 94' lang='lat' dir='ltr'>Deus</span> <span class='ocrx_word' id='word_1_261' title='bbox 1734 734 1831 762; x_wconf 92' lang='lat' dir='ltr'>con-</span> 
     </span>
     <span class='ocr_line' id='line_1_53' title="bbox 1011 775 1620 829; baseline 0.005 -14"><span class='ocrx_word' id='word_1_262' title='bbox 1011 775 1158 827; x_wconf 80' lang='lat' dir='ltr'>junxit,</span> <span class='ocrx_word' id='word_1_263' title='bbox 1176 775 1308 817; x_wconf 93' lang='lat' dir='ltr'>homo</span> <span class='ocrx_word' id='word_1_264' title='bbox 1329 788 1417 816; x_wconf 92' lang='lat' dir='ltr'>non</span> <span class='ocrx_word' id='word_1_265' title='bbox 1436 778 1620 829; x_wconf 90' lang='lat' dir='ltr'>separet.</span> 
     </span>
    </p>

    <p class='ocr_par' dir='ltr' id='par_1_16' title="bbox 1011 832 1881 1054">
     <span class='ocr_line' id='line_1_54' title="bbox 1066 832 1830 885; baseline 0.004 -13"><span class='ocrx_word' id='word_1_266' title='bbox 1066 834 1115 885; x_wconf 93' lang='lat' dir='ltr'>R.</span> <span class='ocrx_word' id='word_1_267' title='bbox 1132 832 1203 873; x_wconf 89' lang='lat' dir='ltr'>Ad</span> <span class='ocrx_word' id='word_1_268' title='bbox 1223 837 1267 873; x_wconf 92' lang='lat' dir='ltr'>te</span> <span class='ocrx_word' id='word_1_269' title='bbox 1281 832 1469 875; x_wconf 91' lang='lat' dir='ltr'>Domine</span> <span class='ocrx_word' id='word_1_270' title='bbox 1489 833 1630 874; x_wconf 82' lang='lat' dir='ltr'>levavi</span> <span class='ocrx_word' id='word_1_271' title='bbox 1647 835 1830 875; x_wconf 86' lang='lat' dir='ltr'>animam</span> 
     </span>
     <span class='ocr_line' id='line_1_55' title="bbox 1011 888 1881 941; baseline 0.006 -13"><span class='ocrx_word' id='word_1_272' title='bbox 1011 901 1168 929; x_wconf 88' lang='lat' dir='ltr'>meam:</span> <span class='ocrx_word' id='word_1_273' title='bbox 1191 892 1213 914; x_wconf 88' lang='lat'>*</span> <span class='ocrx_word' id='word_1_274' title='bbox 1230 888 1350 929; x_wconf 93' lang='lat' dir='ltr'>Deus</span> <span class='ocrx_word' id='word_1_275' title='bbox 1373 902 1496 931; x_wconf 90' lang='lat' dir='ltr'>meus</span> <span class='ocrx_word' id='word_1_276' title='bbox 1515 890 1559 930; x_wconf 93' lang='lat' dir='ltr'>in</span> <span class='ocrx_word' id='word_1_277' title='bbox 1582 895 1625 932; x_wconf 91' lang='lat' dir='ltr'>te</span> <span class='ocrx_word' id='word_1_278' title='bbox 1645 891 1831 941; x_wconf 89' lang='lat' dir='ltr'>confido,</span> <span class='ocrx_word' id='word_1_279' title='bbox 1880 923 1881 926; x_wconf 19' lang='grc' dir='ltr'>η</span> 
     </span>
     <span class='ocr_line' id='line_1_56' title="bbox 1012 943 1832 994; baseline 0.005 -9"><span class='ocrx_word' id='word_1_280' title='bbox 1012 957 1100 986; x_wconf 92' lang='lat' dir='ltr'>non</span> <span class='ocrx_word' id='word_1_281' title='bbox 1132 944 1396 986; x_wconf 83' lang='lat' dir='ltr'>erubescam.</span> <span class='ocrx_word' id='word_1_282' title='bbox 1451 943 1499 994; x_wconf 60' lang='lat' dir='ltr'>Y.</span> <span class='ocrx_word' id='word_1_283' title='bbox 1533 947 1715 989; x_wconf 87' lang='lat' dir='ltr'>Custodi</span> <span class='ocrx_word' id='word_1_284' title='bbox 1748 948 1832 988; x_wconf 79' lang='lat' dir='ltr'>ani-</span> 
     </span>
     <span class='ocr_line' id='line_1_57' title="bbox 1012 1003 1775 1054; baseline 0.005 -13"><span class='ocrx_word' id='word_1_285' title='bbox 1012 1014 1127 1042; x_wconf 86' lang='lat' dir='ltr'>mam</span> <span class='ocrx_word' id='word_1_286' title='bbox 1146 1013 1302 1051; x_wconf 89' lang='lat' dir='ltr'>meam,</span> <span class='ocrx_word' id='word_1_287' title='bbox 1329 1007 1371 1043; x_wconf 90' lang='lat' dir='ltr'>et</span> <span class='ocrx_word' id='word_1_288' title='bbox 1392 1003 1510 1054; x_wconf 92' lang='lat' dir='ltr'>eripe</span> <span class='ocrx_word' id='word_1_289' title='bbox 1529 1016 1608 1044; x_wconf 92' lang='lat' dir='ltr'>me.</span> <span class='ocrx_word' id='word_1_290' title='bbox 1644 1004 1775 1045; x_wconf 91' lang='lat' dir='ltr'>Deus.</span> 
     </span>
    </p>

    <p class='ocr_par' dir='ltr' id='par_1_17' title="bbox 1294 1065 1551 1106">
     <span class='ocr_line' id='line_1_58' title="bbox 1294 1065 1551 1106; baseline 0.004 -2"><span class='ocrx_word' id='word_1_291' title='bbox 1294 1065 1447 1106; x_wconf 87' lang='lat' dir='ltr'>Lectio</span> <span class='ocrx_word' id='word_1_292' title='bbox 1468 1066 1551 1105; x_wconf 73' lang='lat' dir='ltr'>viii.</span> 
     </span>
    </p>

    <p class='ocr_par' dir='ltr' id='par_1_18' title="bbox 1093 1120 1832 1171">
     <span class='ocr_line' id='line_1_59' title="bbox 1093 1120 1832 1171; baseline 0.003 -11"><span class='ocrx_word' id='word_1_293' title='bbox 1093 1124 1111 1160; x_wconf 93' lang='lat' dir='ltr'>t</span> <span class='ocrx_word' id='word_1_294' title='bbox 1135 1121 1208 1171; x_wconf 91' lang='lat' dir='ltr'>qui</span> <span class='ocrx_word' id='word_1_295' title='bbox 1231 1121 1343 1162; x_wconf 92' lang='lat' dir='ltr'>bene</span> <span class='ocrx_word' id='word_1_296' title='bbox 1372 1120 1529 1162; x_wconf 88' lang='lat' dir='ltr'>eruditi</span> <span class='ocrx_word' id='word_1_297' title='bbox 1554 1125 1654 1162; x_wconf 91' lang='lat' dir='ltr'>sunt</span> <span class='ocrx_word' id='word_1_298' title='bbox 1678 1121 1721 1161; x_wconf 94' lang='lat' dir='ltr'>in</span> <span class='ocrx_word' id='word_1_299' title='bbox 1746 1120 1832 1162; x_wconf 92' lang='lat' dir='ltr'>fide</span> 
     </span>
    </p>

    <p class='ocr_par' dir='ltr' id='par_1_19' title="bbox 1012 1176 1833 1963">
     <span class='ocr_line' id='line_1_60' title="bbox 1097 1176 1830 1228; baseline 0 -11"><span class='ocrx_word' id='word_1_300' title='bbox 1097 1176 1310 1218; x_wconf 89' lang='lat' dir='ltr'>catholica</span> <span class='ocrx_word' id='word_1_301' title='bbox 1330 1178 1554 1226; x_wconf 84' lang='lat' dir='ltr'>noverunt,</span> <span class='ocrx_word' id='word_1_302' title='bbox 1574 1176 1693 1228; x_wconf 90' lang='lat' dir='ltr'>quod</span> <span class='ocrx_word' id='word_1_303' title='bbox 1711 1177 1830 1218; x_wconf 93' lang='lat' dir='ltr'>Deus</span> 
     </span>
     <span class='ocr_line' id='line_1_61' title="bbox 1012 1233 1831 1285; baseline 0.001 -12"><span class='ocrx_word' id='word_1_304' title='bbox 1012 1233 1162 1281; x_wconf 77' lang='lat' dir='ltr'>fecerit</span> <span class='ocrx_word' id='word_1_305' title='bbox 1180 1233 1369 1285; x_wconf 81' lang='lat' dir='ltr'>nuptias:</span> <span class='ocrx_word' id='word_1_306' title='bbox 1394 1233 1568 1274; x_wconf 89' lang='lat' dir='ltr'>et·sicut</span> <span class='ocrx_word' id='word_1_307' title='bbox 1587 1233 1831 1284; x_wconf 82' lang='lat' dir='ltr'>conjunctio</span> 
     </span>
     <span class='ocr_line' id='line_1_62' title="bbox 1014 1289 1831 1339; baseline 0 -9"><span class='ocrx_word' id='word_1_308' title='bbox 1014 1302 1038 1330; x_wconf 91' lang='lat' dir='ltr'>a</span> <span class='ocrx_word' id='word_1_309' title='bbox 1056 1290 1170 1339; x_wconf 89' lang='lat' dir='ltr'>Deo,</span> <span class='ocrx_word' id='word_1_310' title='bbox 1190 1290 1251 1331; x_wconf 92' lang='lat' dir='ltr'>ita</span> <span class='ocrx_word' id='word_1_311' title='bbox 1271 1289 1505 1330; x_wconf 87' lang='lat' dir='ltr'>divortium</span> <span class='ocrx_word' id='word_1_312' title='bbox 1524 1302 1548 1330; x_wconf 90' lang='lat' dir='ltr'>a</span> <span class='ocrx_word' id='word_1_313' title='bbox 1568 1289 1744 1330; x_wconf 80' lang='lat' dir='ltr'>diabolo</span> <span class='ocrx_word' id='word_1_314' title='bbox 1765 1289 1831 1330; x_wconf 88' lang='lat' dir='ltr'>sit.</span> 
     </span>
     <span class='ocr_line' id='line_1_63' title="bbox 1012 1345 1831 1398; baseline -0.002 -11"><span class='ocrx_word' id='word_1_315' title='bbox 1012 1345 1099 1387; x_wconf 87' lang='lat' dir='ltr'>Sed</span> <span class='ocrx_word' id='word_1_316' title='bbox 1117 1348 1352 1398; x_wconf 88' lang='lat' dir='ltr'>propterea</span> <span class='ocrx_word' id='word_1_317' title='bbox 1375 1346 1419 1386; x_wconf 92' lang='lat' dir='ltr'>in</span> <span class='ocrx_word' id='word_1_318' title='bbox 1439 1359 1568 1387; x_wconf 91' lang='lat' dir='ltr'>causa</span> <span class='ocrx_word' id='word_1_319' title='bbox 1587 1345 1831 1386; x_wconf 89' lang='lat' dir='ltr'>fornicatio-</span> 
     </span>
     <span class='ocr_line' id='line_1_64' title="bbox 1012 1401 1832 1453; baseline -0.001 -10"><span class='ocrx_word' id='word_1_320' title='bbox 1012 1402 1079 1443; x_wconf 93' lang='lat' dir='ltr'>nis</span> <span class='ocrx_word' id='word_1_321' title='bbox 1111 1402 1212 1443; x_wconf 90' lang='lat' dir='ltr'>licet</span> <span class='ocrx_word' id='word_1_322' title='bbox 1241 1404 1422 1443; x_wconf 81' lang='lat' dir='ltr'>uxorem</span> <span class='ocrx_word' id='word_1_323' title='bbox 1460 1402 1691 1443; x_wconf 89' lang='lat' dir='ltr'>dimittere:</span> <span class='ocrx_word' id='word_1_324' title='bbox 1733 1401 1832 1453; x_wconf 89' lang='lat' dir='ltr'>quia</span> 
     </span>
     <span class='ocr_line' id='line_1_65' title="bbox 1013 1458 1831 1511; baseline -0.001 -12"><span class='ocrx_word' id='word_1_325' title='bbox 1013 1459 1109 1510; x_wconf 89' lang='lat' dir='ltr'>ipsa</span> <span class='ocrx_word' id='word_1_326' title='bbox 1138 1471 1233 1500; x_wconf 92' lang='lat' dir='ltr'>esse</span> <span class='ocrx_word' id='word_1_327' title='bbox 1261 1471 1371 1499; x_wconf 82' lang='lat' dir='ltr'>uxor</span> <span class='ocrx_word' id='word_1_328' title='bbox 1398 1459 1518 1511; x_wconf 90' lang='lat' dir='ltr'>prior</span> <span class='ocrx_word' id='word_1_329' title='bbox 1541 1458 1698 1507; x_wconf 86' lang='lat' dir='ltr'>noluit,</span> <span class='ocrx_word' id='word_1_330' title='bbox 1734 1470 1831 1510; x_wconf 86' lang='lat' dir='ltr'>quae</span> 
     </span>
     <span class='ocr_line' id='line_1_66' title="bbox 1013 1514 1832 1567; baseline -0.001 -12"><span class='ocrx_word' id='word_1_331' title='bbox 1013 1514 1144 1556; x_wconf 92' lang='lat' dir='ltr'>fidem</span> <span class='ocrx_word' id='word_1_332' title='bbox 1167 1515 1436 1567; x_wconf 77' lang='lat' dir='ltr'>conjugalem</span> <span class='ocrx_word' id='word_1_333' title='bbox 1460 1516 1615 1556; x_wconf 88' lang='lat' dir='ltr'>marito</span> <span class='ocrx_word' id='word_1_334' title='bbox 1635 1527 1722 1555; x_wconf 92' lang='lat' dir='ltr'>non</span> <span class='ocrx_word' id='word_1_335' title='bbox 1746 1527 1832 1555; x_wconf 91' lang='lat' dir='ltr'>ser-</span> 
     </span>
     <span class='ocr_line' id='line_1_67' title="bbox 1015 1571 1833 1623; baseline 0 -12"><span class='ocrx_word' id='word_1_336' title='bbox 1015 1572 1142 1612; x_wconf 80' lang='lat' dir='ltr'>vavit.</span> <span class='ocrx_word' id='word_1_337' title='bbox 1177 1571 1271 1613; x_wconf 89' lang='lat' dir='ltr'>Nec</span> <span class='ocrx_word' id='word_1_338' title='bbox 1294 1571 1397 1622; x_wconf 88' lang='lat' dir='ltr'>illae,</span> <span class='ocrx_word' id='word_1_339' title='bbox 1425 1584 1522 1623; x_wconf 88' lang='lat' dir='ltr'>quae</span> <span class='ocrx_word' id='word_1_340' title='bbox 1541 1571 1833 1623; x_wconf 79' lang='lat' dir='ltr'>Virginitatem</span> 
     </span>
     <span class='ocr_line' id='line_1_68' title="bbox 1012 1627 1832 1680; baseline -0.001 -11"><span class='ocrx_word' id='word_1_341' title='bbox 1012 1628 1109 1670; x_wconf 94' lang='lat' dir='ltr'>Deo</span> <span class='ocrx_word' id='word_1_342' title='bbox 1143 1632 1320 1677; x_wconf 91' lang='lat' dir='ltr'>vovent,</span> <span class='ocrx_word' id='word_1_343' title='bbox 1357 1641 1620 1680; x_wconf 90' lang='lat' dir='ltr'>quamquam</span> <span class='ocrx_word' id='word_1_344' title='bbox 1654 1627 1832 1680; x_wconf 89' lang='lat' dir='ltr'>amplio-</span> 
     </span>
     <span class='ocr_line' id='line_1_69' title="bbox 1013 1684 1832 1735; baseline -0.001 -9"><span class='ocrx_word' id='word_1_345' title='bbox 1013 1697 1106 1726; x_wconf 91' lang='lat' dir='ltr'>rem</span> <span class='ocrx_word' id='word_1_346' title='bbox 1123 1684 1305 1735; x_wconf 84' lang='lat' dir='ltr'>gradum</span> <span class='ocrx_word' id='word_1_347' title='bbox 1323 1684 1503 1726; x_wconf 91' lang='lat' dir='ltr'>honoris</span> <span class='ocrx_word' id='word_1_348' title='bbox 1527 1689 1571 1726; x_wconf 91' lang='lat' dir='ltr'>et</span> <span class='ocrx_word' id='word_1_349' title='bbox 1589 1684 1832 1726; x_wconf 80' lang='lat' dir='ltr'>sanctitatis</span> 
     </span>
     <span class='ocr_line' id='line_1_70' title="bbox 1012 1741 1831 1793; baseline -0.001 -11"><span class='ocrx_word' id='word_1_350' title='bbox 1012 1741 1056 1782; x_wconf 89' lang='lat' dir='ltr'>in</span> <span class='ocrx_word' id='word_1_351' title='bbox 1082 1741 1281 1783; x_wconf 86' lang='lat' dir='ltr'>Ecclesia</span> <span class='ocrx_word' id='word_1_352' title='bbox 1311 1743 1506 1791; x_wconf 86' lang='lat' dir='ltr'>teneant,</span> <span class='ocrx_word' id='word_1_353' title='bbox 1542 1741 1634 1782; x_wconf 93' lang='lat' dir='ltr'>sine</span> <span class='ocrx_word' id='word_1_354' title='bbox 1667 1741 1831 1793; x_wconf 79' lang='lat' dir='ltr'>nuptiis</span> 
     </span>
     <span class='ocr_line' id='line_1_71' title="bbox 1014 1796 1831 1850; baseline -0.001 -12"><span class='ocrx_word' id='word_1_355' title='bbox 1014 1802 1127 1839; x_wconf 92' lang='lat' dir='ltr'>sunt:</span> <span class='ocrx_word' id='word_1_356' title='bbox 1145 1811 1245 1839; x_wconf 89' lang='lat' dir='ltr'>nam</span> <span class='ocrx_word' id='word_1_357' title='bbox 1265 1802 1308 1839; x_wconf 86' lang='lat' dir='ltr'>et</span> <span class='ocrx_word' id='word_1_358' title='bbox 1326 1798 1434 1850; x_wconf 84' lang='lat' dir='ltr'>ipsae</span> <span class='ocrx_word' id='word_1_359' title='bbox 1453 1798 1671 1850; x_wconf 86' lang='lat' dir='ltr'>pertinent</span> <span class='ocrx_word' id='word_1_360' title='bbox 1686 1796 1742 1838; x_wconf 92' lang='lat' dir='ltr'>ad</span> <span class='ocrx_word' id='word_1_361' title='bbox 1758 1799 1831 1837; x_wconf 80' lang='lat' dir='ltr'>nu-</span> 
     </span>
     <span class='ocr_line' id='line_1_72' title="bbox 1013 1853 1831 1906; baseline 0 -11"><span class='ocrx_word' id='word_1_362' title='bbox 1013 1855 1128 1906; x_wconf 83' lang='lat' dir='ltr'>ptias</span> <span class='ocrx_word' id='word_1_363' title='bbox 1147 1867 1245 1896; x_wconf 93' lang='lat' dir='ltr'>cum</span> <span class='ocrx_word' id='word_1_364' title='bbox 1263 1858 1359 1895; x_wconf 92' lang='lat' dir='ltr'>tota</span> <span class='ocrx_word' id='word_1_365' title='bbox 1376 1854 1587 1903; x_wconf 89' lang='lat' dir='ltr'>Ecclesia,</span> <span class='ocrx_word' id='word_1_366' title='bbox 1610 1853 1654 1893; x_wconf 91' lang='lat' dir='ltr'>in</span> <span class='ocrx_word' id='word_1_367' title='bbox 1675 1853 1831 1904; x_wconf 92' lang='lat' dir='ltr'>quibus</span> 
     </span>
     <span class='ocr_line' id='line_1_73' title="bbox 1013 1909 1693 1963; baseline -0.003 -11"><span class='ocrx_word' id='word_1_368' title='bbox 1013 1911 1175 1963; x_wconf 79' lang='lat' dir='ltr'>miptiis</span> <span class='ocrx_word' id='word_1_369' title='bbox 1196 1923 1383 1963; x_wconf 91' lang='lat' dir='ltr'>sponsus</span> <span class='ocrx_word' id='word_1_370' title='bbox 1402 1914 1468 1951; x_wconf 91' lang='lat' dir='ltr'>est</span> <span class='ocrx_word' id='word_1_371' title='bbox 1487 1909 1693 1950; x_wconf 89' lang='lat' dir='ltr'>Christus.</span> 
     </span>
    </p>

    <p class='ocr_par' dir='ltr' id='par_1_20' title="bbox 1013 1965 1832 2346">
     <span class='ocr_line' id='line_1_74' title="bbox 1065 1965 1831 2020; baseline -0.001 -13"><span class='ocrx_word' id='word_1_372' title='bbox 1065 1969 1115 2020; x_wconf 78' lang='lat' dir='ltr'>R.</span> <span class='ocrx_word' id='word_1_373' title='bbox 1140 1967 1241 2007; x_wconf 92' lang='lat' dir='ltr'>Duo</span> <span class='ocrx_word' id='word_1_374' title='bbox 1260 1966 1487 2018; x_wconf 89' lang='lat' dir='ltr'>Seraphim</span> <span class='ocrx_word' id='word_1_375' title='bbox 1507 1965 1752 2007; x_wconf 84' lang='lat' dir='ltr'>clamabant</span> <span class='ocrx_word' id='word_1_376' title='bbox 1775 1966 1831 2006; x_wconf 89' lang='lat' dir='ltr'>al-</span> 
     </span>
     <span class='ocr_line' id='line_1_75' title="bbox 1013 2023 1832 2072; baseline -0.002 -7"><span class='ocrx_word' id='word_1_377' title='bbox 1013 2027 1079 2065; x_wconf 90' lang='lat' dir='ltr'>ter</span> <span class='ocrx_word' id='word_1_378' title='bbox 1099 2023 1155 2064; x_wconf 90' lang='lat' dir='ltr'>ad</span> <span class='ocrx_word' id='word_1_379' title='bbox 1172 2023 1370 2064; x_wconf 80' lang='lat' dir='ltr'>alterum:</span> <span class='ocrx_word' id='word_1_380' title='bbox 1390 2027 1412 2049; x_wconf 89' lang='lat'>*</span> <span class='ocrx_word' id='word_1_381' title='bbox 1432 2023 1625 2072; x_wconf 90' lang='lat' dir='ltr'>Sanctus,</span> <span class='ocrx_word' id='word_1_382' title='bbox 1645 2027 1832 2072; x_wconf 92' lang='lat' dir='ltr'>sanctus,</span> 
     </span>
     <span class='ocr_line' id='line_1_76' title="bbox 1015 2078 1832 2121; baseline 0 -1"><span class='ocrx_word' id='word_1_383' title='bbox 1015 2084 1190 2120; x_wconf 90' lang='lat' dir='ltr'>sanctus</span> <span class='ocrx_word' id='word_1_384' title='bbox 1221 2079 1436 2120; x_wconf 90' lang='lat' dir='ltr'>Dominus</span> <span class='ocrx_word' id='word_1_385' title='bbox 1468 2079 1588 2121; x_wconf 92' lang='lat' dir='ltr'>Deus</span> <span class='ocrx_word' id='word_1_386' title='bbox 1621 2078 1832 2120; x_wconf 83' lang='lat' dir='ltr'>Sabaoth:</span> 
     </span>
     <span class='ocr_line' id='line_1_77' title="bbox 1015 2135 1831 2186; baseline -0.001 -10"><span class='ocrx_word' id='word_1_387' title='bbox 1015 2136 1037 2159; x_wconf 87' lang='lat'>*</span> <span class='ocrx_word' id='word_1_388' title='bbox 1051 2135 1186 2176; x_wconf 89' lang='lat' dir='ltr'>Plena</span> <span class='ocrx_word' id='word_1_389' title='bbox 1205 2140 1272 2177; x_wconf 93' lang='lat' dir='ltr'>est</span> <span class='ocrx_word' id='word_1_390' title='bbox 1288 2136 1426 2177; x_wconf 91' lang='lat' dir='ltr'>omnis</span> <span class='ocrx_word' id='word_1_391' title='bbox 1441 2140 1558 2177; x_wconf 90' lang='lat' dir='ltr'>terra</span> <span class='ocrx_word' id='word_1_392' title='bbox 1576 2135 1714 2186; x_wconf 87' lang='lat' dir='ltr'>gloria</span> <span class='ocrx_word' id='word_1_393' title='bbox 1732 2136 1831 2186; x_wconf 92' lang='lat' dir='ltr'>ejus.</span> 
     </span>
     <span class='ocr_line' id='line_1_78' title="bbox 1015 2186 1832 2244; baseline 0.002 -14"><span class='ocrx_word' id='word_1_394' title='bbox 1015 2186 1066 2237; x_wconf 69' lang='lat' dir='ltr'>V.</span> <span class='ocrx_word' id='word_1_395' title='bbox 1083 2192 1192 2233; x_wconf 91' lang='lat' dir='ltr'>Tres</span> <span class='ocrx_word' id='word_1_396' title='bbox 1213 2197 1313 2233; x_wconf 90' lang='lat' dir='ltr'>sunt</span> <span class='ocrx_word' id='word_1_397' title='bbox 1331 2192 1403 2244; x_wconf 85' lang='lat' dir='ltr'>qui</span> <span class='ocrx_word' id='word_1_398' title='bbox 1416 2191 1711 2233; x_wconf 89' lang='lat' dir='ltr'>testimonium</span> <span class='ocrx_word' id='word_1_399' title='bbox 1729 2191 1832 2232; x_wconf 90' lang='lat' dir='ltr'>dant</span> 
     </span>
     <span class='ocr_line' id='line_1_79' title="bbox 1013 2247 1830 2300; baseline -0.002 -11"><span class='ocrx_word' id='word_1_400' title='bbox 1013 2249 1057 2289; x_wconf 92' lang='lat' dir='ltr'>in</span> <span class='ocrx_word' id='word_1_401' title='bbox 1077 2248 1204 2289; x_wconf 88' lang='lat' dir='ltr'>coelo:</span> <span class='ocrx_word' id='word_1_402' title='bbox 1231 2249 1377 2298; x_wconf 90' lang='lat' dir='ltr'>Pater,</span> <span class='ocrx_word' id='word_1_403' title='bbox 1399 2247 1613 2298; x_wconf 91' lang='lat' dir='ltr'>Verbum,</span> <span class='ocrx_word' id='word_1_404' title='bbox 1640 2252 1683 2289; x_wconf 91' lang='lat' dir='ltr'>et</span> <span class='ocrx_word' id='word_1_405' title='bbox 1702 2247 1830 2300; x_wconf 91' lang='lat' dir='ltr'>Spiri-</span> 
     </span>
     <span class='ocr_line' id='line_1_80' title="bbox 1013 2304 1830 2346; baseline -0.002 -1"><span class='ocrx_word' id='word_1_406' title='bbox 1013 2309 1083 2345; x_wconf 91' lang='lat' dir='ltr'>tus</span> <span class='ocrx_word' id='word_1_407' title='bbox 1107 2309 1296 2346; x_wconf 90' lang='lat' dir='ltr'>sanctus:</span> <span class='ocrx_word' id='word_1_408' title='bbox 1319 2309 1363 2346; x_wconf 91' lang='lat' dir='ltr'>et</span> <span class='ocrx_word' id='word_1_409' title='bbox 1385 2304 1429 2345; x_wconf 88' lang='lat' dir='ltr'>hi</span> <span class='ocrx_word' id='word_1_410' title='bbox 1451 2309 1541 2345; x_wconf 90' lang='lat' dir='ltr'>tres</span> <span class='ocrx_word' id='word_1_411' title='bbox 1563 2317 1697 2345; x_wconf 91' lang='lat' dir='ltr'>unum</span> <span class='ocrx_word' id='word_1_412' title='bbox 1720 2307 1830 2344; x_wconf 91' lang='lat' dir='ltr'>sunt.</span> 
     </span>
    </p>
   </div>
   <div class='ocr_carea' id='block_1_13' title="bbox 1013 2360 1830 2735">
    <p class='ocr_par' dir='ltr' id='par_1_21' title="bbox 1013 2360 1830 2735">
     <span class='ocr_line' id='line_1_81' title="bbox 1014 2360 1787 2402; baseline -0.003 0"><span class='ocrx_word' id='word_1_413' title='bbox 1014 2361 1206 2402; x_wconf 86' lang='lat' dir='ltr'>Sanctus.</span> <span class='ocrx_word' id='word_1_414' title='bbox 1234 2361 1385 2402; x_wconf 86' lang='lat' dir='ltr'>Gloria</span> <span class='ocrx_word' id='word_1_415' title='bbox 1403 2361 1533 2402; x_wconf 87' lang='lat' dir='ltr'>Patri.</span> <span class='ocrx_word' id='word_1_416' title='bbox 1559 2360 1693 2402; x_wconf 91' lang='lat' dir='ltr'>Plena</span> <span class='ocrx_word' id='word_1_417' title='bbox 1711 2364 1787 2401; x_wconf 90' lang='lat' dir='ltr'>est.</span> 
     </span>
     <span class='ocr_line' id='line_1_82' title="bbox 1066 2420 1829 2464; baseline 0.003 -11"><span class='ocrx_word' id='word_1_418' title='bbox 1066 2420 1149 2454; x_wconf 88' lang='lat' dir='ltr'>Hoc</span> <span class='ocrx_word' id='word_1_419' title='bbox 1188 2421 1230 2464; x_wconf 91' lang='lat' dir='ltr'><strong>R</strong></span> <span class='ocrx_word' id='word_1_420' title='bbox 1271 2431 1421 2464; x_wconf 83' lang='lat' dir='ltr'>semper</span> <span class='ocrx_word' id='word_1_421' title='bbox 1460 2421 1598 2455; x_wconf 86' lang='lat' dir='ltr'>dicitur</span> <span class='ocrx_word' id='word_1_422' title='bbox 1630 2428 1718 2464; x_wconf 87' lang='lat' dir='ltr'>post</span> <span class='ocrx_word' id='word_1_423' title='bbox 1751 2423 1829 2456; x_wconf 66' lang='lat' dir='ltr'>xiii.</span> 
     </span>
     <span class='ocr_line' id='line_1_83' title="bbox 1013 2468 1830 2512; baseline 0.001 -10"><span class='ocrx_word' id='word_1_424' title='bbox 1013 2468 1113 2502; x_wconf 80' lang='lat' dir='ltr'>Lect.</span> <span class='ocrx_word' id='word_1_425' title='bbox 1145 2470 1191 2503; x_wconf 82' lang='lat' dir='ltr'>ab</span> <span class='ocrx_word' id='word_1_426' title='bbox 1223 2470 1245 2502; x_wconf 94' lang='lat' dir='ltr'>h</span> <span class='ocrx_word' id='word_1_427' title='bbox 1251 2480 1294 2502; x_wconf 82' lang='lat' dir='ltr'>ac</span> <span class='ocrx_word' id='word_1_428' title='bbox 1319 2469 1519 2503; x_wconf 73' lang='lat' dir='ltr'>Domimcu</span> <span class='ocrx_word' id='word_1_429' title='bbox 1544 2480 1664 2512; x_wconf 75' lang='lat' dir='ltr'>usque</span> <span class='ocrx_word' id='word_1_430' title='bbox 1697 2470 1744 2503; x_wconf 72' lang='grc' dir='ltr'>ἰεἰ</span> <span class='ocrx_word' id='word_1_431' title='bbox 1769 2470 1830 2504; x_wconf 80' lang='lat' dir='ltr'>Se-</span> 
     </span>
     <span class='ocr_line' id='line_1_84' title="bbox 1014 2517 1772 2559; baseline 0 -9"><span class='ocrx_word' id='word_1_432' title='bbox 1014 2517 1230 2559; x_wconf 64' lang='lat' dir='ltr'>ptuagCSln]</span> <span class='ocrx_word' id='word_1_433' title='bbox 1235 2527 1293 2550; x_wconf 69' lang='lat' dir='ltr'>UH]</span> <span class='ocrx_word' id='word_1_434' title='bbox 1319 2517 1356 2550; x_wconf 80' lang='lat' dir='ltr'>in</span> <span class='ocrx_word' id='word_1_435' title='bbox 1380 2517 1594 2550; x_wconf 77' lang='lat' dir='ltr'>Dominicis</span> <span class='ocrx_word' id='word_1_436' title='bbox 1619 2523 1772 2551; x_wconf 44' lang='lat' dir='ltr'>tuntum.</span> 
     </span>
     <span class='ocr_line' id='line_1_85' title="bbox 1313 2573 1536 2613; baseline 0 -1"><span class='ocrx_word' id='word_1_437' title='bbox 1313 2573 1492 2613; x_wconf 87' lang='lat' dir='ltr'>Lectio</span> <span class='ocrx_word' id='word_1_438' title='bbox 1484 2587 1536 2612; x_wconf 79' lang='lat' dir='ltr'>ix.</span> 
     </span>
     <span class='ocr_line' id='line_1_86' title="bbox 1090 2625 1828 2680; baseline -0.005 -11"><span class='ocrx_word' id='word_1_439' title='bbox 1090 2640 1114 2669; x_wconf 90' lang='lat' dir='ltr'>c</span> <span class='ocrx_word' id='word_1_440' title='bbox 1140 2641 1219 2680; x_wconf 90' lang='lat' dir='ltr'>per</span> <span class='ocrx_word' id='word_1_441' title='bbox 1243 2628 1328 2669; x_wconf 89' lang='lat' dir='ltr'>hoc</span> <span class='ocrx_word' id='word_1_442' title='bbox 1358 2640 1463 2678; x_wconf 87' lang='lat' dir='ltr'>ergo</span> <span class='ocrx_word' id='word_1_443' title='bbox 1487 2627 1701 2668; x_wconf 89' lang='lat' dir='ltr'>Dominus</span> <span class='ocrx_word' id='word_1_444' title='bbox 1724 2625 1828 2666; x_wconf 86' lang='lat' dir='ltr'>invi-</span> 
     </span>
     <span class='ocr_line' id='line_1_87' title="bbox 1115 2683 1827 2735; baseline -0.008 -9"><span class='ocrx_word' id='word_1_445' title='bbox 1115 2687 1231 2726; x_wconf 80' lang='lat' dir='ltr'>tatus</span> <span class='ocrx_word' id='word_1_446' title='bbox 1251 2684 1368 2726; x_wconf 87' lang='lat' dir='ltr'>venit</span> <span class='ocrx_word' id='word_1_447' title='bbox 1387 2683 1443 2724; x_wconf 92' lang='lat' dir='ltr'>ad</span> <span class='ocrx_word' id='word_1_448' title='bbox 1461 2683 1645 2735; x_wconf 76' lang='lat' dir='ltr'>miptias,</span> <span class='ocrx_word' id='word_1_449' title='bbox 1665 2686 1712 2722; x_wconf 89' lang='lat' dir='ltr'>ut</span> <span class='ocrx_word' id='word_1_450' title='bbox 1730 2693 1827 2721; x_wconf 89' lang='lat' dir='ltr'>con-</span> 
     </span>
    </p>
   </div>
   <div class='ocr_carea' id='block_1_14' title="bbox 82 165 1889 2839">
    <p class='ocr_par' dir='ltr' id='par_1_22' title="bbox 82 165 1889 2839">
     <span class='ocr_line' id='line_1_88' title="bbox 82 165 1889 2839; baseline 0 0"><span class='ocrx_word' id='word_1_451' title='bbox 82 165 1889 2839; x_wconf 95' lang='lat' dir='ltr'> </span> 
     </span>
    </p>
   </div>
  </div>
 </body>
</html>
