2080 2990
846 196 1056 229 Commune
1086 195 1295 236 Vim-tinum.

215 303 331 339 eum,
364 295 408 332 et
437 289 651 332 dicentes:
683 290 728 331 Si
751 289 856 331 licet
880 289 1047 331 homini

215 346 437 388 dimittere
467 349 652 388 uxorem
686 359 810 387 suam
842 350 1046 399 quacum·

215 416 300 455 que
321 416 374 444 ex
395 401 552 444 causa?
581 403 639 444 Et
658 402 838 455 reliqua.

341 481 537 522 Homilia
565 480 705 522 sancti
733 480 758 521 J
760 480 914 522 oannis

475 537 792 589 Chrysostomi.

328 607 437 641 Hom.
454 608 506 641 «333.
526 608 562 640 in
581 607 724 643 Manli..
743 609 814 642 sub
831 608 927 641 med.

225 670 333 721 μῑζᾏ·
346 668 518 709 ominus
537 672 697 717 noster,
718 666 821 718 quia
841 664 898 706 ad
917 665 1044 716 virgi-

225 716 316 778 'lg‘jl
363 724 547 765 nitatem
581 723 749 764 hortari
782 734 915 773 grave
947 734 1044 764 esse

227 802 257 804 ν-
281 803 284 804 ⁷
325 785 332 794 ”
362 780 606 828 videbatur,
622 777 1044 829 anecessitatelegis

211 834 266 877 de
286 848 375 877 non
400 835 614 878 solvendo
640 834 936 883 matrimomo,
966 847 1043 876 eos

210 891 267 934 ad
297 892 588 946 cupiditatem
613 891 730 932 illius
755 890 930 932 trahere
956 896 1043 932 stu-

210 947 296 989 det.
339 949 512 991 Deinde
536 953 585 989 ut
612 960 709 989 eam
735 959 832 988 esse
856 946 1043 999 possibi-

208 1003 295 1045 lem
316 1005 540 1054 ostendat‚
565 1004 629 1045 sic
655 1003 811 1056 inquit:
836 1003 945 1044 Sunt
973 1016 1042 1044 eu—

208 1061 340 1102 nuchi
362 1062 436 1114 qui
455 1075 510 1103 ex
525 1065 677 1102 ventre
697 1059 851 1100 matris
871 1059 932 1100 ita
951 1060 1042 1101 nati

208 1123 319 1168 sunt,
341 1123 384 1159 et
404 1123 505 1159 sunt
528 1117 603 1169 qui
624 1116 678 1158 ab
699 1115 951 1157 hominibus
972 1129 1041 1158 eu-

207 1174 339 1215 nuchi
359 1175 463 1216 facti
484 1179 602 1223 sunt,
633 1178 677 1215 et
703 1177 805 1214 sunt
832 1173 906 1225 qui
929 1175 1041 1226 seip-

208 1243 282 1271 sos
311 1233 616 1272 castraverunt
645 1234 829 1282 propter
859 1242 1041 1280 regnum

207 1287 433 1329 coelerum.
472 1287 642 1338 Quibus
670 1285 818 1327 verbis
851 1285 1041 1327 latenter

207 1356 285 1385 eos
309 1344 366 1386 ad
391 1343 638 1396 eligendam
657 1342 955 1394 virginitatem
979 1343 1039 1382 in-

208 1399 338 1450 ducit,
359 1400 463 1442 dum
484 1413 581 1442 eam
595 1399 805 1440 virtutem
826 1411 923 1440 esse
939 1411 1040 1451 pos-

207 1456 380 1499 sibilem
401 1457 570 1499 astruit.

261 1521 310 1572 Ru
327 1523 438 1564 Haec
459 1527 527 1564 est
542 1521 682 1572 Virgo
699 1520 886 1573 sapiens,
908 1533 1039 1573 quam

206 1578 423 1620 Deminus
446 1579 701 1630 vigilantem
720 1577 902 1626 invenit,
928 1590 1038 1628 quae,

206 1635 402 1688 acceptis
431 1633 727 1687 lampadibus,
756 1633 945 1686 sumpsit
974 1646 1038 1675 se-

207 1703 306 1732 cum
327 1691 486 1733 eleum:
504 1687 525 1709 *
541 1691 597 1731 Et
618 1690 820 1731 veniente
836 1690 1038 1748 Domino,

205 1747 404 1789 introivit
420 1761 520 1789 cum
537 1760 590 1789 eo
607 1746 663 1788 ad
678 1746 866 1799 nuptias.
885 1743 935 1789 Y·
950 1746 1038 1787 Me-

205 1803 277 1845 dia
301 1809 432 1846 nocte
458 1804 624 1846 clamor
649 1803 791 1844 factus
813 1808 893 1845 est:
922 1803 1039 1844 Ecce

205 1874 395 1913 sponsus
416 1861 548 1911 venit,
568 1862 685 1902 exite
706 1859 883 1901 obviam
903 1860 953 1902 ei.
981 1860 1038 1901 Et

205 1918 416 1959 veniente.

497 1968 647 2008 Lectio
671 1968 753 2007 viii.

256 2038 285 2080 d
313 2044 460 2081 autern
488 2038 574 2080 hoc
600 2038 690 2080 fere
720 2038 855 2081 modo
881 2038 1037 2080 confir-

269 2101 370 2137 mat.
409 2096 566 2146 Cogita
585 2100 748 2144 tecum,
769 2095 806 2136 si
825 2100 901 2137 aut
921 2108 946 2136 a
965 2108 1037 2136 na-

204 2155 303 2193 tura
323 2152 424 2193 talis
443 2164 580 2200 esses,
607 2157 682 2193 aut
706 2151 761 2193 ab
786 2151 1037 2193 hominibus

1102 301 1198 330 eam
1216 288 1418 340 injuriam
1436 302 1607 342 passuS,
1629 289 1736 342 quid
1754 289 1933 339 faceres,

1101 357 1202 386 cum
1235 350 1279 386 et
1312 345 1527 397 ejusmodi
1556 345 1788 399 voluptate
1814 347 1931 387 care-

1100 414 1186 451 res,
1212 407 1256 443 et
1280 401 1446 443 nullam
1469 401 1662 444 carendo
1681 402 1932 444 mercedem

1101 458 1456 510 consequereris?
1475 458 1654 500 Gratias
1669 459 1802 510 igitur
1816 471 1932 500 nunc

1100 514 1197 555 Deo
1218 527 1340 566 agas,
1369 514 1491 566 quod
1515 527 1615 556 cum
1640 514 1845 557 mercede
1870 519 1930 556 at-

1099 583 1185 622 que
1214 571 1391 613 corenis
1422 571 1542 613 idem
1569 571 1775 622 sustines,
1811 570 1931 624 quod

1099 627 1161 667 illi
1190 628 1283 669 sine
1317 628 1493 669 coronis
1526 640 1578 669 ac
1609 628 1793 680 praemio
1822 627 1930 670 tole-

1098 689 1212 725 rant:
1231 684 1320 726 imo
1332 697 1437 726 vero
1448 697 1537 726 non
1548 683 1677 733 idem,
1697 683 1777 726 sed
1789 683 1929 726 multo

1098 740 1252 789 levius;
1289 747 1384 782 tum
1414 741 1515 793 quia
1544 753 1623 794 spe
1652 741 1849 792 erigeris,
1889 745 1932 782 et

1101 798 1373 839 conscientia
1400 803 1521 840 recte
1546 797 1665 847 facti3
1701 802 1796 839 tum
1829 797 1932 850 quia

1097 866 1186 895 non
1205 855 1268 896 ita
1286 854 1537 905 ingentibus
1557 853 1931 907 concupiscentiae

1098 910 1304 953 fluctibus
1325 912 1514 964 jactaris.

1148 979 1198 1030 R.
1240 980 1388 1022 Media
1425 985 1557 1022 nocte
1589 980 1756 1022 clamor
1788 980 1930 1022 factus

1097 1041 1182 1077 est:
1212 1037 1235 1061 *
1269 1037 1386 1079 Ecce
1421 1050 1611 1090 sponsus
1645 1037 1780 1087 venit,
1813 1039 1929 1079 exite

1097 1092 1272 1134 Obviam
1298 1094 1347 1135 ei.
1380 1086 1429 1138 V.
1455 1093 1701 1135 Prudentes
1727 1094 1929 1146 virgines,

1096 1152 1246 1201 aptate
1295 1154 1464 1192 vestras
1509 1149 1748 1202 lampades,
1802 1149 1929 1191 Ecce.

1097 1203 1249 1247 Gloria
1272 1207 1404 1248 Patri.
1444 1207 1573 1249 Ecce.

1399 1283 1549 1325 Lectio
1570 1284 1623 1323 ix.

1097 1344 1244 1452 Cum
1269 1364 1374 1402 ergo
1400 1351 1455 1393 de
1474 1351 1560 1392 illis
1579 1350 1790 1393 eunuchis
1810 1350 1928 1392 dixe-

1093 1466 1361 1514 contineant‚
1386 1464 1548 1506 frustra
1572 1469 1615 1506 et
1633 1463 1847 1505 inutiliter
1865 1468 1928 1505 ta-

1093 1520 1156 1561 les
1177 1525 1292 1571 sunt3
1313 1533 1365 1562 ac
1385 1521 1440 1562 de
1462 1520 1558 1571 illis⁷
1583 1521 1659 1573 qui
1677 1525 1726 1562 ut
1744 1533 1927 1572 regnum

1092 1577 1308 1617 coelerum
1336 1579 1682 1629 consequantur,
1716 1589 1763 1618 se
1790 1577 1926 1618 conti-

1091 1638 1206 1683 nent,
1226 1633 1451 1686 subjunxit
1472 1646 1634 1682 rursus,
1655 1633 1822 1675 dicens:
1842 1634 1927 1684 Qui

1091 1695 1242 1741 potest
1257 1692 1428 1742 capere,
1444 1690 1606 1743 capiat:
1622 1694 1671 1731 ut
1686 1689 1924 1731 alacriores

1093 1745 1254 1787 efficiat
1281 1758 1333 1787 eo
1361 1747 1476 1799 ipso,
1516 1745 1637 1798 quod
1663 1758 1797 1798 grave
1826 1758 1925 1788 esse

1092 1814 1204 1854 opus
1220 1802 1427 1853 ostendit,
1447 1807 1491 1844 et
1506 1802 1717 1844 ineffabili
1731 1801 1925 1854 benigni·

1091 1861 1183 1900 tate
1207 1872 1286 1900 sua
1309 1859 1452 1900 noluit
1478 1872 1575 1901 eam
1598 1871 1692 1901 rem
1715 1859 1830 1900 intra
1853 1871 1924 1900 ne-

1092 1915 1345 1957 cessitatem
1362 1915 1472 1968 legis
1488 1914 1771 1958 concludere:
1790 1914 1925 1967 idque

1092 1970 1299 2022 dicendO,
1327 1972 1472 2014 adhuc
1499 1972 1639 2024 magis
1664 1971 1925 2025 possibilem

1092 2040 1189 2069 esse
1209 2028 1495 2079 demonstrat,
1512 2033 1561 2071 ut
1575 2027 1816 2070 voluntatis
1835 2030 1923 2069 stu-

1091 2084 1212 2125 dium
1231 2085 1332 2138 plus
1353 2088 1576 2136 augeatur.

1145 2149 1207 2192 Te
1228 2151 1372 2192 Deum
1390 2150 1630 2192 laudamus.
1650 2150 1709 2190 14.
