2040 2990
750 226 951 260 Dominica
975 226 1243 269 Sexagesimae.

447 321 597 361 Lectio
618 321 670 360 ix.

229 376 389 419 allaces
418 377 532 419 enim
559 382 677 427 sunt,
708 391 805 430 quae
832 378 974 420 nobis-

246 446 345 475 cum
373 433 447 475 diu
478 437 733 487 permanere
762 447 850 476 non
877 447 974 487 pos-

153 495 269 531 sunt:
311 490 489 532 fallaces
526 496 644 540 sunt,
683 504 780 543 quae
816 492 974 533 mentis

151 551 314 588 nostrae
363 547 557 600 inopiam
607 560 693 588 non
742 547 974 600 expellunt.

151 602 267 644 Solae
309 608 455 645 autem
497 602 660 645 divitiae
701 617 817 645 verae
858 609 972 654 sunt,

153 671 251 711 quae
272 672 353 700 nos
373 659 530 701 divites
549 660 780 702 virtutibus
800 660 972 702 faciunt.

150 715 195 757 Si
222 728 342 767 ergo,
367 716 522 758 fratres
548 716 773 767 carissimi,
797 729 893 758 esse
913 716 972 758 di-

151 772 261 813 vites
286 772 458 824 cupitis,
481 785 605 814 veras
627 771 799 814 divitias
819 775 972 814 amate.

150 828 194 869 Si
230 827 400 870 culmen
432 829 524 870 veri
554 828 734 870 honoris
766 830 971 881 quaeritis,

150 883 206 926 ad
226 884 404 926 coeleste
423 897 604 936 regnum
621 884 797 927 tendite.
824 885 868 926 Si
882 886 970 936 glo-

149 941 257 981 riam
293 939 553 992 dignitatum
589 940 787 993 diligitis,
824 942 866 982 in
899 942 972 983 illa

149 999 335 1050 superna
354 997 623 1049 Angelerum
643 998 762 1039 curia
781 997 971 1040 adscribi

148 1053 360 1095 festinate.
380 1053 529 1095 Verba
542 1054 729 1104 Domini,
751 1067 848 1106 quae
868 1067 970 1096 aure

148 1109 391 1162 percipitis,
423 1114 569 1151 mente
596 1110 789 1152 retinete.
839 1111 970 1152 Cibus

149 1166 263 1208 enim
299 1166 456 1207 mentis
498 1171 564 1208 est
604 1179 747 1208 sermo
784 1167 885 1209 Dei:
928 1173 971 1210 et

150 1223 275 1275 quasi
323 1223 529 1275 acceptus
574 1223 696 1265 cibus
742 1224 968 1266 stemacho

147 1278 378 1330 languente
406 1279 615 1331 rejicitur,
650 1279 824 1332 quando
852 1279 969 1322 audi-

148 1339 217 1376 tus
241 1348 386 1377 sermo
405 1335 448 1376 in
471 1340 622 1377 ventre
641 1337 863 1377 memoriae
883 1350 969 1378 non

147 1393 329 1433 tenetur.
390 1390 478 1433 Sed
524 1392 720 1444 quisquis
767 1392 970 1435 alimenta

147 1460 235 1488 non
273 1447 447 1497 retinet,
487 1447 611 1500 hujus
646 1449 846 1501 profecto
881 1450 969 1491 vita

148 1503 414 1557 desperatur.

194 1561 245 1613 Rs.
275 1559 383 1601 Cum
407 1559 536 1602 turba
559 1560 757 1613 plurima
770 1565 968 1604 conveni-

146 1621 243 1658 rent
275 1615 331 1657 ad
358 1616 524 1666 Jesum,
558 1622 601 1659 et
632 1617 686 1659 de
719 1618 968 1661 civitatibus

146 1674 434 1726 properarent
458 1672 514 1715 ad
538 1686 653 1723 eum,
681 1673 790 1716 dixit
813 1688 892 1728 per
916 1676 967 1716 si-

145 1727 450 1770 militudinem:
473 1731 495 1755 *
527 1730 643 1772 Exiit
672 1730 746 1783 qui
774 1731 968 1782 seminat,

147 1785 360 1827 seminare
383 1798 532 1828 semen
555 1799 690 1828 suum.
721 1783 769 1835 Υ
789 1787 846 1829 Et
865 1786 968 1829 dum

147 1841 349 1891 seminat,
386 1841 504 1883 aliud
535 1842 693 1884 cecidit
727 1843 772 1883 in
807 1848 967 1885 terram

145 1895 316 1947 bonam,
335 1901 378 1938 et
395 1902 539 1939 ortum
554 1898 656 1940 fecit
668 1899 856 1940 fructum
872 1901 966 1940 cen-

145 1953 326 2005 tuplum.
354 1953 483 1995 Exiit.
516 1954 667 1995 Gloria
683 1955 813 1996 Patri.
840 1955 967 1998 Exiit.

192 2016 295 2050 Infra
313 2016 606 2051 Hebdomadam
622 2018 733 2052 Feria
752 2020 798 2053 iv.
820 2023 855 2053 et
872 2019 963 2053 Sab-

141 2065 242 2105 bato,
266 2064 352 2099 loco
376 2065 487 2105 huius
508 2066 551 2108 Rv.
575 2066 714 2100 dicitur
732 2068 895 2110 primurn
918 2067 960 2111 R.

141 2112 264 2146 Feriae
289 2113 324 2147 ii.
351 2123 455 2156 sequ.

401 2181 479 2222 Ad
504 2181 709 2223 Laudes.

193 2239 291 2279 Ant.
312 2241 339 2279 l.
362 2239 566 2281 Secundi]
585 2252 785 2290 magnam
803 2240 965 2280 miseri-

146 2295 339 2337 cerdiam
353 2295 376 2322 *
390 2300 510 2337 tuam
522 2296 728 2337 miserere
740 2296 825 2337 mei
835 2297 965 2337 Deus.

192 2351 260 2391 Ps.
280 2351 488 2393 Miserere
507 2352 604 2393 mei.
631 2353 723 2393 323.

192 2407 227 2446 2.
263 2407 312 2448 Si
342 2407 448 2448 mihi
473 2408 686 2449 Dominus
716 2409 740 2434 *
773 2408 965 2450 salvator

144 2462 284 2558 guerit,
301 2475 390 2505 non
402 2463 577 2514 timebo,
599 2464 704 2517 quid
718 2465 848 2515 faciat
861 2463 965 2504 mihi

175 2529 286 2560 omo.

192 2574 259 2614 Ps.
281 2574 569 2617 Confitemini.
596 2577 689 2617 324.

195 2631 231 2670 3.
255 2631 307 2670 In
325 2630 569 2674 velamento
592 2633 616 2658 *
637 2632 819 2674 clamavi
837 2631 963 2673 valde

145 2685 355 2727 diluculo:
381 2686 502 2728 Deus
525 2688 646 2729 Deus
672 2701 811 2738 meuS,
839 2687 894 2729 ad
920 2692 963 2728 te

145 2740 200 2783 de
218 2741 314 2783 luce
333 2741 475 2793 vigilo.

1077 327 1143 366 Ps.
1167 327 1284 366 Deus
1303 323 1422 364 Deus
1441 336 1573 365 meus,
1600 325 1693 365 325.

1077 384 1113 422 4.
1142 384 1361 430 Hymnum
1386 380 1579 422 dicamus
1609 382 1632 406 *
1655 382 1843 423 Domino

1025 434 1122 477 Deo
1140 441 1302 477 nostro.

1078 494 1196 535 Cant.
1228 493 1487 534 Benedicite.
1515 494 1607 534 326.

1075 551 1112 589 5.
1149 551 1199 589 In
1234 551 1442 602 tympano
1480 554 1522 590 et
1559 549 1713 599 choro,
1745 550 1768 576 *
1800 550 1843 590 in

1025 603 1199 646 chordis
1220 610 1262 646 et
1281 608 1444 657 organo
1463 606 1638 647 laudate
1656 607 1808 647 Deum.

1073 666 1140 705 Ps.
1178 662 1375 704 Laudate
1403 662 1638 703 Dominum
1670 662 1723 704 de
1758 675 1840 704 coe-

1023 716 1087 757 lis.
1114 718 1206 759 326.

1100 787 1355 838 Capitulum.
1496 789 1530 827 2.
1549 789 1643 828 Cor.
1662 791 1709 829 ll.
1726 790 1762 829 d.

1022 838 1257 944 Fratres:
1288 843 1494 886 Libenter
1527 845 1713 887 suffertis
1744 845 1840 886 insi-

1117 900 1302 952 pientes,
1331 914 1427 942 cum
1454 902 1546 942 sitis
1570 902 1653 954 ipsi
1677 902 1841 954 sapien-

1021 960 1105 996 tes:
1132 957 1351 998 sustinetis
1377 958 1490 999 enim
1514 958 1550 998 si
1576 958 1670 1010 quis
1696 970 1774 999 vos
1798 957 1840 998 in

1022 1013 1276 1054 servitutem
1296 1013 1462 1064 redigit,
1483 1014 1519 1054 si
1537 1015 1632 1066 quis
1650 1014 1840 1063 devorat,

1022 1069 1058 1109 si
1079 1069 1174 1134 quis
1194 1070 1361 1122 accipit,
1383 1070 1419 1110 si
1440 1071 1534 1122 quis
1554 1070 1840 1119 ext611itur,si

1024 1125 1118 1177 quis
1137 1126 1180 1166 in
1199 1126 1354 1167 faciem
1373 1139 1453 1168 vos
1472 1126 1611 1168 caedit.

1071 1187 1278 1237 Hymnus.
1308 1184 1488 1227 AEterne
1509 1196 1663 1224 rerum.
1691 1183 1781 1223 327.

1074 1235 1122 1286 Y
1158 1239 1343 1281 Demine
1380 1239 1592 1290 refugium
1624 1239 1761 1280 factus
1794 1251 1839 1280 es

1021 1295 1157 1337 nobis.
1207 1298 1253 1348 R.
1285 1297 1324 1336 A
1356 1296 1633 1345 generatione
1667 1300 1709 1336 et
1740 1307 1838 1347 pro-

1020 1352 1155 1402 genie.

1071 1408 1141 1449 Ad
1175 1409 1333 1450 Bened.
1367 1412 1463 1451 Ant.
1507 1412 1617 1451 Cum
1653 1407 1780 1449 turba
1815 1408 1838 1433 *

1020 1465 1207 1517 plurima
1231 1467 1510 1506 convenirent
1533 1463 1589 1504 ad
1608 1464 1632 1504 J
1636 1476 1772 1512 esum,
1797 1468 1839 1505 et

1021 1521 1076 1562 de
1094 1520 1341 1562 civitatibus
1356 1521 1645 1573 properarent
1660 1519 1715 1560 ad
1731 1532 1838 1568 eum,

1021 1576 1129 1619 dixit
1153 1590 1232 1629 per
1260 1576 1599 1618 similitudinem:
1626 1576 1742 1617 Exiit
1767 1576 1839 1627 qui

1020 1634 1213 1683 seminat,
1236 1634 1450 1675 seminare
1469 1645 1616 1674 semen
1635 1645 1770 1673 suum.

1348 1695 1510 1737 Oratio.

1020 1747 1194 1851 Deus,
1211 1750 1284 1803 qui
1298 1750 1524 1802 censpicis,
1539 1749 1639 1801 quia
1655 1762 1707 1790 ex
1722 1749 1837 1790 nulla

1120 1811 1270 1848 nostra
1280 1806 1450 1847 actione
1461 1804 1731 1847 confidimus:
1745 1817 1837 1846 con-

1019 1864 1126 1905 cede
1149 1863 1380 1915 propitius3
1407 1866 1455 1903 ut
1480 1867 1631 1903 contra
1654 1861 1836 1902 adversa

1019 1919 1162 1960 omnia
1201 1918 1406 1959 Doctoris
1447 1917 1651 1958 Gentium
1692 1922 1835 1970 prote-

1018 1976 1161 2017 ctione
1179 1975 1432 2016 muniamur.
1458 1974 1542 2015 Per
1560 1974 1804 2016 Deminum.

1284 2038 1351 2074 Ad
1374 2038 1572 2074 Primam.

1068 2090 1166 2130 Ant.
1190 2089 1347 2128 Semen
1376 2086 1532 2128 cecidit
1558 2087 1581 2112 *
1608 2086 1651 2127 in
1674 2090 1835 2128 terram

1016 2143 1196 2193 bonam,
1233 2147 1276 2184 et
1309 2142 1452 2184 attulit
1479 2143 1666 2185 fructum
1692 2143 1735 2183 in
1763 2155 1835 2195 pa-

1016 2199 1176 2241 tientia.

1068 2257 1128 2290 Ad
1161 2258 1453 2291 Absolutionem
1486 2258 1670 2301 Capituli,
1703 2258 1830 2292 Lcctio

1016 2305 1155 2338 brevis.
1181 2303 1367 2338 Deminus
1392 2307 1517 2338 autem
1542 2304 1689 2348 dirigat.
1712 2304 1763 2338 25.

1282 2359 1350 2396 Ad
1372 2359 1571 2396 Tertiam.

1067 2408 1163 2447 Ant.
1190 2408 1274 2457 Qui
1296 2407 1479 2449 verbum
1499 2408 1582 2449 Dei
1604 2408 1627 2433 *
1651 2408 1834 2449 retinent

1017 2463 1150 2505 corde
1168 2464 1362 2516 perfecto
1383 2469 1426 2505 et
1444 2464 1625 2516 optimo,
1648 2464 1833 2505 fructum

1017 2519 1201 2562 afferunt
1219 2520 1262 2561 in
1280 2520 1499 2572 patientia.

1067 2579 1167 2630 Cap.
1189 2578 1378 2618 Fratres:
1397 2575 1612 2617 Libenter.
1630 2583 1676 2617 ut
1690 2589 1827 2627 supra.

1064 2633 1114 2684 R.
1138 2633 1199 2673 br.
1227 2633 1391 2674 Inclina
1415 2644 1490 2673 cor
1509 2645 1652 2674 meum
1671 2633 1788 2672 Deus
1804 2632 1825 2656 *

1003 2688 1066 2727 ·In
1079 2689 1326 2729 testimonia
1339 2693 1423 2730 tua.
1442 2688 1616 2729 Inclina.
1636 2684 1683 2735 Yf'.
1698 2688 1830 2728 Aver-

1014 2748 1059 2785 te
1078 2744 1228 2786 eculos
1246 2756 1384 2793 meos,
1406 2756 1461 2785 ne
1479 2744 1654 2786 videant
1671 2743 1830 2784 vanita-
