2080 2990
800 221 1010 256 Commune
1035 221 1326 265 Apostolorum.

288 318 511 369 Praecepta
532 329 719 369 quorum
737 317 940 370 protinus

333 372 539 424 Languor
558 374 765 427 salusque
786 374 993 423 sentiunt;

332 429 492 472 Sanate
511 436 679 472 mentes
698 430 943 482 languidas:

332 486 506 538 Augete
525 500 607 529 nos
627 488 880 530 virtutibus:

288 551 351 601 Ut,
380 565 478 593 cum
498 552 658 595 redibit
678 553 841 595 arbiter

333 609 382 649 In
403 609 489 651 fine
511 609 709 652 Christus
728 610 889 659 saeculi,

332 665 427 707 Nos
447 667 702 720 sempiterni
721 667 869 718 gaudii

333 722 558 765 Concedat
577 736 674 765 esse
695 726 936 777 compotes

292 786 413 837 Patri,
441 787 658 840 simulque
678 788 801 838 Filio,

334 843 524 897 Tibique
544 850 694 886 sancte
714 845 912 898 Spiritus,

331 901 453 943 Sicut
471 901 562 951 fuit,
591 901 647 943 sit
667 901 825 953 jugiter

333 958 522 1000 Saeclum
540 971 621 1011 per
641 970 770 1001 omne
787 958 938 1010 gloria.

567 1015 721 1057 Amen.

256 1074 306 1126 V.
347 1076 730 1118 Annuntiaverunt
768 1077 905 1129 opera
940 1076 1034 1118 Dei.

204 1137 254 1188 Rg.
281 1132 338 1175 Et
358 1133 473 1175 facta
492 1134 583 1186 ejus
602 1133 921 1176 intellexerunt.

257 1197 326 1238 Ad
343 1198 515 1249 Magnis.
547 1200 646 1240 Ant.
676 1197 835 1238 Estote
855 1196 992 1237 fortes
1011 1196 1034 1221 *

203 1251 246 1292 in
274 1251 402 1302 bello,
435 1257 479 1294 et
505 1255 698 1306 pugnate
727 1266 826 1294 cum
854 1255 1034 1305 antiquo

204 1311 421 1362 serpente:
450 1314 494 1351 et
518 1310 745 1363 accipietis
769 1322 952 1361 regnum
979 1323 1034 1351 ae-

202 1367 385 1416 ternum,
413 1365 595 1419 alleluja.

463 1437 777 1464 -——0-{I}-0—

365 1501 427 1542 11.
456 1500 585 1544 Aliae
603 1502 867 1544 Lectiones

466 1566 536 1599 pro
554 1556 768 1600 Apostolis.

427 1618 476 1657 In
503 1618 554 1657 11.
581 1617 806 1657 Noctumo.

203 1678 270 1718 De
300 1676 586 1728 Expositione
613 1676 653 1717 S.
679 1675 914 1727 Augustini
933 1678 1034 1729 Epi-

243 1733 368 1786 scopi
388 1746 520 1786 super
538 1732 761 1774 Psahnum
782 1734 995 1785 octogesi-

455 1803 575 1831 mum
595 1795 779 1832 sextum.

278 1851 431 1893 Lectio
451 1852 505 1891 iv.
652 1856 752 1890 Ante
774 1857 953 1891 medium.

206 1923 261 1969 s'
275 1907 591 1973 undamenta
618 1909 709 1960 ejus
740 1908 784 1948 in
811 1906 1035 1949 montibus

186 1962 193 1967 ”
212 1969 215 2010 ζ
238 1963 315 2026 &2³2
341 1965 520 2006 sanctis:
540 1963 682 2016 diligit
699 1964 916 2006 Dominus
934 1977 1034 2017 por—

208 2046 211 2047 r
239 2019 315 2049 *23²²
340 2027 410 2063 tas
434 2022 550 2063 Sion.
588 2023 733 2072 Quare
761 2026 861 2063 sunt
885 2020 1034 2063 funda-

203 2080 350 2120 menta
360 2078 576 2131 Apostoli,
592 2083 635 2120 et
644 2077 905 2131 Prophetae?
922 2079 1034 2129 Quia

204 2137 358 2177 eorum
382 2135 621 2177 auctoritas
644 2140 795 2188 portat
813 2136 1035 2177 infirmita-

204 2197 294 2234 tem
321 2196 528 2233 nostram.
567 2193 711 2243 Quare
740 2197 841 2234 sunt
868 2191 1035 2246 portae?

205 2249 317 2300 Quia
331 2261 410 2302 per
425 2248 547 2301 ipsos
561 2249 774 2290 intramus
785 2249 841 2291 ad
853 2263 1036 2301 regnum

204 2305 299 2347 Dei.
326 2305 576 2347 Praedicant
591 2306 705 2347 enim
719 2306 862 2348 nobis:
877 2311 921 2348 et
937 2320 1036 2348 cum

204 2375 284 2414 per
308 2362 431 2415 ipsos
455 2362 683 2411 intramus,
715 2376 795 2416 per
814 2362 1036 2405 Christum

204 2419 429 2461 intramus.
461 2419 564 2472 Ipse
584 2423 652 2460 est
672 2419 787 2461 enim
805 2420 942 2471 janua.
979 2421 1037 2462 Et

205 2489 306 2518 cum
325 2475 531 2518 dicuntur
550 2474 785 2517 duodecim
808 2482 950 2529 portae
968 2477 992 2517 J
996 2489 1036 2519 e-

204 2531 406 2582 rusalem,
434 2537 478 2574 et
496 2544 582 2574 una
604 2537 734 2585 porta
755 2532 964 2583 Christus,
994 2539 1037 2575 et

206 2588 442 2631 duodecim
461 2594 604 2642 portae
624 2588 839 2641 Christus,
869 2590 970 2642 quia
994 2590 1035 2631 in

206 2645 442 2688 duodecim
464 2646 606 2698 portis
627 2646 840 2687 Christus:
869 2651 912 2687 et
935 2646 1035 2688 ideo

207 2702 504 2744 duodenarius
549 2706 757 2744 numerus
798 2703 1035 2755 Apostolo-

206 2772 314 2801 rum.
337 2759 669 2802 Sacramentum
685 2772 891 2811 magnum
911 2759 1036 2812 hujus

1090 315 1348 357 duodenarii
1374 317 1635 368 significatio
1655 324 1722 361 est
1741 320 1919 361 numeri.

1088 371 1322 422 Sedebitis,
1350 373 1505 426 inquit,
1534 388 1666 428 super
1685 375 1919 418 duodecim

1089 428 1233 526 {edess
1265 429 1507 482 judicantes
1527 430 1762 474 duodecim
1779 432 1919 474 tribus

1112 498 1236 527 srae.

1142 546 1192 597 R.
1211 542 1315 584 Vidi
1338 544 1593 595 conjunctos
1611 544 1741 594 viros,
1759 544 1919 587 haben-

1088 603 1156 640 tes
1181 599 1434 652 splendidas
1458 606 1619 651 vestes,
1654 606 1699 642 et
1723 601 1920 653 Angelus

1089 656 1267 697 Domini
1286 657 1460 698 locutus
1480 662 1548 699 est
1565 657 1623 699 ad
1641 670 1727 708 me,
1755 657 1920 700 dicens:

1090 715 1113 739 *
1141 713 1220 754 Isti
1248 718 1350 755 sunt
1375 714 1456 755 viri
1486 715 1627 756 sancti
1658 714 1763 756 facti
1793 715 1921 756 amici

1088 769 1182 811 Dei.
1219 769 1269 819 V.
1287 770 1390 812 Vidi
1411 771 1630 822 Angelum
1648 771 1733 813 Dei
1750 771 1921 821 fortem,

1088 826 1310 868 volantem
1324 840 1405 880 per
1418 827 1613 870 medium
1628 827 1800 878 coelum,
1810 840 1921 870 voce

1087 895 1245 935 magna
1258 883 1532 935 clamantem,
1542 890 1586 927 et
1597 884 1922 935 dicentem21sti.

1398 944 1550 985 Lectio
1570 958 1606 984 v.

1090 991 1179 1100 Si
1198 997 1432 1041 duodecim
1458 998 1579 1040 sellae
1605 998 1666 1041 ibi
1690 1003 1806 1049 sunt,
1833 1010 1922 1040 non

1185 1060 1252 1097 est
1279 1055 1354 1098 ubi
1381 1055 1534 1098 sedeat
1565 1055 1920 1098 tertiusdecimus

1087 1111 1249 1153 Paulus
1264 1112 1521 1165 Apostolus,
1542 1117 1586 1155 et
1603 1125 1693 1154 non
1713 1113 1796 1155 erit
1816 1113 1920 1165 quo-

1087 1168 1221 1211 modo
1245 1169 1421 1222 judicet:
1454 1174 1498 1211 et
1519 1169 1616 1222 ipse
1640 1182 1688 1212 se
1711 1169 1921 1222 judicatu-

1088 1239 1185 1267 rum
1217 1225 1345 1277 dixit,
1386 1239 1475 1268 non
1507 1226 1708 1268 homines
1739 1230 1921 1275 tantum,

1088 1283 1167 1325 sed
1186 1288 1230 1325 et
1251 1283 1441 1335 angelos.
1479 1284 1600 1334 Quos
1621 1283 1811 1335 angelos,
1838 1282 1921 1324 nisi

1088 1342 1316 1393 apostatas
1332 1339 1534 1392 angelos?
1549 1340 1753 1390 Nescitis,
1767 1339 1920 1392 inquit,

1089 1397 1191 1450 quia
1202 1397 1382 1449 angelos
1396 1395 1709 1450 judicabimus?
1721 1397 1920 1449 Respon-

1088 1453 1214 1496 deret
1241 1467 1346 1507 ergo
1374 1454 1520 1496 turba:
1571 1453 1687 1505 Quid
1713 1458 1757 1496 te
1785 1455 1921 1506 jactas

1087 1509 1402 1563 judicaturum?
1444 1511 1530 1554 Ubi
1562 1509 1760 1553 sedebis?
1801 1510 1921 1551 Duo·

1088 1567 1232 1610 decim
1264 1567 1393 1610 sedes
1426 1567 1538 1610 dixit
1564 1568 1782 1609 Dominus
1815 1566 1920 1608 duo-

1087 1624 1231 1666 decim
1254 1624 1500 1677 Apostolis:
1532 1637 1644 1666 unus
1668 1623 1827 1666 cecidit
1848 1623 1920 1664 Ju-

1087 1681 1183 1731 das,
1219 1682 1263 1722 in
1291 1681 1438 1723 locum
1465 1681 1603 1734 ipsius
1630 1685 1807 1722 sanctus
1830 1679 1919 1720 Ma-

1087 1737 1201 1780 thias
1229 1737 1457 1780 ordinatus
1485 1742 1572 1780 est:
1616 1737 1823 1790 impletus
1851 1740 1919 1778 est

1088 1794 1384 1837 duodenarius
1399 1797 1608 1836 numerus
1627 1793 1808 1836 sedium.
1829 1793 1926 1845 Pri-—

1087 1864 1159 1893 mo
1179 1851 1326 1893 locum
1344 1852 1500 1901 inveni,
1520 1851 1595 1893 ubi
1610 1850 1778 1900 sedeas,
1798 1854 1842 1892 et
1857 1849 1919 1891 sic

1087 1913 1131 1951 te
1152 1909 1317 1950 minare
1337 1907 1639 1961 judicaturum.
1670 1906 1919 1949 Duodecim

1088 1978 1193 2017 ergo
1219 1965 1349 2007 sedes
1369 1964 1475 2018 quid
1495 1964 1578 2007 sibi
1596 1964 1746 2014 velint,
1774 1962 1919 2005 videa-

1087 2035 1195 2064 mus.
1240 2023 1571 2064 Sacramentum
1598 2025 1666 2063 est
1693 2019 1919 2073 cujusdam

1087 2079 1394 2129 universitatis,
1407 2079 1508 2131 quia
1521 2091 1602 2131 per
1612 2082 1754 2120 totum
1765 2075 1919 2118 orbem

1088 2138 1305 2178 terrarum
1317 2135 1464 2177 futura
1474 2139 1569 2177 erat
1578 2133 1790 2176 Ecclesia:
1803 2132 1918 2180 unde

1088 2194 1272 2235 vocatur
1298 2191 1384 2234 hoc
1411 2191 1647 2234 aedificium
1674 2189 1732 2232 ad
1757 2189 1919 2232 Christi

1089 2251 1360 2303 compagem.

1139 2306 1190 2358 R.
1210 2306 1338 2347 Beati
1356 2305 1473 2355 estis,
1493 2317 1593 2346 cum
1611 2302 1918 2345 maledixerint

1088 2362 1216 2405 vobis
1248 2362 1465 2411 homines,
1512 2365 1556 2403 et
1586 2360 1806 2413 persecuti
1838 2372 1918 2401 vos

1088 2419 1266 2469 fuerint,
1307 2423 1352 2460 et
1379 2417 1568 2460 dixerint
1596 2430 1725 2459 omne
1756 2416 1918 2458 malum

1089 2475 1322 2519 adversum
1337 2487 1428 2525 vos,
1446 2475 1717 2524 mentientes,
1736 2478 1919 2526 propter

1089 2547 1173 2575 me:
1195 2531 1218 2555 *
1250 2531 1451 2574 Gaudete
1480 2536 1523 2573 et
1553 2531 1784 2580 exsultate,
1814 2532 1917 2583 quo-

1089 2591 1206 2632 niam
1229 2602 1398 2632 merces
1417 2593 1565 2630 vestra
1585 2588 1766 2641 copiosa
1786 2592 1853 2629 est
1875 2586 1918 2627 in

1090 2646 1224 2689 coelis.
1262 2639 1312 2691 V.
1343 2645 1453 2686 Cum
1478 2657 1559 2686 vos
1585 2643 1758 2686 oderint
1782 2643 1918 2685 homi-

1090 2717 1183 2753 nes,
1216 2707 1260 2745 et
1289 2715 1388 2744 cum
1416 2702 1717 2754 separaverint
1745 2713 1841 2750 vos,
1874 2704 1919 2741 et

1090 2759 1461 2813 exprobraverint,
1481 2764 1525 2800 et
1541 2758 1746 2810 ejecerint
1759 2768 1918 2799 nomen
