2080 2990
531 220 602 253 Die
632 221 686 253 lo.
712 221 848 255 Man-tii.
896 223 951 255 Ss.
978 205 1241 263 Quadraginta
1268 223 1484 265 Martyrum.

203 316 249 349 Et
273 315 313 348 fit
339 325 535 349 commem.
560 316 683 349 Feria:
709 325 852 349 occurr.

208 371 251 405 In
267 370 293 404 Ι.
311 370 420 404 Noct.
443 371 543 405 Lect.
567 372 738 405 Fratres:
762 371 979 407 DebitoreS.

151 419 197 453 de
223 418 360 453 eodem
386 419 598 453 Communi.
626 417 695 461 [37]

383 488 432 526 In
454 489 503 527 II.
525 489 747 527 Nocturno.

454 556 604 597 Lectio
624 558 676 597 ix:

195 619 400 671 gtgssjsshcmio
424 616 708 668 imperatere,
737 622 781 658 et
799 618 979 669 Agrico-

156 698 157 713 .
194 662 262 731 [th
286 671 356 713 lao
377 672 579 724 praeside,
599 672 655 714 ad
671 673 886 715 Sebasten
901 674 980 715 Ar-

118 759 121 761 .
168 728 262 752 ss
286 729 442 769 meniae
478 728 649 778 urbem,
692 729 981 781 quadraginta

150 783 337 824 militum
362 783 474 825 fides
499 784 542 824 in
567 784 592 824 J
594 797 716 825 esum
743 785 980 835 Christum,

152 844 196 880 et
227 838 440 881 fortitudo
472 840 518 881 in
548 841 812 882 cruciatibus
840 842 980 894 perfe-

150 895 299 936 rendis
319 896 484 936 enituit.
519 896 603 945 Qui
628 897 790 949 saepius
814 897 858 937 in
882 897 979 939 hor-

150 951 323 992 ribilem
343 953 565 992 carcerem
582 951 761 1001 detrusi,
781 953 979 994 vinculis-

152 1019 237 1059 que
266 1007 509 1057 constricti,
542 1021 642 1048 cum
675 1021 752 1049 ora
782 1009 980 1061 ipsorum

149 1062 370 1115 lapidibus
393 1067 578 1105 contusa
601 1064 800 1115 fuissent,
825 1064 980 1106 hiemis

149 1121 352 1172 tempore
398 1120 701 1170 frigidissimo,
746 1120 853 1162 nudi
898 1122 979 1163 sub

150 1177 303 1228 aperto
329 1178 431 1217 aere
455 1189 590 1228 supra
614 1181 816 1228 stagnum
836 1178 980 1228 rigens

149 1234 412 1284 pernoctare
444 1232 549 1283 jussi
581 1237 697 1282 sunt,
737 1237 785 1274 ut
816 1234 980 1284 frigore

150 1288 371 1338 congelati
397 1290 668 1329 necarentur.
709 1289 806 1330 Una
834 1294 980 1330 autem

151 1349 246 1385 erat
271 1344 466 1385 emnium
491 1345 648 1385 oratio:
679 1345 980 1396 Quadraginta

149 1400 195 1440 in
227 1400 420 1441 stadium
450 1400 636 1451 ingressi
670 1413 838 1451 sumus,
878 1414 979 1453 qua-

151 1455 352 1507 draginta
374 1456 480 1498 item
502 1456 692 1498 Domine
716 1459 881 1498 corona
905 1457 980 1498 do-

149 1513 318 1561 nemur,
338 1525 393 1553 ne
410 1525 497 1553 una
517 1511 694 1564 quidem
712 1512 814 1554 huic
832 1516 979 1555 nume-

150 1580 200 1609 ro
221 1567 346 1609 desit.
373 1568 454 1609 Est
477 1567 521 1608 in
545 1567 715 1610 honore
739 1568 809 1610 hic
833 1572 980 1611 nume-

149 1636 241 1672 rus,
270 1635 401 1675 quem
423 1628 472 1664 tu
497 1622 786 1676 quadraginta
811 1624 981 1666 dierum

149 1679 308 1731 jejunio
328 1679 564 1730 decorasti,
583 1693 664 1732 per
684 1693 815 1732 quem
835 1681 981 1722 divina

149 1735 222 1777 lex
252 1735 451 1786 ingressa
483 1740 550 1777 est
580 1736 625 1776 in
663 1736 816 1778 orbem
846 1740 980 1778 terra—

149 1804 257 1832 rum.
284 1791 404 1832 Elias
430 1791 721 1844 quadraginta
739 1792 907 1834 dierum
926 1794 980 1844 je-

150 1848 267 1900 jt'mio
300 1847 444 1889 Deum
478 1860 697 1900 quaerens,
730 1850 820 1900 ejus
852 1850 980 1890 visio-

150 1917 252 1946 nem
278 1907 542 1945 consecutus
568 1908 645 1945 est.
686 1905 744 1946 Et
767 1905 864 1946 haec
891 1906 980 1957 qui-

151 1959 253 2002 dem
270 1960 444 2001 illerum
464 1964 557 2001 erat
575 1960 728 2001 oratio.

200 2026 250 2077 R.
289 2025 440 2066 Sancti
473 2025 538 2066 tui
564 2025 754 2066 Demine
781 2024 981 2066 mirabile

151 2081 377 2124 consecuti
392 2086 492 2122 sunt
507 2081 600 2130 iter,
616 2081 858 2122 servientes
869 2094 979 2133 prae-

151 2138 292 2190 ceptis
319 2138 424 2187 tuis,
452 2142 501 2179 ut
527 2137 827 2179 invenirentur
853 2136 980 2177 illaesi

150 2194 194 2235 in
219 2194 345 2246 aquis
369 2193 544 2235 validis:
567 2197 587 2217 '⁸¹
616 2193 754 2234 Terra
778 2193 982 2245 apparuit

151 2249 284 2299 arida,
305 2254 349 2291 et
367 2250 411 2290 in
425 2250 537 2291 Mari
555 2249 691 2291 rubro
706 2249 777 2291 via
795 2249 887 2290 sine
905 2249 980 2289 im-

149 2305 416 2358 pedimento.
449 2303 497 2353 V.
527 2305 745 2355 Quoniam
762 2305 982 2357 permissit

149 2366 337 2413 petram,
364 2366 407 2403 et
427 2362 646 2403 fluxerunt
665 2374 808 2413 aquae,
833 2365 876 2402 et
894 2366 980 2403 tor-

151 2419 297 2460 rentes
316 2418 650 2460 inundaverunt.
677 2418 827 2459 Terra.

459 2490 609 2530 Lectio
632 2504 666 2529 v.

226 2551 357 2593 eteris
379 2555 527 2593 autem
547 2552 805 2594 custodibus
828 2563 981 2592 somno

236 2606 414 2657 deditis,
437 2608 559 2649 solus
583 2608 793 2659 vigilabat
813 2608 982 2659 janitor,

153 2663 227 2715 qui
246 2667 290 2704 et
308 2662 408 2704 illos
423 2666 612 2714 orantes,
632 2669 675 2706 et
689 2664 786 2706 luce
802 2665 982 2705 circum-

152 2720 292 2770 fusos,
318 2724 362 2761 et
385 2719 601 2771 quosdam
624 2733 648 2762 e
667 2720 781 2762 coelo
803 2720 980 2762 descen-

1033 315 1188 357 dentes
1214 316 1410 366 Angelos
1439 324 1663 371 tamquam
1692 333 1717 361 a
1739 321 1863 370 Rege

1016 423 1019 426 Δ
1034 371 1204 421 missos,
1225 373 1300 424 qui
1314 376 1499 415 coronas
1515 376 1691 426 triginta
1704 389 1864 417 novem

1034 427 1245 468 militibus
1291 428 1620 480 distribuerent,
1673 434 1863 481 intuens,

1034 483 1095 524 ita
1119 495 1269 524 secum
1292 484 1570 536 loquebatur:
1597 486 1863 538 Quadragin-

1033 543 1078 579 ta
1109 538 1154 579 hi
1186 544 1300 580 sunt:
1344 541 1667 592 quadragesimi
1700 546 1864 584 corena

1033 594 1108 636 ubi
1129 595 1217 636 est?
1255 597 1364 646 Quae
1384 597 1488 637 dum
1510 599 1733 648 cogitaret,
1753 612 1863 640 unus

1034 663 1088 691 ex
1107 650 1182 691 illo
1202 655 1403 701 numero,
1431 653 1500 693 cui
1527 654 1694 694 animus
1719 654 1775 695 ad
1794 655 1862 694 fri-

1034 720 1114 757 gus
1135 707 1363 748 ferendum
1390 708 1628 758 defecerat,
1653 710 1697 750 in
1720 711 1863 762 prexi-

1034 775 1155 803 mum
1195 764 1465 815 tepefactum
1507 765 1712 806 balneum
1753 765 1863 806 desi-

1033 818 1159 868 liens,
1186 824 1363 860 sanctos
1389 820 1488 861 illos
1513 834 1687 862 summo
1711 821 1864 862 dolore

1035 874 1189 916 affecit.
1224 876 1391 917 Verum
1419 877 1541 918 Deus
1568 877 1742 918 illerum
1768 890 1863 929 pre-

1036 943 1109 972 ces
1145 932 1289 972 irritas
1327 945 1424 973 esse
1461 946 1549 974 non
1591 939 1658 975 est
1692 946 1865 985 passus:

1034 1000 1135 1027 nam
1161 988 1226 1028 rei
1260 990 1463 1029 eventum
1492 989 1734 1030 admiratus
1762 990 1863 1040 jani-

1034 1048 1122 1091 tor,
1149 1056 1254 1084 mox
1282 1044 1542 1086 custodibus
1568 1058 1590 1086 e
1615 1057 1769 1085 somno
1794 1058 1863 1086 ex-

1036 1099 1196 1149 citatis,
1225 1099 1523 1152 detractisque
1551 1100 1633 1142 sibi
1658 1100 1864 1149 vestibus,

1035 1168 1086 1196 ac
1110 1167 1157 1196 se
1181 1155 1466 1197 christianum
1491 1170 1587 1198 esse
1613 1157 1731 1197 clara
1754 1169 1863 1197 voce

1033 1211 1276 1263 professus,
1299 1212 1566 1263 Martyribus
1590 1225 1637 1253 se
1658 1212 1864 1264 adjunxit.

1035 1267 1145 1308 Cum
1168 1280 1274 1308 vero
1298 1268 1501 1320 praesidis
1526 1268 1737 1310 satellites
1762 1269 1863 1320 jani-

1033 1325 1176 1364 torem
1217 1337 1392 1376 quoque
1431 1324 1725 1366 Christianum
1767 1337 1863 1365 esse

1035 1382 1363 1430 cognovissent,
1393 1380 1563 1421 bacillis
1597 1381 1864 1421 comminuta

1034 1436 1226 1476 emnium
1247 1438 1398 1477 eorum
1419 1449 1548 1478 crura
1567 1436 1799 1487 fregerunt.

1088 1514 1136 1562 R.
1168 1507 1368 1549 Verbera
1406 1509 1659 1550 carnificum
1693 1521 1782 1549 non
1813 1510 1863 1549 ti-

1032 1565 1236 1605 muerunt
1254 1565 1394 1605 sancti
1412 1565 1506 1614 Dei,
1525 1565 1763 1605 morientes
1781 1578 1863 1616 pro

1035 1619 1196 1661 Christi
1224 1621 1418 1670 nomine,
1438 1627 1459 1649 *
1480 1620 1539 1662 Ut
1565 1620 1765 1661 haeredes
1791 1621 1863 1661 fie-

1034 1680 1131 1717 rent
1149 1676 1193 1716 in
1213 1675 1346 1717 domo
1366 1677 1555 1717 Domini.
1586 1676 1633 1725 V
1652 1677 1691 1716 T
1694 1675 1862 1717 radide-

1033 1736 1134 1773 runt
1167 1734 1359 1785 corpora
1392 1746 1470 1773 sua
1504 1737 1688 1784 propter
1719 1733 1863 1773 Deum

1034 1787 1090 1828 ad
1110 1788 1336 1841 supplicia.
1367 1789 1426 1830 Ut
1446 1788 1656 1829 haeredes.

1338 1869 1488 1908 Lectio
1511 1870 1560 1908 vi.

1081 1948 1109 1974 n
1149 1947 1202 1975 eo
1240 1935 1457 1987 supplicio
1490 1934 1653 1976 mortui
1685 1939 1785 1976 sunt
1819 1947 1862 1976 o-

1093 2003 1231 2040 mnes,
1258 1995 1422 2042 praeter
1445 1989 1731 2031 Melithonem
1758 1996 1863 2031 natu

1032 2047 1270 2087 minimum.
1331 2047 1472 2097 Quem
1522 2059 1622 2087 cum
1666 2059 1863 2099 praesens

1033 2107 1174 2143 mater
1194 2103 1298 2154 ejus,
1318 2103 1467 2144 fractis
1487 2102 1696 2152 cruribus,
1718 2102 1862 2144 adhuc

1034 2159 1252 2200 viventem
1290 2158 1488 2208 vidisset,
1530 2159 1593 2199 sic
1633 2158 1863 2200 cohortata

1034 2219 1117 2256 est:
1159 2214 1257 2264 Fili,
1289 2215 1514 2267 paulisper
1547 2215 1726 2264 sustine,
1761 2227 1862 2255 ecce

1034 2270 1233 2311 Christus
1259 2270 1316 2312 ad
1340 2271 1514 2322 januam
1540 2275 1628 2312 stat
1652 2270 1862 2322 adjuvans

1032 2331 1088 2368 te.
1122 2326 1231 2367 Cum
1250 2339 1356 2368 vero
1380 2326 1651 2379 reliquorum
1675 2328 1863 2378 corpora

1032 2382 1241 2435 plaustris
1259 2383 1427 2435 imponi
1445 2384 1653 2432 cerneret,
1672 2386 1720 2423 ut
1737 2381 1780 2422 in
1795 2393 1861 2422 ro-

1032 2451 1136 2489 gum
1167 2438 1446 2488 inferrentur,
1485 2451 1536 2479 ac
1568 2437 1705 2478 filium
1736 2450 1861 2478 suum

1031 2494 1235 2546 relinqui,
1261 2494 1382 2547 quod
1407 2496 1606 2546 speraret
1623 2493 1757 2545 impia
1775 2498 1860 2533 tur-

1031 2550 1089 2592 ba
1114 2553 1318 2603 puerum,
1351 2550 1389 2591 si
1413 2550 1611 2599 vixisset,
1643 2549 1700 2590 ad
1723 2548 1859 2589 idolo-

1031 2619 1129 2647 rum
1158 2606 1322 2648 cultum
1356 2605 1556 2647 revocari
1582 2617 1731 2657 posse3
1762 2604 1859 2655 ipso

1032 2662 1076 2702 in
1099 2661 1306 2704 humeros
1330 2661 1522 2710 sublato,
1547 2666 1698 2702 sancta
1720 2663 1859 2699 mater

1032 2718 1232 2760 vehicula
1292 2718 1536 2769 Martyrum
1599 2713 1858 2768 corperibus
