2040 2990
195 173 238 208 26

226 271 317 310 l)eo
336 267 452 308 Patri
472 267 528 308 sit
546 266 694 317 glOria,

270 324 457 375 Ejflsque
478 323 557 364 soli
578 323 698 372 Filio,

270 379 376 420 Cum
395 379 556 431 Spiritu
578 379 804 428 paraclito,

267 435 403 484 Nunc,
423 440 466 477 et
484 449 563 488 per
582 448 708 477 omne
728 435 944 476 saeculum.

447 491 598 533 Amen.

244 547 324 587 Pcr
346 549 526 588 Annum.
556 551 652 589 Ant.
686 548 808 589 Beati
830 547 901 600 qui
922 549 1016 593 amr

190 603 351 645 bulant.

242 663 371 706 Tcmp.
397 665 558 698 Aclvcnt.
580 665 665 698 Ant.
692 665 737 699 dc
759 665 871 698 Laud.
898 665 1005 698 Doni.

192 716 255 744 aut
280 722 325 744 cx
351 713 518 754 propriis
546 713 659 746 Laud.

464 768 655 807 l’salmus
675 770 737 807 Τι’-ἰ.

267 833 311 869 ἐκ,
323 836 399 864 eus
418 823 460 863 in
479 823 650 864 nomine
665 828 740 864 tuo
757 823 923 864 salvum
937 835 1007 863 me

312 873 315 921 ]
340 879 419 921 fac:
437 881 460 905 *
480 884 523 921 et
548 880 591 920 in
618 880 776 921 virtute
802 884 877 921 tua
903 878 1007 931 judi-

339 948 389 977 ca
407 949 487 977 me.

241 992 360 1037 Deus
381 991 536 1033 exaudi
555 992 795 1033 orationem
813 1004 968 1033 meam:
983 993 1007 1018 *

191 1047 366 1089 auribus
386 1049 560 1101 percipe
578 1048 711 1090 verba
730 1049 817 1089 oris
836 1049 930 1089 mei.

243 1104 455 1154 Quoniam
466 1104 590 1145 alieni
600 1105 924 1146 insurrexerunt
935 1103 1006 1146 ad-

190 1161 363 1201 versum
389 1173 474 1210 me,
506 1165 549 1202 et
580 1160 715 1202 fortes
744 1161 1007 1213 quaesierunt

191 1216 376 1257 animam
389 1229 544 1258 meam:
563 1218 586 1242 *
606 1221 649 1258 et
667 1230 753 1258 non
769 1219 1006 1270 proposue-

190 1277 290 1314 runt
304 1273 445 1314 Deum
460 1278 559 1314 ante
575 1275 856 1326 conspectum
872 1287 1006 1315 suum.

241 1328 355 1370 Ecce
383 1329 494 1370 enim
521 1330 642 1371 Deus
670 1330 845 1382 adjuvat
872 1343 956 1372 me:
983 1331 1007 1355 *

190 1389 234 1426 et
260 1385 472 1426 Dominus
500 1388 727 1439 susceptor
757 1392 823 1428 est
853 1387 1007 1428 animae

189 1453 309 1482 meae.

242 1497 404 1539 Averte
431 1498 543 1539 mala
570 1498 752 1539 inimicis
779 1499 902 1540 meis:
920 1499 943 1524 *
963 1503 1007 1540 et

190 1552 233 1593 in
252 1554 434 1595 veritate
452 1558 526 1594 tua
547 1553 750 1607 disperde
768 1554 874 1595 illos.

242 1609 498 1651 Voluntarie
526 1610 779 1652 sacrificabo
806 1610 900 1660 tibi,
919 1611 943 1637 *
964 1616 1007 1653 et

192 1665 432 1707 confitebor
476 1666 638 1707 nemini
682 1671 758 1708 tuo
802 1667 1007 1710 Demine:

193 1722 395 1773 quoniam
413 1721 576 1763 bonum
595 1727 676 1764 est:

243 1778 455 1827 Quoniam
492 1790 545 1819 ex
582 1779 697 1819 omni
728 1779 1007 1821 tribulatione

192 1833 384 1885 eripuisti
415 1847 498 1875 me:
525 1835 549 1860 *
581 1840 626 1876 et
653 1848 783 1888 super
810 1836 1006 1878 inimicos

191 1901 312 1930 meos
333 1889 531 1942 despexit
550 1891 700 1933 oculus
720 1905 853 1933 meus.

243 1949 333 1983 Post
359 1951 416 1984 I‘s.
448 1951 552 1986 Deus
577 1951 616 1986 in
636 1953 789 1988 nemine
812 1956 890 1988 tuo.
919 1956 1003 1989 loeo

191 1996 249 2030 I‘s.
272 1997 522 2034 Confitemini.
545 2000 683 2034 dicitur
706 2012 802 2035 unus
824 2013 869 2036 cx
892 2003 1004 2037 infra-

191 2045 343 2087 scriptis
370 2046 540 2085 Psalmis,
566 2050 771 2083 secundum
794 2050 924 2084 Ferias
951 2053 1004 2086 di-

191 2092 347 2126 stinctis.
384 2095 551 2129 Sabbato
577 2102 700 2130 autem
726 2098 902 2132 dicuntur
925 2106 1004 2133 tan-

190 2144 266 2172 tum
294 2147 366 2174 tres·
392 2142 543 2178 Psalmi.
569 2145 665 2178 sicut
693 2145 727 2178 in
754 2146 887 2180 Festis.

394 2222 541 2259 Feria
567 2223 803 2262 Secunda.

462 2278 653 2317 l'salmus
673 2280 735 2317 23.

191 2330 408 2436 Domini
441 2344 508 2380 est
538 2344 670 2388 terra,
702 2346 746 2382 et
782 2341 1007 2393 plenit1'1do

296 2394 398 2444 ejus:
421 2395 444 2419 ¹⁸¹
468 2394 586 2437 orbis
604 2398 834 2445 terrarum,
858 2402 901 2438 et
920 2399 1008 2439 uni-

192 2448 305 2489 versi
325 2450 397 2501 qui
415 2450 612 2493 habitant
630 2452 673 2492 in
692 2465 756 2493 eo.

244 2505 352 2554 Quia
379 2506 473 2557 ipse
501 2519 631 2559 super
654 2509 790 2549 maria
813 2508 1008 2552 fundavit

194 2572 306 2622 eum:
324 2562 347 2585 *
367 2567 411 2602 et
438 2574 568 2614 super
592 2563 767 2604 flumina
792 2569 1008 2617 praepara-

193 2621 255 2655 vit
274 2627 382 2656 eum.

245 2671 351 2721 Quis
383 2672 588 2715 ascendet
624 2673 667 2714 in
698 2680 891 2717 montem
922 2677 1008 2718 Do-

735 175 774 207 In
801 175 920 208 feriali
947 175 1081 209 Officio
1107 175 1154 209 ad
1181 175 1354 208 Primam.

1061 263 1185 305 mini?
1204 265 1228 289 *
1248 269 1322 305 aut
1341 265 1438 317 quis
1458 263 1590 306 stabit
1608 264 1650 305 in
1669 264 1768 307 loco
1788 278 1882 307 san-

1062 325 1133 362 cto
1154 318 1267 372 ejus?

1111 378 1326 418 Innocens
1376 376 1577 418 manibus
1627 382 1671 419 et
1718 377 1882 419 mundo

1061 432 1209 482 corde,
1237 434 1260 458 *
1289 433 1363 485 qui
1389 446 1477 474 non
1501 434 1672 486 accepit
1697 434 1741 475 in
1769 447 1882 475 vano

1061 489 1247 530 animam
1267 503 1404 538 suam,
1429 503 1510 531 nec
1533 490 1690 542 juravit
1712 490 1756 531 in
1779 490 1882 532 dolo

1060 546 1261 598 proximo
1282 559 1372 587 suo.

1110 602 1194 643 Hic
1235 603 1422 655 accipiet
1462 602 1815 644 benedictienem
1859 615 1885 643 a

1059 659 1264 700 Domino:
1278 659 1302 684 *
1318 663 1362 701 et
1380 658 1724 701 misericerdiam
1742 671 1768 700 a
1786 659 1884 700 Deo

1061 714 1241 756 salutari
1261 728 1351 757 suo.

1110 772 1220 812 Haec
1249 777 1315 813 est
1342 772 1567 823 generatio
1598 771 1885 825 quaerentium

1060 840 1174 876 eum,
1210 828 1234 852 *
1273 829 1560 880 quaerentium
1608 828 1765 870 faciem
1800 828 1884 869 Dei

1059 883 1208 925 Jacob.

1111 939 1314 982 Attollite
1358 946 1512 994 portas
1556 941 1777 995 principes
1813 954 1883 983 ve-

1060 1000 1189 1046 stras,
1218 1002 1262 1038 et
1286 996 1515 1039 elevamini
1538 1003 1682 1050 portae
1701 999 1883 1039 aeterna-

1059 1052 1136 1094 les:
1155 1053 1178 1078 *
1198 1058 1242 1094 et
1259 1053 1457 1095 introibit
1476 1054 1573 1095 Rex
1591 1054 1754 1105 gloriae.

1111 1110 1216 1160 Quis
1243 1114 1310 1151 est
1329 1110 1412 1151 iste
1431 1110 1528 1162 Rex
1546 1109 1721 1162 gleriae?
1746 1110 1770 1136 *
1795 1110 1884 1152 Do-

1058 1166 1199 1207 minus
1231 1166 1357 1208 fortis
1390 1171 1434 1208 et
1465 1171 1637 1220 potens:
1669 1167 1884 1209 Deminus

1059 1226 1218 1275 potens
1236 1223 1279 1263 in
1297 1222 1462 1275 praelio.

1110 1278 1313 1320 Attollite
1357 1284 1510 1332 portas
1555 1280 1778 1333 principes
1814 1293 1884 1322 ve-

1060 1339 1188 1378 stras.
1217 1340 1261 1377 et
1285 1335 1513 1377 elevamini
1535 1341 1678 1389 portae
1702 1333 1885 1378 aeterna-

1058 1391 1136 1432 les:
1155 1393 1179 1418 *
1198 1396 1241 1433 et
1260 1391 1457 1435 introibit
1476 1393 1573 1435 Rex
1589 1393 1753 1444 gloriae.

1112 1448 1217 1498 Quis
1243 1453 1310 1490 est
1332 1448 1416 1491 iste
1435 1449 1531 1491 Rex
1559 1447 1734 1500 gloriae?
1753 1450 1778 1475 *
1795 1450 1884 1491 De-

1059 1504 1199 1545 minus
1211 1505 1421 1547 virtutum
1430 1505 1525 1558 ipse
1536 1510 1604 1547 est
1614 1506 1711 1547 Rex
1719 1506 1883 1557 gloriae.

1256 1594 1424 1631 Feria
1462 1594 1680 1633 Tertia.

1331 1660 1527 1700 Psalmus
1547 1661 1612 1701 24.

1154 1723 1183 1765 d
1218 1729 1262 1766 te
1298 1725 1486 1767 Domine
1517 1726 1660 1768 levavi
1696 1728 1884 1769 animam

1178 1794 1335 1822 meam:
1349 1782 1372 1808 *
1387 1782 1508 1823 Deus
1522 1796 1646 1825 meus
1660 1784 1704 1824 in
1723 1789 1768 1826 te
1783 1796 1883 1825 con-

1059 1836 1160 1886 fido,
1179 1850 1267 1879 non
1286 1838 1552 1880 erubescam.

1109 1893 1264 1946 Neque
1283 1894 1492 1937 irrideant
1514 1909 1584 1937 me
1606 1896 1767 1938 inimici
1784 1897 1884 1938 mei:

1058 1949 1081 1975 *
1101 1951 1261 1991 etenim
1279 1952 1480 2002 universi,
1501 1953 1575 2005 qui
1594 1953 1810 1995 sustinent
1828 1957 1884 2003 te,

1059 2019 1146 2047 non
1165 2006 1496 2049 confundentur.

1107 2062 1438 2105 Confundantur
1445 2065 1750 2118 omnesiniqua
1757 2067 1884 2117 agen-

1059 2123 1127 2160 tes
1146 2120 1170 2144 *
1189 2122 1471 2172 supervacue.

1109 2175 1217 2216 Vias
1258 2180 1356 2217 tuas
1397 2177 1585 2219 Domine
1630 2178 1884 2220 demonstra

1059 2231 1177 2272 mihi:
1195 2232 1220 2257 *
1239 2237 1283 2273 et
1303 2234 1481 2274 semitas
1500 2239 1598 2275 tuas
1619 2234 1756 2276 edoce
1774 2248 1855 2277 me.

1109 2288 1260 2338 Dirige
1274 2301 1344 2329 me
1358 2290 1401 2329 in
1416 2290 1601 2332 veritate
1616 2295 1702 2341 tua,
1717 2295 1761 2333 et
1772 2290 1882 2333 doce

1059 2356 1147 2385 me:
1178 2344 1202 2368 *
1236 2345 1336 2396 quia
1371 2351 1419 2386 tu
1457 2359 1504 2388 es
1536 2347 1656 2389 Deus
1689 2347 1883 2389 salvator

1059 2412 1192 2448 meus,
1212 2405 1256 2441 et
1274 2405 1318 2442 te
1338 2402 1522 2443 sustinui
1540 2407 1636 2445 tota
1655 2402 1736 2445 die.

1111 2456 1407 2498 Reminiscere
1434 2458 1762 2501 miserationum
1789 2461 1882 2502 tua-

1060 2524 1155 2552 rum
1172 2512 1370 2562 Domine,
1385 2514 1409 2539 *
1424 2519 1468 2555 et
1486 2514 1883 2557 misericordiarum

1060 2569 1243 2617 tuarum,
1265 2581 1362 2620 quae
1381 2582 1405 2610 a
1425 2571 1587 2612 saeculo
1607 2576 1718 2613 sunt.

1109 2623 1281 2665 Delicta
1292 2625 1526 2676 juventutis
1540 2640 1662 2677 meae,
1671 2628 1695 2652 *
1706 2632 1750 2669 et
1763 2627 1882 2678 igno-

1060 2680 1224 2721 rantias
1241 2693 1362 2722 meas
1381 2695 1442 2723 ne·
1453 2684 1712 2725 memineris.
