2080 2990
576 217 645 250 Dic
672 217 720 250 ls').
744 217 827 250 dan.
874 218 908 250 S.
935 217 1102 250 Marcelli
1132 217 1246 259 l‘apac
1273 225 1306 250 ct
1335 218 1438 251 Mart.

1793 216 1859 251 423

161 328 257 357 cam
282 327 387 357 vero
415 314 555 364 Pauli,
589 326 719 366 quam
745 314 790 354 in
818 318 982 366 sportae

159 371 338 414 modum
375 385 429 413 ex
463 371 622 424 palmae
652 370 766 412 foliis
797 370 870 412 ille
901 369 984 411 sibi

160 430 461 477 contexuerat,
495 440 644 469 secum
675 426 893 476 auferens,
928 438 980 468 eo

159 487 320 526 vestitu
342 483 496 526 diebus
516 483 783 525 solemnibus
799 482 982 524 Paschae

160 546 204 583 et
220 541 522 590 PentecosteS,
551 539 697 593 quoad
723 539 850 589 vixit,
877 552 982 580 usus

160 601 236 640 est.

210 655 260 707 R.
288 655 378 696 Iste
397 653 542 696 homo.
561 653 641 706 [72]

209 729 251 763 In
272 729 335 763 ΠΙ.
356 727 466 762 Noct.
489 727 629 762 Homil.
655 727 693 761 in
714 727 858 770 Evang.
885 726 982 761 Con-

159 775 271 810 fiteor
286 775 367 811 tibi.
386 777 432 811 dc
455 776 559 811 Com.
578 777 716 810 Abbat.
738 776 767 809 2.
787 776 883 809 loeo.
909 773 981 818 [81]

331 846 405 880 Pro
430 846 464 881 S.
491 846 622 880 Mauro
650 846 810 879 Abbatc.

439 908 591 962 Lectio
612 908 664 947 ix.

182 1015 184 1018 ,
213 988 217 1002 ‹
276 983 407 1013 aurus
426 969 585 1013 nobilis
604 970 846 1020 Romanus,
872 983 982 1023 puer

182 1026 185 1055 ῑ
215 1031 266 1061 “2
301 1041 327 1069 a
364 1032 490 1081 patre
521 1027 737 1080 Eutychio
769 1027 866 1069 Deo
901 1026 981 1068 sub

158 1084 297 1126 sancti
311 1084 540 1126 Benedicti
555 1083 784 1137 disciplina
798 1084 982 1133 oblatus,

157 1140 281 1183 brevi
305 1145 474 1183 tantum
499 1140 646 1182 divina
672 1140 813 1192 gratia
840 1140 982 1193 profe-

159 1196 234 1247 cit,
265 1202 314 1239 ut
345 1197 431 1250 ipsi
462 1199 672 1248 magistro
706 1196 983 1238 admirationi

159 1258 288 1295 esset:
317 1254 391 1306 qui
414 1253 535 1295 illum
560 1266 679 1306 saepe
702 1253 837 1295 veluti
860 1265 981 1304 regu-

157 1309 261 1351 laris
290 1310 596 1360 observantiae,
630 1315 673 1352 et
700 1310 911 1351 virtutum
939 1311 982 1350 ό-

158 1367 321 1408 mnium
346 1368 584 1420 specimen,
612 1367 769 1409 ceteris
795 1366 982 1419 discipu-

157 1422 211 1464 lis
231 1423 287 1465 ad
305 1423 562 1466 imitandum
580 1422 869 1476 proponebat.
902 1422 981 1464 Cu-

158 1480 222 1531 jus
246 1480 388 1522 adhuc
413 1480 704 1522 adolescentis
722 1479 830 1521 illud
849 1478 982 1521 admi-

158 1535 308 1578 rabilis
354 1536 615 1579 obedientiae
665 1536 913 1590 exemplum
958 1549 984 1577 a

160 1599 311 1635 sancto
336 1593 552 1646 Gregorio
577 1594 698 1647 Papa
722 1605 981 1635 commemo-

158 1651 290 1691 ratur.
334 1649 449 1692 Nam
477 1663 575 1692 cum
602 1649 807 1691 Placidus
834 1651 981 1690 mena-

158 1705 265 1748 chus
283 1706 327 1747 in
344 1706 489 1748 lacum
506 1706 753 1760 prolapsus,
772 1707 983 1759 aquarum

157 1764 324 1815 impetu
367 1765 612 1816 raperetur,
657 1763 797 1804 sancti
841 1763 982 1803 Patris

158 1819 277 1870 jussu
299 1823 532 1862 accurrens
555 1819 750 1870 Maurus,
779 1823 823 1860 et
850 1831 982 1871 super

158 1888 294 1928 aquas
307 1875 526 1925 incedens,
545 1876 711 1917 socium
725 1875 893 1928 capillis
909 1887 980 1927 ap·
1026 1914 1030 1916 ,

1087 311 1137 361 V.
1164 314 1342 355 Amavit
1361 326 1460 355 eum
1477 314 1709 364 Deminus,
1729 319 1772 356 et
1792 327 1858 356 or-

1033 370 1154 411 navit
1169 383 1278 411 eum.
1299 372 1348 411 R.
1367 369 1534 411 Stolam
1551 370 1704 422 gleriae
1718 370 1859 412 induit

1036 439 1145 468 eum.

1084 493 1125 526 'ln
1153 492 1196 526 ΙΙ.
1224 493 1338 536 Vesp.
1363 503 1557 527 commem.
1585 504 1688 536 sequ.

1256 584 1339 625 Die
1359 585 1418 624 16.
1436 584 1461 624 J
1463 585 1640 625 anuarii.

1112 652 1155 693 S.
1180 651 1408 692 Marcelli
1438 653 1565 703 l’apae
1592 659 1634 692 ct
1660 653 1779 692 Mart.

1316 715 1575 758 Semiduplcx.

1088 770 1223 804 Omnia
1250 771 1296 804 dc
1322 772 1483 805 ‹jmnuni
1515 772 1627 805 unius
1654 772 1759 805 Mart.
1791 770 1859 814 [21]

1037 825 1175 861 practer
1201 830 1303 862 sequ.

1089 875 1185 914 Ant.
1223 876 1311 916 Iste
1345 879 1521 916 sanctus
1549 887 1630 927 pro
1656 874 1753 925 lege
1776 874 1861 916 Dei

1035 930 1103 971 sui
1121 931 1305 972 certavit
1322 943 1462 983 usque
1482 930 1539 972 ad
1556 936 1753 982 mortem,
1774 935 1816 972 et
1836 943 1861 971 a

1035 985 1181 1028 verbis
1208 987 1441 1039 impiorum
1468 1000 1557 1028 non
1584 988 1742 1029 timuit:
1769 988 1861 1028 fun-

1035 1041 1165 1084 datus
1189 1043 1303 1084 enim
1327 1048 1420 1085 erat
1444 1056 1577 1096 supra
1595 1044 1766 1085 firmam
1787 1056 1860 1096 pe-

1033 1104 1158 1140 tram.

1089 1156 1135 1204 Y.
1173 1155 1325 1197 Gleria
1361 1161 1405 1198 et
1435 1156 1603 1198 honore
1637 1158 1860 1199 coronasti

1035 1224 1135 1253 eum
1168 1212 1366 1254 Domine.
1420 1216 1467 1266 152
1504 1213 1561 1254 Et
1597 1214 1861 1255 constituisti

1036 1281 1135 1309 eum
1154 1281 1285 1321 super
1304 1271 1440 1322 epera
1453 1271 1660 1311 manuum
1675 1272 1860 1311 tuarum.

1370 1337 1531 1376 Oratio.

1117 1406 1240 1436 reces
1255 1394 1408 1448 populi
1422 1396 1496 1445 tui,
1513 1397 1762 1447 quaesumus
1773 1397 1860 1437 De-

1129 1451 1255 1500 mine,
1275 1451 1510 1493 clementer
1529 1453 1702 1494 exaudi:
1724 1457 1771 1494 ut
1788 1453 1860 1494 be-

1036 1507 1096 1548 ati
1110 1507 1304 1549 Marcelli
1314 1508 1519 1561 Martyris
1534 1509 1597 1550 tui
1610 1514 1741 1562 atque
1750 1510 1860 1551 Pon-

1035 1563 1165 1605 tificis
1179 1565 1346 1606 meritis
1362 1565 1626 1617 adjuvemur,
1643 1567 1762 1618 cujus
1772 1578 1863 1618 pas-

1035 1620 1159 1662 sione
1177 1620 1387 1662 laetamur.
1414 1622 1498 1663 Per
1515 1621 1762 1663 Deminum.

1089 1693 1128 1726 In
1161 1693 1184 1726 l.
1218 1693 1413 1727 Nocturno
1454 1693 1652 1726 Lectiones
1687 1694 1731 1725 dc
1763 1693 1859 1725 Scri-

1035 1744 1144 1783 ptura
1173 1746 1403 1775 occurrente.

1259 1813 1307 1851 In
1334 1813 1383 1851 ΙΙ.
1414 1812 1634 1850 Nocturno.

1339 1885 1487 1924 Lectio
1510 1885 1559 1923 iv.

157 1931 439 1984 prehensum,
484 1932 541 1974 ad
582 1937 745 1973 terram
789 1931 980 1972 attraxit.
1042 1966 1060 1976 ,,

1090 1971 1102 1994 a
1121 1960 1151 1990 2⁵²,
1176 1963 1183 2002 t
1194 1949 1378 1991 arcellus
1414 1950 1654 2000 Romanus,
1691 1964 1716 1992 a
1750 1952 1858 1993 Con-

158 1988 318 2030 Missus
342 1989 386 2030 in
411 1989 599 2032 Galliam
624 1987 678 2030 ab
704 1987 861 2029 eedem
886 1999 979 2028 san·
1038 1980 1113 2036 ἷξὸᾎε
1138 1995 1152 2019 c
1180 2000 1182 2018 =

159 2049 230 2087 cto
250 2045 506 2096 Benedicto,
532 2044 693 2087 celebri
716 2043 980 2086 monasterio
1042 2040 1045 2070 ἕ
1071 2045 1139 2067 “
1179 2049 1183 2071 ²

159 2105 404 2152 exstructo,
432 2103 501 2144 cui
527 2114 665 2143 annos
694 2099 982 2153 quadraginta

158 2158 348 2211 praefuit,
389 2159 674 2201 monasticam
708 2156 981 2209 disciplinam

157 2214 337 2256 mirifice
359 2216 631 2268 propagavit.
666 2213 865 2265 Denique
887 2225 981 2253 san-

160 2271 311 2313 ctitate
331 2277 375 2314 et
393 2271 614 2313 miraculis
634 2271 790 2320 clarus,
810 2273 980 2322 septua-

159 2328 336 2378 genario
360 2329 497 2380 major
518 2327 722 2380 migravit
744 2327 788 2366 in
812 2324 981 2373 coelum,

160 2395 273 2426 anno
301 2385 452 2426 salutis
482 2383 828 2438 quingentesimo
861 2393 981 2423 sexa-

159 2440 324 2491 gesimo
345 2442 507 2494 quinto.

217 2499 277 2542 Te
295 2501 438 2543 Deum
457 2502 696 2544 laudamus.
718 2502 776 2542 14.

212 2563 254 2598 In
278 2564 395 2599 Laud.
421 2575 614 2600 commem.
640 2566 674 2601 S.
699 2567 830 2601 Mauri.

213 2625 312 2664 Ant.
331 2624 539 2670 Similabo
559 2641 658 2670 eum
672 2627 767 2668 viro
785 2625 981 2679 sapienti,

160 2682 488 2791 ἓὲιὲῐεέὲίίίοάνίῒ
507 2684 687 2726 domum
706 2696 830 2724 suam
850 2693 981 2734 supra

1210 2007 1370 2047 stantio
1416 2011 1460 2048 et
1502 2007 1677 2049 Galerio
1720 2021 1860 2060 usque

1210 2062 1266 2103 ad
1276 2063 1542 2104 Maxentium
1556 2064 1859 2116 pontificatum

1035 2119 1180 2169 gessit.
1216 2118 1346 2171 Cujus
1377 2119 1554 2161 hortatu
1580 2120 1745 2161 Lucina
1772 2134 1858 2162 ma-

1034 2177 1162 2216 trona
1189 2176 1408 2225 Romana,
1435 2176 1653 2218 bonorum
1680 2179 1859 2219 suerum

1034 2231 1118 2273 Dei
1136 2232 1379 2273 Ecclesiam
1397 2233 1500 2274 fecit
1517 2232 1749 2275 haeredem.
1772 2234 1858 2275 Au-

1036 2292 1107 2330 cto
1135 2288 1180 2329 in
1203 2288 1323 2330 Urbe
1350 2288 1544 2330 fidelium
1570 2293 1768 2339 numero,
1802 2290 1859 2332 ad

1036 2346 1188 2386 eorum
1218 2345 1470 2395 utilitatem,
1503 2345 1559 2387 ad
1591 2345 1858 2398 baptismum

1034 2401 1424 2454 poenitentiamque
1453 2401 1642 2443 dandam
1670 2402 1751 2452 eis,
1785 2403 1858 2454 qui

1036 2457 1314 2499 christianam
1365 2458 1620 2509 religienem
1668 2460 1857 2511 suscipe-

1034 2519 1148 2563 rent,
1175 2518 1219 2555 et
1244 2514 1302 2556 ad
1319 2515 1560 2567 Martyrum
1578 2514 1857 2567 sepulturam,

1034 2583 1174 2611 novos
1205 2570 1377 2612 Titulos
1411 2571 1613 2620 instituit,
1651 2576 1694 2612 et
1732 2571 1855 2623 quasi

1035 2626 1194 2668 alteras
1212 2626 1426 2668 dioeceses
1441 2626 1671 2671 distribuit.
1691 2627 1855 2678 Quibus

1034 2682 1165 2724 rebus
1179 2683 1243 2724 ira
1257 2683 1458 2724 incensus
1473 2683 1729 2732 Maxentius,
1746 2683 1854 2723 Mar-

1035 2738 1145 2785 cello
1195 2739 1344 2790 gravia
1390 2738 1605 2791 supplicia
1651 2739 1856 2787 minatur,
