2080 2990
658 218 724 250 Dic
755 218 799 250 17.
825 218 907 250 dan.
955 218 988 249 S.
1017 217 1172 249 Antonii
1202 218 1372 250 Abbatis.

160 329 214 357 ex
228 315 464 366 Evangelio
482 314 733 356 audivisset:
751 315 796 355 Si
809 315 874 355 vis
887 327 982 366 per-

158 372 296 413 fectus
317 384 431 420 esse,
460 371 587 421 vade,
613 376 657 412 et
675 370 816 412 vende
839 370 983 412 omnia

162 440 259 480 quae
278 427 425 476 habes,
445 431 487 468 et
503 426 559 468 da
572 427 858 480 pauperibus:
877 431 982 467 tam-

161 496 290 536 quam
310 497 361 525 ea
378 483 460 524 sibi
476 483 594 524 dicta
610 488 766 533 essent,
785 483 848 524 sic
865 482 982 524 Chri-

159 544 228 581 sto
261 540 450 581 Domino
484 538 875 592 obtemperandum
912 551 981 580 ex-

158 596 378 638 istimavit.
409 597 580 648 Itaque,
603 595 779 638 vendita
798 608 845 637 re
865 595 982 636 fami-

158 652 263 701 liari,
282 653 512 705 pecliniam
528 665 701 694 omnem
715 651 982 705 pauperibus

161 708 392 750 distribuit.
426 709 594 759 Quibus
615 708 784 750 solutus
803 708 982 760 impedi-

159 766 329 815 mentis,
350 765 540 807 coelestis
559 765 661 806 vitae
680 778 817 815 genus
837 765 880 805 in
899 770 982 805 ter-

159 822 227 872 ris,
257 822 403 863 colere
438 822 634 863 instituit.
687 820 775 862 Sed
811 834 909 862 eum
940 821 983 861 in

159 878 455 930 periculosum
498 877 606 918 illud
648 879 869 918 certamen
911 877 982 918 de-

161 933 399 983 scenderet,
421 933 477 975 ad
493 933 598 974 fidei
610 933 875 986 praesidium,
896 946 982 985 quo

161 995 254 1031 erat
272 993 483 1039 armatus,
494 989 789 1031 adhibendum
807 989 890 1031 sibi
907 1004 983 1043 pu-

159 1046 268 1088 tavit
293 1046 535 1088 subsidium
560 1046 826 1098 reliquarum
851 1047 982 1087 virtu-

159 1107 267 1144 tum:
304 1115 487 1154 quarum
514 1107 638 1144 tanto
667 1102 812 1144 studio
841 1102 984 1143 incen-

161 1172 234 1200 sus
262 1159 358 1208 fuit,
392 1164 440 1200 ut
468 1162 787 1211 quemcumque
814 1158 985 1200 videret

161 1215 306 1268 aliqua
330 1215 501 1256 virtutis
529 1214 658 1256 laude
687 1215 983 1265 excellentem,

159 1271 280 1312 illum
298 1272 457 1313 imitari
477 1271 682 1312 studeret.

214 1329 265 1379 R.
288 1328 535 1369 Honestum
554 1327 658 1369 fecit
676 1327 798 1368 illum
816 1328 920 1377 Dus,
941 1332 984 1369 et

161 1383 399 1425 custodivit
414 1396 513 1425 eum
530 1383 584 1425 ab
604 1384 800 1434 inimicis,
817 1389 860 1425 et
879 1397 904 1425 a
919 1397 982 1425 se-

161 1439 416 1482 ductoribus
432 1440 592 1482 tutavit
606 1440 741 1481 illum:
759 1440 846 1481 *Et
862 1440 984 1482 dedit

158 1496 221 1537 illi
236 1496 479 1538 claritatem
494 1498 710 1537 aeternam.
739 1490 789 1541 V.
809 1497 834 1538 J
836 1502 983 1538 ustum

159 1552 342 1594 deduxit
365 1553 580 1594 Dominus
606 1566 685 1605 per
711 1553 804 1594 vias
828 1558 983 1604 rectas,

159 1614 203 1651 et
235 1609 427 1652 ostendit
462 1608 526 1650 illi
561 1622 741 1660 regnum
773 1610 868 1651 Dei.
926 1610 983 1652 Et

160 1665 282 1707 dedit
309 1665 381 1706 illi.

470 1715 621 1757 Lectio
643 1730 679 1756 v.

250 1778 327 1820 ihil
352 1778 482 1830 igitur
504 1791 557 1821 eo
585 1779 895 1829 continentius,
921 1779 981 1820 ni-

266 1834 327 1876 hil
351 1835 600 1886 vigilantius
620 1840 723 1877 erat.
755 1836 981 1886 Patientia,

156 1892 500 1941 mansuetudine,
518 1891 829 1940 misericordia,
846 1892 980 1933 humi-

155 1947 289 1997 litate,
312 1947 475 1998 labore,
499 1960 551 1989 ac
570 1947 716 1989 studio
737 1947 977 1990 divinarum

156 2004 478 2056 Scripturarum
529 2003 766 2056 superabat
819 2016 980 2045 omnes.

156 2059 226 2102 Ab
260 2059 567 2102 haereticorum
603 2065 647 2101 et
682 2059 979 2102 schismatico-

155 2128 251 2158 rum
286 2116 529 2166 hominum,
574 2117 762 2157 maxime
798 2116 979 2157 Ariano-

156 2185 268 2222 rum,
302 2175 542 2224 congressu
579 2178 622 2214 et
658 2172 879 2224 colloquio
917 2173 980 2214 sic

156 2228 435 2278 abhorrebat,
468 2234 516 2271 ut
547 2242 602 2270 ne
634 2241 774 2282 prope
804 2228 979 2281 quidem

155 2284 211 2326 ad
230 2297 305 2326 eos
324 2261 623 2327 acee⁷dendum
643 2285 817 2327 diceret.
845 2285 979 2326 Humi

154 2341 339 2392 jacebat,
369 2354 467 2383 cum
494 2354 594 2383 eum
618 2341 891 2397 necessarius
912 2354 978 2382 so-

154 2409 280 2438 mnus
300 2400 573 2450 occupasset.
600 2386 816 2449 Ieiunium
834 2402 979 2438 autem

156 2451 267 2493 adeo
284 2453 430 2503 0611111,
451 2458 499 2495 111
518 2453 655 2495 salem
672 2451 977 2495 tantummodo

155 2507 212 2549 ad
242 2521 401 2561 panem
432 2509 677 2559 adhiberet,
716 2510 832 2551 sitim
864 2522 978 2561 aqua

156 2566 464 2616 exstingueret:
498 2578 640 2618 neque
668 2578 715 2618 se
745 2570 843 2607 ante
871 2565 977 2607 solis

156 2622 362 2661 occasum
387 2621 485 2663 cibo
510 2627 585 2663 aut
606 2616 716 2674 potu
738 2621 976 2670 recreabat,

156 2689 275 2728 saepe
304 2677 434 2718 etiam
460 2677 641 2720 biduum
666 2677 764 2719 cibo
791 2677 976 2718 abstine-

154 2731 244 2773 bat:
273 2733 514 2785 saepissime
536 2735 580 2774 in
604 2734 802 2775 oratione
823 2745 976 2786 perno-

307 2870 372 2895 Pars
386 2870 519 2895 Riemann.

1036 313 1195 355 ctabat.
1237 314 1346 354 Cum
1377 314 1477 355 talis
1508 318 1743 367 tantusque
1773 314 1858 355 Dei

1033 369 1159 411 miles
1184 372 1395 411 evasisset
1421 369 1653 421 Antonius,
1680 372 1857 412 sanctis-

1035 426 1191 467 simum
1213 427 1412 478 juvenem
1436 426 1574 468 hostis
1593 426 1770 468 humani
1787 428 1857 478 ge-

1035 482 1152 524 neris
1171 483 1303 523 variis
1326 483 1638 525 tentationibus
1663 482 1857 534 aggredi-

1034 544 1120 588 tur,
1154 551 1261 590 quas
1294 538 1367 580 ille
1399 539 1555 591 jejunio
1587 544 1630 580 et
1661 539 1858 581 oratione

1034 595 1246 637 vincebat.
1290 595 1385 636 Nec
1420 607 1526 636 vero
1564 595 1767 647 frequens
1803 594 1857 636 de

1036 654 1190 693 satana
1211 651 1459 704 triumphus
1484 654 1684 692 securum
1707 650 1858 692 redde-

1034 707 1110 749 bat
1125 707 1374 757 Antonium,
1395 708 1468 759 qui
1487 707 1650 749 diaboli
1669 708 1858 748 innume-

1035 763 1195 805 rabiles
1216 769 1333 805 artes
1352 764 1540 805 nocendi
1558 766 1751 805 noverat.

1094 823 1142 873 Κ.
1178 820 1356 862 Amavit
1399 833 1498 862 eum
1539 821 1773 870 Dominus,
1816 825 1860 862 et

1037 878 1207 919 ornavit
1227 890 1342 918 eum:
1371 877 1529 919 stolam
1547 877 1699 928 gloriae
1721 876 1860 919 induit

1037 947 1146 984 eum,
1170 936 1191 957 *
1205 935 1262 976 Et
1281 933 1338 976 ad
1356 939 1507 987 portas
1527 933 1719 987 paradisi
1738 946 1859 975 coro-

1035 991 1156 1032 navit
1175 1004 1283 1032 eum.
1307 987 1515 1037 X'.Induit
1535 1003 1633 1032 eum
1646 990 1859 1031 Dominus

1035 1046 1216 1088 loricam
1235 1047 1349 1098 fidei,
1378 1053 1422 1089 et
1440 1047 1611 1088 ornavit
1630 1059 1740 1088 eum.
1767 1047 1834 1088 Et.

1343 1105 1489 1145 Lectio
1513 1104 1561 1143 vi.

1083 1165 1215 1212 taque
1235 1159 1419 1201 contulit
1438 1173 1484 1201 se
1508 1159 1550 1199 in
1569 1159 1860 1201 vastissimam

1096 1216 1279 1269 AEgypti
1302 1215 1593 1257 solitudinem:
1619 1215 1693 1258 ubi
1720 1219 1859 1268 quoti-

1037 1272 1106 1314 die
1145 1272 1202 1314 ad
1234 1272 1513 1314 christianam
1543 1272 1859 1324 perfectionem

1035 1329 1282 1382 proficienS,
1304 1328 1527 1370 daemones
1548 1329 1750 1380 (quorum
1768 1333 1858 1369 tan-

1035 1390 1081 1427 to
1103 1390 1226 1427 erant
1244 1385 1433 1426 acriores
1461 1387 1665 1437 impetus,
1695 1390 1857 1437 quanto

1036 1442 1252 1484 Antonius
1290 1440 1346 1482 ad
1382 1441 1673 1483 resistendum
1705 1441 1859 1482 fortior

1036 1497 1264 1549 evadebat)
1292 1498 1354 1538 ita
1377 1497 1660 1549 contempsit,
1698 1502 1746 1538 ut
1772 1497 1858 1538 illis

1036 1553 1323 1607 exprobraret
1337 1552 1697 1595 imbecillitatem:
1716 1566 1767 1594 ac
1781 1566 1858 1594 sae-

1034 1624 1090 1663 pe
1111 1610 1350 1663 discipulos
1373 1622 1476 1651 suos
1496 1610 1690 1651 excitans
1710 1609 1766 1650 ad
1783 1623 1858 1662 pu-

1034 1666 1254 1719 gnandum
1266 1671 1419 1708 contra
1430 1665 1664 1715 diabolum,
1678 1664 1858 1707 docens-

1036 1735 1120 1775 que
1141 1723 1296 1775 quibus
1317 1723 1447 1763 armis
1467 1722 1726 1763 vinceretur:
1753 1721 1859 1762 Mihi

1035 1778 1214 1829 credite,
1244 1779 1432 1827 dicebat,
1459 1778 1630 1827 fratres,
1657 1778 1857 1830 pertime-

1035 1837 1117 1878 scit
1142 1838 1316 1878 satanas
1345 1835 1517 1888 piorum
1542 1834 1726 1886 vigilias,
1764 1847 1857 1875 ora-

1033 1893 1191 1941 tiones,
1227 1892 1396 1944 jejunia‚
1433 1890 1722 1932 voluntariam
1753 1903 1856 1943 pau-

1034 1950 1265 2000 pertatem,
1283 1946 1640 1996 misericordiam,
1661 1951 1705 1988 et
1722 1946 1856 1987 humi-

1033 2004 1216 2053 litatem,
1260 2003 1448 2044 maxime
1483 2015 1589 2044 vero
1632 2001 1856 2044 ardentem

1033 2062 1226 2102 amorem
1264 2060 1308 2100 in
1350 2058 1569 2100 Christum
1604 2059 1855 2109 Dominum,

1033 2117 1152 2168 cujus
1176 2116 1305 2157 unico
1330 2115 1616 2157 sanctissimae
1640 2115 1779 2156 crucis
1803 2115 1855 2156 si-

1031 2185 1118 2224 gno
1138 2171 1387 2214 debilitatus
1407 2171 1582 2222 aufugit.
1616 2171 1687 2213 Sic
1710 2176 1855 2213 autem

1032 2228 1305 2270 daemonibus
1332 2232 1426 2270 erat
1452 2227 1781 2278 formidolosus,
1807 2232 1855 2269 ut

1030 2285 1156 2326 multi
1173 2297 1254 2337 per
1266 2285 1510 2337 AEgyptum
1526 2284 1581 2325 ab
1596 2283 1680 2325 illis
1695 2284 1854 2335 agitati,

1030 2341 1234 2382 invocato
1270 2340 1445 2382 nomine
1482 2338 1662 2382 Antonii
1700 2339 1853 2381 libera·

1030 2399 1192 2438 rentur:
1233 2398 1443 2448 tantaque
1484 2401 1578 2437 erat
1613 2396 1703 2448 ejus
1739 2395 1853 2437 fama

1030 2453 1291 2502 sanctitatiS,
1318 2457 1366 2494 ut
1392 2464 1471 2504 per
1497 2452 1663 2493 litteras
1690 2464 1737 2493 se
1763 2452 1852 2504 ejus

1030 2508 1303 2550 orationibus
1332 2508 1642 2550 Constantinus
1669 2507 1851 2558 Magnus

1031 2569 1074 2606 et
1087 2565 1166 2606 filii
1180 2562 1547 2607 commendarent.
1566 2564 1650 2614 Qui
1661 2563 1851 2616 aliquan-

1032 2621 1089 2663 do
1111 2622 1307 2674 quintum
1327 2625 1371 2662 et
1390 2620 1673 2662 centesimum
1693 2631 1851 2671 annum

1029 2690 1179 2728 agens,
1208 2689 1307 2718 cum
1333 2675 1669 2717 innumerabiles
1698 2675 1764 2716 sui
1790 2675 1850 2715 in-

1029 2733 1170 2775 stituti
1195 2732 1437 2774 imitatores
1465 2730 1660 2781 haberet,
1693 2741 1851 2772 convo-

1581 2859 1623 2892 28
