2080 2990
511 194 688 229 Officium
713 205 875 237 parvum
901 195 940 228 B.
968 194 1100 228 Maria:
1125 194 1229 235 Virg.
1256 194 1291 227 in
1319 195 1508 228 Adventu.

151 289 388 339 credimuS,
426 290 516 341 ejus
549 289 669 343 apud
698 293 744 331 te
774 290 980 332 interces-

151 345 346 388 sionibus
370 345 636 398 adjuvemur.
669 347 754 387 Per
778 345 980 387 eumdem

151 402 372 443 Christum
389 403 628 443 Dominum
647 407 856 443 nostrum.

203 464 255 513 R.
280 462 434 503 Amen.

151 526 158 533 “
205 518 300 552 Haec
330 517 462 552 Oratio
493 517 633 550 dicitur
661 516 709 549 ad
742 525 875 549 omncs
906 515 981 549 Ho-

153 578 227 607 ras,
251 567 319 600 scd
344 576 429 599 cum
453 564 701 599 conclusione
726 563 886 606 integra,
911 563 982 597 sei-

155 614 258 649 licet:
283 614 355 652 Per
378 617 555 652 eumdem
577 616 785 652 Dominum
807 621 982 652 nostrum

152 665 288 700 Jesum
308 665 506 700 Christum
524 665 665 699 Filium
687 669 808 699 tuum:
834 664 908 705 Qui
930 669 982 699 te-

153 723 240 748 cum
262 713 362 748 vivit
385 717 422 747 et
444 716 580 756 regnat
603 716 672 747 etc.

206 762 281 796 Pro
303 761 455 795 Sanctis
480 761 529 794 ad
550 760 746 803 Vesperas
772 762 808 793 et
828 758 981 792 Laudes

153 814 314 845 tantum:

206 863 306 903 Ant.
342 860 460 900 Eece
489 858 706 903 Dominus
738 859 903 909 veniet,
940 865 983 900 et

153 927 306 956 omnes
332 915 473 956 saneti
497 915 588 966 ejus
612 927 712 955 cum
736 927 807 955 eo:
835 920 877 956 et
902 915 983 956 erit

152 971 197 1012 in
217 971 288 1012 die
306 971 381 1012 illa
398 971 474 1011 lux
493 983 660 1021 magna,
681 970 862 1023 alleluja.

155 1062 162 1068 .
206 1030 257 1082 Ys.
281 1032 397 1073 Ecce
423 1031 655 1084 apparebit
676 1031 891 1072 D6minus
915 1045 982 1072 su-

153 1099 234 1140 per
257 1087 421 1129 nubem
446 1087 691 1128 candidam.
727 1087 775 1137 Rg.
805 1088 862 1129 Et
885 1100 983 1129 cum

154 1155 207 1185 eo
226 1144 487 1185 Sanctorum
505 1143 651 1184 millia.

491 1204 654 1246 Oratio.

231 1260 493 1301 onscientias
517 1264 708 1309 nostras,
734 1261 983 1312 quaesumus

247 1315 448 1366 D6mine,
471 1315 691 1357 visitando
715 1316 913 1368 purifica:
936 1321 984 1358 ut

153 1372 332 1414 veniens
355 1373 380 1412 J
384 1384 484 1413 esus
507 1372 706 1413 Christus
726 1372 861 1413 Filius
883 1377 984 1413 tuus

152 1428 369 1469 Dominus
383 1432 534 1470 noster
550 1441 649 1469 cum
665 1428 867 1469 omnibus
882 1429 983 1469 San-

154 1484 248 1534 ctis,
267 1486 468 1537 paratam
487 1484 571 1525 sibi
590 1484 635 1524 in
649 1483 778 1525 nobis
792 1484 985 1525 inveniat

153 1541 440 1582 mansionem:
460 1540 545 1590 Qui
562 1544 710 1582 tecum
727 1540 845 1581 vivit.

314 1616 392 1657 Ad
411 1616 819 1667 completorium.

206 1676 352 1710 Psalmi
382 1682 418 1710 ct
446 1676 624 1720 Hymnus
656 1682 696 1711 ut
727 1687 845 1721 supra
876 1683 983 1712 extra

155 1723 386 1758 Adventum.
412 1721 504 1765 [149]

234 1780 493 1832 Capitulum.
745 1783 795 1821 Is.
815 1782 851 1821 7.
871 1796 904 1822 c.

237 1852 314 1881 cce
331 1839 455 1890 virgo
478 1837 697 1890 concipiet
716 1842 760 1879 et
777 1837 921 1890 pariet
939 1837 986 1878 fi-

252 1895 371 1944 lium,
395 1898 439 1935 et
461 1894 691 1935 vocabitur
714 1906 875 1935 nomen
896 1894 986 1944 ejus

155 1950 424 1993 Emmanuel.
465 1950 681 2002 Butyrum
700 1954 744 1991 et
765 1949 853 1991 mel
872 1951 986 1990 com-

155 2007 268 2057 edet,
289 2011 338 2048 ut
360 2007 470 2048 sciat
488 2005 729 2059 reprobare
747 2005 921 2055 malum,
943 2011 987 2047 et

157 2063 318 2115 eligere
336 2062 514 2105 bonum.
560 2080 562 2083 ·

210 2119 259 2171 Ys.
307 2122 504 2174 Angelus
548 2122 727 2163 Domini
771 2122 988 2163 nuntiavit

155 2180 320 2221 Mariae.
356 2180 406 2231 R.
431 2179 490 2221 Et
515 2178 719 2231 concepit
743 2177 799 2219 de
823 2178 989 2230 Spiritu

157 2239 323 2277 sancto.

211 2294 283 2335 Ad
304 2294 431 2335 Nunc
456 2294 654 2341 dimittis,
679 2294 777 2334 Ant.
803 2293 988 2346 Spiritus

159 2356 335 2393 sanctus
368 2353 392 2379 *
423 2351 468 2392 in
495 2355 540 2393 te
570 2350 808 2392 descendet
834 2350 989 2390 Maria:

158 2420 214 2449 ne
232 2410 399 2457 timeaS,
420 2407 603 2449 habebis
621 2407 666 2448 in
685 2410 812 2448 utero
832 2405 989 2446 Filium

158 2464 254 2514 Dei,
282 2463 464 2516 alleluja.

165 2555 181 2562 κ
210 2521 347 2576 Kyrie
376 2523 551 2566 eleison.
604 2522 781 2564 Christe
813 2521 989 2563 eleison.

159 2577 296 2632 Kyrie
316 2579 491 2621 eleison.

212 2632 263 2684 V.
302 2640 518 2681 Dominus
554 2638 795 2681 vobiscum.
846 2638 895 2688 Rg.
934 2638 991 2679 Et

161 2709 261 2738 cum
278 2697 437 2749 spiritu
454 2700 543 2738 tuo.

1089 291 1251 331 Oratio.
1279 291 1412 340 Deus,
1437 304 1511 343 qui
1533 294 1588 333 de
1610 293 1753 334 beatae
1774 292 1861 333 Ma-

1033 348 1122 387 riae.
1153 350 1199 386 ut
1219 357 1362 397 supra.
1387 346 1491 399 [156]

1189 417 1276 457 Ad
1307 416 1695 461 matutinum.

1092 475 1212 514 invit..
1236 474 1382 517 Ilymn..
1406 475 1502 508 Ant..
1525 474 1583 507 Ps.
1607 480 1642 507 ct
1663 471 1716 515 Y..
1743 486 1863 517 usquc

1039 523 1086 556 ad
1106 522 1320 561 Lectiones,
1343 521 1520 555 dicuntur
1541 522 1639 555 sieut
1661 530 1767 556 extra
1789 523 1864 556 Ad-

1039 576 1212 607 ventum,
1247 574 1388 612 przetcr
1419 570 1568 603 tertiam
1601 570 1863 612 Antiphonam

1038 618 1102 652 III.
1126 619 1247 652 Noct..
1264 619 1360 653 Post
1381 623 1545 663 partum,
1571 618 1677 659 cujus
1701 619 1786 652 loco
1811 618 1863 651 di-

1039 667 1137 701 eitur
1160 667 1247 699 Ant.
1273 666 1446 710 Angelus
1469 666 1635 701 Domini.
1660 667 1750 710 [142]

1092 718 1242 758 Absol.
1288 717 1507 760 Precibus.
1558 711 1607 762 Y.
1645 718 1756 760 Jube
1789 718 1863 760 do-

1034 786 1145 814 mne.
1188 772 1346 814 Bened.
1368 772 1464 815 Nos
1481 787 1579 815 cum
1599 774 1734 826 prole.
1754 774 1864 826 [150]

1143 839 1293 879 Lectio
1319 837 1341 876 i.
1559 838 1659 878 Luc.
1683 840 1708 877 1.
1729 852 1762 878 c.

1041 910 1120 990 1:432
1136 899 1267 990 tissus
1302 903 1369 939 est
1400 899 1596 949 Angelus
1629 899 1808 942 Gabriel
1840 912 1865 939 a

1038 950 1069 993 ff:
1089 951 1143 991 iil:1
1170 955 1267 996 Deo
1308 954 1352 994 in
1398 955 1619 996 civitatem
1657 955 1864 1006 Galilaeae,

1036 1012 1105 1052 cui
1128 1023 1287 1052 nomen
1305 1010 1539 1060 Nazareth,
1563 1010 1619 1052 ad
1638 1011 1865 1063 Virginem

1036 1067 1350 1119 desponsatam
1369 1067 1474 1117 viro,
1500 1067 1569 1108 cui
1589 1079 1750 1109 nomen
1771 1074 1865 1110 erat

1035 1124 1059 1164 J
1062 1123 1213 1175 oseph,
1235 1122 1290 1163 de
1311 1122 1444 1164 domo
1463 1122 1620 1173 David,
1643 1128 1687 1164 et
1705 1137 1866 1166 nomen

1034 1179 1228 1230 Virginis
1253 1179 1402 1219 Maria.
1446 1179 1504 1220 Et
1530 1180 1752 1230 ingressus
1778 1180 1865 1221 An-

1035 1235 1159 1286 gelus
1196 1235 1253 1276 ad
1290 1248 1385 1276 eam
1423 1235 1551 1276 dixit:
1592 1236 1688 1278 Ave
1724 1237 1866 1286 gratia

1035 1292 1180 1344 plena:
1207 1291 1422 1332 Daminus
1448 1297 1608 1333 tecum:
1634 1292 1866 1334 benedicta

1035 1353 1084 1389 tu
1102 1348 1145 1388 in
1164 1346 1431 1388 mulieribus.
1462 1347 1527 1387 Tu
1548 1352 1694 1389 autem
1711 1349 1820 1389 Dfie.

1092 1406 1142 1456 R.
1172 1403 1333 1444 Missus
1368 1408 1436 1444 est
1463 1402 1644 1444 Gabriel
1670 1404 1866 1454 Angelus

1037 1459 1094 1500 ad
1110 1460 1294 1500 Mariam
1308 1459 1535 1510 Virginem
1555 1458 1867 1512 desponsatam

1035 1516 1060 1556 J
1063 1515 1213 1568 oseph‚
1232 1515 1438 1556 nuntians
1458 1515 1498 1556 ei
1515 1515 1712 1556 verbum:
1733 1520 1777 1557 et
1796 1528 1866 1557 ex-

1036 1572 1235 1624 pavescit
1258 1571 1398 1622 Virgo
1425 1570 1480 1612 de
1507 1571 1680 1612 lumine.
1723 1572 1792 1612 Ne
1817 1574 1867 1614 ti-

1036 1640 1158 1668 meas
1168 1627 1320 1667 Maria:
1334 1626 1537 1668 invenisti
1550 1627 1736 1677 gratiam
1749 1627 1868 1679 apud

1037 1683 1290 1724 D6minum:
1313 1690 1334 1711 *
1352 1683 1468 1724 Ecce
1489 1683 1711 1735 concipies
1731 1688 1775 1724 et
1793 1685 1867 1734 pa-

1037 1740 1134 1790 ries,
1163 1743 1207 1780 et
1231 1738 1463 1780 vocabitur
1483 1739 1698 1780 Altissimi
1721 1739 1867 1779 Filius.

1041 1795 1090 1846 Y.
1115 1794 1251 1836 Dabit
1276 1795 1316 1836 ei
1334 1794 1549 1835 Donnnus
1568 1795 1689 1835 Deus
1716 1793 1867 1835 sedem

1038 1850 1183 1891 David
1210 1850 1350 1902 patris
1378 1850 1488 1901 ejus,
1524 1855 1567 1891 et
1594 1850 1795 1900 regnabit
1822 1850 1867 1889 in

1039 1907 1172 1948 domo
1191 1906 1330 1948 Jacob
1350 1906 1395 1946 in
1414 1908 1637 1947 aeternum.
1665 1907 1791 1947 Ecce.

1092 1961 1143 2013 Χῖ.
1185 1961 1297 2003 Jube
1336 1961 1508 2003 domne.
1562 1961 1725 2003 Bened.
1765 1963 1867 2014 Ipsa

1037 2018 1178 2069 Virgo
1206 2018 1431 2068 virginum.

1350 2078 1502 2119 Lectio
1522 2078 1561 2118 ii.

1043 2116 1192 2238 Quae
1225 2147 1324 2175 cum
1352 2133 1568 2183 audisset,
1599 2133 1776 2175 turbata
1804 2137 1870 2174 est

1142 2191 1187 2231 in
1214 2191 1416 2232 serm6ne
1442 2189 1549 2240 ejus,
1578 2193 1622 2231 et
1647 2188 1870 2240 cogitabat

1041 2246 1182 2299 qualis
1211 2250 1328 2287 esset
1354 2246 1439 2287 ista
1466 2245 1684 2286 salutatio.
1728 2245 1785 2286 Et
1810 2245 1869 2285 ait

1040 2302 1236 2354 Angelus
1265 2302 1320 2343 ei:
1346 2301 1415 2342 Ne
1441 2303 1598 2342 timeas
1626 2301 1780 2342 Maria:
1809 2300 1868 2340 in-

1039 2358 1199 2400 venisti
1225 2358 1340 2399 enim
1365 2357 1550 2408 gratiam
1573 2356 1691 2408 apud
1710 2356 1869 2397 Deum:

1041 2427 1144 2456 ecce
1171 2413 1394 2466 concipies
1419 2413 1462 2453 in
1486 2415 1628 2461 utero,
1657 2416 1701 2453 et
1722 2411 1868 2464 paries

1040 2470 1196 2519 filium,
1226 2474 1270 2511 et
1295 2468 1476 2510 vocabis
1501 2479 1661 2508 nomen
1687 2468 1777 2519 ejus
1802 2467 1869 2507 Je-

1041 2539 1148 2567 sum.
1202 2525 1289 2566 Hic
1319 2524 1401 2566 erit
1425 2535 1627 2574 magnus,
1665 2527 1709 2564 et
1735 2521 1870 2563 Filius

1040 2581 1258 2623 Altissimi
1293 2579 1541 2621 vocabitur:
1578 2583 1621 2620 et
1655 2578 1776 2619 dabit
1807 2577 1869 2617 illi

1040 2638 1258 2678 D6minus
1272 2637 1392 2677 Deus
1407 2634 1558 2676 sedem
1571 2633 1717 2676 David
1731 2633 1869 2685 patris

1042 2694 1147 2745 ejus:
1173 2697 1217 2735 et
1234 2691 1433 2743 regnabit
1451 2690 1495 2730 in
1515 2689 1649 2732 domo
1667 2688 1804 2730 Jacob
1823 2688 1869 2728 in
