2040 2990
779 225 888 258 Feria
916 225 976 258 X'I.
1003 232 1090 268 post
1117 225 1286 259 Cineres

173 328 217 365 et
245 322 556 364 illuminamini.
596 320 789 362 Proinde
823 320 924 373 quia
957 321 1002 361 fi-

174 379 274 421 dem
295 378 578 427 centurionis,
605 390 691 430 qua
709 390 812 419 vere
837 376 1003 418 accedi-

173 442 244 479 tur
263 436 320 477 ad
338 436 362 477 J
366 448 505 484 esum,
529 435 625 487 ipse
645 435 705 476 ita
724 433 933 482 laudavit,
956 438 1005 475 ut

174 493 354 535 diceret:
382 492 484 533 Non
509 492 654 533 inveni
677 495 845 533 tantam
871 489 1004 531 fidem

173 550 215 590 in
240 549 392 591 Israel:
423 549 567 601 ipsum
590 548 738 600 potius
763 549 1004 588 accessisse

174 606 231 648 ad
247 606 468 648 Christum
488 605 635 647 dicere
654 604 792 646 voluit
811 602 1004 656 prudens

174 662 471 713 Evangeh'sta,
500 675 632 714 quam
650 661 765 711 illos,
792 673 872 714 per
894 672 1004 712 quos

174 719 309 762 verba
329 732 407 760 sua
425 722 614 760 miserat.

226 775 485 827 RgTentavit
503 775 729 816 Dominus.
747 775 842 815 344.

226 832 276 883 Y.
307 837 484 890 Repleti
514 849 663 877 sumus
689 848 817 876 mane
841 836 1006 877 miseri-

175 893 327 937 cordia
359 900 445 935 tua.
495 895 543 946 R:
582 892 927 942 ExsultavimuS‚
962 898 1006 934 et

176 951 383 994 delectati
403 963 564 992 sumus.

230 1011 298 1051 Ad
320 1011 480 1052 Bened.
506 1011 604 1051 Ant.
634 1010 833 1059 Domine,
854 1012 877 1038 *
895 1024 1006 1063 puer

174 1081 298 1110 meus
335 1069 447 1120 jacet
479 1066 748 1119 paralyticus
785 1067 827 1107 in
861 1067 1006 1117 domo,

177 1130 220 1167 et
238 1124 351 1165 male
367 1125 612 1176 torquetur:
632 1123 775 1164 Amen
795 1123 895 1165 dico
916 1124 1006 1174 tibi,

176 1195 258 1233 ego
277 1181 457 1230 veniam,
478 1186 522 1222 et
541 1179 707 1221 curabo
729 1193 839 1221 eum.

227 1242 375 1276 Deinde
403 1242 474 1275 dic.
500 1241 649 1276 Preces.
675 1241 728 1275 52.

513 1299 673 1339 Oratio.

264 1374 357 1410 euS,
386 1360 459 1412 qui
483 1359 612 1412 culpa
637 1359 887 1409 offenderis,
915 1371 1006 1412 poe-

266 1418 447 1459 nitentia
463 1416 667 1469 placaris:
685 1429 840 1468 preces
854 1415 1008 1468 populi

177 1476 241 1517 tui
266 1474 555 1527 supplicantis
579 1473 798 1525 propitius
821 1473 1007 1525 respice3

178 1538 221 1574 et
241 1531 413 1582 flagella
431 1535 520 1572 tuae
539 1529 789 1580 iracundiae,
810 1543 909 1582 quae
923 1543 1006 1583 pro

176 1588 374 1641 peccatis
396 1587 559 1628 nostris
585 1588 819 1636 meremur,
846 1589 1007 1628 averte.

176 1645 261 1687 Per
279 1644 528 1686 Dominum.

230 1693 279 1745 V·
298 1702 522 1752 Dirigatur
537 1700 727 1741 Domine
743 1700 884 1741 oratio
899 1713 1008 1742 mea.

177 1756 227 1807 R:-
242 1759 365 1800 Sicut
376 1759 602 1799 incensum
612 1757 655 1797 in
667 1758 909 1809 conspectu
920 1763 1007 1799 tuo.

230 1820 301 1862 Ad
322 1821 495 1870 Magnif.
525 1823 624 1862 Ant.
654 1823 858 1872 Domine,
877 1823 901 1848 *
919 1835 1008 1864 non

179 1894 274 1921 sum
303 1879 460 1931 dignus
488 1884 536 1921 ut
568 1879 704 1921 intres
733 1879 814 1920 sub
842 1884 1008 1922 tectum

178 1950 338 1978 meum:
371 1935 450 1978 sed
480 1941 651 1978 tantum
679 1936 750 1977 dic
778 1936 931 1988 verbo,
965 1941 1008 1978 et

179 1993 402 2035 sanabitur
421 2006 532 2046 puer
551 2005 686 2034 meus.

230 2050 378 2085 Deinde
405 2052 475 2086 dic.
502 2052 650 2086 Preces.
679 2053 750 2088 112.

517 2112 679 2152 Oratio,

263 2189 364 2218 arce
410 2177 614 2226 Domine,
660 2189 792 2228 parce
837 2177 1004 2230 populo

274 2238 367 2275 tuo:
396 2237 443 2274 ut
471 2232 612 2284 dignis
641 2233 1006 2284 flagellationibus

182 2290 436 2342 castigatus,
464 2290 507 2330 in
531 2295 607 2331 tua
632 2290 915 2333 miseratione
943 2303 1007 2332 re-

182 2349 330 2400 spiret.
356 2347 442 2388 Per
460 2346 707 2387 Dominum.

389 2458 801 2496 FeriaSexta.

194 2516 347 2558 Lectio
367 2517 505 2558 sancti
524 2516 750 2567 Evangelii
769 2519 1009 2561 secundum

464 2572 731 2614 Matthaeum.

258 2641 408 2682 Lectio
431 2642 453 2680 i.
720 2644 820 2692 Cap.
837 2642 873 2681 Γ).
890 2656 928 2691 g.

182 2694 258 2801 In
276 2698 351 2764 illo
368 2700 583 2763 tempore:
603 2699 724 2766 Dixit
740 2699 765 2740 J
768 2712 868 2764 esus
878 2699 1010 2764 ‘disci-

246 2755 363 2808 pulis
384 2768 487 2797 suis:
506 2754 704 2797 Audist1s
725 2768 826 2808 quia
845 2755 1011 2798 dictum

1057 325 1137 362 est:
1178 320 1345 373 Diliges
1382 322 1632 375 proximum
1666 327 1806 373 tuum,
1843 327 1887 364 et

1057 377 1379 486 legiliicglulgabebis
1407 379 1629 421 inimicum
1654 385 1790 422 tuum.
1829 379 1887 422 Et

1152 525 1342 567 Homilia
1370 525 1510 567 sancti
1537 526 1796 579 Hieronymi

1342 582 1606 635 Prestteri.

1094 652 1175 686 Lib.
1198 652 1222 686 1.
1243 653 1386 686 Colnni.
1407 653 1444 686 in
1464 663 1545 695 cap.
1563 653 1594 686 ἶ).
1615 658 1650 686 et
1666 654 1696 687 (3.
1714 652 1844 687 Matth.

1145 721 1378 816 gssiffssss
1407 717 1888 826 {ffsir33}³¹{;01¹1³e¹f¹{{}{3

1058 830 1125 872 his
1146 830 1221 883 qui
1242 830 1430 873 oderunt
1449 843 1541 873 vos.
1573 830 1700 873 Multi
1724 833 1887 884 praece-

1058 892 1134 940 pta
1149 888 1244 937 Dei,
1262 887 1563 929 imbecillitate
1579 901 1668 939 sua,
1684 900 1772 930 non
1785 889 1888 930 San-

1060 946 1232 986 ctorum
1246 943 1412 986 viribus
1432 945 1713 995 aestimantes,
1731 950 1889 998 putant

1060 1014 1156 1043 esse
1193 1000 1483 1054 impossibilia
1526 1014 1625 1054 quae
1662 1003 1889 1055 praecepta

1059 1063 1174 1100 sunt:
1194 1063 1238 1100 et
1257 1057 1408 1100 dicunt
1427 1057 1628 1100 sufficere
1642 1057 1888 1108 virtutibus,

1059 1128 1147 1156 non
1167 1115 1315 1157 odisse
1338 1115 1550 1156 inimicos:
1576 1116 1771 1156 ceterum
1795 1114 1888 1157 dili-

1058 1184 1179 1223 gere,
1201 1171 1301 1224 plus
1321 1171 1520 1224 praecipi,
1551 1184 1682 1224 quam
1699 1171 1891 1212 humana

1059 1231 1216 1269 natura
1234 1229 1437 1281 patiatur.
1471 1227 1707 1269 Sciendum
1733 1234 1801 1270 est
1826 1241 1889 1270 er-

1059 1298 1130 1336 go,
1145 1285 1364 1328 Christum
1378 1298 1467 1327 non
1479 1284 1767 1338 impossibilia
1779 1298 1890 1338 prae—

1060 1345 1218 1395 cipere,
1238 1342 1317 1384 sed
1334 1342 1542 1395 perfecta.
1564 1342 1673 1392 Quae
1687 1342 1790 1384 fecit
1803 1342 1890 1383 Da-

1060 1399 1135 1441 vid
1167 1400 1211 1440 in
1240 1399 1359 1450 Saul,
1395 1404 1439 1441 et
1469 1399 1514 1440 in
1538 1398 1767 1441 Absalom:
1797 1399 1890 1441 Ste-

1060 1456 1232 1509 phanus
1257 1469 1434 1509 quoque
1453 1457 1620 1508 Martyr
1643 1468 1727 1509 pro
1752 1455 1890 1497 inimi-

1061 1514 1124 1554 cis
1142 1513 1442 1566 lapidantibus
1462 1513 1725 1566 deprecatus
1745 1517 1827 1554 est:
1846 1517 1891 1554 et

1060 1570 1221 1611 Paulus
1256 1570 1487 1612 anathema
1523 1570 1645 1622 cupit
1678 1582 1774 1611 esse
1806 1581 1889 1622 pro

1060 1626 1418 1679 persecutoribus
1453 1627 1555 1668 suis.
1598 1627 1710 1668 Haec
1744 1631 1892 1668 autem

1060 1683 1083 1723 J
1086 1695 1187 1724 esus
1208 1688 1251 1725 et
1267 1683 1417 1725 docuit
1433 1689 1477 1726 et
1491 1684 1606 1737 fecit,
1627 1682 1793 1725 dicens:
1811 1682 1890 1724 Pa-

1061 1745 1128 1782 ter
1143 1741 1324 1792 ignosce
1338 1740 1437 1782 illis:
1454 1739 1574 1793 quod
1589 1739 1705 1782 enim
1715 1739 1890 1790 faciunt,

1060 1798 1270 1839 nesciunt.

1113 1869 1165 1920 R.
1184 1866 1381 1918 Angelus
1400 1866 1590 1910 Domini.
1607 1866 1703 1907 344.

1373 1947 1525 1988 Lectio
1545 1947 1582 1987 ii.

1150 2025 1169 2062 t
1193 2021 1288 2062 sitis
1312 2019 1389 2062 filii
1407 2020 1551 2062 Patris
1571 2021 1723 2070 vestri,
1752 2019 1827 2072 qui
1845 2019 1891 2060 in

1164 2077 1287 2119 coelis
1307 2082 1384 2118 est.
1411 2076 1458 2118 Si
1474 2077 1559 2119 Dei
1575 2079 1803 2130 praecepta
1820 2089 1891 2118 cu·

1060 2134 1273 2183 stodiens,
1301 2133 1417 2175 filius
1446 2134 1543 2186 quis
1573 2133 1759 2176 efficitur
1789 2132 1892 2182 Dei:

1060 2204 1164 2242 ergo
1183 2204 1272 2232 non
1296 2195 1363 2232 est
1380 2194 1536 2233 natura
1554 2190 1687 2240 filius,
1715 2189 1795 2232 sed
1819 2202 1883 2232 ar-

1059 2248 1190 2290 bitrio
1206 2260 1298 2289 suo.
1326 2247 1435 2288 Cum
1454 2260 1559 2298 ergo
1579 2247 1685 2289 facis
1702 2247 1887 2289 eleemo-

1060 2317 1228 2358 synam,
1259 2304 1349 2345 noli
1379 2304 1486 2346 tuba
1517 2306 1675 2346 canere
1706 2309 1806 2346 ante
1831 2309 1887 2354 te,

1062 2362 1174 2403 sicut
1192 2360 1438 2413 hypocritae
1456 2361 1621 2402 faciunt
1638 2362 1682 2402 in
1704 2363 1888 2413 synago-

1059 2418 1126 2469 gis
1146 2418 1250 2460 etin
1266 2418 1384 2467 vicis
1402 2422 1451 2459 ut
1469 2417 1813 2459 honorificentur
1831 2418 1888 2460 ab

1059 2474 1320 2516 hominibus.
1362 2475 1446 2525 Qui
1477 2474 1583 2516 tuba
1612 2475 1745 2524 canit,
1779 2474 1887 2517 elee-

1059 2533 1288 2584 mosynam
1325 2531 1508 2580 faciens,
1545 2530 1776 2584 hypocrita
1811 2536 1888 2573 est.

1061 2588 1145 2639 Qui
1167 2588 1360 2640 jejunans
1384 2586 1618 2629 demolitur
1642 2587 1797 2629 faciem
1821 2600 1887 2629 su-

1061 2658 1143 2694 am,
1161 2649 1210 2685 ut
1223 2643 1389 2685 ventris
1403 2644 1659 2686 inanitatem
1672 2649 1890 2686 monstret

1061 2702 1105 2742 in
1124 2700 1263 2749 vultu,
1289 2705 1332 2742 et
1351 2700 1422 2742 hic
1441 2700 1671 2753 hypocrita
1690 2706 1767 2742 est.
1805 2700 1888 2751 Qui

1061 2758 1104 2799 in
1131 2757 1366 2811 synagogis
1395 2762 1438 2799 et
1462 2757 1506 2798 in
1531 2757 1699 2809 angulis
1722 2757 1887 2810 platea·
