2040 2990
650 197 747 228 Infra
777 194 1068 228 llcbdomadam
1096 194 1156 226 111.
1185 193 1397 226 Adventus,

165 292 402 344 descriptio
434 289 597 331 terreni
622 288 896 341 principatus
925 300 992 328 os-

164 348 318 390 tendit:
347 346 555 398 quoniam
581 350 624 386 et
647 345 690 385 in
708 345 910 385 Romana
929 356 992 384 re-

164 404 342 457 publica
373 415 484 443 unus
521 401 752 454 praefuisse
785 399 992 441 describi-

163 466 252 509 tur,
282 465 325 501 et
350 459 394 499 in
413 458 579 499 Judaeae
604 469 740 507 regno
767 469 848 509 per
868 468 992 507 quar-

164 522 253 557 tam
285 520 457 568 partem
484 514 661 567 plurimi
689 512 993 565 principaban-

164 578 246 614 tur.

222 638 268 686 R*
306 632 569 684 Egredietur
602 631 724 681 virga
757 629 813 670 de
846 628 994 670 radice

165 689 305 739 Jesse,
325 694 369 730 et
389 689 472 729 flos
493 688 547 729 de
567 686 714 728 radice
735 687 826 737 ejus
846 686 995 726 ascen-

166 745 254 786 det:
273 752 293 773 *
306 745 362 786 Et
379 745 460 786 erit
477 744 639 796 justitia
654 742 874 792 cingulum
889 741 995 782 lum-

165 801 323 842 borum
339 802 440 852 ejus,
461 806 504 841 et
523 799 634 841 fides
654 798 915 840 cinctorium
932 809 994 838 re-

164 870 269 897 num
289 857 390 908 ejus.
432 856 477 906 X'.
504 857 561 896 Et
587 854 835 907 requiescet
863 866 996 905 super

166 926 266 954 eum
295 913 474 965 spiritus
502 911 694 953 Domini:
724 910 903 963 spiritus
932 922 995 950 sa-

165 969 354 1021 pientiae,
370 974 414 1010 et
429 968 694 1009 intellectus:
710 966 888 1019 spiritus
905 979 997 1007 con-

167 1024 261 1074 silii,
281 1030 325 1066 et
343 1023 624 1066 fortitudinis.
651 1024 718 1064 Et.

478 1096 626 1136 Lectio
649 1096 686 1134 ii.

257 1173 337 1201 oce
352 1159 512 1200 etenim
527 1158 669 1199 nostri
682 1156 997 1208 Redemptoris

271 1216 445 1257 dicitur:
483 1215 624 1255 Omne
651 1226 834 1265 regnum
861 1213 905 1253 in
934 1225 997 1253 se-

165 1274 312 1325 ipsum
327 1271 516 1313 divisum
531 1269 814 1312 desolabitur.
838 1268 999 1320 Liquet

167 1341 290 1379 ergo,
319 1327 440 1380 quod
465 1327 522 1368 ad
546 1327 678 1367 finem
700 1325 825 1376 regni
845 1324 999 1366 Judaea

165 1386 437 1436 pervenerat,
459 1396 558 1435 quae
578 1387 646 1424 tot
664 1381 841 1432 regibus
859 1380 999 1422 divisa

168 1439 433 1492 subiacebat.
471 1439 589 1491 Apte
614 1450 792 1490 quoque
816 1450 905 1478 non
931 1449 998 1477 so-

167 1496 257 1537 lum
277 1495 436 1548 quibus
455 1495 644 1546 regibus,
665 1494 744 1536 sed
760 1494 891 1534 etiam
909 1493 998 1545 qui-

167 1552 250 1593 bus
288 1551 593 1593 sacerdotibus
629 1556 777 1592 actum
813 1550 889 1599 sit,
927 1548 999 1590 de-

167 1610 452 1649 monstratur:
479 1613 522 1649 et
542 1608 644 1659 quia
663 1606 785 1647 illum
804 1606 828 1646 J
831 1608 997 1647 oannes

167 1665 372 1716 Baptista
386 1663 661 1716 praedicaret,
679 1663 753 1715 qui
765 1662 894 1703 simul
903 1662 1000 1703 Rex

169 1725 212 1761 et
231 1720 449 1761 Sacerdos
475 1721 724 1767 exsisteret,
750 1719 894 1759 Lucas
918 1718 1000 1758 Ev-

169 1775 381 1827 angelista
413 1775 743 1828 praedicationis
777 1775 867 1825 ejus
894 1776 1000 1815 tem-

170 1844 281 1884 pora
308 1845 387 1884 per
419 1844 603 1883 regnum
630 1837 674 1873 et
703 1830 1001 1872 sacerdotium

173 1888 432 1938 designavit.

230 1956 274 2005 lx‘g.
296 1951 442 1993 Radix
459 1952 483 1992 J
486 1965 598 2001 esse,
623 1952 698 2003 qui
717 1954 924 2001 exsurget
943 1951 1001 2002 ju-

175 2008 322 2050 dicare
343 2008 520 2057 Gentes,
538 2009 582 2049 in
603 2021 701 2049 eum
718 2008 885 2049 Gentes
905 2019 1001 2059 spe-

173 2064 346 2105 rabunt:
365 2063 384 2084 *
408 2064 465 2105 Et
485 2064 567 2105 erit
585 2076 746 2105 nomen
765 2064 855 2115 ejus
872 2062 1002 2104 bene-

174 2119 340 2161 dictum
358 2119 402 2159 in
423 2119 594 2160 saecula.
629 2116 675 2165 N'.
697 2120 838 2171 Super
858 2119 1002 2171 ipsum

174 2174 461 2217 continebunt
480 2188 606 2226 reges
626 2187 677 2216 os
698 2188 835 2225 suum,
857 2176 1003 2227 ipsum

175 2231 342 2273 Gentes
361 2230 725 2283 deprecabuntur.
754 2231 822 2271 Et.

479 2299 628 2338 Lectio
651 2299 704 2337 iii.

259 2370 276 2405 t
295 2365 415 2406 venit
425 2364 469 2404 in
485 2376 660 2405 omnem
674 2363 897 2414 regienem
911 2363 933 2402 J
937 2375 1003 2404 or-

270 2420 414 2470 danis,
453 2419 700 2472 praedicans
737 2419 1004 2471 baptismum

174 2477 447 2529 poenitentiae
467 2476 510 2516 in
530 2476 836 2516 remissionem
850 2487 1004 2526 peeca-

173 2535 330 2574 torum.
367 2532 545 2573 Cunctis
578 2530 824 2582 legentibus
857 2530 1004 2582 liquet,

176 2588 277 2641 quia
291 2588 453 2629 Joafies
471 2600 560 2628 non
580 2587 723 2627 solum
738 2586 1005 2638 baptismum

174 2644 449 2697 poenitentiae
507 2642 789 2695 praedicavit,
853 2655 1005 2683 verum

175 2701 306 2742 etiam
349 2698 612 2751 quibusdam
649 2698 786 2739 dedit:
828 2697 907 2739 sed
941 2703 1002 2738 ta-

1043 299 1144 327 men
1163 286 1432 339 baptismum
1452 299 1578 327 suum
1598 286 1643 326 in
1657 285 1875 327 remissio-

1045 355 1146 384 nem
1169 345 1455 394 peccatorum
1481 342 1588 384 dare
1611 354 1700 384 non
1719 342 1875 394 potuit.

1047 400 1266 440 Remissio
1312 400 1475 440 etenim
1509 400 1796 451 peccatorum
1831 398 1876 438 in

1046 456 1142 497 solo
1181 455 1311 497 nobis
1348 456 1570 508 baptismo
1605 454 1767 496 Christi
1802 453 1876 495 tri-

1046 511 1205 553 buitur.
1257 511 1514 553 Notandum
1549 513 1720 563 itaque,
1756 509 1877 561 quod

1046 567 1220 609 dicitur:
1235 568 1489 609 Praedicans
1503 567 1772 620 baptismum
1785 579 1878 619 poe-

1045 624 1240 665 nitentiae
1268 625 1312 665 in
1340 624 1645 665 remissionem
1674 623 1877 675 peccato-

1047 693 1158 720 rum:
1195 680 1403 732 quoniam
1439 680 1723 732 baptismum,
1758 676 1879 730 quod

1046 738 1231 789 peccata
1264 736 1475 785 solveret,
1518 736 1620 788 quia
1651 734 1758 776 dare
1789 746 1879 775 non

1047 795 1239 845 poterat,
1271 792 1561 845 praedicabat:
1593 796 1643 833 ut
1675 791 1787 832 sicut
1818 790 1879 831 in-

1048 852 1276 890 carnatum
1300 849 1499 891 Verbum
1521 848 1666 889 Patris
1689 859 1880 900 praecur-

1048 905 1174 947 rebat
1191 906 1329 947 verbo
1351 905 1699 959 praedicationis,
1723 903 1785 945 ita
1807 902 1880 944 ba-

1048 964 1257 1014 ptismum
1275 962 1564 1014 poenitentiae,
1588 973 1677 1014 quo
1697 962 1882 1013 peccata

1049 1018 1295 1068 solvuntur,
1320 1021 1615 1071 praecurreret
1639 1029 1719 1058 suo
1739 1016 1881 1068 bapti-

1050 1079 1205 1124 smate,
1231 1087 1319 1127 quo
1338 1077 1525 1127 peccata
1543 1073 1658 1115 solvi
1675 1085 1765 1114 non
1781 1084 1881 1125 pos-

1050 1136 1162 1172 sunt.

1109 1203 1157 1253 R.
1172 1200 1287 1242 Veni
1301 1201 1503 1250 Domine,
1523 1204 1567 1242 et
1585 1198 1676 1240 noli
1691 1196 1884 1239 tardare:

1050 1256 1200 1298 relaxa
1217 1257 1412 1298 facinora
1430 1256 1550 1310 plebi
1567 1261 1672 1305 tuae,
1698 1258 1720 1280 *
1735 1254 1793 1295 Et
1819 1255 1883 1294 re-

1050 1325 1163 1354 voca
1200 1312 1425 1366 dispersos
1461 1314 1508 1354 in
1547 1317 1712 1354 terram
1749 1322 1884 1351 suam.

1056 1365 1107 1418 V.
1133 1370 1290 1411 Excita
1321 1370 1513 1411 Domine
1543 1367 1789 1421 potentiam
1819 1370 1884 1407 tu-

1051 1438 1137 1474 am,
1166 1430 1210 1466 et
1237 1426 1354 1475 veni,
1381 1430 1430 1467 ut
1458 1425 1606 1467 salvos
1634 1424 1769 1465 facias
1791 1434 1884 1463 nos.

1051 1481 1119 1522 Et.
1155 1481 1308 1523 Gloria
1331 1482 1466 1524 Patri.
1500 1481 1592 1523 Et.-

1110 1550 1180 1590 Ad
1210 1549 1372 1591 Bened.
1405 1551 1505 1591 Ant.
1543 1548 1779 1600 Quomodo
1807 1548 1885 1589 fiet

1052 1609 1188 1659 istud,
1213 1609 1238 1634 *
1267 1608 1434 1659 Angele
1461 1607 1561 1656 Dei,
1591 1605 1798 1659 quoniam
1825 1604 1885 1645 vi-

1052 1679 1150 1707 rum
1183 1678 1270 1706 non
1304 1662 1552 1716 cognosco?
1594 1661 1714 1704 Audi
1745 1660 1886 1702 Maria

1052 1723 1207 1772 Virgo:
1249 1722 1438 1774 Spiritus
1474 1724 1652 1762 sanctus
1681 1717 1885 1770 superve-

1053 1779 1144 1820 niet
1170 1778 1216 1818 in
1243 1782 1304 1827 te,
1333 1782 1376 1819 et
1403 1777 1544 1819 virtus
1564 1774 1782 1817 Altissimi
1810 1771 1885 1814 ob—

1053 1834 1277 1875 umbrabit
1300 1833 1394 1876 tibi.

1113 1906 1199 1939 Nisi
1224 1905 1388 1939 dicenda
1411 1905 1461 1939 sit
1482 1903 1569 1938 Ant.
1593 1900 1719 1937 Nolite
1739 1898 1883 1935 timere.

1055 1952 1126 1987 162.
1162 1959 1198 1987 ct
1222 1953 1295 1987 nisi
1322 1954 1406 1987 haue
1431 1952 1544 1987 suerit
1563 1950 1646 1985 dics
1665 1954 1752 1984 ante
1770 1949 1885 1991 vigil.

1059 2001 1298 2035 Nativitatis:
1325 2001 1415 2044 quia
1440 2005 1530 2034 tunc
1552 2009 1595 2033 ea
1614 1996 1887 2041 praetermissa,

1058 2049 1198 2083 dicitur

1112 2110 1211 2150 Ant.
1252 2110 1365 2149 Eece
1398 2106 1619 2159 completa
1652 2108 1753 2145 sunt
1784 2104 1808 2131 *
1841 2105 1884 2154 o-

1054 2165 1182 2214 mnia,
1202 2177 1301 2216 quae
1321 2163 1439 2205 dicta
1456 2166 1558 2203 sunt
1571 2174 1652 2214 per
1666 2159 1886 2211 Angelum

1056 2221 1110 2262 de
1129 2220 1313 2271 Virgine
1332 2219 1481 2260 Maria.

1112 2291 1224 2331 Quod
1255 2290 1369 2324 ctiam
1401 2294 1576 2324 servatur
1604 2289 1649 2326 (si
1676 2288 1775 2322 idem
1801 2298 1888 2321 con-

1059 2339 1194 2382 tingat)
1221 2338 1256 2372 in
1285 2349 1391 2381 sequ.
1414 2338 1561 2371 diebus.

1398 2407 1562 2447 Oratio.

1061 2470 1240 2574 DeuS‚
1262 2472 1336 2523 qui
1356 2470 1590 2523 conspicis,
1618 2469 1721 2520 quia
1739 2481 1793 2510 ex
1812 2480 1886 2509 no-

1161 2533 1252 2569 stra
1270 2527 1490 2579 pravitate
1513 2525 1762 2575 affligimur:
1785 2537 1887 2566 con-

1063 2584 1170 2626 cede
1187 2583 1418 2636 propitius;
1441 2587 1489 2623 ut
1508 2595 1563 2623 ex
1581 2586 1657 2622 tua
1676 2580 1886 2622 visitatio-

1058 2654 1112 2683 ne
1133 2639 1426 2682 consolemur:
1451 2638 1536 2687 Qui
1555 2637 1678 2678 vivis.

1115 2702 1160 2736 Et
1185 2701 1324 2735 dicitur
1349 2710 1415 2742 per
1440 2708 1573 2733 omnes
1601 2698 1737 2731 Horas.
