2080 2990
793 204 1003 237 Commune
1030 214 1105 236 non
1129 203 1341 244 Yirginum.

264 301 300 339 A
308 305 363 339 nt.
384 299 478 339 Jam
496 297 637 339 hiems
651 298 836 347 transiit,
856 299 880 324 *
899 297 1039 338 imber

207 355 326 403 abiit,
347 359 390 395 et
406 354 604 396 recessit:
623 367 753 406 surge
772 356 911 395 amica
930 366 1038 402 mea,

207 416 251 452 et
270 411 382 452 veni.

476 468 676 508 Psalmus
696 469 773 508 121.

273 525 433 564 aetatus
468 537 565 564 sum
597 523 642 564 in
669 521 753 571 his,
791 534 890 573 quae
920 520 1040 562 dicta

300 584 402 621 sunt
421 579 542 620 mihi:
557 582 581 607 *
595 579 639 620 in
660 578 841 620 domum
860 577 1038 618 Domini

204 635 377 677 ibimus.
950 649 956 654 ·

256 692 433 734 Stantes
460 696 584 734 erant
607 691 745 744 pedes
771 690 928 740 nostri,
948 691 972 717 *
995 690 1040 730 in

205 749 329 790 atriis
350 749 437 790 tuis
456 748 712 790 Jerusalem.

255 805 511 855 Jerusalem,
532 818 632 856 quae
650 804 896 845 aedificatur
914 808 962 844 ut
982 805 1038 844 ci-

204 861 334 903 vitas:
362 863 386 888 *
415 862 535 913 cujus
563 860 847 913 participatio
874 860 965 911 ejus
995 860 1040 900 in

204 917 408 970 idipsum.

257 974 369 1015 Illuc
404 974 519 1015 enim
557 972 852 1015 ascenderunt
886 972 1040 1022 tribus,

205 1030 349 1071 tribus
410 1030 609 1071 Domini:
660 1031 684 1056 *
738 1029 1041 1070 testimonium

203 1086 344 1127 Israel
364 1086 420 1128 ad
442 1085 741 1128 confitendum
766 1085 934 1126 nomini
952 1085 1040 1126 Do-

203 1143 321 1183 mini.

258 1199 371 1249 Quia
399 1198 490 1240 illic
518 1198 729 1240 sederunt
758 1197 888 1239 sedes
913 1197 957 1238 in
982 1198 1040 1249 ju-

206 1255 333 1305 dicio,
348 1257 371 1283 *
387 1254 517 1296 sedes
538 1268 672 1307 super
693 1254 872 1296 domum
884 1254 1040 1295 David.

255 1312 428 1362 Rogate
458 1324 557 1363 quae
587 1311 645 1352 ad
674 1324 831 1363 pacem
854 1315 956 1352 sunt
973 1311 998 1351 J
1001 1323 1041 1352 e-

205 1368 412 1409 rusalem:
427 1370 451 1394 *
468 1373 512 1409 et
531 1367 803 1409 abundantia
823 1366 1040 1417 diligenti-

206 1424 290 1465 bus
311 1429 371 1465 te:

257 1480 356 1521 Fiat
378 1493 466 1532 pax
490 1480 534 1520 in
559 1480 722 1521 virtute
748 1485 838 1521 tua:
859 1482 883 1507 *
904 1485 947 1521 et
967 1479 1040 1521 ab·

205 1536 418 1577 undantia
438 1536 481 1576 in
500 1536 696 1577 turribus
716 1537 814 1577 tuis.

258 1593 449 1645 Propter
474 1592 630 1633 fratres
654 1605 796 1640 meOS‚
827 1597 870 1633 et
894 1592 1040 1644 proxi-

206 1661 304 1689 mos
318 1661 454 1699 meos,
470 1648 724 1700 *loquebar
739 1661 895 1701 pacem
912 1647 967 1689 de
982 1653 1041 1689 te:

257 1705 447 1757 Propter
469 1704 649 1746 domum
668 1705 847 1746 Domini
864 1705 948 1746 Dei
967 1717 1040 1745 no-

206 1761 297 1811 stri,
317 1762 340 1787 *
362 1761 547 1813 quaesivi
564 1760 683 1802 bona
702 1761 793 1802 tibi.

260 1820 359 1858 Ant.
389 1819 484 1858 Jam
512 1817 653 1859 hiems
682 1818 872 1867 transiit,
901 1817 1042 1859 imber

206 1873 324 1923 abiit,
345 1879 388 1915 et
404 1875 601 1915 recessit:
622 1887 751 1925 surge
771 1877 912 1915 amica
932 1887 1041 1924 mea,

208 1935 252 1971 et
271 1930 382 1972 veni.
591 1978 597 1981 ἡ

264 1989 363 2028 Ant.
399 1987 508 2028 Veni
537 1986 676 2028 electa
705 2000 819 2036 mea,
843 1987 867 2012 *
896 1991 939 2028 et
965 1999 1042 2039 po-

207 2055 308 2082 nam
327 2043 370 2083 in
390 2048 435 2084 te
454 2042 662 2084 thronum
680 2056 838 2093 meum,
858 2043 1042 2096 alleluia.

473 2101 672 2140 psalmus
694 2102 777 2140 126.

304 2155 357 2195 isi
390 2155 607 2196 Dominus
642 2155 931 2197 aedificaverit
968 2155 1042 2197 do-

321 2224 457 2260 mum,
485 2212 509 2236 *
543 2211 586 2251 in
619 2225 779 2252 vanum
817 2211 1042 2254 laborave-

209 2273 310 2309 runt
330 2268 405 2320 qui
425 2267 647 2309 aedificant
667 2281 775 2309 eam.

260 2324 358 2365 Nisi
372 2324 590 2365 Dominus
611 2324 874 2366 custodierit
894 2325 1043 2367 civita—

208 2386 315 2429 tem,
334 2381 359 2406 *
379 2380 542 2422 frustra
568 2380 720 2430 vigilat
748 2381 822 2433 qui
846 2381 1044 2423 custodit

169 2457 173 2460 ’
210 2449 317 2478 eam.

261 2493 436 2534 Vanum
479 2498 547 2534 est
589 2492 716 2533 vobis
761 2497 863 2534 ante
900 2493 1043 2534 lucem

211 2552 407 2600 surgere:
428 2550 451 2574 *
472 2549 638 2600 surgite
662 2554 901 2601 postquam
921 2549 1043 2591 sede-

210 2605 325 2702 ἷὲῒίῤ,
363 2606 438 2657 qui
472 2605 750 2647 manducatis
779 2617 939 2657 panem
967 2605 1043 2647 do-

257 2674 329 2702 ris.

264 2718 374 2759 Cum
417 2717 590 2759 dederit
632 2717 806 2759 dilectis
849 2717 939 2758 suis
976 2730 1044 2758 so-

1091 309 1257 337 mnum:
1284 296 1308 321 *
1338 307 1443 338 ecce
1475 295 1713 337 haereditas
1746 297 1925 338 Domini

1091 352 1187 392 filii:
1205 364 1388 401 merces,
1407 351 1578 393 fructus
1594 353 1773 394 ventris.

1144 408 1267 449 Sicut
1291 410 1464 459 sagittae
1490 407 1535 448 in
1558 420 1691 450 manu
1715 409 1925 461 potentis:

1092 465 1115 490 *
1135 464 1197 506 ita
1216 465 1296 505 filii
1317 466 1614 506 excussorum.

1145 521 1311 562 Beatus
1336 521 1403 561 vir
1429 520 1504 573 qui
1528 520 1728 573 implevit
1755 520 1925 564 deside—

1092 578 1206 619 rium
1225 590 1352 619 suum
1378 589 1432 618 ex
1455 576 1580 630 ipsis:
1598 577 1622 603 *
1641 589 1730 619 non
1747 577 1926 620 confun-

1093 633 1223 675 detur
1251 647 1351 675 cum
1379 633 1586 685 loquetur
1618 633 1806 675 inimicis
1834 634 1926 675 suis

1093 690 1136 731 in
1161 695 1302 743 porta.

1151 746 1250 786 Ant.
1279 746 1388 788 Veni
1408 746 1549 787 electa
1567 758 1676 794 mea,
1700 750 1744 787 et
1762 759 1926 798 ponam

1092 802 1136 843 in
1156 807 1200 844 te
1218 803 1426 844 thronum
1443 815 1600 851 meum,
1620 802 1804 854 alleluia.

1150 860 1250 899 Ant.
1282 860 1370 900 Ista
1389 863 1457 900 est
1481 858 1685 911 speciosa
1703 859 1727 885 *
1746 859 1861 900 inter
1880 858 1927 899 fi-

1092 914 1173 956 lias
1193 915 1449 957 Jerusalem.

1363 972 1561 1011 Psalmus
1586 972 1667 1011 147.

1159 1027 1274 1068 auda
1319 1027 1564 1069 Jerusalem
1606 1027 1862 1068 Dominum:
1903 1027 1926 1053 *

1210 1083 1342 1126 lauda
1360 1084 1504 1125 Deum
1522 1089 1647 1125 tuum
1664 1083 1782 1125 Sion.

1144 1141 1364 1190 Quoniam
1390 1140 1658 1182 confortavit
1684 1152 1805 1181 seras
1825 1151 1926 1192 por-

1091 1199 1235 1238 tarum
1271 1199 1463 1238 tuarum:
1498 1198 1522 1223 *
1558 1195 1787 1238 benedixit
1823 1195 1926 1237 filiis

1091 1254 1179 1295 tuis
1198 1254 1243 1294 in
1262 1258 1318 1295 te.

1144 1310 1229 1360 Qui
1257 1309 1407 1362 posuit
1435 1309 1545 1350 fines
1574 1313 1676 1350 tuos
1704 1321 1878 1361 pacem:
1903 1309 1927 1334 *

1092 1371 1136 1408 et
1155 1366 1287 1419 adipe
1308 1365 1516 1407 frumenti
1537 1365 1671 1406 satiat
1689 1370 1745 1406 te.

1146 1422 1230 1473 Qui
1259 1422 1422 1463 emittit
1451 1421 1676 1474 eloquium
1697 1434 1826 1462 suum
1843 1425 1928 1463 ter-

1093 1492 1169 1520 rae:
1194 1479 1218 1504 *
1244 1479 1459 1520 velociter
1488 1478 1624 1519 currit
1653 1490 1800 1519 sermo
1826 1478 1929 1530 ejus.

1147 1535 1232 1585 Qui
1268 1535 1344 1576 dat
1378 1535 1524 1576 nivem
1561 1534 1675 1576 sicut
1707 1533 1871 1576 lanam:
1905 1535 1929 1561 *

1094 1591 1299 1633 nebulam
1319 1591 1433 1632 sicut
1455 1594 1646 1632 cinerem
1666 1590 1845 1644 spargit.

1145 1648 1281 1689 Mittit
1296 1647 1551 1700 crystallum
1564 1660 1687 1688 suam
1702 1647 1816 1688 sicut
1826 1647 1929 1688 buc-

1095 1704 1244 1746 cellas:
1271 1706 1295 1731 *
1319 1708 1421 1745 ante
1450 1704 1608 1745 faeiem
1631 1703 1808 1754 frigoris
1837 1703 1928 1755 ejus

1096 1760 1194 1813 quis
1214 1759 1472 1802 sustinebit?
1781 1761 1786 1767 '

1146 1817 1331 1858 Emittet
1349 1816 1533 1858 verbum
1558 1829 1702 1866 suum,
1730 1821 1775 1858 et
1792 1815 1930 1868 lique-

1095 1874 1226 1915 faciet
1255 1885 1320 1914 ea:
1340 1874 1363 1900 *
1387 1872 1513 1914 flabit
1540 1872 1722 1925 spiritus
1750 1872 1857 1924 ejus,
1886 1876 1931 1914 et

1096 1930 1232 1971 fluent
1252 1942 1391 1982 aquae.

1149 1986 1233 2037 Qui
1257 1986 1486 2027 annuntiat
1504 1984 1689 2027 verbum
1715 1998 1842 2026 suum
1860 1985 1885 2026 J
1887 1997 1928 2026 a·

1096 2042 1196 2084 cob:
1207 2044 1231 2070 *
1242 2043 1440 2094 justitias,
1457 2046 1501 2083 et
1516 2041 1676 2094 judicia
1691 2054 1770 2082 sua
1779 2040 1929 2082 Israel.

1147 2099 1250 2140 Non
1270 2099 1375 2141 fecit
1393 2098 1541 2140 taliter
1561 2097 1681 2138 omni
1704 2097 1885 2138 nationi:
1905 2098 1929 2123 *

1097 2160 1141 2197 et
1159 2155 1319 2207 judicia
1339 2168 1417 2197 sua
1436 2167 1525 2196 non
1543 2153 1842 2195 manifestavit
1857 2153 1930 2195 eis.

1148 2212 1249 2251 Ant.
1282 2212 1375 2253 Ista
1408 2217 1475 2253 est
1507 2210 1711 2264 speciosa
1742 2210 1855 2251 inter
1883 2209 1929 2250 fi-

1096 2269 1177 2310 lias
1196 2268 1450 2310 Jerusalem.

1253 2323 1338 2361 Pro
1369 2322 1560 2372 Martyre
1590 2326 1771 2361 tantum.

1201 2378 1462 2430 Capitulum.
1614 2378 1745 2417 Eccli.
1766 2378 1825 2417 51.

1098 2429 1392 2536 Confitebor
1416 2434 1512 2484 tibi,
1537 2434 1728 2475 Domine
1747 2434 1860 2485 Rex,
1887 2438 1932 2475 et

1188 2491 1452 2535 collaudabo
1484 2495 1528 2532 te
1562 2491 1706 2531 Deum
1734 2490 1931 2531 Salvato-

1098 2563 1191 2591 rem
1205 2560 1361 2590 meum.
1390 2546 1644 2588 Confitebor
1659 2547 1826 2588 nomini
1839 2551 1931 2588 tuo:

1098 2606 1305 2658 quoniam
1339 2603 1512 2655 adjutor
1547 2609 1590 2644 et
1617 2605 1845 2655 protector
1872 2603 1931 2643 fa·

1097 2668 1193 2703 ctus
1227 2674 1273 2703 es
1306 2660 1430 2708 mihi,
1461 2665 1505 2701 et
1537 2659 1737 2701 liberasti
1770 2671 1931 2711 corpus

1096 2731 1243 2759 meum
1261 2730 1287 2758 a
1306 2715 1566 2769 perditione.
