2080 2990
238 191 310 225 450

238 286 417 326 Anania.
451 286 600 328 At'ille
621 287 693 328 ait:
719 288 833 329 Ecce
853 301 952 339 ego,
974 290 1061 330 Do-

238 342 362 383 mine.
395 343 451 384 Et
470 343 683 385 Deminus
702 343 758 386 ad
779 357 891 386 eum:
915 346 1062 396 Surge,

238 404 281 440 et
301 398 412 440 vade
431 399 474 440 in
493 400 652 449 vicum,
680 401 752 453 qui
776 403 960 443 vocatur
978 403 1061 443 Re-

239 460 347 496 ctus:
369 461 412 497 et
433 469 580 508 quaere
599 457 642 498 in
662 457 794 499 domo
815 458 839 498 J
841 457 940 499 udae
959 459 1061 499 Sau-

237 510 326 552 lum
345 513 518 554 nomine
534 513 809 555 Tarsensem:
829 526 930 555 ecce
950 515 1062 555 enim

238 573 345 609 orat.
378 569 448 619 (Et
467 568 575 611 vidit
594 570 733 611 virum
752 570 965 611 Ananiam
988 573 1061 612 no-

237 624 362 674 mine,
381 625 684 675 introeuntem,
706 631 749 667 et
766 626 1062 678 imponentem

238 680 320 722 sibi
339 694 491 723 manus
510 687 558 723 ut
576 682 716 723 visum
739 682 946 735 recipiat.)
978 683 1061 724 Re-

238 736 416 790 sp6ndit
450 743 595 779 autem
627 738 833 779 Ananias:
864 739 1062 789 Demine,

238 793 383 836 audivi
404 807 428 835 a
444 794 590 836 multis
607 793 661 836 de
676 794 770 835 viro
784 793 881 844 hoc,
902 801 1062 847 quanta

236 850 350 891 mala
370 850 521 892 fecerit
544 850 704 892 sanctis
723 850 809 892 tuis
829 851 872 891 in
890 851 915 891 J
918 855 1060 893 erusa-

237 905 336 947 lem:
378 912 421 948 et
460 906 531 948 hic
566 906 698 948 habet
734 909 1001 960 potestatem
1037 922 1061 949 a

236 962 507 1015 principibus
545 962 823 1005 sacerd6tum
855 963 1061 1015 alligandi

237 1032 404 1069 omnes,
431 1020 505 1071 qui
529 1021 734 1061 invocant
751 1033 910 1062 nomen
929 1025 1061 1062 tuum.

236 1075 357 1117 Dixit
376 1080 521 1117 autem
540 1075 597 1117 ad
616 1089 715 1118 eum
729 1076 956 1118 Deminus:
975 1078 1061 1119 Va-

236 1130 302 1181 de,
323 1132 527 1184 quoniam
543 1146 621 1174 vas
639 1132 862 1174 electionis
878 1139 944 1175 est
958 1133 1061 1175 mihi

234 1188 328 1238 iste,
347 1194 395 1230 ut
412 1194 559 1241 portet
578 1202 736 1231 nomen
752 1202 897 1231 meum
914 1203 1061 1232 coram

237 1245 462 1295 Gentibus,
483 1251 526 1287 et
541 1245 726 1296 regibus,
743 1251 786 1287 et
799 1246 898 1287 filiis
914 1247 1061 1288 Israel.

235 1301 331 1351 Ego
374 1301 487 1342 enim
532 1301 763 1343 ostendam
802 1302 862 1343 illi
901 1308 1061 1355 quanta

236 1360 440 1410 oporteat
486 1371 584 1400 eum
628 1372 710 1412 pro
747 1359 920 1401 nomine
961 1373 1060 1401 meo

235 1414 338 1467 pati.

292 1487 339 1526 R.
363 1485 579 1537 Reposita
604 1490 670 1527 est
693 1485 798 1526 mihi
823 1488 985 1528 corona
1003 1487 1061 1538 ju-

236 1542 381 1583 stitiae:
402 1544 422 1566 *
443 1542 584 1591 Quam
607 1541 763 1584 reddet
786 1542 890 1583 mihi
914 1542 1060 1584 Domi-

234 1611 316 1658 nus
357 1598 401 1638 in
441 1598 561 1639 illum
598 1598 714 1640 diem
749 1600 885 1651 justus
921 1598 1061 1651 judex.

239 1655 286 1701 Y.
310 1654 410 1696 Scio
435 1655 504 1696 cui
528 1654 711 1705 credidi,
738 1661 781 1697 et
801 1661 945 1697 certus
966 1669 1062 1696 sum

237 1711 337 1763 quia
365 1716 524 1764 potens
551 1717 616 1753 est
643 1711 892 1765 depesitum
917 1724 1061 1753 meum

236 1771 412 1810 servare
430 1768 473 1809 in
488 1768 611 1809 illum
625 1768 752 1810 diem.
780 1770 930 1819 Quam.
960 1767 1061 1810 Glo-

235 1825 298 1866 ria
316 1825 446 1866 Patri.
474 1826 624 1876 Quam.

464 1922 510 1959 In
540 1922 588 1959 II.
614 1921 834 1961 Nocturno.

295 1996 324 2033 A
335 2003 387 2035 nt.
419 1997 482 2036 Tu
504 2007 551 2036 es
571 2008 649 2036 vas
669 1994 893 2037 electic'mis
913 2000 1061 2037 sancte

234 2051 368 2093 Paule
397 2051 631 2104 Apostole,
659 2051 926 2104 praedicator
953 2052 1060 2094 veri-

234 2108 338 2150 tatis
356 2108 399 2148 in
419 2108 622 2149 universo
642 2107 817 2150 mundo.

295 2183 388 2222 Ant.
414 2183 591 2233 Magnus
612 2187 786 2223 sanctus
806 2182 966 2223 Paulus
985 2195 1062 2224 vas

236 2238 477 2287 electionis,
508 2250 611 2279 vere
644 2237 773 2288 digne
805 2244 871 2280 est
902 2238 1061 2290 glorifi-

237 2294 413 2345 candus,
429 2295 503 2347 qui
518 2299 562 2336 et
575 2294 731 2336 meruit
745 2294 950 2337 thronum
965 2295 1064 2337 duo·

237 2350 454 2393 decimum
471 2350 710 2404 possidere.

294 2428 389 2466 Ant.
438 2427 600 2466 Bonum
634 2427 854 2466 certamen
887 2426 1062 2474 certavi,

236 2495 410 2524 cursum
448 2481 764 2530 consummavi,
807 2481 939 2523 fidem
976 2494 1062 2524 ser-

237 2539 347 2581 vavi.

292 2602 339 2653 V-
370 2608 619 2650 Constitues
645 2620 723 2649 eos
747 2607 969 2661 principes
995 2622 1061 2650 su-

236 2678 317 2719 per
349 2677 523 2706 omnem
553 2670 726 2706 terram.
772 2665 816 2714 Ru
844 2664 1063 2706 Memores

237 2727 364 2764 erunt
381 2722 568 2763 nominis
586 2721 649 2763 tui
667 2721 865 2762 Domine.

581 197 646 230 Dic
672 198 721 230 25.
748 199 830 231 Jan.
882 200 917 232 Iu
946 199 1208 232 ‹]‹›nx·crsis›nc
1236 199 1269 231 S.
1300 198 1404 231 I’uuli
1434 197 1620 239 Apostoli.

1113 291 1265 331 Sermo
1294 288 1432 330 sancti
1458 289 1691 340 Augustini
1714 288 1935 342 Episcopi.

1270 357 1450 389 Sermone
1478 357 1522 389 14.
1549 356 1595 390 de
1620 356 1779 390 Sanctis.

1250 417 1350 459 odie
1388 417 1442 459 de
1480 416 1664 458 Actibus
1701 417 1936 471 Apostolo-

1267 487 1362 515 rum
1385 474 1516 515 lectio
1539 473 1636 515 haec
1659 474 1938 526 pronuntiata

1267 535 1346 572 est:
1388 530 1463 572 ubi
1497 529 1658 571 Paulus
1695 530 1938 583 Apostolus

1117 600 1170 629 ex
1189 589 1471 641 persecutore
1492 586 1848 637 Christianorum,
1867 600 1936 628 an-

1115 644 1336 686 nuntiator
1364 644 1504 685 factus
1532 648 1600 685 est
1626 642 1795 684 Christi.
1833 643 1936 685 Pro-

1116 701 1271 742 stravit
1308 700 1422 741 enim
1457 699 1652 741 Christus
1689 702 1937 752 persecuto-

1115 770 1218 807 rem,
1234 762 1282 798 ut
1297 757 1460 798 faceret
1474 756 1683 798 Ecclesiae
1699 755 1938 798 doctorem:
1968 800 1972 806 s

1116 814 1366 866 percutiens
1399 826 1511 862 eum,
1544 818 1588 854 et
1619 825 1790 854 sanans:
1827 815 1937 854 occi-

1116 869 1238 919 dens,
1267 875 1311 912 et
1338 870 1576 911 vivificans:
1605 871 1775 911 occisus
1803 882 1939 920 agnus

1115 940 1141 968 a
1158 926 1288 979 lupis,
1318 931 1361 968 et
1386 926 1548 968 faciens
1574 938 1710 977 agnos
1736 925 1790 967 de
1813 925 1939 978 lupis.

1116 983 1183 1025 Ita
1220 983 1333 1024 enim
1367 983 1411 1024 iu
1445 982 1658 1036 praeclara
1691 981 1939 1035 prophetia,

1116 1053 1214 1081 cum
1233 1039 1369 1081 Jacob
1387 1038 1639 1080 Patriarcha
1659 1038 1940 1081 benediceret

1115 1096 1214 1137 filiis
1235 1096 1323 1137 suis
1342 1096 1597 1148 (praesentes
1616 1100 1807 1146 tangens,
1827 1095 1938 1137 futu-

1114 1166 1163 1194 ra
1202 1152 1489 1205 prospiciens)
1528 1150 1791 1204 praedictum
1830 1156 1939 1201 erat,

1116 1208 1236 1261 quod
1263 1209 1306 1249 in
1333 1207 1469 1249 Paulo
1498 1207 1689 1258 contigit.
1732 1207 1840 1249 Erat
1866 1220 1937 1249 au-

1114 1270 1203 1306 tem
1220 1264 1398 1314 Paulus,
1418 1264 1642 1316 sicutipse
1660 1265 1863 1314 testatur,
1883 1262 1939 1306 de

1114 1321 1228 1363 tribu
1247 1320 1480 1373 Benjamin.
1508 1320 1618 1361 Cum
1639 1325 1785 1362 autem
1802 1319 1938 1362 Jacob

1113 1376 1377 1419 benedicens
1397 1376 1510 1418 filios
1530 1389 1649 1426 suos,
1674 1378 1864 1418 venisset
1883 1376 1940 1418 ad

1113 1432 1461 1475 benedicendum
1495 1432 1737 1484 Beniamin,
1781 1432 1842 1474 ait
1884 1431 1939 1474 de

1113 1490 1205 1532 illo:
1224 1489 1448 1542 Beniamin
1465 1489 1594 1542 lupus
1613 1502 1760 1542 rapax.

1170 1559 1218 1598 R.
1252 1556 1321 1596 Tu
1353 1568 1399 1596 es
1427 1568 1504 1596 vas
1538 1554 1761 1597 electionis
1790 1559 1939 1597 sancte

1114 1600 1248 1654 Paule
1277 1611 1509 1665 Apostole,
1537 1610 1804 1664 praedicator
1830 1611 1938 1654 veri-

1113 1670 1216 1712 tatis
1261 1669 1304 1709 in
1348 1668 1551 1709 universo
1597 1666 1778 1709 mundo:
1807 1672 1828 1693 *
1854 1668 1939 1709 Per

1115 1739 1245 1779 quem
1270 1737 1421 1766 omnes
1448 1724 1613 1766 Gentes
1640 1725 1940 1775 cognoverunt

1113 1783 1297 1834 gratiam
1316 1781 1410 1822 Dei.
1450 1779 1496 1830 V.
1515 1779 1744 1822 Intercede
1762 1793 1844 1834 pro
1863 1793 1938 1822 no-

1113 1840 1180 1882 bis
1200 1837 1257 1881 ad
1276 1839 1429 1888 Deum,
1449 1838 1523 1890 qui
1541 1842 1585 1879 te
1604 1837 1746 1888 elegit.
1772 1837 1866 1879 Per.

1426 1918 1576 1958 Lectio
1600 1931 1633 1956 v.

1196 1986 1273 2029 uid
1291 1985 1417 2038 ergo?
1437 1986 1568 2039 lupus
1587 1998 1725 2038 rapax
1744 1982 1937 2037 semper?

1209 2043 1356 2094 Absit;
1376 2042 1455 2085 sed
1471 2043 1545 2095 qui
1558 2054 1686 2083 mane
1700 2041 1815 2094 rapit
1828 2053 1939 2094 prae-

1115 2100 1232 2151 dam,
1272 2100 1329 2142 ad
1358 2101 1588 2152 vesperam
1620 2097 1774 2140 dividit
1805 2110 1939 2139 escas.

1114 2158 1214 2199 Hoc
1238 2157 1281 2197 in
1307 2155 1526 2209 Apostolo
1550 2154 1687 2196 Paulo
1713 2154 1939 2207 impletum

1115 2218 1196 2263 est,
1234 2213 1335 2265 quia
1372 2217 1415 2254 et
1448 2211 1503 2254 de
1533 2210 1609 2252 illo
1642 2209 1806 2252 dictum
1837 2215 1940 2252 erat.

1114 2271 1138 2311 J
1141 2284 1221 2319 am,
1241 2270 1277 2310 si
1295 2269 1450 2322 placet,
1471 2267 1696 2310 audiamus
1714 2266 1836 2308 illum
1854 2280 1939 2309 ma-

1114 2339 1167 2368 ne
1194 2326 1448 2379 rapientem,
1477 2324 1533 2366 ad
1560 2326 1791 2377 vesperam
1817 2336 1940 2365 escas

1116 2381 1391 2434 dividentem.
1427 2381 1570 2431 Mane,
1598 2385 1642 2422 et
1661 2382 1844 2433 vespere
1864 2382 1940 2434 po-

1116 2439 1198 2481 sita
1226 2443 1325 2480 sunt
1352 2450 1434 2491 pro
1464 2449 1536 2486 6ο,
1570 2449 1621 2478 ac
1649 2436 1685 2477 si
1713 2436 1940 2486 diceretur,

1114 2495 1252 2548 prius,
1279 2500 1323 2536 et
1341 2496 1509 2547 postea.
1541 2493 1612 2535 Sic
1632 2505 1736 2543 ergo
1756 2493 1940 2546 accipia-

1114 2564 1223 2592 mus:
1250 2551 1375 2592 Prius
1405 2550 1563 2602 rapiet,
1590 2551 1747 2603 postea
1775 2547 1941 2591 dividet

1116 2620 1249 2650 escas,
1272 2605 1499 2648 Attendite
1515 2608 1748 2659 raptorem,
1775 2605 1940 2654 Saulus,

1114 2663 1268 2716 inquit,
1297 2662 1490 2715 acceptis
1515 2662 1711 2715 epistolis
1737 2675 1763 2703 a
1785 2661 1940 2715 princi-

1115 2720 1245 2774 pibus
1260 2718 1548 2769 sacerdotum,
1567 2718 1669 2769 ibat,
1687 2724 1735 2761 ut
1749 2717 1940 2761 ubicum-
