2040 2990
618 208 683 241 nie
708 210 764 241 250.
791 208 886 242 Nov.
934 210 966 241 S.
992 208 1157 241 Andreae
1184 208 1370 249 Apostoli.

1775 208 1840 243 363

419 304 611 343 psalmus
641 306 705 344 96.

242 361 412 403 ominus
441 362 651 412 regnavit,
680 361 866 403 exsultet
890 366 972 402 ter—

261 430 324 458 ra:
343 418 366 443 *
384 417 586 459 laetentur
603 418 755 460 insulae
774 418 932 459 multae.

206 477 367 528 Nubes,
388 483 431 520 et
450 478 588 530 caligo
605 479 649 519 in
668 479 850 521 circuitu
868 481 972 532 ejus:

155 536 180 562 *
214 534 392 586 justitia,
434 540 477 576 et
517 534 720 587 judicium
757 537 971 578 correctio

156 590 273 632 sedis
302 591 404 643 ejus.

207 647 325 697 Ignis
363 652 461 688 ante
500 647 642 700 ipsum
677 647 915 700 praecedet,
934 643 972 673 '*

157 708 200 744 et
226 703 466 745 inflamabit
496 703 539 744 in
567 704 748 744 circuitu
774 704 972 745 inimicos

158 772 257 811 ejus.

207 815 446 857 Illuxe'runt
468 815 637 866 fulgura
661 816 749 867 ejus
773 815 869 856 orbi
889 821 971 857 ter-

155 884 230 913 rae:
251 873 275 899 *
297 871 417 921 vidit,
442 876 485 913 et
508 873 726 912 commota
753 876 820 912 est
846 876 972 913 terra.

205 927 393 977 Montes,
427 928 538 969 sicut
572 940 672 968 cera
703 927 921 968 fluxerunt
948 941 973 968 a

155 984 264 1026 facie
299 984 489 1025 Domini:
526 986 549 1011 *
586 997 611 1024 a
647 983 756 1025 facie
795 984 972 1025 Demini

155 1040 295 1082 omnis
323 1045 449 1082 terra.

205 1096 581 1138 Annuntiaverunt
625 1096 724 1138 coeli
769 1097 972 1148 justitiam

155 1154 258 1205 ejus:
290 1154 313 1180 *
346 1157 389 1194 et
416 1152 616 1194 viderunt
645 1165 793 1194 omnes
821 1152 972 1204 pepuli

152 1209 335 1261 gloriam
362 1210 462 1260 ejus.

206 1264 534 1307 Confundantur
573 1277 739 1314 omnes,
785 1265 859 1316 qui
900 1265 971 1306 ad-

154 1324 280 1363 orant
303 1321 537 1374 sculptilia:
569 1322 592 1348 *
620 1326 663 1362 et
689 1322 762 1373 qui
789 1321 971 1372 glorian-

153 1382 223 1420 tur
250 1378 294 1419 in
321 1377 562 1419 simulacris
590 1378 689 1419 suis.

204 1438 400 1480 Adorate
417 1451 515 1480 eum
532 1451 681 1480 omnes
696 1438 853 1489 Angeli
869 1440 972 1491 ejus:

154 1496 178 1523 *
204 1494 381 1545 audivit,
409 1499 453 1536 et
477 1494 627 1536 laetata
655 1499 720 1536 est
747 1495 861 1536 Sion.

204 1555 263 1597 Et
294 1555 621 1597 exsultaverunt
652 1555 753 1596 filiae
780 1555 920 1606 Judae,
948 1557 972 1582 *

153 1616 337 1664 propter
363 1610 521 1663 judicia
548 1616 623 1652 tua
650 1611 849 1653 Demine:

206 1672 420 1722 Quomam
436 1677 485 1713 tu
497 1671 709 1713 Deminus
724 1672 971 1713 Altissimus

154 1741 284 1781 super
312 1741 486 1770 omnem
507 1733 681 1770 terram:
705 1730 728 1755 *
750 1728 876 1768 nimis
902 1741 971 1769 ex-

155 1784 313 1827 altatus
342 1797 388 1826 es
416 1797 547 1837 super
575 1797 723 1826 omnes
752 1783 870 1825 deos.

207 1845 291 1896 Qui
305 1844 483 1896 diligitis
497 1845 741 1894 Deminum,
756 1843 875 1885 odite
885 1857 971 1885 ma-

154 1902 258 1943 lum:
285 1903 309 1929 *
340 1900 533 1942 custodit
563 1901 775 1942 Dominus
808 1900 971 1941 animas

156 1960 405 2000 sanctorum
430 1959 617 2007 suorum,
646 1956 700 1998 de
725 1969 854 1997 manu
873 1968 971 2008 pec-

156 2015 315 2056 cateris
341 2012 543 2055 liberabit
571 2025 656 2054 eos.

191 2071 303 2117 'Lux
330 2079 427 2116 orta
459 2078 525 2115 est
549 2075 680 2126 justo,
712 2074 735 2100 *
768 2077 811 2114 et
842 2072 970 2114 rectis

157 2131 291 2173 corde
317 2130 479 2172 laetitia.

206 2187 435 2229 Laetamini
462 2186 562 2239 justi
588 2186 632 2226 in
656 2185 859 2226 Demino:
883 2186 907 2211 *
930 2189 972 2225 et

158 2243 421 2285 confitemini
447 2242 668 2284 memoriae
701 2241 971 2282 sanctificati-

159 2299 252 2340 6nis
279 2301 380 2352 ejus.

211 2370 306 2410 Ant.
336 2368 533 2410 Andreas
559 2380 664 2409 vero
689 2366 870 2417 rogabat
896 2367 971 2418 po-

157 2423 323 2488 pulum,
356 2430 404 2492 ut
434 2437 520 2465 non
553 2423 784 2476 impediret
810 2422 971 2475 passio-

158 2492 257 2520 nem
282 2493 428 2532 1pslus.

215 2550 309 2590 Ant.
348 2549 509 2602 Accipe
537 2561 606 2590 me
634 2548 689 2589 ab
716 2546 972 2594 hominibus,

161 2607 204 2644 et
221 2602 356 2645 redde
373 2618 443 2646 me
461 2607 670 2656 magistro
689 2616 803 2645 meo:
828 2607 875 2643 ut
894 2614 972 2654 per

159 2663 203 2700 te
221 2672 291 2700 me
309 2661 508 2712 recipiat,
533 2661 606 2713 qui
629 2674 707 2714 per
729 2666 773 2702 te
791 2672 860 2700 me
879 2657 971 2699 red—

161 2716 274 2764 emit,
293 2715 471 2768 alleluja.

1297 304 1487 343 lr’salmus
1508 306 1570 343 98.

1114 364 1283 404 eminus
1297 364 1502 414 regnavit,
1512 364 1750 405 irascantur
1762 366 1837 416 po-

1133 419 1238 471 puli:
1255 421 1278 445 *
1299 420 1372 472 qui
1391 419 1514 461 sedet
1532 433 1661 472 super
1681 420 1837 461 Cheru-

1023 475 1122 525 him,
1149 478 1376 517 moveatur
1395 481 1520 517 terra.

1073 531 1286 573 Deminus
1316 532 1360 572 in
1387 532 1489 573 Sion
1516 544 1710 581 magnus:
1741 532 1764 557 *
1796 537 1838 573 et

1024 587 1220 628 excelsus
1239 600 1369 640 super
1389 600 1538 628 omnes
1557 587 1755 639 populos.

1077 644 1374 685 Confiteantur
1394 644 1555 684 nemini
1573 649 1648 684 tuo
1667 656 1837 693 magno:

1026 700 1229 752 quoniam
1247 699 1454 749 terribile,
1483 705 1525 741 et
1545 705 1739 740 sanctum
1759 705 1837 740 est:

1023 757 1046 782 *
1067 761 1110 797 et
1127 756 1266 797 honor
1286 757 1399 806 regis
1420 756 1622 807 judicium
1642 755 1788 806 diligit.

1075 813 1143 853 Tu
1174 813 1338 864 parasti
1373 811 1649 853 directiones:
1680 812 1702 836 *
1734 811 1836 862 judi-

1024 869 1137 910 cium
1152 874 1195 910 et
1208 869 1411 920 justitiam
1426 869 1468 908 in
1479 867 1614 908 Jacob
1629 873 1676 908 tu
1691 867 1837 908 fecisti.

1074 924 1273 965 Exaltate
1313 925 1546 965 Dominum
1585 924 1724 964 Deum
1765 936 1837 964 no-

1024 986 1170 1029 strum,
1182 986 1224 1022 et
1236 980 1413 1022 adorate
1430 980 1663 1021 scabellum
1678 979 1837 1031 pedum

1025 1038 1127 1089 ejus:
1145 1038 1168 1062 *
1189 1037 1392 1088 quoniam
1412 1041 1608 1077 sanctum
1628 1041 1703 1076 est.

1073 1093 1247 1144 Meyses
1262 1097 1304 1134 et
1318 1093 1466 1133 Aaron
1481 1093 1523 1132 in
1539 1091 1836 1132 sacerdOtibus

1024 1151 1126 1201 ejus:
1145 1150 1168 1175 *
1188 1154 1231 1190 et
1249 1149 1420 1190 Samuel
1439 1149 1548 1189 inter
1568 1161 1658 1197 eos,
1688 1147 1760 1199 qui
1777 1149 1836 1187 in-

1023 1210 1181 1246 vocant
1199 1218 1355 1246 nomen
1375 1206 1480 1255 ejus:

1073 1261 1340 1302 Invocabant
1375 1261 1626 1309 Dominum,
1668 1264 1711 1300 et
1743 1259 1835 1310 ipse

1024 1317 1281 1358 exaudiebat
1297 1330 1384 1358 eos:
1401 1317 1424 1341 *
1441 1317 1482 1356 in
1498 1316 1696 1357 columna
1710 1314 1835 1355 nubis

1023 1373 1280 1426 loquebatur
1300 1373 1355 1414 ad
1374 1385 1461 1414 eos

1076 1429 1386 1471 Custodiebant
1411 1428 1656 1469 testimonia
1684 1428 1788 1477 ejus,
1812 1426 1835 1451 *

1024 1491 1067 1527 et
1084 1488 1353 1538 praeceptum
1373 1485 1491 1536 quod
1511 1483 1629 1525 dedit
1648 1483 1740 1523 illis.

1074 1543 1258 1583 Demine
1273 1542 1391 1583 Deus
1408 1545 1555 1581 noster
1573 1544 1620 1580 tu
1639 1537 1835 1579 exaudie-

1023 1598 1101 1639 bas
1126 1611 1215 1639 eos:
1234 1599 1257 1623 *
1276 1599 1395 1638 Deus
1413 1602 1459 1637 tu
1482 1595 1695 1648 propitius
1721 1594 1837 1634 fuisti

1024 1655 1095 1704 eis,
1113 1659 1156 1696 et
1174 1654 1386 1695 ulciscens
1405 1654 1447 1693 in
1467 1665 1616 1693 omnes
1636 1650 1835 1692 adinven-

1023 1711 1164 1752 tiones
1183 1713 1343 1751 eorum.

1074 1767 1274 1808 Exaltate
1314 1766 1547 1806 Deminum
1583 1764 1724 1804 Deum
1762 1773 1835 1801 no-

1024 1827 1170 1871 strum,
1199 1827 1241 1863 et
1259 1821 1438 1862 adorate
1457 1821 1499 1860 in
1518 1824 1664 1860 monte
1685 1821 1834 1858 sancto

1024 1880 1128 1930 ejus:
1156 1879 1178 1903 *
1208 1877 1411 1929 quoniam
1431 1881 1604 1917 sanctus
1623 1873 1835 1914 Dominus

1022 1934 1141 1975 Deus
1160 1937 1319 1974 noster.

1077 1999 1172 2039 Ant.
1215 1997 1372 2049 Accipe
1400 2009 1468 2037 me
1500 1995 1554 2037 ab
1581 1992 1836 2041 hominibus,

1024 2059 1066 2097 et
1105 2053 1240 2095 redde
1279 2066 1348 2094 me
1387 2054 1592 2103 magistro
1634 2062 1750 2091 meo:
1790 2053 1836 2089 ut

1022 2124 1101 2164 per
1124 2115 1168 2151 te
1191 2122 1260 2151 me
1284 2109 1473 2161 recipiat,
1499 2107 1573 2160 qui
1598 2119 1676 2158 per
1700 2111 1743 2147 te
1766 2117 1835 2145 me

1023 2167 1216 2215 redemit,
1243 2165 1420 2217 alleluja.

1075 2231 1122 2279 ,Y
1142 2230 1280 2272 Nimis
1300 2229 1501 2271 honorati
1520 2233 1619 2270 sunt
1635 2226 1759 2268 amici
1773 2225 1833 2267 tui

1023 2288 1153 2328 Deus.
1208 2289 1255 2339 R.
1288 2286 1428 2327 Nimis
1465 2285 1733 2326 confortatus
1770 2285 1836 2322 est

1022 2343 1290 2395 principatus
1310 2344 1469 2383 eerum.

1026 2425 1174 2466 Lectio
1200 2423 1335 2465 sancti
1355 2422 1577 2473 Evangelii
1600 2418 1835 2462 secundum

1298 2478 1560 2520 Matthaeum.

1129 2541 1276 2581 Lectio
1299 2541 1363 2579 vii.
1526 2541 1625 2588 (lap.
1646 2539 1680 2575 4.
1702 2552 1733 2577 c.

1023 2597 1099 2702 In
1121 2600 1195 2641 illo
1218 2601 1429 2651 tempore:
1453 2597 1692 2638 Ambulans
1710 2595 1735 2635 J
1737 2605 1834 2635 esus

1086 2657 1203 2707 juxta
1222 2667 1340 2696 mare
1360 2653 1569 2702 Galilaeae,
1594 2651 1700 2693 vidit
1725 2649 1833 2690 duos
1894 2659 1897 2661 ·

995 2707 1006 2759 Ι’
1023 2713 1195 2760 fratres,
1213 2711 1446 2759 Simonem,
1470 2709 1542 2760 qui
1560 2709 1738 2749 vocatur
1756 2705 1832 2745 Pe-
