<?xml version="1.0" encoding="UTF-8"?>
<!DOCTYPE html PUBLIC "-//W3C//DTD XHTML 1.0 Transitional//EN"
    "http://www.w3.org/TR/xhtml1/DTD/xhtml1-transitional.dtd">
<html xmlns="http://www.w3.org/1999/xhtml" xml:lang="en" lang="en">
 <head>
  <title>
</title>
<meta http-equiv="Content-Type" content="text/html;charset=utf-8" />
  <meta name='ocr-system' content='tesseract 3.04.00' />
  <meta name='ocr-capabilities' content='ocr_page ocr_carea ocr_par ocr_line ocrx_word'/>
</head>
<body>
  <div class='ocr_page' id='page_1' title='image "./p1breviariumroma00cathuoft_0841.png"; bbox 0 0 2080 2990; ppageno 0'>
   <div class='ocr_carea' id='block_1_1' title="bbox 546 244 805 279">
    <p class='ocr_par' dir='ltr' id='par_1_1' title="bbox 546 244 805 279">
     <span class='ocr_line' id='line_1_1' title="bbox 546 244 805 279; baseline 0.004 -1"><span class='ocrx_word' id='word_1_1' title='bbox 546 244 615 279; x_wconf 82' lang='lat' dir='ltr'>Dic</span> <span class='ocrx_word' id='word_1_2' title='bbox 642 245 670 278; x_wconf 70' lang='lat'>4.</span> <span class='ocrx_word' id='word_1_3' title='bbox 699 245 805 279; x_wconf 88' lang='lat' dir='ltr'>Febr.</span> 
     </span>
    </p>
   </div>
   <div class='ocr_carea' id='block_1_2' title="bbox 145 341 981 2766">
    <p class='ocr_par' dir='ltr' id='par_1_2' title="bbox 145 341 978 1279">
     <span class='ocr_line' id='line_1_2' title="bbox 145 341 974 394; baseline 0 -12"><span class='ocrx_word' id='word_1_4' title='bbox 145 341 240 390; x_wconf 88' lang='lat' dir='ltr'>luit,</span> <span class='ocrx_word' id='word_1_5' title='bbox 276 341 492 391; x_wconf 83' lang='lat' dir='ltr'>exoranti,</span> <span class='ocrx_word' id='word_1_6' title='bbox 527 346 576 383; x_wconf 92' lang='lat' dir='ltr'>ut</span> <span class='ocrx_word' id='word_1_7' title='bbox 609 355 695 394; x_wconf 92' lang='lat' dir='ltr'>quo</span> <span class='ocrx_word' id='word_1_8' title='bbox 730 342 769 383; x_wconf 90' lang='lat' dir='ltr'>ei</span> <span class='ocrx_word' id='word_1_9' title='bbox 799 342 974 393; x_wconf 89' lang='lat' dir='ltr'>placere</span> 
     </span>
     <span class='ocr_line' id='line_1_3' title="bbox 146 396 974 449; baseline 0.001 -13"><span class='ocrx_word' id='word_1_10' title='bbox 146 396 285 447; x_wconf 88' lang='lat' dir='ltr'>magis</span> <span class='ocrx_word' id='word_1_11' title='bbox 321 401 475 449; x_wconf 90' lang='lat' dir='ltr'>posset</span> <span class='ocrx_word' id='word_1_12' title='bbox 511 397 723 448; x_wconf 92' lang='lat' dir='ltr'>obsequio</span> <span class='ocrx_word' id='word_1_13' title='bbox 763 397 974 447; x_wconf 89' lang='lat' dir='ltr'>significa-</span> 
     </span>
     <span class='ocr_line' id='line_1_4' title="bbox 147 452 976 504; baseline 0.001 -12"><span class='ocrx_word' id='word_1_14' title='bbox 147 456 230 500; x_wconf 90' lang='lat' dir='ltr'>ret,</span> <span class='ocrx_word' id='word_1_15' title='bbox 257 452 543 504; x_wconf 82' lang='lat' dir='ltr'>praenuntiari</span> <span class='ocrx_word' id='word_1_16' title='bbox 567 452 649 493; x_wconf 85' lang='lat' dir='ltr'>sibi</span> <span class='ocrx_word' id='word_1_17' title='bbox 673 453 766 493; x_wconf 87' lang='lat' dir='ltr'>visa</span> <span class='ocrx_word' id='word_1_18' title='bbox 791 457 859 493; x_wconf 87' lang='lat' dir='ltr'>est</span> <span class='ocrx_word' id='word_1_19' title='bbox 881 453 976 493; x_wconf 88' lang='lat' dir='ltr'>fore</span> 
     </span>
     <span class='ocr_line' id='line_1_5' title="bbox 147 506 974 558; baseline 0.001 -12"><span class='ocrx_word' id='word_1_20' title='bbox 147 506 395 558; x_wconf 87' lang='lat' dir='ltr'>aliquando,</span> <span class='ocrx_word' id='word_1_21' title='bbox 415 512 463 548; x_wconf 87' lang='lat' dir='ltr'>ut</span> <span class='ocrx_word' id='word_1_22' title='bbox 477 520 639 548; x_wconf 90' lang='lat' dir='ltr'>novum</span> <span class='ocrx_word' id='word_1_23' title='bbox 655 510 878 548; x_wconf 90' lang='lat' dir='ltr'>sacrarum</span> <span class='ocrx_word' id='word_1_24' title='bbox 893 510 974 547; x_wconf 89' lang='lat' dir='ltr'>vir-</span> 
     </span>
     <span class='ocr_line' id='line_1_6' title="bbox 147 562 976 614; baseline 0 -11"><span class='ocrx_word' id='word_1_25' title='bbox 147 563 296 612; x_wconf 90' lang='lat' dir='ltr'>ginum</span> <span class='ocrx_word' id='word_1_26' title='bbox 321 562 518 603; x_wconf 68' lang='lat' dir='ltr'>Ordinem</span> <span class='ocrx_word' id='word_1_27' title='bbox 541 562 584 602; x_wconf 92' lang='lat' dir='ltr'>in</span> <span class='ocrx_word' id='word_1_28' title='bbox 604 562 800 613; x_wconf 84' lang='lat' dir='ltr'>ejusdem</span> <span class='ocrx_word' id='word_1_29' title='bbox 818 563 976 614; x_wconf 88' lang='lat' dir='ltr'>Deipa-</span> 
     </span>
     <span class='ocr_line' id='line_1_7' title="bbox 148 617 975 659; baseline 0.001 -1"><span class='ocrx_word' id='word_1_30' title='bbox 148 631 209 658; x_wconf 88' lang='lat' dir='ltr'>rae</span> <span class='ocrx_word' id='word_1_31' title='bbox 228 618 439 659; x_wconf 75' lang='lat' dir='ltr'>honerem</span> <span class='ocrx_word' id='word_1_32' title='bbox 458 618 716 659; x_wconf 85' lang='lat' dir='ltr'>institueret.</span> <span class='ocrx_word' id='word_1_33' title='bbox 748 617 975 659; x_wconf 89' lang='lat' dir='ltr'>Ludovico</span> 
     </span>
     <span class='ocr_line' id='line_1_8' title="bbox 149 672 976 726; baseline 0 -12"><span class='ocrx_word' id='word_1_34' title='bbox 149 674 528 714; x_wconf 89' lang='lat' dir='ltr'>Aurelianensium</span> <span class='ocrx_word' id='word_1_35' title='bbox 555 672 655 714; x_wconf 92' lang='lat' dir='ltr'>duci</span> <span class='ocrx_word' id='word_1_36' title='bbox 674 674 809 714; x_wconf 90' lang='lat' dir='ltr'>invite</span> <span class='ocrx_word' id='word_1_37' title='bbox 829 679 976 726; x_wconf 88' lang='lat' dir='ltr'>nupta,</span> 
     </span>
     <span class='ocr_line' id='line_1_9' title="bbox 150 729 976 781; baseline 0.001 -12"><span class='ocrx_word' id='word_1_38' title='bbox 150 742 364 769; x_wconf 91' lang='lat' dir='ltr'>summam</span> <span class='ocrx_word' id='word_1_39' title='bbox 391 730 434 769; x_wconf 92' lang='lat' dir='ltr'>in</span> <span class='ocrx_word' id='word_1_40' title='bbox 461 729 688 781; x_wconf 74' lang='lat' dir='ltr'>presperis</span> <span class='ocrx_word' id='word_1_41' title='bbox 715 729 976 770; x_wconf 81' lang='lat' dir='ltr'>moderatiu-</span> 
     </span>
     <span class='ocr_line' id='line_1_10' title="bbox 149 784 977 836; baseline 0.001 -12"><span class='ocrx_word' id='word_1_42' title='bbox 149 797 250 824; x_wconf 91' lang='lat' dir='ltr'>nem</span> <span class='ocrx_word' id='word_1_43' title='bbox 281 784 494 834; x_wconf 82' lang='lat' dir='ltr'>exhibuit,</span> <span class='ocrx_word' id='word_1_44' title='bbox 531 790 664 836; x_wconf 90' lang='lat' dir='ltr'>atque</span> <span class='ocrx_word' id='word_1_45' title='bbox 700 786 744 825; x_wconf 92' lang='lat' dir='ltr'>in</span> <span class='ocrx_word' id='word_1_46' title='bbox 781 784 977 826; x_wconf 89' lang='lat' dir='ltr'>adversis</span> 
     </span>
     <span class='ocr_line' id='line_1_11' title="bbox 151 840 978 892; baseline 0 -12"><span class='ocrx_word' id='word_1_47' title='bbox 151 840 451 881; x_wconf 88' lang='lat' dir='ltr'>constantiam.</span> <span class='ocrx_word' id='word_1_48' title='bbox 488 841 593 892; x_wconf 93' lang='lat' dir='ltr'>Ipso</span> <span class='ocrx_word' id='word_1_49' title='bbox 621 843 779 892; x_wconf 70' lang='lat' dir='ltr'>pastea</span> <span class='ocrx_word' id='word_1_50' title='bbox 805 841 850 880; x_wconf 91' lang='lat' dir='ltr'>in</span> <span class='ocrx_word' id='word_1_51' title='bbox 878 840 978 880; x_wconf 89' lang='lat' dir='ltr'>Gal-</span> 
     </span>
     <span class='ocr_line' id='line_1_12' title="bbox 149 894 976 947; baseline 0.002 -13"><span class='ocrx_word' id='word_1_52' title='bbox 149 894 306 935; x_wconf 83' lang='lat' dir='ltr'>liarum</span> <span class='ocrx_word' id='word_1_53' title='bbox 329 908 478 946; x_wconf 92' lang='lat' dir='ltr'>regem</span> <span class='ocrx_word' id='word_1_54' title='bbox 506 899 751 947; x_wconf 86' lang='lat' dir='ltr'>assumpto,</span> <span class='ocrx_word' id='word_1_55' title='bbox 779 909 830 936; x_wconf 88' lang='lat' dir='ltr'>ac</span> <span class='ocrx_word' id='word_1_56' title='bbox 858 896 976 936; x_wconf 90' lang='lat' dir='ltr'>nullo</span> 
     </span>
     <span class='ocr_line' id='line_1_13' title="bbox 151 951 978 1003; baseline 0.002 -13"><span class='ocrx_word' id='word_1_57' title='bbox 151 954 195 991; x_wconf 91' lang='lat' dir='ltr'>et</span> <span class='ocrx_word' id='word_1_58' title='bbox 225 951 347 992; x_wconf 90' lang='lat' dir='ltr'>irrito</span> <span class='ocrx_word' id='word_1_59' title='bbox 379 964 460 1003; x_wconf 90' lang='lat' dir='ltr'>per</span> <span class='ocrx_word' id='word_1_60' title='bbox 488 951 792 1003; x_wconf 86' lang='lat' dir='ltr'>Apostolicam</span> <span class='ocrx_word' id='word_1_61' title='bbox 819 951 978 992; x_wconf 91' lang='lat' dir='ltr'>Sedem</span> 
     </span>
     <span class='ocr_line' id='line_1_14' title="bbox 152 1005 976 1059; baseline 0.002 -13"><span class='ocrx_word' id='word_1_62' title='bbox 152 1018 205 1046; x_wconf 90' lang='lat' dir='ltr'>eo</span> <span class='ocrx_word' id='word_1_63' title='bbox 231 1005 454 1048; x_wconf 86' lang='lat' dir='ltr'>declarato</span> <span class='ocrx_word' id='word_1_64' title='bbox 479 1008 699 1059; x_wconf 89' lang='lat' dir='ltr'>conjugio,</span> <span class='ocrx_word' id='word_1_65' title='bbox 728 1007 773 1048; x_wconf 93' lang='lat' dir='ltr'>id</span> <span class='ocrx_word' id='word_1_66' title='bbox 797 1020 885 1047; x_wconf 95' lang='lat' dir='ltr'>non</span> <span class='ocrx_word' id='word_1_67' title='bbox 910 1020 976 1048; x_wconf 94' lang='lat' dir='ltr'>so-</span> 
     </span>
     <span class='ocr_line' id='line_1_15' title="bbox 150 1061 978 1113; baseline 0.002 -12"><span class='ocrx_word' id='word_1_68' title='bbox 150 1061 241 1101; x_wconf 90' lang='lat' dir='ltr'>lum</span> <span class='ocrx_word' id='word_1_69' title='bbox 273 1063 525 1113; x_wconf 87' lang='lat' dir='ltr'>aequissimo</span> <span class='ocrx_word' id='word_1_70' title='bbox 564 1063 709 1103; x_wconf 88' lang='lat' dir='ltr'>animo</span> <span class='ocrx_word' id='word_1_71' title='bbox 743 1063 856 1111; x_wconf 86' lang='lat' dir='ltr'>tulit,</span> <span class='ocrx_word' id='word_1_72' title='bbox 899 1062 978 1103; x_wconf 90' lang='lat' dir='ltr'>sed</span> 
     </span>
     <span class='ocr_line' id='line_1_16' title="bbox 151 1117 977 1169; baseline 0.001 -13"><span class='ocrx_word' id='word_1_73' title='bbox 151 1118 273 1167; x_wconf 87' lang='lat' dir='ltr'>gravi</span> <span class='ocrx_word' id='word_1_74' title='bbox 309 1129 356 1158; x_wconf 92' lang='lat' dir='ltr'>se</span> <span class='ocrx_word' id='word_1_75' title='bbox 387 1118 561 1158; x_wconf 85' lang='lat' dir='ltr'>vinculo</span> <span class='ocrx_word' id='word_1_76' title='bbox 599 1118 788 1159; x_wconf 87' lang='lat' dir='ltr'>solutam</span> <span class='ocrx_word' id='word_1_77' title='bbox 820 1117 977 1169; x_wconf 76' lang='lat' dir='ltr'>praedi-</span> 
     </span>
     <span class='ocr_line' id='line_1_17' title="bbox 150 1171 977 1225; baseline 0.004 -14"><span class='ocrx_word' id='word_1_78' title='bbox 150 1184 271 1221; x_wconf 89' lang='lat' dir='ltr'>cans,</span> <span class='ocrx_word' id='word_1_79' title='bbox 310 1171 488 1213; x_wconf 91' lang='lat' dir='ltr'>liberius</span> <span class='ocrx_word' id='word_1_80' title='bbox 528 1173 736 1225; x_wconf 84' lang='lat' dir='ltr'>deinceps</span> <span class='ocrx_word' id='word_1_81' title='bbox 773 1173 847 1213; x_wconf 90' lang='lat' dir='ltr'>uni</span> <span class='ocrx_word' id='word_1_82' title='bbox 879 1173 977 1214; x_wconf 92' lang='lat' dir='ltr'>Deo</span> 
     </span>
     <span class='ocr_line' id='line_1_18' title="bbox 149 1227 835 1279; baseline 0 -12"><span class='ocrx_word' id='word_1_83' title='bbox 149 1227 348 1267; x_wconf 88' lang='lat' dir='ltr'>famulari</span> <span class='ocrx_word' id='word_1_84' title='bbox 366 1241 499 1279; x_wconf 91' lang='lat' dir='ltr'>posse</span> <span class='ocrx_word' id='word_1_85' title='bbox 519 1229 737 1278; x_wconf 89' lang='lat' dir='ltr'>gratulata</span> <span class='ocrx_word' id='word_1_86' title='bbox 759 1233 835 1269; x_wconf 93' lang='lat' dir='ltr'>est.</span> 
     </span>
    </p>

    <p class='ocr_par' dir='ltr' id='par_1_3' title="bbox 148 1283 978 1610">
     <span class='ocr_line' id='line_1_19' title="bbox 203 1283 977 1336; baseline 0 -13"><span class='ocrx_word' id='word_1_87' title='bbox 203 1285 253 1336; x_wconf 68' lang='lat' dir='ltr'>R.</span> <span class='ocrx_word' id='word_1_88' title='bbox 285 1283 475 1335; x_wconf 85' lang='lat' dir='ltr'>Propter</span> <span class='ocrx_word' id='word_1_89' title='bbox 506 1284 752 1333; x_wconf 85' lang='lat' dir='ltr'>veritatem,</span> <span class='ocrx_word' id='word_1_90' title='bbox 785 1289 829 1324; x_wconf 91' lang='lat' dir='ltr'>et</span> <span class='ocrx_word' id='word_1_91' title='bbox 859 1296 977 1323; x_wconf 91' lang='lat' dir='ltr'>man-</span> 
     </span>
     <span class='ocr_line' id='line_1_20' title="bbox 150 1337 976 1389; baseline 0.001 -11"><span class='ocrx_word' id='word_1_92' title='bbox 150 1337 440 1388; x_wconf 89' lang='lat' dir='ltr'>suetudinem,</span> <span class='ocrx_word' id='word_1_93' title='bbox 470 1344 513 1380; x_wconf 91' lang='lat' dir='ltr'>et</span> <span class='ocrx_word' id='word_1_94' title='bbox 540 1340 800 1389; x_wconf 87' lang='lat' dir='ltr'>justitiam:*</span> <span class='ocrx_word' id='word_1_95' title='bbox 822 1340 878 1380; x_wconf 89' lang='lat' dir='ltr'>Et</span> <span class='ocrx_word' id='word_1_96' title='bbox 905 1338 976 1379; x_wconf 89' lang='lat' dir='ltr'>de-</span> 
     </span>
     <span class='ocr_line' id='line_1_21' title="bbox 151 1392 977 1436; baseline 0 -2"><span class='ocrx_word' id='word_1_97' title='bbox 151 1392 283 1434; x_wconf 89' lang='lat' dir='ltr'>ducet</span> <span class='ocrx_word' id='word_1_98' title='bbox 313 1399 358 1435; x_wconf 90' lang='lat' dir='ltr'>te</span> <span class='ocrx_word' id='word_1_99' title='bbox 388 1394 643 1436; x_wconf 88' lang='lat' dir='ltr'>mirabiliter</span> <span class='ocrx_word' id='word_1_100' title='bbox 680 1394 861 1435; x_wconf 82' lang='lat' dir='ltr'>dextera</span> <span class='ocrx_word' id='word_1_101' title='bbox 892 1399 977 1434; x_wconf 90' lang='lat' dir='ltr'>tua.</span> 
     </span>
     <span class='ocr_line' id='line_1_22' title="bbox 149 1446 978 1502; baseline 0.001 -13"><span class='ocrx_word' id='word_1_102' title='bbox 149 1446 200 1497; x_wconf 72' lang='lat' dir='ltr'>V.</span> <span class='ocrx_word' id='word_1_103' title='bbox 223 1449 379 1501; x_wconf 91' lang='lat' dir='ltr'>Specie</span> <span class='ocrx_word' id='word_1_104' title='bbox 402 1455 478 1491; x_wconf 91' lang='lat' dir='ltr'>tua</span> <span class='ocrx_word' id='word_1_105' title='bbox 500 1455 543 1491; x_wconf 93' lang='lat' dir='ltr'>et</span> <span class='ocrx_word' id='word_1_106' title='bbox 562 1449 884 1502; x_wconf 71' lang='lat' dir='ltr'>pulchritudine</span> <span class='ocrx_word' id='word_1_107' title='bbox 903 1455 978 1491; x_wconf 89' lang='lat' dir='ltr'>tua</span> 
     </span>
     <span class='ocr_line' id='line_1_23' title="bbox 148 1504 977 1558; baseline 0.001 -14"><span class='ocrx_word' id='word_1_108' title='bbox 148 1504 343 1554; x_wconf 78' lang='lat' dir='ltr'>intende,</span> <span class='ocrx_word' id='word_1_109' title='bbox 370 1508 583 1558; x_wconf 79' lang='lat' dir='ltr'>prespere</span> <span class='ocrx_word' id='word_1_110' title='bbox 607 1505 818 1558; x_wconf 76' lang='lat' dir='ltr'>procede,</span> <span class='ocrx_word' id='word_1_111' title='bbox 847 1511 890 1547; x_wconf 87' lang='lat' dir='ltr'>et</span> <span class='ocrx_word' id='word_1_112' title='bbox 914 1518 977 1546; x_wconf 92' lang='lat' dir='ltr'>re—</span> 
     </span>
     <span class='ocr_line' id='line_1_24' title="bbox 149 1560 550 1610; baseline 0.007 -11"><span class='ocrx_word' id='word_1_113' title='bbox 149 1572 245 1610; x_wconf 87' lang='lat' dir='ltr'>gna.</span> <span class='ocrx_word' id='word_1_114' title='bbox 272 1560 330 1601; x_wconf 91' lang='lat' dir='ltr'>Et</span> <span class='ocrx_word' id='word_1_115' title='bbox 350 1560 550 1602; x_wconf 89' lang='lat' dir='ltr'>deducet.</span> 
     </span>
    </p>

    <p class='ocr_par' dir='ltr' id='par_1_4' title="bbox 460 1618 669 1658">
     <span class='ocr_line' id='line_1_25' title="bbox 460 1618 669 1658; baseline -0.01 0"><span class='ocrx_word' id='word_1_116' title='bbox 460 1618 611 1658; x_wconf 88' lang='lat' dir='ltr'>Lectio</span> <span class='ocrx_word' id='word_1_117' title='bbox 632 1632 669 1656; x_wconf 84' lang='lat' dir='ltr'>v.</span> 
     </span>
    </p>

    <p class='ocr_par' dir='ltr' id='par_1_5' title="bbox 234 1671 977 1713">
     <span class='ocr_line' id='line_1_26' title="bbox 234 1671 977 1713; baseline 0.001 -2"><span class='ocrx_word' id='word_1_118' title='bbox 234 1671 482 1712; x_wconf 89' lang='lat' dir='ltr'>ituricensis</span> <span class='ocrx_word' id='word_1_119' title='bbox 516 1671 701 1713; x_wconf 89' lang='lat' dir='ltr'>ducatus</span> <span class='ocrx_word' id='word_1_120' title='bbox 737 1672 819 1713; x_wconf 87' lang='lat' dir='ltr'>sibi</span> <span class='ocrx_word' id='word_1_121' title='bbox 850 1685 875 1712; x_wconf 89' lang='lat' dir='ltr'>a</span> <span class='ocrx_word' id='word_1_122' title='bbox 895 1672 977 1712; x_wconf 93' lang='lat' dir='ltr'>Lu-</span> 
     </span>
    </p>

    <p class='ocr_par' dir='ltr' id='par_1_6' title="bbox 149 1726 981 2766">
     <span class='ocr_line' id='line_1_27' title="bbox 241 1726 978 1778; baseline -0.001 -10"><span class='ocrx_word' id='word_1_123' title='bbox 241 1726 400 1768; x_wconf 90' lang='lat' dir='ltr'>dovico</span> <span class='ocrx_word' id='word_1_124' title='bbox 419 1740 523 1778; x_wconf 86' lang='lat' dir='ltr'>rege</span> <span class='ocrx_word' id='word_1_125' title='bbox 542 1728 788 1778; x_wconf 87' lang='lat' dir='ltr'>assignatos</span> <span class='ocrx_word' id='word_1_126' title='bbox 803 1727 978 1776; x_wconf 89' lang='lat' dir='ltr'>reditus,</span> 
     </span>
     <span class='ocr_line' id='line_1_28' title="bbox 150 1781 977 1835; baseline 0.001 -13"><span class='ocrx_word' id='word_1_127' title='bbox 150 1781 316 1823; x_wconf 81' lang='lat' dir='ltr'>alendis</span> <span class='ocrx_word' id='word_1_128' title='bbox 353 1783 638 1835; x_wconf 79' lang='lat' dir='ltr'>pauperibus,</span> <span class='ocrx_word' id='word_1_129' title='bbox 682 1782 886 1824; x_wconf 83' lang='lat' dir='ltr'>curandis</span> <span class='ocrx_word' id='word_1_130' title='bbox 923 1796 977 1823; x_wconf 89' lang='lat' dir='ltr'>ae-</span> 
     </span>
     <span class='ocr_line' id='line_1_29' title="bbox 149 1838 978 1890; baseline 0.001 -13"><span class='ocrx_word' id='word_1_131' title='bbox 149 1838 304 1887; x_wconf 83' lang='lat' dir='ltr'>grotis,</span> <span class='ocrx_word' id='word_1_132' title='bbox 325 1838 682 1890; x_wconf 87' lang='lat' dir='ltr'>aedificandisque</span> <span class='ocrx_word' id='word_1_133' title='bbox 702 1838 978 1879; x_wconf 87' lang='lat' dir='ltr'>monasteriis</span> 
     </span>
     <span class='ocr_line' id='line_1_30' title="bbox 150 1893 978 1944; baseline 0.004 -12"><span class='ocrx_word' id='word_1_134' title='bbox 150 1893 330 1944; x_wconf 90' lang='lat' dir='ltr'>profuse</span> <span class='ocrx_word' id='word_1_135' title='bbox 348 1894 570 1943; x_wconf 84' lang='lat' dir='ltr'>erogabat.</span> <span class='ocrx_word' id='word_1_136' title='bbox 597 1895 647 1934; x_wconf 89' lang='lat' dir='ltr'>In</span> <span class='ocrx_word' id='word_1_137' title='bbox 669 1907 764 1934; x_wconf 89' lang='lat' dir='ltr'>eam</span> <span class='ocrx_word' id='word_1_138' title='bbox 783 1906 888 1934; x_wconf 91' lang='lat' dir='ltr'>vero</span> <span class='ocrx_word' id='word_1_139' title='bbox 909 1907 978 1935; x_wconf 92' lang='lat' dir='ltr'>cu-</span> 
     </span>
     <span class='ocr_line' id='line_1_31' title="bbox 150 1949 977 2000; baseline 0.001 -12"><span class='ocrx_word' id='word_1_140' title='bbox 150 1960 244 1988; x_wconf 89' lang='lat' dir='ltr'>ram</span> <span class='ocrx_word' id='word_1_141' title='bbox 261 1949 509 2000; x_wconf 80' lang='lat' dir='ltr'>praesertim</span> <span class='ocrx_word' id='word_1_142' title='bbox 527 1949 738 1998; x_wconf 78' lang='lat' dir='ltr'>incubuit,</span> <span class='ocrx_word' id='word_1_143' title='bbox 766 1954 815 1989; x_wconf 93' lang='lat' dir='ltr'>ut</span> <span class='ocrx_word' id='word_1_144' title='bbox 837 1951 977 1989; x_wconf 89' lang='lat' dir='ltr'>sacra-</span> 
     </span>
     <span class='ocr_line' id='line_1_32' title="bbox 150 2004 978 2054; baseline 0.001 -11"><span class='ocrx_word' id='word_1_145' title='bbox 150 2017 247 2044; x_wconf 91' lang='lat' dir='ltr'>rum</span> <span class='ocrx_word' id='word_1_146' title='bbox 271 2004 487 2054; x_wconf 81' lang='lat' dir='ltr'>virginum</span> <span class='ocrx_word' id='word_1_147' title='bbox 511 2010 675 2046; x_wconf 89' lang='lat' dir='ltr'>coetum</span> <span class='ocrx_word' id='word_1_148' title='bbox 699 2004 780 2045; x_wconf 92' lang='lat' dir='ltr'>sub</span> <span class='ocrx_word' id='word_1_149' title='bbox 803 2004 978 2045; x_wconf 83' lang='lat' dir='ltr'>nomine</span> 
     </span>
     <span class='ocr_line' id='line_1_33' title="bbox 150 2059 978 2110; baseline 0.002 -12"><span class='ocrx_word' id='word_1_150' title='bbox 150 2059 505 2101; x_wconf 76' lang='lat' dir='ltr'>Annuntiatienis</span> <span class='ocrx_word' id='word_1_151' title='bbox 525 2060 668 2101; x_wconf 88' lang='lat' dir='ltr'>beatae</span> <span class='ocrx_word' id='word_1_152' title='bbox 682 2060 875 2110; x_wconf 85' lang='lat' dir='ltr'>Virginis</span> <span class='ocrx_word' id='word_1_153' title='bbox 890 2060 978 2100; x_wconf 89' lang='lat' dir='ltr'>Ma-</span> 
     </span>
     <span class='ocr_line' id='line_1_34' title="bbox 150 2114 977 2167; baseline 0.001 -13"><span class='ocrx_word' id='word_1_154' title='bbox 150 2117 242 2163; x_wconf 83' lang='lat' dir='ltr'>riae,</span> <span class='ocrx_word' id='word_1_155' title='bbox 270 2114 428 2166; x_wconf 91' lang='lat' dir='ltr'>quibus</span> <span class='ocrx_word' id='word_1_156' title='bbox 449 2115 643 2167; x_wconf 85' lang='lat' dir='ltr'>ejusdem</span> <span class='ocrx_word' id='word_1_157' title='bbox 664 2116 863 2164; x_wconf 89' lang='lat' dir='ltr'>virtutes,</span> <span class='ocrx_word' id='word_1_158' title='bbox 889 2128 977 2156; x_wconf 91' lang='lat' dir='ltr'>cer-</span> 
     </span>
     <span class='ocr_line' id='line_1_35' title="bbox 151 2170 978 2222; baseline 0.001 -12"><span class='ocrx_word' id='word_1_159' title='bbox 151 2170 208 2210; x_wconf 89' lang='lat' dir='ltr'>tis</span> <span class='ocrx_word' id='word_1_160' title='bbox 227 2170 388 2221; x_wconf 88' lang='lat' dir='ltr'>regulis</span> <span class='ocrx_word' id='word_1_161' title='bbox 409 2170 463 2211; x_wconf 87' lang='lat' dir='ltr'>ab</span> <span class='ocrx_word' id='word_1_162' title='bbox 484 2170 739 2211; x_wconf 84' lang='lat' dir='ltr'>Alexandro</span> <span class='ocrx_word' id='word_1_163' title='bbox 761 2175 886 2211; x_wconf 84' lang='lat' dir='ltr'>sexto</span> <span class='ocrx_word' id='word_1_164' title='bbox 906 2183 978 2222; x_wconf 90' lang='lat' dir='ltr'>ap·</span> 
     </span>
     <span class='ocr_line' id='line_1_36' title="bbox 153 2225 981 2277; baseline 0 -12"><span class='ocrx_word' id='word_1_165' title='bbox 153 2226 364 2277; x_wconf 87' lang='lat' dir='ltr'>probatis,</span> <span class='ocrx_word' id='word_1_166' title='bbox 385 2231 531 2267; x_wconf 88' lang='lat' dir='ltr'>essent</span> <span class='ocrx_word' id='word_1_167' title='bbox 546 2225 602 2267; x_wconf 91' lang='lat' dir='ltr'>ad</span> <span class='ocrx_word' id='word_1_168' title='bbox 616 2225 874 2266; x_wconf 91' lang='lat' dir='ltr'>imitandum</span> <span class='ocrx_word' id='word_1_169' title='bbox 889 2239 981 2277; x_wconf 89' lang='lat' dir='ltr'>pro-</span> 
     </span>
     <span class='ocr_line' id='line_1_37' title="bbox 153 2282 979 2334; baseline 0.001 -13"><span class='ocrx_word' id='word_1_170' title='bbox 153 2282 327 2332; x_wconf 78' lang='lat' dir='ltr'>pesitae,</span> <span class='ocrx_word' id='word_1_171' title='bbox 351 2282 598 2323; x_wconf 91' lang='lat' dir='ltr'>institueret</span> <span class='ocrx_word' id='word_1_172' title='bbox 618 2294 669 2323; x_wconf 90' lang='lat' dir='ltr'>ac</span> <span class='ocrx_word' id='word_1_173' title='bbox 687 2283 979 2334; x_wconf 87' lang='lat' dir='ltr'>promoveret,</span> 
     </span>
     <span class='ocr_line' id='line_1_38' title="bbox 156 2336 980 2388; baseline -0.001 -10"><span class='ocrx_word' id='word_1_174' title='bbox 156 2336 275 2388; x_wconf 92' lang='lat' dir='ltr'>quod</span> <span class='ocrx_word' id='word_1_175' title='bbox 296 2337 335 2378; x_wconf 90' lang='lat' dir='ltr'>ei</span> <span class='ocrx_word' id='word_1_176' title='bbox 354 2337 536 2378; x_wconf 91' lang='lat' dir='ltr'>feliciter</span> <span class='ocrx_word' id='word_1_177' title='bbox 556 2337 698 2378; x_wconf 90' lang='lat' dir='ltr'>cessit.</span> <span class='ocrx_word' id='word_1_178' title='bbox 735 2337 908 2387; x_wconf 87' lang='lat' dir='ltr'>Egenos</span> <span class='ocrx_word' id='word_1_179' title='bbox 929 2350 980 2377; x_wconf 90' lang='lat' dir='ltr'>ac</span> 
     </span>
     <span class='ocr_line' id='line_1_39' title="bbox 152 2392 978 2442; baseline 0 -10"><span class='ocrx_word' id='word_1_180' title='bbox 152 2395 335 2433; x_wconf 89' lang='lat' dir='ltr'>miseros</span> <span class='ocrx_word' id='word_1_181' title='bbox 361 2405 512 2434; x_wconf 89' lang='lat' dir='ltr'>omnes</span> <span class='ocrx_word' id='word_1_182' title='bbox 537 2393 592 2434; x_wconf 85' lang='lat' dir='ltr'>ad</span> <span class='ocrx_word' id='word_1_183' title='bbox 616 2405 662 2434; x_wconf 89' lang='lat' dir='ltr'>se</span> <span class='ocrx_word' id='word_1_184' title='bbox 683 2392 978 2442; x_wconf 86' lang='lat' dir='ltr'>confugientes</span> 
     </span>
     <span class='ocr_line' id='line_1_40' title="bbox 154 2447 979 2500; baseline 0 -12"><span class='ocrx_word' id='word_1_185' title='bbox 154 2450 363 2489; x_wconf 85' lang='lat' dir='ltr'>maternae</span> <span class='ocrx_word' id='word_1_186' title='bbox 383 2449 577 2489; x_wconf 88' lang='lat' dir='ltr'>caritatis</span> <span class='ocrx_word' id='word_1_187' title='bbox 604 2447 979 2500; x_wconf 63' lang='lat' dir='ltr'>complectebatur</span> 
     </span>
     <span class='ocr_line' id='line_1_41' title="bbox 154 2503 980 2557; baseline -0.001 -14"><span class='ocrx_word' id='word_1_188' title='bbox 154 2503 411 2552; x_wconf 82' lang='lat' dir='ltr'>visceribus3</span> <span class='ocrx_word' id='word_1_189' title='bbox 431 2506 622 2557; x_wconf 76' lang='lat' dir='ltr'>aegretos</span> <span class='ocrx_word' id='word_1_190' title='bbox 637 2504 680 2543; x_wconf 95' lang='lat' dir='ltr'>in</span> <span class='ocrx_word' id='word_1_191' title='bbox 696 2503 858 2555; x_wconf 82' lang='lat' dir='ltr'>primis,</span> <span class='ocrx_word' id='word_1_192' title='bbox 877 2515 980 2554; x_wconf 90' lang='lat' dir='ltr'>quo-</span> 
     </span>
     <span class='ocr_line' id='line_1_42' title="bbox 155 2559 980 2611; baseline 0 -13"><span class='ocrx_word' id='word_1_193' title='bbox 155 2572 252 2599; x_wconf 92' lang='lat' dir='ltr'>rum</span> <span class='ocrx_word' id='word_1_194' title='bbox 270 2559 418 2599; x_wconf 89' lang='lat' dir='ltr'>ulcera</span> <span class='ocrx_word' id='word_1_195' title='bbox 437 2564 481 2600; x_wconf 91' lang='lat' dir='ltr'>et</span> <span class='ocrx_word' id='word_1_196' title='bbox 500 2560 664 2600; x_wconf 85' lang='lat' dir='ltr'>saniem</span> <span class='ocrx_word' id='word_1_197' title='bbox 686 2559 874 2611; x_wconf 74' lang='lat' dir='ltr'>prepriis</span> <span class='ocrx_word' id='word_1_198' title='bbox 893 2561 980 2599; x_wconf 91' lang='lat' dir='ltr'>ma-</span> 
     </span>
     <span class='ocr_line' id='line_1_43' title="bbox 154 2613 981 2664; baseline 0 -10"><span class='ocrx_word' id='word_1_199' title='bbox 154 2613 282 2655; x_wconf 89' lang='lat' dir='ltr'>nibus</span> <span class='ocrx_word' id='word_1_200' title='bbox 313 2616 485 2664; x_wconf 85' lang='lat' dir='ltr'>tergere</span> <span class='ocrx_word' id='word_1_201' title='bbox 520 2620 563 2655; x_wconf 91' lang='lat' dir='ltr'>et</span> <span class='ocrx_word' id='word_1_202' title='bbox 591 2616 866 2656; x_wconf 81' lang='lat' dir='ltr'>contrectare</span> <span class='ocrx_word' id='word_1_203' title='bbox 892 2626 981 2654; x_wconf 92' lang='lat' dir='ltr'>non</span> 
     </span>
     <span class='ocr_line' id='line_1_44' title="bbox 155 2669 979 2719; baseline 0.001 -11"><span class='ocrx_word' id='word_1_204' title='bbox 155 2669 414 2719; x_wconf 84' lang='lat' dir='ltr'>refugiebat,</span> <span class='ocrx_word' id='word_1_205' title='bbox 440 2670 642 2711; x_wconf 88' lang='lat' dir='ltr'>restituta</span> <span class='ocrx_word' id='word_1_206' title='bbox 664 2682 751 2710; x_wconf 91' lang='lat' dir='ltr'>non</span> <span class='ocrx_word' id='word_1_207' title='bbox 772 2669 906 2710; x_wconf 90' lang='lat' dir='ltr'>semel</span> <span class='ocrx_word' id='word_1_208' title='bbox 926 2681 979 2710; x_wconf 93' lang='lat' dir='ltr'>eo</span> 
     </span>
     <span class='ocr_line' id='line_1_45' title="bbox 155 2725 751 2766; baseline 0.003 -2"><span class='ocrx_word' id='word_1_209' title='bbox 155 2726 363 2766; x_wconf 82' lang='lat' dir='ltr'>contactu</span> <span class='ocrx_word' id='word_1_210' title='bbox 380 2725 536 2766; x_wconf 86' lang='lat' dir='ltr'>iisdem</span> <span class='ocrx_word' id='word_1_211' title='bbox 555 2725 751 2766; x_wconf 87' lang='lat' dir='ltr'>sanitate.</span> 
     </span>
    </p>
   </div>
   <div class='ocr_carea' id='block_1_3' title="bbox 853 245 1446 279">
    <p class='ocr_par' dir='ltr' id='par_1_7' title="bbox 853 245 1446 279">
     <span class='ocr_line' id='line_1_46' title="bbox 853 245 1446 279; baseline 0.002 -1"><span class='ocrx_word' id='word_1_212' title='bbox 853 245 893 279; x_wconf 86' lang='lat' dir='ltr'>B.</span> <span class='ocrx_word' id='word_1_213' title='bbox 919 245 1081 279; x_wconf 76' lang='lat' dir='ltr'>Joannae</span> <span class='ocrx_word' id='word_1_214' title='bbox 1108 246 1275 279; x_wconf 62' lang='lat' dir='ltr'>Valesiac</span> <span class='ocrx_word' id='word_1_215' title='bbox 1302 247 1446 279; x_wconf 63' lang='lat' dir='ltr'>Vidine.</span> 
     </span>
    </p>
   </div>
   <div class='ocr_carea' id='block_1_4' title="bbox 1027 341 1859 2774">
    <p class='ocr_par' dir='ltr' id='par_1_8' title="bbox 1027 341 1854 616">
     <span class='ocr_line' id='line_1_47' title="bbox 1082 341 1853 393; baseline 0.001 -12"><span class='ocrx_word' id='word_1_216' title='bbox 1082 343 1131 393; x_wconf 70' lang='lat' dir='ltr'>R.</span> <span class='ocrx_word' id='word_1_217' title='bbox 1161 342 1365 383; x_wconf 81' lang='lat' dir='ltr'>Dilexisti</span> <span class='ocrx_word' id='word_1_218' title='bbox 1392 343 1616 393; x_wconf 86' lang='lat' dir='ltr'>justitiam,</span> <span class='ocrx_word' id='word_1_219' title='bbox 1650 347 1694 383; x_wconf 91' lang='lat' dir='ltr'>et</span> <span class='ocrx_word' id='word_1_220' title='bbox 1721 341 1853 383; x_wconf 89' lang='lat' dir='ltr'>odisti</span> 
     </span>
     <span class='ocr_line' id='line_1_48' title="bbox 1027 397 1853 449; baseline 0.001 -12"><span class='ocrx_word' id='word_1_221' title='bbox 1027 397 1316 448; x_wconf 85' lang='lat' dir='ltr'>iniquitatem:</span> <span class='ocrx_word' id='word_1_222' title='bbox 1345 399 1367 423; x_wconf 87' lang='lat'>*</span> <span class='ocrx_word' id='word_1_223' title='bbox 1390 399 1631 449; x_wconf 87' lang='lat' dir='ltr'>Propterea</span> <span class='ocrx_word' id='word_1_224' title='bbox 1658 398 1783 439; x_wconf 85' lang='lat' dir='ltr'>unxit</span> <span class='ocrx_word' id='word_1_225' title='bbox 1809 403 1853 439; x_wconf 89' lang='lat' dir='ltr'>te</span> 
     </span>
     <span class='ocr_line' id='line_1_49' title="bbox 1027 453 1854 502; baseline 0.001 -10"><span class='ocrx_word' id='word_1_226' title='bbox 1027 453 1168 502; x_wconf 89' lang='lat' dir='ltr'>Deus,</span> <span class='ocrx_word' id='word_1_227' title='bbox 1212 453 1333 494; x_wconf 93' lang='lat' dir='ltr'>Deus</span> <span class='ocrx_word' id='word_1_228' title='bbox 1369 458 1488 502; x_wconf 91' lang='lat' dir='ltr'>tuus,</span> <span class='ocrx_word' id='word_1_229' title='bbox 1536 453 1633 493; x_wconf 82' lang='lat' dir='ltr'>oleo</span> <span class='ocrx_word' id='word_1_230' title='bbox 1678 453 1854 494; x_wconf 84' lang='lat' dir='ltr'>laetitiae.</span> 
     </span>
     <span class='ocr_line' id='line_1_50' title="bbox 1030 502 1852 559; baseline 0 -11"><span class='ocrx_word' id='word_1_231' title='bbox 1030 502 1079 553; x_wconf 61' lang='lat' dir='ltr'>V.</span> <span class='ocrx_word' id='word_1_232' title='bbox 1105 508 1294 559; x_wconf 92' lang='lat' dir='ltr'>Propter</span> <span class='ocrx_word' id='word_1_233' title='bbox 1313 509 1558 558; x_wconf 84' lang='lat' dir='ltr'>veritatem,</span> <span class='ocrx_word' id='word_1_234' title='bbox 1587 514 1630 549; x_wconf 90' lang='lat' dir='ltr'>et</span> <span class='ocrx_word' id='word_1_235' title='bbox 1656 521 1852 549; x_wconf 87' lang='lat' dir='ltr'>mansue-</span> 
     </span>
     <span class='ocr_line' id='line_1_51' title="bbox 1028 564 1815 616; baseline -0.001 -11"><span class='ocrx_word' id='word_1_236' title='bbox 1028 564 1236 612; x_wconf 87' lang='lat' dir='ltr'>tudinem,</span> <span class='ocrx_word' id='word_1_237' title='bbox 1257 569 1300 605; x_wconf 88' lang='lat' dir='ltr'>et</span> <span class='ocrx_word' id='word_1_238' title='bbox 1320 564 1535 615; x_wconf 88' lang='lat' dir='ltr'>justitiam.</span> <span class='ocrx_word' id='word_1_239' title='bbox 1562 564 1815 616; x_wconf 88' lang='lat' dir='ltr'>Propterea.</span> 
     </span>
    </p>

    <p class='ocr_par' dir='ltr' id='par_1_9' title="bbox 1330 621 1550 660">
     <span class='ocr_line' id='line_1_52' title="bbox 1330 621 1550 660; baseline -0.005 -1"><span class='ocrx_word' id='word_1_240' title='bbox 1330 621 1478 660; x_wconf 88' lang='lat' dir='ltr'>Lectio</span> <span class='ocrx_word' id='word_1_241' title='bbox 1499 621 1550 660; x_wconf 79' lang='lat' dir='ltr'>vi.</span> 
     </span>
    </p>

    <p class='ocr_par' dir='ltr' id='par_1_10' title="bbox 1032 663 1854 769">
     <span class='ocr_line' id='line_1_53' title="bbox 1032 663 1854 769; baseline -0.004 -53"><span class='ocrx_word' id='word_1_242' title='bbox 1032 663 1282 769; x_wconf 79' lang='lat' dir='ltr'>Singulari</span> <span class='ocrx_word' id='word_1_243' title='bbox 1307 679 1439 725; x_wconf 89' lang='lat' dir='ltr'>atque</span> <span class='ocrx_word' id='word_1_244' title='bbox 1463 674 1621 715; x_wconf 81' lang='lat' dir='ltr'>eximia</span> <span class='ocrx_word' id='word_1_245' title='bbox 1640 686 1742 723; x_wconf 88' lang='lat' dir='ltr'>erga</span> <span class='ocrx_word' id='word_1_246' title='bbox 1762 686 1854 714; x_wconf 89' lang='lat' dir='ltr'>san-</span> 
     </span>
    </p>

    <p class='ocr_par' dir='ltr' id='par_1_11' title="bbox 1027 729 1859 2774">
     <span class='ocr_line' id='line_1_54' title="bbox 1121 729 1855 772; baseline -0.004 -1"><span class='ocrx_word' id='word_1_247' title='bbox 1121 731 1360 772; x_wconf 90' lang='lat' dir='ltr'>ctissimum</span> <span class='ocrx_word' id='word_1_248' title='bbox 1393 729 1680 769; x_wconf 79' lang='lat' dir='ltr'>Eucharistiae</span> <span class='ocrx_word' id='word_1_249' title='bbox 1716 742 1855 769; x_wconf 89' lang='lat' dir='ltr'>sacra-</span> 
     </span>
     <span class='ocr_line' id='line_1_55' title="bbox 1028 783 1855 837; baseline -0.001 -11"><span class='ocrx_word' id='word_1_250' title='bbox 1028 788 1223 827; x_wconf 89' lang='lat' dir='ltr'>mentum</span> <span class='ocrx_word' id='word_1_251' title='bbox 1237 786 1403 837; x_wconf 86' lang='lat' dir='ltr'>pietate</span> <span class='ocrx_word' id='word_1_252' title='bbox 1418 784 1653 832; x_wconf 67' lang='lat' dir='ltr'>ferebatur,</span> <span class='ocrx_word' id='word_1_253' title='bbox 1669 783 1724 825; x_wconf 90' lang='lat' dir='ltr'>ad</span> <span class='ocrx_word' id='word_1_254' title='bbox 1737 784 1855 835; x_wconf 91' lang='lat' dir='ltr'>quod</span> 
     </span>
     <span class='ocr_line' id='line_1_56' title="bbox 1027 840 1856 888; baseline -0.002 -6"><span class='ocrx_word' id='word_1_255' title='bbox 1027 847 1148 882; x_wconf 89' lang='lat' dir='ltr'>tanta</span> <span class='ocrx_word' id='word_1_256' title='bbox 1172 840 1411 882; x_wconf 84' lang='lat' dir='ltr'>accedebat</span> <span class='ocrx_word' id='word_1_257' title='bbox 1430 840 1705 879; x_wconf 90' lang='lat' dir='ltr'>lacrimarum</span> <span class='ocrx_word' id='word_1_258' title='bbox 1724 840 1784 888; x_wconf 85' lang='lat' dir='ltr'>vi,</span> <span class='ocrx_word' id='word_1_259' title='bbox 1808 845 1856 880; x_wconf 95' lang='lat' dir='ltr'>ut</span> 
     </span>
     <span class='ocr_line' id='line_1_57' title="bbox 1030 894 1858 948; baseline -0.005 -10"><span class='ocrx_word' id='word_1_260' title='bbox 1030 897 1223 948; x_wconf 90' lang='lat' dir='ltr'>ejusdem</span> <span class='ocrx_word' id='word_1_261' title='bbox 1239 896 1432 937; x_wconf 90' lang='lat' dir='ltr'>caritatis</span> <span class='ocrx_word' id='word_1_262' title='bbox 1449 908 1500 936; x_wconf 89' lang='lat' dir='ltr'>ac</span> <span class='ocrx_word' id='word_1_263' title='bbox 1513 894 1759 935; x_wconf 73' lang='lat' dir='ltr'>devotiOnis</span> <span class='ocrx_word' id='word_1_264' title='bbox 1771 907 1858 935; x_wconf 91' lang='lat' dir='ltr'>sen-</span> 
     </span>
     <span class='ocr_line' id='line_1_58' title="bbox 1030 950 1856 992; baseline -0.004 0"><span class='ocrx_word' id='word_1_265' title='bbox 1030 966 1104 992; x_wconf 92' lang='lat' dir='ltr'>sus</span> <span class='ocrx_word' id='word_1_266' title='bbox 1127 953 1170 991; x_wconf 91' lang='lat' dir='ltr'>in</span> <span class='ocrx_word' id='word_1_267' title='bbox 1195 952 1429 992; x_wconf 89' lang='lat' dir='ltr'>astantium</span> <span class='ocrx_word' id='word_1_268' title='bbox 1453 950 1607 991; x_wconf 86' lang='lat' dir='ltr'>animis</span> <span class='ocrx_word' id='word_1_269' title='bbox 1632 950 1856 990; x_wconf 81' lang='lat' dir='ltr'>excitaret.</span> 
     </span>
     <span class='ocr_line' id='line_1_59' title="bbox 1029 1005 1855 1058; baseline -0.006 -10"><span class='ocrx_word' id='word_1_270' title='bbox 1029 1008 1272 1048; x_wconf 88' lang='lat' dir='ltr'>Dominicae</span> <span class='ocrx_word' id='word_1_271' title='bbox 1311 1019 1487 1058; x_wconf 93' lang='lat' dir='ltr'>quoque</span> <span class='ocrx_word' id='word_1_272' title='bbox 1518 1005 1734 1056; x_wconf 83' lang='lat' dir='ltr'>passionis</span> <span class='ocrx_word' id='word_1_273' title='bbox 1767 1018 1855 1056; x_wconf 91' lang='lat' dir='ltr'>my-</span> 
     </span>
     <span class='ocr_line' id='line_1_60' title="bbox 1032 1060 1856 1114; baseline -0.004 -12"><span class='ocrx_word' id='word_1_274' title='bbox 1032 1063 1162 1103; x_wconf 90' lang='lat' dir='ltr'>steria</span> <span class='ocrx_word' id='word_1_275' title='bbox 1182 1062 1277 1114; x_wconf 88' lang='lat' dir='ltr'>pari</span> <span class='ocrx_word' id='word_1_276' title='bbox 1301 1060 1523 1102; x_wconf 90' lang='lat' dir='ltr'>recolebat</span> <span class='ocrx_word' id='word_1_277' title='bbox 1542 1060 1710 1100; x_wconf 88' lang='lat' dir='ltr'>affectu.</span> <span class='ocrx_word' id='word_1_278' title='bbox 1745 1061 1856 1109; x_wconf 90' lang='lat' dir='ltr'>Qua-</span> 
     </span>
     <span class='ocr_line' id='line_1_61' title="bbox 1031 1115 1856 1158; baseline -0.005 0"><span class='ocrx_word' id='word_1_279' title='bbox 1031 1131 1078 1158; x_wconf 90' lang='lat' dir='ltr'>re</span> <span class='ocrx_word' id='word_1_280' title='bbox 1121 1121 1376 1158; x_wconf 90' lang='lat' dir='ltr'>constructo</span> <span class='ocrx_word' id='word_1_281' title='bbox 1417 1116 1530 1156; x_wconf 85' lang='lat' dir='ltr'>intra</span> <span class='ocrx_word' id='word_1_282' title='bbox 1568 1115 1856 1156; x_wconf 91' lang='lat' dir='ltr'>domesticum</span> 
     </span>
     <span class='ocr_line' id='line_1_62' title="bbox 1030 1170 1855 1222; baseline -0.005 -9"><span class='ocrx_word' id='word_1_283' title='bbox 1030 1173 1205 1213; x_wconf 91' lang='lat' dir='ltr'>hortum</span> <span class='ocrx_word' id='word_1_284' title='bbox 1232 1172 1390 1212; x_wconf 86' lang='lat' dir='ltr'>Christi</span> <span class='ocrx_word' id='word_1_285' title='bbox 1420 1170 1672 1222; x_wconf 90' lang='lat' dir='ltr'>sepulchro,</span> <span class='ocrx_word' id='word_1_286' title='bbox 1704 1170 1765 1210; x_wconf 93' lang='lat' dir='ltr'>ibi</span> <span class='ocrx_word' id='word_1_287' title='bbox 1792 1182 1855 1210; x_wconf 93' lang='lat' dir='ltr'>se-</span> 
     </span>
     <span class='ocr_line' id='line_1_63' title="bbox 1030 1225 1856 1276; baseline -0.004 -8"><span class='ocrx_word' id='word_1_288' title='bbox 1030 1227 1215 1269; x_wconf 88' lang='lat' dir='ltr'>cedebat</span> <span class='ocrx_word' id='word_1_289' title='bbox 1243 1226 1482 1268; x_wconf 86' lang='lat' dir='ltr'>identidem</span> <span class='ocrx_word' id='word_1_290' title='bbox 1509 1225 1673 1266; x_wconf 90' lang='lat' dir='ltr'>nudum</span> <span class='ocrx_word' id='word_1_291' title='bbox 1701 1230 1856 1276; x_wconf 92' lang='lat' dir='ltr'>pectus</span> 
     </span>
     <span class='ocr_line' id='line_1_64' title="bbox 1029 1282 1856 1335; baseline -0.005 -11"><span class='ocrx_word' id='word_1_292' title='bbox 1029 1283 1176 1335; x_wconf 85' lang='lat' dir='ltr'>lapide</span> <span class='ocrx_word' id='word_1_293' title='bbox 1197 1283 1402 1331; x_wconf 83' lang='lat' dir='ltr'>tundens,</span> <span class='ocrx_word' id='word_1_294' title='bbox 1426 1287 1557 1332; x_wconf 87' lang='lat' dir='ltr'>atque</span> <span class='ocrx_word' id='word_1_295' title='bbox 1576 1282 1619 1321; x_wconf 92' lang='lat' dir='ltr'>in</span> <span class='ocrx_word' id='word_1_296' title='bbox 1638 1293 1792 1332; x_wconf 86' lang='lat' dir='ltr'>preces</span> <span class='ocrx_word' id='word_1_297' title='bbox 1813 1285 1856 1321; x_wconf 88' lang='lat' dir='ltr'>et</span> 
     </span>
     <span class='ocr_line' id='line_1_65' title="bbox 1029 1336 1854 1389; baseline -0.004 -10"><span class='ocrx_word' id='word_1_298' title='bbox 1029 1339 1230 1380; x_wconf 73' lang='lat' dir='ltr'>lacrimas</span> <span class='ocrx_word' id='word_1_299' title='bbox 1263 1339 1419 1389; x_wconf 91' lang='lat' dir='ltr'>jugiter</span> <span class='ocrx_word' id='word_1_300' title='bbox 1452 1337 1599 1378; x_wconf 86' lang='lat' dir='ltr'>effusa.</span> <span class='ocrx_word' id='word_1_301' title='bbox 1639 1336 1757 1377; x_wconf 86' lang='lat' dir='ltr'>Vitae</span> <span class='ocrx_word' id='word_1_302' title='bbox 1784 1336 1854 1376; x_wconf 92' lang='lat' dir='ltr'>de-</span> 
     </span>
     <span class='ocr_line' id='line_1_66' title="bbox 1029 1392 1857 1435; baseline -0.005 0"><span class='ocrx_word' id='word_1_303' title='bbox 1029 1409 1148 1435; x_wconf 94' lang='lat' dir='ltr'>mum</span> <span class='ocrx_word' id='word_1_304' title='bbox 1185 1393 1538 1435; x_wconf 91' lang='lat' dir='ltr'>innocentissime</span> <span class='ocrx_word' id='word_1_305' title='bbox 1575 1397 1685 1433; x_wconf 85' lang='lat' dir='ltr'>aetae</span> <span class='ocrx_word' id='word_1_306' title='bbox 1725 1392 1857 1432; x_wconf 90' lang='lat' dir='ltr'>finem</span> 
     </span>
     <span class='ocr_line' id='line_1_67' title="bbox 1032 1447 1856 1501; baseline -0.006 -10"><span class='ocrx_word' id='word_1_307' title='bbox 1032 1450 1377 1501; x_wconf 86' lang='lat' dir='ltr'>quadragenaria</span> <span class='ocrx_word' id='word_1_308' title='bbox 1397 1448 1700 1500; x_wconf 85' lang='lat' dir='ltr'>praesentiens,</span> <span class='ocrx_word' id='word_1_309' title='bbox 1720 1447 1856 1487; x_wconf 90' lang='lat' dir='ltr'>sacris</span> 
     </span>
     <span class='ocr_line' id='line_1_68' title="bbox 1030 1502 1856 1552; baseline -0.006 -7"><span class='ocrx_word' id='word_1_310' title='bbox 1030 1505 1232 1546; x_wconf 84' lang='lat' dir='ltr'>omnibus</span> <span class='ocrx_word' id='word_1_311' title='bbox 1257 1504 1505 1545; x_wconf 82' lang='lat' dir='ltr'>christianae</span> <span class='ocrx_word' id='word_1_312' title='bbox 1529 1502 1749 1552; x_wconf 78' lang='lat' dir='ltr'>religiunis</span> <span class='ocrx_word' id='word_1_313' title='bbox 1767 1515 1856 1552; x_wconf 91' lang='lat' dir='ltr'>my-</span> 
     </span>
     <span class='ocr_line' id='line_1_69' title="bbox 1030 1557 1857 1611; baseline -0.006 -10"><span class='ocrx_word' id='word_1_314' title='bbox 1030 1561 1172 1601; x_wconf 88' lang='lat' dir='ltr'>steriis</span> <span class='ocrx_word' id='word_1_315' title='bbox 1205 1560 1286 1600; x_wconf 90' lang='lat' dir='ltr'>rite</span> <span class='ocrx_word' id='word_1_316' title='bbox 1317 1560 1477 1611; x_wconf 88' lang='lat' dir='ltr'>pieque</span> <span class='ocrx_word' id='word_1_317' title='bbox 1506 1557 1739 1609; x_wconf 89' lang='lat' dir='ltr'>susceptis,</span> <span class='ocrx_word' id='word_1_318' title='bbox 1771 1560 1857 1609; x_wconf 92' lang='lat' dir='ltr'>pri-</span> 
     </span>
     <span class='ocr_line' id='line_1_70' title="bbox 1031 1612 1856 1663; baseline -0.005 -7"><span class='ocrx_word' id='word_1_319' title='bbox 1031 1616 1101 1657; x_wconf 91' lang='lat' dir='ltr'>die</span> <span class='ocrx_word' id='word_1_320' title='bbox 1126 1616 1278 1656; x_wconf 91' lang='lat' dir='ltr'>Nonas</span> <span class='ocrx_word' id='word_1_321' title='bbox 1302 1615 1546 1663; x_wconf 84' lang='lat' dir='ltr'>Februarii,</span> <span class='ocrx_word' id='word_1_322' title='bbox 1575 1613 1757 1654; x_wconf 89' lang='lat' dir='ltr'>Biturici</span> <span class='ocrx_word' id='word_1_323' title='bbox 1785 1612 1856 1653; x_wconf 91' lang='lat' dir='ltr'>de-</span> 
     </span>
     <span class='ocr_line' id='line_1_71' title="bbox 1031 1669 1856 1720; baseline -0.005 -8"><span class='ocrx_word' id='word_1_324' title='bbox 1031 1672 1179 1720; x_wconf 90' lang='lat' dir='ltr'>cessit,</span> <span class='ocrx_word' id='word_1_325' title='bbox 1208 1684 1320 1712; x_wconf 91' lang='lat' dir='ltr'>anno</span> <span class='ocrx_word' id='word_1_326' title='bbox 1346 1670 1576 1711; x_wconf 91' lang='lat' dir='ltr'>millesimo</span> <span class='ocrx_word' id='word_1_327' title='bbox 1607 1669 1856 1720; x_wconf 92' lang='lat' dir='ltr'>quingente-</span> 
     </span>
     <span class='ocr_line' id='line_1_72' title="bbox 1031 1724 1856 1778; baseline -0.006 -11"><span class='ocrx_word' id='word_1_328' title='bbox 1031 1727 1142 1767; x_wconf 91' lang='lat' dir='ltr'>simo</span> <span class='ocrx_word' id='word_1_329' title='bbox 1163 1727 1326 1778; x_wconf 92' lang='lat' dir='ltr'>quinto.</span> <span class='ocrx_word' id='word_1_330' title='bbox 1351 1727 1454 1777; x_wconf 89' lang='lat' dir='ltr'>Ejus</span> <span class='ocrx_word' id='word_1_331' title='bbox 1470 1737 1631 1776; x_wconf 89' lang='lat' dir='ltr'>corpus</span> <span class='ocrx_word' id='word_1_332' title='bbox 1649 1724 1856 1775; x_wconf 84' lang='lat' dir='ltr'>quinqua-</span> 
     </span>
     <span class='ocr_line' id='line_1_73' title="bbox 1030 1780 1857 1834; baseline -0.005 -12"><span class='ocrx_word' id='word_1_333' title='bbox 1030 1783 1197 1833; x_wconf 90' lang='lat' dir='ltr'>gesimo</span> <span class='ocrx_word' id='word_1_334' title='bbox 1222 1782 1410 1834; x_wconf 92' lang='lat' dir='ltr'>septimo</span> <span class='ocrx_word' id='word_1_335' title='bbox 1435 1786 1537 1833; x_wconf 92' lang='lat' dir='ltr'>post</span> <span class='ocrx_word' id='word_1_336' title='bbox 1556 1780 1725 1821; x_wconf 76' lang='lat' dir='ltr'>ebitum</span> <span class='ocrx_word' id='word_1_337' title='bbox 1744 1791 1857 1819; x_wconf 86' lang='lat' dir='ltr'>anno</span> 
     </span>
     <span class='ocr_line' id='line_1_74' title="bbox 1030 1834 1858 1890; baseline -0.006 -11"><span class='ocrx_word' id='word_1_338' title='bbox 1030 1839 1333 1890; x_wconf 90' lang='lat' dir='ltr'>incorruptum</span> <span class='ocrx_word' id='word_1_339' title='bbox 1374 1838 1611 1888; x_wconf 90' lang='lat' dir='ltr'>repertum,</span> <span class='ocrx_word' id='word_1_340' title='bbox 1657 1835 1761 1875; x_wconf 92' lang='lat' dir='ltr'>dum</span> <span class='ocrx_word' id='word_1_341' title='bbox 1803 1834 1858 1874; x_wconf 88' lang='lat' dir='ltr'>ab</span> 
     </span>
     <span class='ocr_line' id='line_1_75' title="bbox 1031 1889 1858 1934; baseline -0.006 0"><span class='ocrx_word' id='word_1_342' title='bbox 1031 1893 1249 1934; x_wconf 82' lang='lat' dir='ltr'>haereticis</span> <span class='ocrx_word' id='word_1_343' title='bbox 1268 1892 1478 1933; x_wconf 89' lang='lat' dir='ltr'>militibus</span> <span class='ocrx_word' id='word_1_344' title='bbox 1501 1891 1557 1931; x_wconf 89' lang='lat' dir='ltr'>ad</span> <span class='ocrx_word' id='word_1_345' title='bbox 1577 1889 1858 1931; x_wconf 86' lang='lat' dir='ltr'>cremandum</span> 
     </span>
     <span class='ocr_line' id='line_1_76' title="bbox 1032 1946 1859 2001; baseline -0.005 -12"><span class='ocrx_word' id='word_1_346' title='bbox 1032 1951 1270 2001; x_wconf 88' lang='lat' dir='ltr'>raperetur,</span> <span class='ocrx_word' id='word_1_347' title='bbox 1290 1947 1476 1997; x_wconf 89' lang='lat' dir='ltr'>gemitus</span> <span class='ocrx_word' id='word_1_348' title='bbox 1493 1946 1694 1994; x_wconf 87' lang='lat' dir='ltr'>edidisse,</span> <span class='ocrx_word' id='word_1_349' title='bbox 1715 1950 1757 1986; x_wconf 92' lang='lat' dir='ltr'>et</span> <span class='ocrx_word' id='word_1_350' title='bbox 1775 1958 1859 1985; x_wconf 92' lang='lat' dir='ltr'>mu-</span> 
     </span>
     <span class='ocr_line' id='line_1_77' title="bbox 1032 2000 1858 2053; baseline -0.006 -8"><span class='ocrx_word' id='word_1_351' title='bbox 1032 2007 1163 2045; x_wconf 75' lang='lat' dir='ltr'>crene</span> <span class='ocrx_word' id='word_1_352' title='bbox 1179 2003 1437 2044; x_wconf 82' lang='lat' dir='ltr'>transfixum</span> <span class='ocrx_word' id='word_1_353' title='bbox 1451 2002 1634 2053; x_wconf 76' lang='lat' dir='ltr'>copieso</span> <span class='ocrx_word' id='word_1_354' title='bbox 1650 2000 1858 2050; x_wconf 89' lang='lat' dir='ltr'>sanguine</span> 
     </span>
     <span class='ocr_line' id='line_1_78' title="bbox 1031 2055 1859 2110; baseline -0.006 -10"><span class='ocrx_word' id='word_1_355' title='bbox 1031 2062 1232 2100; x_wconf 88' lang='lat' dir='ltr'>manasse</span> <span class='ocrx_word' id='word_1_356' title='bbox 1258 2057 1524 2110; x_wconf 90' lang='lat' dir='ltr'>perhibetur.</span> <span class='ocrx_word' id='word_1_357' title='bbox 1564 2057 1668 2108; x_wconf 84' lang='lat' dir='ltr'>Eius</span> <span class='ocrx_word' id='word_1_358' title='bbox 1694 2055 1859 2096; x_wconf 91' lang='lat' dir='ltr'>cultum</span> 
     </span>
     <span class='ocr_line' id='line_1_79' title="bbox 1031 2110 1857 2163; baseline -0.005 -8"><span class='ocrx_word' id='word_1_359' title='bbox 1031 2115 1297 2155; x_wconf 89' lang='lat' dir='ltr'>Benedictus</span> <span class='ocrx_word' id='word_1_360' title='bbox 1321 2113 1516 2154; x_wconf 89' lang='lat' dir='ltr'>decimus</span> <span class='ocrx_word' id='word_1_361' title='bbox 1541 2117 1721 2163; x_wconf 87' lang='lat' dir='ltr'>quartus</span> <span class='ocrx_word' id='word_1_362' title='bbox 1740 2110 1857 2162; x_wconf 90' lang='lat' dir='ltr'>Apo-</span> 
     </span>
     <span class='ocr_line' id='line_1_80' title="bbox 1032 2166 1857 2219; baseline -0.006 -8"><span class='ocrx_word' id='word_1_363' title='bbox 1032 2170 1187 2211; x_wconf 84' lang='lat' dir='ltr'>stolica</span> <span class='ocrx_word' id='word_1_364' title='bbox 1219 2169 1480 2210; x_wconf 87' lang='lat' dir='ltr'>auctoritate</span> <span class='ocrx_word' id='word_1_365' title='bbox 1511 2166 1715 2219; x_wconf 89' lang='lat' dir='ltr'>probavit</span> <span class='ocrx_word' id='word_1_366' title='bbox 1743 2179 1857 2207; x_wconf 86' lang='lat' dir='ltr'>anno</span> 
     </span>
     <span class='ocr_line' id='line_1_81' title="bbox 1031 2220 1859 2276; baseline -0.005 -11"><span class='ocrx_word' id='word_1_367' title='bbox 1031 2225 1261 2266; x_wconf 89' lang='lat' dir='ltr'>millesimo</span> <span class='ocrx_word' id='word_1_368' title='bbox 1277 2223 1664 2276; x_wconf 88' lang='lat' dir='ltr'>septingentesimo</span> <span class='ocrx_word' id='word_1_369' title='bbox 1684 2220 1859 2273; x_wconf 86' lang='lat' dir='ltr'>quadra-</span> 
     </span>
     <span class='ocr_line' id='line_1_82' title="bbox 1032 2278 1855 2331; baseline -0.006 -10"><span class='ocrx_word' id='word_1_370' title='bbox 1032 2281 1198 2331; x_wconf 90' lang='lat' dir='ltr'>gesimo</span> <span class='ocrx_word' id='word_1_371' title='bbox 1215 2279 1419 2321; x_wconf 92' lang='lat' dir='ltr'>secundo.</span> <span class='ocrx_word' id='word_1_372' title='bbox 1435 2278 1633 2319; x_wconf 89' lang='lat' dir='ltr'>Tandem</span> <span class='ocrx_word' id='word_1_373' title='bbox 1644 2278 1746 2318; x_wconf 88' lang='lat' dir='ltr'>Pius</span> <span class='ocrx_word' id='word_1_374' title='bbox 1763 2289 1855 2317; x_wconf 88' lang='lat' dir='ltr'>sex-</span> 
     </span>
     <span class='ocr_line' id='line_1_83' title="bbox 1033 2334 1856 2386; baseline -0.006 -9"><span class='ocrx_word' id='word_1_375' title='bbox 1033 2342 1122 2386; x_wconf 81' lang='lat' dir='ltr'>tus,</span> <span class='ocrx_word' id='word_1_376' title='bbox 1154 2341 1202 2377; x_wconf 89' lang='lat' dir='ltr'>ut</span> <span class='ocrx_word' id='word_1_377' title='bbox 1229 2336 1273 2376; x_wconf 92' lang='lat' dir='ltr'>in</span> <span class='ocrx_word' id='word_1_378' title='bbox 1302 2340 1398 2377; x_wconf 90' lang='lat' dir='ltr'>toto</span> <span class='ocrx_word' id='word_1_379' title='bbox 1421 2334 1573 2376; x_wconf 82' lang='lat' dir='ltr'>Galliae</span> <span class='ocrx_word' id='word_1_380' title='bbox 1598 2345 1732 2382; x_wconf 92' lang='lat' dir='ltr'>regno</span> <span class='ocrx_word' id='word_1_381' title='bbox 1757 2344 1856 2384; x_wconf 95' lang='lat' dir='ltr'>pos-</span> 
     </span>
     <span class='ocr_line' id='line_1_84' title="bbox 1035 2387 1856 2436; baseline -0.009 -4"><span class='ocrx_word' id='word_1_382' title='bbox 1035 2392 1090 2432; x_wconf 88' lang='lat' dir='ltr'>sit</span> <span class='ocrx_word' id='word_1_383' title='bbox 1109 2391 1163 2432; x_wconf 91' lang='lat' dir='ltr'>de</span> <span class='ocrx_word' id='word_1_384' title='bbox 1186 2391 1317 2432; x_wconf 89' lang='lat' dir='ltr'>beata</span> <span class='ocrx_word' id='word_1_385' title='bbox 1334 2391 1359 2431; x_wconf 89' lang='lat' dir='ltr'><strong>J</strong></span> <span class='ocrx_word' id='word_1_386' title='bbox 1362 2393 1503 2432; x_wconf 87' lang='lat' dir='ltr'>oanna</span> <span class='ocrx_word' id='word_1_387' title='bbox 1520 2388 1714 2436; x_wconf 71' lang='lat' dir='ltr'>Valesia,</span> <span class='ocrx_word' id='word_1_388' title='bbox 1740 2387 1856 2427; x_wconf 91' lang='lat' dir='ltr'>anni-</span> 
     </span>
     <span class='ocr_line' id='line_1_85' title="bbox 1031 2441 1856 2498; baseline -0.008 -10"><span class='ocrx_word' id='word_1_389' title='bbox 1031 2447 1225 2488; x_wconf 87' lang='lat' dir='ltr'>versaria</span> <span class='ocrx_word' id='word_1_390' title='bbox 1244 2447 1334 2498; x_wconf 84' lang='lat' dir='ltr'>ejus</span> <span class='ocrx_word' id='word_1_391' title='bbox 1356 2444 1627 2487; x_wconf 85' lang='lat' dir='ltr'>dormitionis</span> <span class='ocrx_word' id='word_1_392' title='bbox 1647 2442 1733 2491; x_wconf 90' lang='lat' dir='ltr'>die,</span> <span class='ocrx_word' id='word_1_393' title='bbox 1754 2441 1856 2482; x_wconf 87' lang='lat' dir='ltr'>Offi-</span> 
     </span>
     <span class='ocr_line' id='line_1_86' title="bbox 1033 2496 1856 2543; baseline -0.009 0"><span class='ocrx_word' id='word_1_394' title='bbox 1033 2503 1147 2543; x_wconf 90' lang='lat' dir='ltr'>cium</span> <span class='ocrx_word' id='word_1_395' title='bbox 1165 2502 1338 2543; x_wconf 89' lang='lat' dir='ltr'>recitari</span> <span class='ocrx_word' id='word_1_396' title='bbox 1357 2514 1407 2542; x_wconf 94' lang='lat' dir='ltr'>ac</span> <span class='ocrx_word' id='word_1_397' title='bbox 1422 2500 1555 2540; x_wconf 91' lang='lat' dir='ltr'>Missa</span> <span class='ocrx_word' id='word_1_398' title='bbox 1571 2497 1782 2539; x_wconf 86' lang='lat' dir='ltr'>celebrari</span> <span class='ocrx_word' id='word_1_399' title='bbox 1801 2496 1856 2537; x_wconf 92' lang='lat' dir='ltr'>de</span> 
     </span>
     <span class='ocr_line' id='line_1_87' title="bbox 1033 2553 1855 2605; baseline -0.009 -7"><span class='ocrx_word' id='word_1_400' title='bbox 1033 2558 1262 2598; x_wconf 81' lang='lat' dir='ltr'>Communi</span> <span class='ocrx_word' id='word_1_401' title='bbox 1284 2569 1365 2597; x_wconf 92' lang='lat' dir='ltr'>nec</span> <span class='ocrx_word' id='word_1_402' title='bbox 1383 2554 1576 2605; x_wconf 89' lang='lat' dir='ltr'>Virginis</span> <span class='ocrx_word' id='word_1_403' title='bbox 1599 2566 1679 2594; x_wconf 91' lang='lat' dir='ltr'>nec</span> <span class='ocrx_word' id='word_1_404' title='bbox 1697 2553 1855 2603; x_wconf 90' lang='lat' dir='ltr'>Marty-</span> 
     </span>
     <span class='ocr_line' id='line_1_88' title="bbox 1032 2607 1854 2661; baseline -0.009 -8"><span class='ocrx_word' id='word_1_405' title='bbox 1032 2613 1092 2653; x_wconf 91' lang='lat' dir='ltr'>ris</span> <span class='ocrx_word' id='word_1_406' title='bbox 1110 2612 1300 2661; x_wconf 90' lang='lat' dir='ltr'>indulsit,</span> <span class='ocrx_word' id='word_1_407' title='bbox 1319 2623 1432 2652; x_wconf 91' lang='lat' dir='ltr'>anno</span> <span class='ocrx_word' id='word_1_408' title='bbox 1451 2609 1680 2650; x_wconf 90' lang='lat' dir='ltr'>millesimo</span> <span class='ocrx_word' id='word_1_409' title='bbox 1696 2607 1854 2658; x_wconf 86' lang='lat' dir='ltr'>septin-</span> 
     </span>
     <span class='ocr_line' id='line_1_89' title="bbox 1031 2662 1854 2719; baseline -0.009 -10"><span class='ocrx_word' id='word_1_410' title='bbox 1031 2668 1273 2719; x_wconf 88' lang='lat' dir='ltr'>gentesimo</span> <span class='ocrx_word' id='word_1_411' title='bbox 1319 2665 1642 2718; x_wconf 88' lang='lat' dir='ltr'>septuagesimo</span> <span class='ocrx_word' id='word_1_412' title='bbox 1689 2662 1854 2715; x_wconf 88' lang='lat' dir='ltr'>quinto,</span> 
     </span>
     <span class='ocr_line' id='line_1_90' title="bbox 1032 2720 1650 2774; baseline -0.01 -9"><span class='ocrx_word' id='word_1_413' title='bbox 1032 2724 1103 2765; x_wconf 91' lang='lat' dir='ltr'>die</span> <span class='ocrx_word' id='word_1_414' title='bbox 1121 2736 1226 2765; x_wconf 90' lang='lat' dir='ltr'>vero</span> <span class='ocrx_word' id='word_1_415' title='bbox 1246 2722 1410 2774; x_wconf 87' lang='lat' dir='ltr'>Aprilis</span> <span class='ocrx_word' id='word_1_416' title='bbox 1429 2720 1650 2771; x_wconf 88' lang='lat' dir='ltr'>vigesimo.</span> 
     </span>
    </p>
   </div>
   <div class='ocr_carea' id='block_1_5' title="bbox 84 190 1923 2826">
    <p class='ocr_par' dir='ltr' id='par_1_12' title="bbox 84 190 1923 2826">
     <span class='ocr_line' id='line_1_91' title="bbox 84 190 1923 2826; baseline 0 0"><span class='ocrx_word' id='word_1_417' title='bbox 84 190 1923 2826; x_wconf 95' lang='lat' dir='ltr'> </span> 
     </span>
    </p>
   </div>
  </div>
 </body>
</html>
