<?xml version="1.0" encoding="UTF-8"?>
<!DOCTYPE html PUBLIC "-//W3C//DTD XHTML 1.0 Transitional//EN"
    "http://www.w3.org/TR/xhtml1/DTD/xhtml1-transitional.dtd">
<html xmlns="http://www.w3.org/1999/xhtml" xml:lang="en" lang="en">
 <head>
  <title>
</title>
<meta http-equiv="Content-Type" content="text/html;charset=utf-8" />
  <meta name='ocr-system' content='tesseract 3.04.00' />
  <meta name='ocr-capabilities' content='ocr_page ocr_carea ocr_par ocr_line ocrx_word'/>
</head>
<body>
  <div class='ocr_page' id='page_1' title='image "./p1breviariumroma00cathuoft_0436.png"; bbox 0 0 2080 2990; ppageno 0'>
   <div class='ocr_carea' id='block_1_1' title="bbox 628 207 863 241">
    <p class='ocr_par' dir='ltr' id='par_1_1' title="bbox 628 207 863 241">
     <span class='ocr_line' id='line_1_1' title="bbox 628 207 863 241; baseline 0 -1"><span class='ocrx_word' id='word_1_1' title='bbox 628 207 695 241; x_wconf 67' lang='lat' dir='ltr'>Dic</span> <span class='ocrx_word' id='word_1_2' title='bbox 720 208 751 240; x_wconf 58' lang='grc' dir='ltr'>Β.</span> <span class='ocrx_word' id='word_1_3' title='bbox 779 207 863 240; x_wconf 75' lang='lat' dir='ltr'>Dec.</span> 
     </span>
    </p>
   </div>
   <div class='ocr_carea' id='block_1_2' title="bbox 210 301 1034 2765">
    <p class='ocr_par' dir='ltr' id='par_1_2' title="bbox 530 301 734 341">
     <span class='ocr_line' id='line_1_2' title="bbox 530 301 734 341; baseline 0 -1"><span class='ocrx_word' id='word_1_4' title='bbox 530 301 676 341; x_wconf 78' lang='lat' dir='ltr'>Lectio</span> <span class='ocrx_word' id='word_1_5' title='bbox 700 315 734 340; x_wconf 67' lang='lat' dir='ltr'>v.</span> 
     </span>
    </p>

    <p class='ocr_par' dir='ltr' id='par_1_3' title="bbox 312 353 1034 405">
     <span class='ocr_line' id='line_1_3' title="bbox 312 353 1034 405; baseline 0.004 -12"><span class='ocrx_word' id='word_1_6' title='bbox 312 365 367 394; x_wconf 94' lang='lat' dir='ltr'>on</span> <span class='ocrx_word' id='word_1_7' title='bbox 400 353 615 396; x_wconf 87' lang='lat' dir='ltr'>immerito</span> <span class='ocrx_word' id='word_1_8' title='bbox 646 354 775 405; x_wconf 88' lang='lat' dir='ltr'>igitur</span> <span class='ocrx_word' id='word_1_9' title='bbox 807 357 952 397; x_wconf 89' lang='lat' dir='ltr'>venire</span> <span class='ocrx_word' id='word_1_10' title='bbox 980 355 1034 396; x_wconf 94' lang='lat' dir='ltr'>de</span> 
     </span>
    </p>

    <p class='ocr_par' dir='ltr' id='par_1_4' title="bbox 210 409 1034 2481">
     <span class='ocr_line' id='line_1_4' title="bbox 327 409 1034 463; baseline 0.003 -14"><span class='ocrx_word' id='word_1_11' title='bbox 327 409 494 451; x_wconf 86' lang='lat' dir='ltr'>Libano</span> <span class='ocrx_word' id='word_1_12' title='bbox 518 409 701 461; x_wconf 84' lang='lat' dir='ltr'>jubetur,</span> <span class='ocrx_word' id='word_1_13' title='bbox 726 411 826 463; x_wconf 86' lang='lat' dir='ltr'>quia</span> <span class='ocrx_word' id='word_1_14' title='bbox 843 411 1034 452; x_wconf 91' lang='lat' dir='ltr'>Libanus</span> 
     </span>
     <span class='ocr_line' id='line_1_5' title="bbox 217 465 1033 519; baseline 0.002 -13"><span class='ocrx_word' id='word_1_15' title='bbox 217 465 465 507; x_wconf 89' lang='lat' dir='ltr'>candidatio</span> <span class='ocrx_word' id='word_1_16' title='bbox 496 466 813 519; x_wconf 66' lang='lat' dir='ltr'>interpretatur.</span> <span class='ocrx_word' id='word_1_17' title='bbox 861 467 966 508; x_wconf 88' lang='lat' dir='ltr'>Erat</span> <span class='ocrx_word' id='word_1_18' title='bbox 995 480 1033 508; x_wconf 92' lang='lat' dir='ltr'>e-</span> 
     </span>
     <span class='ocr_line' id='line_1_6' title="bbox 216 521 1034 565; baseline 0.002 -3"><span class='ocrx_word' id='word_1_19' title='bbox 216 522 303 562; x_wconf 91' lang='lat' dir='ltr'>nim</span> <span class='ocrx_word' id='word_1_20' title='bbox 340 521 572 564; x_wconf 89' lang='lat' dir='ltr'>candidata</span> <span class='ocrx_word' id='word_1_21' title='bbox 603 523 748 564; x_wconf 90' lang='lat' dir='ltr'>multis</span> <span class='ocrx_word' id='word_1_22' title='bbox 782 524 1034 565; x_wconf 89' lang='lat' dir='ltr'>meritorum</span> 
     </span>
     <span class='ocr_line' id='line_1_7' title="bbox 216 578 1031 628; baseline 0.002 -9"><span class='ocrx_word' id='word_1_23' title='bbox 216 578 457 628; x_wconf 64' lang='lat' dir='ltr'>virtutibus</span> <span class='ocrx_word' id='word_1_24' title='bbox 481 583 525 620; x_wconf 91' lang='lat' dir='ltr'>et</span> <span class='ocrx_word' id='word_1_25' title='bbox 544 578 747 620; x_wconf 89' lang='lat' dir='ltr'>dealbata</span> <span class='ocrx_word' id='word_1_26' title='bbox 768 580 866 621; x_wconf 90' lang='lat' dir='ltr'>nive</span> <span class='ocrx_word' id='word_1_27' title='bbox 890 579 1031 621; x_wconf 83' lang='lat' dir='ltr'>candi-</span> 
     </span>
     <span class='ocr_line' id='line_1_8' title="bbox 216 634 1033 687; baseline 0.001 -12"><span class='ocrx_word' id='word_1_28' title='bbox 216 634 331 684; x_wconf 90' lang='lat' dir='ltr'>dior,</span> <span class='ocrx_word' id='word_1_29' title='bbox 371 634 556 687; x_wconf 83' lang='lat' dir='ltr'>Spiritus</span> <span class='ocrx_word' id='word_1_30' title='bbox 596 635 734 677; x_wconf 88' lang='lat' dir='ltr'>sancti</span> <span class='ocrx_word' id='word_1_31' title='bbox 772 635 1033 685; x_wconf 91' lang='lat' dir='ltr'>muneribus,</span> 
     </span>
     <span class='ocr_line' id='line_1_9' title="bbox 214 690 1033 743; baseline 0.001 -12"><span class='ocrx_word' id='word_1_32' title='bbox 214 690 538 743; x_wconf 91' lang='lat' dir='ltr'>simplicitatem</span> <span class='ocrx_word' id='word_1_33' title='bbox 574 691 789 733; x_wconf 77' lang='lat' dir='ltr'>colambae</span> <span class='ocrx_word' id='word_1_34' title='bbox 822 692 866 732; x_wconf 92' lang='lat' dir='ltr'>in</span> <span class='ocrx_word' id='word_1_35' title='bbox 900 692 1033 733; x_wconf 91' lang='lat' dir='ltr'>omni-</span> 
     </span>
     <span class='ocr_line' id='line_1_10' title="bbox 214 746 1032 800; baseline 0.001 -12"><span class='ocrx_word' id='word_1_36' title='bbox 214 746 296 788; x_wconf 86' lang='lat' dir='ltr'>bus</span> <span class='ocrx_word' id='word_1_37' title='bbox 318 749 649 799; x_wconf 89' lang='lat' dir='ltr'>repraesentans,</span> <span class='ocrx_word' id='word_1_38' title='bbox 674 748 887 799; x_wconf 85' lang='lat' dir='ltr'>quoniam,</span> <span class='ocrx_word' id='word_1_39' title='bbox 912 747 1032 800; x_wconf 91' lang='lat' dir='ltr'>quid-</span> 
     </span>
     <span class='ocr_line' id='line_1_11' title="bbox 216 802 1032 856; baseline 0 -12"><span class='ocrx_word' id='word_1_40' title='bbox 216 802 320 855; x_wconf 90' lang='lat' dir='ltr'>quid</span> <span class='ocrx_word' id='word_1_41' title='bbox 338 803 381 843; x_wconf 92' lang='lat' dir='ltr'>in</span> <span class='ocrx_word' id='word_1_42' title='bbox 400 816 452 844; x_wconf 88' lang='lat' dir='ltr'>ea</span> <span class='ocrx_word' id='word_1_43' title='bbox 469 808 638 853; x_wconf 88' lang='lat' dir='ltr'>gestum</span> <span class='ocrx_word' id='word_1_44' title='bbox 658 808 738 854; x_wconf 86' lang='lat' dir='ltr'>est,</span> <span class='ocrx_word' id='word_1_45' title='bbox 761 808 900 845; x_wconf 89' lang='lat' dir='ltr'>totum</span> <span class='ocrx_word' id='word_1_46' title='bbox 918 804 1032 856; x_wconf 83' lang='lat' dir='ltr'>puri-</span> 
     </span>
     <span class='ocr_line' id='line_1_12' title="bbox 214 859 1034 912; baseline 0.002 -12"><span class='ocrx_word' id='word_1_47' title='bbox 214 864 281 900; x_wconf 86' lang='lat' dir='ltr'>tas</span> <span class='ocrx_word' id='word_1_48' title='bbox 301 864 344 901; x_wconf 93' lang='lat' dir='ltr'>et</span> <span class='ocrx_word' id='word_1_49' title='bbox 365 859 629 912; x_wconf 79' lang='lat' dir='ltr'>simplicitas,</span> <span class='ocrx_word' id='word_1_50' title='bbox 653 864 793 901; x_wconf 92' lang='lat' dir='ltr'>totum</span> <span class='ocrx_word' id='word_1_51' title='bbox 812 860 971 901; x_wconf 88' lang='lat' dir='ltr'>veritas</span> <span class='ocrx_word' id='word_1_52' title='bbox 991 865 1034 902; x_wconf 86' lang='lat' dir='ltr'>et</span> 
     </span>
     <span class='ocr_line' id='line_1_13' title="bbox 213 915 1033 966; baseline 0.001 -10"><span class='ocrx_word' id='word_1_53' title='bbox 213 915 351 966; x_wconf 89' lang='lat' dir='ltr'>gratia</span> <span class='ocrx_word' id='word_1_54' title='bbox 375 916 469 966; x_wconf 84' lang='lat' dir='ltr'>fuit3</span> <span class='ocrx_word' id='word_1_55' title='bbox 497 920 639 957; x_wconf 91' lang='lat' dir='ltr'>totum</span> <span class='ocrx_word' id='word_1_56' title='bbox 666 916 964 957; x_wconf 67' lang='lat' dir='ltr'>misericordia</span> <span class='ocrx_word' id='word_1_57' title='bbox 990 921 1033 958; x_wconf 93' lang='lat' dir='ltr'>et</span> 
     </span>
     <span class='ocr_line' id='line_1_14' title="bbox 212 971 1032 1025; baseline 0.001 -13"><span class='ocrx_word' id='word_1_58' title='bbox 212 971 394 1022; x_wconf 87' lang='lat' dir='ltr'>justitia,</span> <span class='ocrx_word' id='word_1_59' title='bbox 426 985 523 1024; x_wconf 87' lang='lat' dir='ltr'>quae</span> <span class='ocrx_word' id='word_1_60' title='bbox 556 972 610 1014; x_wconf 89' lang='lat' dir='ltr'>de</span> <span class='ocrx_word' id='word_1_61' title='bbox 643 972 756 1013; x_wconf 89' lang='lat' dir='ltr'>coelo</span> <span class='ocrx_word' id='word_1_62' title='bbox 788 972 1032 1025; x_wconf 84' lang='lat' dir='ltr'>prospexit:</span> 
     </span>
     <span class='ocr_line' id='line_1_15' title="bbox 214 1027 1032 1081; baseline 0.002 -13"><span class='ocrx_word' id='word_1_63' title='bbox 214 1032 257 1069; x_wconf 91' lang='lat' dir='ltr'>et</span> <span class='ocrx_word' id='word_1_64' title='bbox 280 1027 380 1069; x_wconf 90' lang='lat' dir='ltr'>ideo</span> <span class='ocrx_word' id='word_1_65' title='bbox 403 1028 695 1078; x_wconf 89' lang='lat' dir='ltr'>immaculata,</span> <span class='ocrx_word' id='word_1_66' title='bbox 724 1029 823 1081; x_wconf 91' lang='lat' dir='ltr'>quia</span> <span class='ocrx_word' id='word_1_67' title='bbox 846 1030 889 1069; x_wconf 91' lang='lat' dir='ltr'>in</span> <span class='ocrx_word' id='word_1_68' title='bbox 913 1029 1032 1070; x_wconf 88' lang='lat' dir='ltr'>nullo</span> 
     </span>
     <span class='ocr_line' id='line_1_16' title="bbox 214 1084 1032 1137; baseline 0.002 -13"><span class='ocrx_word' id='word_1_69' title='bbox 214 1088 430 1137; x_wconf 84' lang='lat' dir='ltr'>corrupta.</span> <span class='ocrx_word' id='word_1_70' title='bbox 453 1084 749 1126; x_wconf 79' lang='lat' dir='ltr'>Circumdedit</span> <span class='ocrx_word' id='word_1_71' title='bbox 765 1086 878 1126; x_wconf 92' lang='lat' dir='ltr'>enim</span> <span class='ocrx_word' id='word_1_72' title='bbox 892 1085 1032 1126; x_wconf 89' lang='lat' dir='ltr'>virum</span> 
     </span>
     <span class='ocr_line' id='line_1_17' title="bbox 211 1140 1031 1190; baseline 0.002 -9"><span class='ocrx_word' id='word_1_73' title='bbox 211 1140 254 1180; x_wconf 91' lang='lat' dir='ltr'>in</span> <span class='ocrx_word' id='word_1_74' title='bbox 270 1143 407 1190; x_wconf 81' lang='lat' dir='ltr'>utem,</span> <span class='ocrx_word' id='word_1_75' title='bbox 426 1141 538 1183; x_wconf 91' lang='lat' dir='ltr'>sicut</span> <span class='ocrx_word' id='word_1_76' title='bbox 551 1141 576 1182; x_wconf 91' lang='lat' dir='ltr'><strong>J</strong></span> <span class='ocrx_word' id='word_1_77' title='bbox 578 1144 760 1182; x_wconf 90' lang='lat' dir='ltr'>eremias</span> <span class='ocrx_word' id='word_1_78' title='bbox 780 1146 955 1183; x_wconf 87' lang='lat' dir='ltr'>sanctus</span> <span class='ocrx_word' id='word_1_79' title='bbox 971 1146 1031 1183; x_wconf 93' lang='lat' dir='ltr'>te-</span> 
     </span>
     <span class='ocr_line' id='line_1_18' title="bbox 212 1197 1030 1250; baseline 0.002 -13"><span class='ocrx_word' id='word_1_80' title='bbox 212 1199 362 1247; x_wconf 91' lang='lat' dir='ltr'>statur,</span> <span class='ocrx_word' id='word_1_81' title='bbox 383 1201 425 1238; x_wconf 92' lang='lat' dir='ltr'>et</span> <span class='ocrx_word' id='word_1_82' title='bbox 443 1210 531 1238; x_wconf 94' lang='lat' dir='ltr'>non</span> <span class='ocrx_word' id='word_1_83' title='bbox 551 1197 723 1239; x_wconf 83' lang='lat' dir='ltr'>aliunde</span> <span class='ocrx_word' id='word_1_84' title='bbox 743 1197 921 1250; x_wconf 90' lang='lat' dir='ltr'>accepit.</span> <span class='ocrx_word' id='word_1_85' title='bbox 953 1198 1030 1239; x_wconf 90' lang='lat' dir='ltr'>Fa-</span> 
     </span>
     <span class='ocr_line' id='line_1_19' title="bbox 211 1252 1032 1306; baseline 0.001 -12"><span class='ocrx_word' id='word_1_86' title='bbox 211 1252 306 1302; x_wconf 88' lang='lat' dir='ltr'>ciet,</span> <span class='ocrx_word' id='word_1_87' title='bbox 324 1253 472 1305; x_wconf 91' lang='lat' dir='ltr'>inquit,</span> <span class='ocrx_word' id='word_1_88' title='bbox 491 1254 703 1295; x_wconf 90' lang='lat' dir='ltr'>Dominus</span> <span class='ocrx_word' id='word_1_89' title='bbox 722 1266 882 1295; x_wconf 87' lang='lat' dir='ltr'>novum</span> <span class='ocrx_word' id='word_1_90' title='bbox 901 1267 1032 1306; x_wconf 93' lang='lat' dir='ltr'>super</span> 
     </span>
     <span class='ocr_line' id='line_1_20' title="bbox 210 1309 1031 1359; baseline 0.002 -10"><span class='ocrx_word' id='word_1_91' title='bbox 210 1313 387 1359; x_wconf 90' lang='lat' dir='ltr'>terram,</span> <span class='ocrx_word' id='word_1_92' title='bbox 416 1314 459 1351; x_wconf 88' lang='lat' dir='ltr'>et</span> <span class='ocrx_word' id='word_1_93' title='bbox 483 1309 636 1351; x_wconf 84' lang='lat' dir='ltr'>mulier</span> <span class='ocrx_word' id='word_1_94' title='bbox 662 1309 948 1351; x_wconf 85' lang='lat' dir='ltr'>circumdabit</span> <span class='ocrx_word' id='word_1_95' title='bbox 973 1310 1031 1351; x_wconf 89' lang='lat' dir='ltr'>vi·</span> 
     </span>
     <span class='ocr_line' id='line_1_21' title="bbox 211 1365 1030 1416; baseline 0.002 -10"><span class='ocrx_word' id='word_1_96' title='bbox 211 1378 316 1406; x_wconf 92' lang='lat' dir='ltr'>rum.</span> <span class='ocrx_word' id='word_1_97' title='bbox 349 1365 465 1407; x_wconf 84' lang='lat' dir='ltr'>Vere</span> <span class='ocrx_word' id='word_1_98' title='bbox 484 1379 661 1416; x_wconf 89' lang='lat' dir='ltr'>novum,</span> <span class='ocrx_word' id='word_1_99' title='bbox 685 1371 729 1408; x_wconf 93' lang='lat' dir='ltr'>et</span> <span class='ocrx_word' id='word_1_100' title='bbox 748 1367 939 1408; x_wconf 91' lang='lat' dir='ltr'>omnium</span> <span class='ocrx_word' id='word_1_101' title='bbox 957 1379 1030 1408; x_wconf 92' lang='lat' dir='ltr'>no-</span> 
     </span>
     <span class='ocr_line' id='line_1_22' title="bbox 211 1421 1031 1474; baseline 0.002 -12"><span class='ocrx_word' id='word_1_102' title='bbox 211 1421 394 1463; x_wconf 81' lang='lat' dir='ltr'>vitatum</span> <span class='ocrx_word' id='word_1_103' title='bbox 418 1422 741 1474; x_wconf 90' lang='lat' dir='ltr'>supereminens</span> <span class='ocrx_word' id='word_1_104' title='bbox 759 1423 932 1464; x_wconf 88' lang='lat' dir='ltr'>novitas</span> <span class='ocrx_word' id='word_1_105' title='bbox 950 1424 1031 1464; x_wconf 90' lang='lat' dir='ltr'>vir-</span> 
     </span>
     <span class='ocr_line' id='line_1_23' title="bbox 211 1478 1031 1531; baseline 0.004 -13"><span class='ocrx_word' id='word_1_106' title='bbox 211 1480 369 1527; x_wconf 78' lang='lat' dir='ltr'>tutum,</span> <span class='ocrx_word' id='word_1_107' title='bbox 397 1478 571 1529; x_wconf 84' lang='lat' dir='ltr'>quando</span> <span class='ocrx_word' id='word_1_108' title='bbox 597 1479 717 1520; x_wconf 90' lang='lat' dir='ltr'>Deus</span> <span class='ocrx_word' id='word_1_109' title='bbox 746 1480 891 1531; x_wconf 90' lang='lat' dir='ltr'>(quem</span> <span class='ocrx_word' id='word_1_110' title='bbox 919 1479 1031 1521; x_wconf 90' lang='lat' dir='ltr'>ferre</span> 
     </span>
     <span class='ocr_line' id='line_1_24' title="bbox 211 1534 1030 1587; baseline 0.004 -13"><span class='ocrx_word' id='word_1_111' title='bbox 211 1546 298 1574; x_wconf 95' lang='lat' dir='ltr'>non</span> <span class='ocrx_word' id='word_1_112' title='bbox 320 1538 467 1586; x_wconf 91' lang='lat' dir='ltr'>potest</span> <span class='ocrx_word' id='word_1_113' title='bbox 490 1534 691 1585; x_wconf 92' lang='lat' dir='ltr'>mundus,</span> <span class='ocrx_word' id='word_1_114' title='bbox 717 1548 858 1587; x_wconf 90' lang='lat' dir='ltr'>neque</span> <span class='ocrx_word' id='word_1_115' title='bbox 883 1536 1030 1577; x_wconf 91' lang='lat' dir='ltr'>videre</span> 
     </span>
     <span class='ocr_line' id='line_1_25' title="bbox 212 1589 1031 1644; baseline 0.004 -14"><span class='ocrx_word' id='word_1_116' title='bbox 212 1589 379 1642; x_wconf 87' lang='lat' dir='ltr'>aliquis,</span> <span class='ocrx_word' id='word_1_117' title='bbox 398 1595 445 1631; x_wconf 93' lang='lat' dir='ltr'>ut</span> <span class='ocrx_word' id='word_1_118' title='bbox 460 1593 605 1632; x_wconf 91' lang='lat' dir='ltr'>vivere</span> <span class='ocrx_word' id='word_1_119' title='bbox 619 1592 774 1644; x_wconf 89' lang='lat' dir='ltr'>possit)</span> <span class='ocrx_word' id='word_1_120' title='bbox 795 1592 856 1633; x_wconf 92' lang='lat' dir='ltr'>sic</span> <span class='ocrx_word' id='word_1_121' title='bbox 871 1592 1031 1644; x_wconf 88' lang='lat' dir='ltr'>ingres-</span> 
     </span>
     <span class='ocr_line' id='line_1_26' title="bbox 212 1646 1030 1700; baseline 0.004 -14"><span class='ocrx_word' id='word_1_122' title='bbox 212 1658 284 1686; x_wconf 92' lang='lat' dir='ltr'>sus</span> <span class='ocrx_word' id='word_1_123' title='bbox 310 1651 376 1688; x_wconf 90' lang='lat' dir='ltr'>est</span> <span class='ocrx_word' id='word_1_124' title='bbox 398 1646 635 1700; x_wconf 82' lang='lat' dir='ltr'>hospitium</span> <span class='ocrx_word' id='word_1_125' title='bbox 659 1648 839 1697; x_wconf 91' lang='lat' dir='ltr'>ventris,</span> <span class='ocrx_word' id='word_1_126' title='bbox 867 1653 914 1689; x_wconf 92' lang='lat' dir='ltr'>ut</span> <span class='ocrx_word' id='word_1_127' title='bbox 939 1650 1030 1689; x_wconf 89' lang='lat' dir='ltr'>cor-</span> 
     </span>
     <span class='ocr_line' id='line_1_27' title="bbox 210 1702 1030 1756; baseline 0.004 -13"><span class='ocrx_word' id='word_1_128' title='bbox 210 1702 331 1754; x_wconf 90' lang='lat' dir='ltr'>poris</span> <span class='ocrx_word' id='word_1_129' title='bbox 369 1702 604 1745; x_wconf 89' lang='lat' dir='ltr'>claustrum</span> <span class='ocrx_word' id='word_1_130' title='bbox 639 1706 843 1745; x_wconf 88' lang='lat' dir='ltr'>nesciret:</span> <span class='ocrx_word' id='word_1_131' title='bbox 881 1705 1030 1756; x_wconf 90' lang='lat' dir='ltr'>sicque</span> 
     </span>
     <span class='ocr_line' id='line_1_28' title="bbox 210 1760 1029 1808; baseline 0.004 -9"><span class='ocrx_word' id='word_1_132' title='bbox 210 1760 415 1808; x_wconf 89' lang='lat' dir='ltr'>gestatus,</span> <span class='ocrx_word' id='word_1_133' title='bbox 433 1764 481 1800; x_wconf 90' lang='lat' dir='ltr'>ut</span> <span class='ocrx_word' id='word_1_134' title='bbox 500 1764 620 1800; x_wconf 87' lang='lat' dir='ltr'>totus</span> <span class='ocrx_word' id='word_1_135' title='bbox 634 1760 755 1801; x_wconf 90' lang='lat' dir='ltr'>Deus</span> <span class='ocrx_word' id='word_1_136' title='bbox 773 1760 816 1801; x_wconf 91' lang='lat' dir='ltr'>in</span> <span class='ocrx_word' id='word_1_137' title='bbox 831 1772 884 1802; x_wconf 90' lang='lat' dir='ltr'>eo</span> <span class='ocrx_word' id='word_1_138' title='bbox 900 1766 1029 1802; x_wconf 88' lang='lat' dir='ltr'>esset:</span> 
     </span>
     <span class='ocr_line' id='line_1_29' title="bbox 211 1815 1030 1867; baseline 0.004 -12"><span class='ocrx_word' id='word_1_139' title='bbox 211 1818 255 1855; x_wconf 88' lang='lat' dir='ltr'>et</span> <span class='ocrx_word' id='word_1_140' title='bbox 282 1815 343 1855; x_wconf 89' lang='lat' dir='ltr'>sie</span> <span class='ocrx_word' id='word_1_141' title='bbox 375 1815 509 1856; x_wconf 82' lang='lat' dir='ltr'>exivit</span> <span class='ocrx_word' id='word_1_142' title='bbox 534 1815 654 1865; x_wconf 90' lang='lat' dir='ltr'>inde,</span> <span class='ocrx_word' id='word_1_143' title='bbox 686 1821 735 1858; x_wconf 92' lang='lat' dir='ltr'>ut</span> <span class='ocrx_word' id='word_1_144' title='bbox 761 1821 877 1858; x_wconf 87' lang='lat' dir='ltr'>esset</span> <span class='ocrx_word' id='word_1_145' title='bbox 904 1818 1030 1867; x_wconf 88' lang='lat' dir='ltr'>(sicut</span> 
     </span>
     <span class='ocr_line' id='line_1_30' title="bbox 211 1870 1028 1925; baseline 0.005 -14"><span class='ocrx_word' id='word_1_146' title='bbox 211 1870 412 1912; x_wconf 77' lang='lat' dir='ltr'>Ezechiel</span> <span class='ocrx_word' id='word_1_147' title='bbox 460 1871 632 1923; x_wconf 90' lang='lat' dir='ltr'>fatetur)</span> <span class='ocrx_word' id='word_1_148' title='bbox 681 1877 809 1925; x_wconf 89' lang='lat' dir='ltr'>porta</span> <span class='ocrx_word' id='word_1_149' title='bbox 853 1875 1028 1915; x_wconf 88' lang='lat' dir='ltr'>omnino</span> 
     </span>
     <span class='ocr_line' id='line_1_31' title="bbox 211 1926 1027 1971; baseline 0.005 -4"><span class='ocrx_word' id='word_1_150' title='bbox 211 1926 368 1968; x_wconf 85' lang='lat' dir='ltr'>clausa.</span> <span class='ocrx_word' id='word_1_151' title='bbox 421 1927 547 1969; x_wconf 87' lang='lat' dir='ltr'>Unde</span> <span class='ocrx_word' id='word_1_152' title='bbox 584 1929 752 1970; x_wconf 88' lang='lat' dir='ltr'>canitur</span> <span class='ocrx_word' id='word_1_153' title='bbox 785 1929 829 1969; x_wconf 90' lang='lat' dir='ltr'>in</span> <span class='ocrx_word' id='word_1_154' title='bbox 863 1929 1027 1971; x_wconf 90' lang='lat' dir='ltr'>eisdem</span> 
     </span>
     <span class='ocr_line' id='line_1_32' title="bbox 212 1982 1028 2035; baseline 0.006 -13"><span class='ocrx_word' id='word_1_155' title='bbox 212 1982 401 2024; x_wconf 91' lang='lat' dir='ltr'>Canticis</span> <span class='ocrx_word' id='word_1_156' title='bbox 426 1983 480 2025; x_wconf 90' lang='lat' dir='ltr'>de</span> <span class='ocrx_word' id='word_1_157' title='bbox 503 1997 569 2025; x_wconf 88' lang='lat' dir='ltr'>ea:</span> <span class='ocrx_word' id='word_1_158' title='bbox 596 1985 763 2026; x_wconf 91' lang='lat' dir='ltr'>Hortus</span> <span class='ocrx_word' id='word_1_159' title='bbox 786 1985 1028 2035; x_wconf 83' lang='lat' dir='ltr'>conclusus,</span> 
     </span>
     <span class='ocr_line' id='line_1_33' title="bbox 212 2037 1028 2095; baseline 0.007 -17"><span class='ocrx_word' id='word_1_160' title='bbox 212 2037 308 2078; x_wconf 90' lang='lat' dir='ltr'>fons</span> <span class='ocrx_word' id='word_1_161' title='bbox 334 2039 541 2089; x_wconf 71' lang='lat' dir='ltr'>signatus,</span> <span class='ocrx_word' id='word_1_162' title='bbox 569 2041 822 2083; x_wconf 82' lang='lat' dir='ltr'>emissiones</span> <span class='ocrx_word' id='word_1_163' title='bbox 845 2046 933 2083; x_wconf 88' lang='lat' dir='ltr'>tuae</span> <span class='ocrx_word' id='word_1_164' title='bbox 955 2055 1028 2095; x_wconf 86' lang='lat' dir='ltr'>pa-</span> 
     </span>
     <span class='ocr_line' id='line_1_34' title="bbox 211 2094 1029 2148; baseline 0.007 -14"><span class='ocrx_word' id='word_1_165' title='bbox 211 2094 391 2135; x_wconf 91' lang='lat' dir='ltr'>radisus.</span> <span class='ocrx_word' id='word_1_166' title='bbox 438 2096 554 2138; x_wconf 88' lang='lat' dir='ltr'>Vere</span> <span class='ocrx_word' id='word_1_167' title='bbox 582 2096 734 2139; x_wconf 90' lang='lat' dir='ltr'>hortus</span> <span class='ocrx_word' id='word_1_168' title='bbox 767 2098 1029 2148; x_wconf 89' lang='lat' dir='ltr'>deliciarum,</span> 
     </span>
     <span class='ocr_line' id='line_1_35' title="bbox 212 2149 1028 2202; baseline 0.007 -12"><span class='ocrx_word' id='word_1_169' title='bbox 212 2149 255 2190; x_wconf 91' lang='lat' dir='ltr'>in</span> <span class='ocrx_word' id='word_1_170' title='bbox 284 2162 370 2202; x_wconf 92' lang='lat' dir='ltr'>quo</span> <span class='ocrx_word' id='word_1_171' title='bbox 403 2152 572 2193; x_wconf 86' lang='lat' dir='ltr'>consita</span> <span class='ocrx_word' id='word_1_172' title='bbox 597 2158 696 2195; x_wconf 87' lang='lat' dir='ltr'>sunt</span> <span class='ocrx_word' id='word_1_173' title='bbox 727 2154 927 2196; x_wconf 88' lang='lat' dir='ltr'>universa</span> <span class='ocrx_word' id='word_1_174' title='bbox 954 2155 1028 2196; x_wconf 94' lang='lat' dir='ltr'>flo-</span> 
     </span>
     <span class='ocr_line' id='line_1_36' title="bbox 212 2208 1030 2257; baseline 0.009 -11"><span class='ocrx_word' id='word_1_175' title='bbox 212 2218 307 2247; x_wconf 92' lang='lat' dir='ltr'>rum</span> <span class='ocrx_word' id='word_1_176' title='bbox 331 2208 504 2257; x_wconf 87' lang='lat' dir='ltr'>genera,</span> <span class='ocrx_word' id='word_1_177' title='bbox 529 2213 572 2249; x_wconf 91' lang='lat' dir='ltr'>et</span> <span class='ocrx_word' id='word_1_178' title='bbox 596 2208 877 2252; x_wconf 85' lang='lat' dir='ltr'>odoramenta</span> <span class='ocrx_word' id='word_1_179' title='bbox 900 2211 1030 2253; x_wconf 78' lang='lat' dir='ltr'>virtu-</span> 
     </span>
     <span class='ocr_line' id='line_1_37' title="bbox 211 2263 1031 2315; baseline 0.009 -13"><span class='ocrx_word' id='word_1_180' title='bbox 211 2267 320 2303; x_wconf 92' lang='lat' dir='ltr'>tum:</span> <span class='ocrx_word' id='word_1_181' title='bbox 348 2263 497 2315; x_wconf 88' lang='lat' dir='ltr'>sieque</span> <span class='ocrx_word' id='word_1_182' title='bbox 522 2265 768 2315; x_wconf 80' lang='lat' dir='ltr'>conclusus,</span> <span class='ocrx_word' id='word_1_183' title='bbox 795 2271 843 2308; x_wconf 91' lang='lat' dir='ltr'>ut</span> <span class='ocrx_word' id='word_1_184' title='bbox 868 2267 1031 2308; x_wconf 89' lang='lat' dir='ltr'>nesciat</span> 
     </span>
     <span class='ocr_line' id='line_1_38' title="bbox 212 2317 1030 2374; baseline 0.007 -16"><span class='ocrx_word' id='word_1_185' title='bbox 212 2317 380 2368; x_wconf 89' lang='lat' dir='ltr'>violari,</span> <span class='ocrx_word' id='word_1_186' title='bbox 405 2331 545 2371; x_wconf 91' lang='lat' dir='ltr'>neque</span> <span class='ocrx_word' id='word_1_187' title='bbox 569 2322 790 2374; x_wconf 83' lang='lat' dir='ltr'>eorrumpi</span> <span class='ocrx_word' id='word_1_188' title='bbox 811 2322 909 2363; x_wconf 91' lang='lat' dir='ltr'>ullis</span> <span class='ocrx_word' id='word_1_189' title='bbox 932 2323 1030 2364; x_wconf 90' lang='lat' dir='ltr'>insi-</span> 
     </span>
     <span class='ocr_line' id='line_1_39' title="bbox 212 2372 1029 2431; baseline 0.009 -17"><span class='ocrx_word' id='word_1_190' title='bbox 212 2372 379 2415; x_wconf 89' lang='lat' dir='ltr'>diarum</span> <span class='ocrx_word' id='word_1_191' title='bbox 397 2374 633 2417; x_wconf 83' lang='lat' dir='ltr'>fraudibus.</span> <span class='ocrx_word' id='word_1_192' title='bbox 670 2377 785 2418; x_wconf 88' lang='lat' dir='ltr'>Fons</span> <span class='ocrx_word' id='word_1_193' title='bbox 809 2381 955 2431; x_wconf 88' lang='lat' dir='ltr'>itaque</span> <span class='ocrx_word' id='word_1_194' title='bbox 977 2379 1029 2420; x_wconf 89' lang='lat' dir='ltr'>si-</span> 
     </span>
     <span class='ocr_line' id='line_1_40' title="bbox 211 2430 933 2481; baseline 0.008 -11"><span class='ocrx_word' id='word_1_195' title='bbox 211 2431 366 2480; x_wconf 89' lang='lat' dir='ltr'>gnatus</span> <span class='ocrx_word' id='word_1_196' title='bbox 386 2430 526 2481; x_wconf 86' lang='lat' dir='ltr'>sigillo</span> <span class='ocrx_word' id='word_1_197' title='bbox 545 2435 678 2473; x_wconf 88' lang='lat' dir='ltr'>totius</span> <span class='ocrx_word' id='word_1_198' title='bbox 698 2433 933 2476; x_wconf 87' lang='lat' dir='ltr'>Trinitatis.</span> 
     </span>
    </p>

    <p class='ocr_par' dir='ltr' id='par_1_5' title="bbox 210 2482 1030 2765">
     <span class='ocr_line' id='line_1_41' title="bbox 267 2482 1029 2540; baseline 0.009 -14"><span class='ocrx_word' id='word_1_199' title='bbox 267 2482 314 2532; x_wconf 67' lang='lat' dir='ltr'>Re-</span> <span class='ocrx_word' id='word_1_200' title='bbox 339 2486 458 2527; x_wconf 94' lang='lat' dir='ltr'>Nihil</span> <span class='ocrx_word' id='word_1_201' title='bbox 483 2487 754 2540; x_wconf 91' lang='lat' dir='ltr'>inquinatum</span> <span class='ocrx_word' id='word_1_202' title='bbox 781 2490 823 2530; x_wconf 94' lang='lat' dir='ltr'>in</span> <span class='ocrx_word' id='word_1_203' title='bbox 852 2503 947 2532; x_wconf 91' lang='lat' dir='ltr'>eam</span> <span class='ocrx_word' id='word_1_204' title='bbox 970 2491 1029 2532; x_wconf 91' lang='lat' dir='ltr'>in-</span> 
     </span>
     <span class='ocr_line' id='line_1_42' title="bbox 212 2541 1030 2590; baseline 0.009 -8"><span class='ocrx_word' id='word_1_205' title='bbox 212 2543 361 2583; x_wconf 79' lang='lat' dir='ltr'>currit:</span> <span class='ocrx_word' id='word_1_206' title='bbox 377 2541 398 2562; x_wconf 82' lang='lat'>*</span> <span class='ocrx_word' id='word_1_207' title='bbox 411 2543 584 2585; x_wconf 88' lang='lat' dir='ltr'>Candor</span> <span class='ocrx_word' id='word_1_208' title='bbox 598 2550 663 2586; x_wconf 89' lang='lat' dir='ltr'>est</span> <span class='ocrx_word' id='word_1_209' title='bbox 676 2544 783 2586; x_wconf 91' lang='lat' dir='ltr'>lucis</span> <span class='ocrx_word' id='word_1_210' title='bbox 798 2548 972 2588; x_wconf 85' lang='lat' dir='ltr'>aeternae</span> <span class='ocrx_word' id='word_1_211' title='bbox 987 2553 1030 2590; x_wconf 88' lang='lat' dir='ltr'>et</span> 
     </span>
     <span class='ocr_line' id='line_1_43' title="bbox 211 2593 1030 2650; baseline 0.009 -12"><span class='ocrx_word' id='word_1_212' title='bbox 211 2598 435 2650; x_wconf 90' lang='lat' dir='ltr'>speculum</span> <span class='ocrx_word' id='word_1_213' title='bbox 450 2599 541 2641; x_wconf 91' lang='lat' dir='ltr'>sine</span> <span class='ocrx_word' id='word_1_214' title='bbox 556 2601 736 2642; x_wconf 89' lang='lat' dir='ltr'>macula.</span> <span class='ocrx_word' id='word_1_215' title='bbox 758 2593 804 2643; x_wconf 69' lang='lat' dir='ltr'>V.</span> <span class='ocrx_word' id='word_1_216' title='bbox 825 2602 903 2643; x_wconf 89' lang='lat' dir='ltr'>Est</span> <span class='ocrx_word' id='word_1_217' title='bbox 917 2604 1030 2645; x_wconf 90' lang='lat' dir='ltr'>enim</span> 
     </span>
     <span class='ocr_line' id='line_1_44' title="bbox 211 2653 1028 2707; baseline 0.007 -13"><span class='ocrx_word' id='word_1_218' title='bbox 211 2653 306 2695; x_wconf 89' lang='lat' dir='ltr'>haec</span> <span class='ocrx_word' id='word_1_219' title='bbox 334 2655 573 2707; x_wconf 85' lang='lat' dir='ltr'>speciosior</span> <span class='ocrx_word' id='word_1_220' title='bbox 601 2656 709 2706; x_wconf 88' lang='lat' dir='ltr'>sole,</span> <span class='ocrx_word' id='word_1_221' title='bbox 738 2663 780 2698; x_wconf 90' lang='lat' dir='ltr'>et</span> <span class='ocrx_word' id='word_1_222' title='bbox 806 2658 889 2699; x_wconf 92' lang='lat' dir='ltr'>luci</span> <span class='ocrx_word' id='word_1_223' title='bbox 916 2672 1028 2700; x_wconf 92' lang='lat' dir='ltr'>com-</span> 
     </span>
     <span class='ocr_line' id='line_1_45' title="bbox 210 2712 988 2765; baseline 0.008 -15"><span class='ocrx_word' id='word_1_224' title='bbox 210 2712 362 2761; x_wconf 87' lang='lat' dir='ltr'>parata</span> <span class='ocrx_word' id='word_1_225' title='bbox 381 2712 595 2753; x_wconf 89' lang='lat' dir='ltr'>invenitur</span> <span class='ocrx_word' id='word_1_226' title='bbox 614 2713 775 2765; x_wconf 86' lang='lat' dir='ltr'>purior.</span> <span class='ocrx_word' id='word_1_227' title='bbox 804 2715 988 2756; x_wconf 91' lang='lat' dir='ltr'>Candor.</span> 
     </span>
    </p>
   </div>
   <div class='ocr_carea' id='block_1_3' title="bbox 912 207 1506 250">
    <p class='ocr_par' dir='ltr' id='par_1_6' title="bbox 912 207 1506 250">
     <span class='ocr_line' id='line_1_46' title="bbox 912 207 1506 250; baseline -0.002 -9"><span class='ocrx_word' id='word_1_228' title='bbox 912 208 1100 241; x_wconf 72' lang='lat' dir='ltr'>immacul.</span> <span class='ocrx_word' id='word_1_229' title='bbox 1127 208 1305 250; x_wconf 77' lang='lat' dir='ltr'>Concept.</span> <span class='ocrx_word' id='word_1_230' title='bbox 1331 208 1371 241; x_wconf 85' lang='lat' dir='ltr'>B.</span> <span class='ocrx_word' id='word_1_231' title='bbox 1396 207 1441 240; x_wconf 80' lang='lat' dir='ltr'>M.</span> <span class='ocrx_word' id='word_1_232' title='bbox 1466 207 1506 240; x_wconf 69' lang='lat' dir='ltr'>V.</span> 
     </span>
    </p>
   </div>
   <div class='ocr_carea' id='block_1_4' title="bbox 1174 301 1904 455">
    <p class='ocr_par' dir='ltr' id='par_1_7' title="bbox 1174 301 1904 455">
     <span class='ocr_line' id='line_1_47' title="bbox 1389 301 1611 342; baseline 0 -1"><span class='ocrx_word' id='word_1_233' title='bbox 1389 302 1538 342; x_wconf 86' lang='lat' dir='ltr'>Lectio</span> <span class='ocrx_word' id='word_1_234' title='bbox 1560 301 1611 341; x_wconf 83' lang='lat' dir='ltr'>vi.</span> 
     </span>
     <span class='ocr_line' id='line_1_48' title="bbox 1249 357 1751 401; baseline 0 -10"><span class='ocrx_word' id='word_1_235' title='bbox 1249 357 1304 391; x_wconf 80' lang='lat' dir='ltr'>Ex</span> <span class='ocrx_word' id='word_1_236' title='bbox 1330 358 1437 392; x_wconf 83' lang='lat' dir='ltr'>Actis</span> <span class='ocrx_word' id='word_1_237' title='bbox 1462 357 1521 391; x_wconf 87' lang='lat' dir='ltr'>Pii</span> <span class='ocrx_word' id='word_1_238' title='bbox 1547 357 1662 401; x_wconf 82' lang='lat' dir='ltr'>Papae</span> <span class='ocrx_word' id='word_1_239' title='bbox 1686 358 1751 391; x_wconf 88' lang='lat' dir='ltr'>IX.</span> 
     </span>
     <span class='ocr_line' id='line_1_49' title="bbox 1174 404 1904 455; baseline 0.004 -10"><span class='ocrx_word' id='word_1_240' title='bbox 1174 404 1336 455; x_wconf 88' lang='lat' dir='ltr'>eiparae</span> <span class='ocrx_word' id='word_1_241' title='bbox 1367 407 1512 445; x_wconf 89' lang='lat' dir='ltr'>autem</span> <span class='ocrx_word' id='word_1_242' title='bbox 1538 404 1730 455; x_wconf 82' lang='lat' dir='ltr'>Virginis</span> <span class='ocrx_word' id='word_1_243' title='bbox 1755 405 1799 447; x_wconf 91' lang='lat' dir='ltr'>in</span> <span class='ocrx_word' id='word_1_244' title='bbox 1826 419 1904 448; x_wconf 90' lang='lat' dir='ltr'>sua</span> 
     </span>
    </p>
   </div>
   <div class='ocr_carea' id='block_1_5' title="bbox 1187 459 1968 512">
    <p class='ocr_par' dir='ltr' id='par_1_8' title="bbox 1187 459 1968 512">
     <span class='ocr_line' id='line_1_50' title="bbox 1187 459 1968 512; baseline 0.006 -12"><span class='ocrx_word' id='word_1_245' title='bbox 1187 459 1487 512; x_wconf 89' lang='lat' dir='ltr'>Conceptione</span> <span class='ocrx_word' id='word_1_246' title='bbox 1508 460 1563 502; x_wconf 89' lang='lat' dir='ltr'>de</span> <span class='ocrx_word' id='word_1_247' title='bbox 1586 462 1809 504; x_wconf 90' lang='lat' dir='ltr'>teterrimo</span> <span class='ocrx_word' id='word_1_248' title='bbox 1828 462 1903 504; x_wconf 89' lang='lat' dir='ltr'>hu·</span> <span class='ocrx_word' id='word_1_249' title='bbox 1963 505 1968 511; x_wconf 72' lang='grc'>,</span> 
     </span>
    </p>
   </div>
   <div class='ocr_carea' id='block_1_6' title="bbox 1081 515 1907 2774">
    <p class='ocr_par' dir='ltr' id='par_1_9' title="bbox 1082 515 1907 2088">
     <span class='ocr_line' id='line_1_51' title="bbox 1085 515 1903 570; baseline 0.007 -15"><span class='ocrx_word' id='word_1_250' title='bbox 1085 515 1200 555; x_wconf 92' lang='lat' dir='ltr'>mani</span> <span class='ocrx_word' id='word_1_251' title='bbox 1256 516 1426 567; x_wconf 90' lang='lat' dir='ltr'>generis</span> <span class='ocrx_word' id='word_1_252' title='bbox 1479 515 1606 559; x_wconf 89' lang='lat' dir='ltr'>hoste</span> <span class='ocrx_word' id='word_1_253' title='bbox 1662 517 1903 570; x_wconf 88' lang='lat' dir='ltr'>victoriam,</span> 
     </span>
     <span class='ocr_line' id='line_1_52' title="bbox 1087 571 1905 625; baseline 0.006 -14"><span class='ocrx_word' id='word_1_254' title='bbox 1087 583 1217 623; x_wconf 92' lang='lat' dir='ltr'>quam</span> <span class='ocrx_word' id='word_1_255' title='bbox 1251 571 1396 613; x_wconf 90' lang='lat' dir='ltr'>divina</span> <span class='ocrx_word' id='word_1_256' title='bbox 1431 572 1622 625; x_wconf 89' lang='lat' dir='ltr'>eloquia,</span> <span class='ocrx_word' id='word_1_257' title='bbox 1657 574 1905 616; x_wconf 86' lang='lat' dir='ltr'>veneranda</span> 
     </span>
     <span class='ocr_line' id='line_1_53' title="bbox 1085 626 1904 681; baseline 0.006 -13"><span class='ocrx_word' id='word_1_258' title='bbox 1085 626 1279 678; x_wconf 88' lang='lat' dir='ltr'>traditio,</span> <span class='ocrx_word' id='word_1_259' title='bbox 1309 630 1548 681; x_wconf 89' lang='lat' dir='ltr'>perpetuus</span> <span class='ocrx_word' id='word_1_260' title='bbox 1575 629 1784 672; x_wconf 81' lang='lat' dir='ltr'>Ecclesiae</span> <span class='ocrx_word' id='word_1_261' title='bbox 1811 643 1904 673; x_wconf 87' lang='lat' dir='ltr'>sen-</span> 
     </span>
     <span class='ocr_line' id='line_1_54' title="bbox 1085 684 1906 739; baseline 0.006 -15"><span class='ocrx_word' id='word_1_262' title='bbox 1085 696 1182 733; x_wconf 91' lang='lat' dir='ltr'>sus,</span> <span class='ocrx_word' id='word_1_263' title='bbox 1230 684 1457 736; x_wconf 87' lang='lat' dir='ltr'>singularis</span> <span class='ocrx_word' id='word_1_264' title='bbox 1502 685 1811 739; x_wconf 90' lang='lat' dir='ltr'>episcoporum</span> <span class='ocrx_word' id='word_1_265' title='bbox 1853 700 1906 729; x_wconf 89' lang='grc'>30</span> 
     </span>
     <span class='ocr_line' id='line_1_55' title="bbox 1085 739 1904 796; baseline 0.005 -15"><span class='ocrx_word' id='word_1_266' title='bbox 1085 739 1278 781; x_wconf 89' lang='lat' dir='ltr'>fidelium</span> <span class='ocrx_word' id='word_1_267' title='bbox 1298 742 1574 794; x_wconf 77' lang='lat' dir='ltr'>conspiratio,</span> <span class='ocrx_word' id='word_1_268' title='bbox 1598 742 1782 794; x_wconf 90' lang='lat' dir='ltr'>insignia</span> <span class='ocrx_word' id='word_1_269' title='bbox 1801 756 1904 796; x_wconf 93' lang='lat' dir='ltr'>quo-</span> 
     </span>
     <span class='ocr_line' id='line_1_56' title="bbox 1087 798 1906 848; baseline 0.005 -10"><span class='ocrx_word' id='word_1_270' title='bbox 1087 809 1170 848; x_wconf 90' lang='lat' dir='ltr'>que</span> <span class='ocrx_word' id='word_1_271' title='bbox 1211 800 1477 839; x_wconf 89' lang='lat' dir='ltr'>summorum</span> <span class='ocrx_word' id='word_1_272' title='bbox 1511 798 1772 840; x_wconf 88' lang='lat' dir='ltr'>Pontificum</span> <span class='ocrx_word' id='word_1_273' title='bbox 1808 805 1906 842; x_wconf 87' lang='grc'>3013</span> 
     </span>
     <span class='ocr_line' id='line_1_57' title="bbox 1085 855 1906 908; baseline 0.005 -14"><span class='ocrx_word' id='word_1_274' title='bbox 1085 857 1215 905; x_wconf 87' lang='lat' dir='ltr'>atque</span> <span class='ocrx_word' id='word_1_275' title='bbox 1249 855 1582 896; x_wconf 89' lang='lat' dir='ltr'>constitutiones</span> <span class='ocrx_word' id='word_1_276' title='bbox 1614 855 1795 898; x_wconf 89' lang='lat' dir='ltr'>mirifice</span> <span class='ocrx_word' id='word_1_277' title='bbox 1822 856 1906 908; x_wconf 89' lang='lat' dir='ltr'>jam</span> 
     </span>
     <span class='ocr_line' id='line_1_58' title="bbox 1084 908 1905 960; baseline 0.006 -11"><span class='ocrx_word' id='word_1_278' title='bbox 1084 908 1376 960; x_wconf 78' lang='lat' dir='ltr'>illustrabant,</span> <span class='ocrx_word' id='word_1_279' title='bbox 1405 911 1510 952; x_wconf 93' lang='lat' dir='ltr'>Pius</span> <span class='ocrx_word' id='word_1_280' title='bbox 1536 924 1676 952; x_wconf 92' lang='lat' dir='ltr'>nonus</span> <span class='ocrx_word' id='word_1_281' title='bbox 1704 911 1905 954; x_wconf 84' lang='lat' dir='ltr'>Pontifex</span> 
     </span>
     <span class='ocr_line' id='line_1_59' title="bbox 1084 964 1904 1010; baseline 0.006 -5"><span class='ocrx_word' id='word_1_282' title='bbox 1084 964 1297 1007; x_wconf 80' lang='lat' dir='ltr'>Maximus</span> <span class='ocrx_word' id='word_1_283' title='bbox 1317 969 1450 1009; x_wconf 87' lang='lat' dir='ltr'>totius</span> <span class='ocrx_word' id='word_1_284' title='bbox 1470 967 1680 1009; x_wconf 77' lang='lat' dir='ltr'>Ecclesiae</span> <span class='ocrx_word' id='word_1_285' title='bbox 1699 968 1814 1010; x_wconf 88' lang='lat' dir='ltr'>votis</span> <span class='ocrx_word' id='word_1_286' title='bbox 1834 970 1904 1010; x_wconf 89' lang='lat' dir='ltr'>an-</span> 
     </span>
     <span class='ocr_line' id='line_1_60' title="bbox 1085 1023 1905 1077; baseline 0.006 -16"><span class='ocrx_word' id='word_1_287' title='bbox 1085 1034 1222 1063; x_wconf 92' lang='lat' dir='ltr'>nuens</span> <span class='ocrx_word' id='word_1_288' title='bbox 1249 1023 1401 1065; x_wconf 90' lang='lat' dir='ltr'>statuit</span> <span class='ocrx_word' id='word_1_289' title='bbox 1432 1026 1636 1076; x_wconf 89' lang='lat' dir='ltr'>supremo</span> <span class='ocrx_word' id='word_1_290' title='bbox 1665 1037 1744 1066; x_wconf 92' lang='lat' dir='ltr'>suo</span> <span class='ocrx_word' id='word_1_291' title='bbox 1773 1029 1905 1077; x_wconf 88' lang='lat' dir='ltr'>atque</span> 
     </span>
     <span class='ocr_line' id='line_1_61' title="bbox 1085 1077 1905 1134; baseline 0.005 -16"><span class='ocrx_word' id='word_1_292' title='bbox 1085 1077 1297 1120; x_wconf 87' lang='lat' dir='ltr'>infallibili</span> <span class='ocrx_word' id='word_1_293' title='bbox 1325 1080 1503 1122; x_wconf 89' lang='lat' dir='ltr'>oraculo</span> <span class='ocrx_word' id='word_1_294' title='bbox 1531 1080 1783 1122; x_wconf 90' lang='lat' dir='ltr'>solemniter</span> <span class='ocrx_word' id='word_1_295' title='bbox 1807 1093 1905 1134; x_wconf 92' lang='lat' dir='ltr'>pro-</span> 
     </span>
     <span class='ocr_line' id='line_1_62' title="bbox 1084 1134 1904 1188; baseline 0.005 -13"><span class='ocrx_word' id='word_1_296' title='bbox 1084 1134 1283 1177; x_wconf 88' lang='lat' dir='ltr'>clamare.</span> <span class='ocrx_word' id='word_1_297' title='bbox 1334 1136 1489 1188; x_wconf 84' lang='lat' dir='ltr'>Itaque</span> <span class='ocrx_word' id='word_1_298' title='bbox 1524 1141 1650 1178; x_wconf 85' lang='lat' dir='ltr'>sexto</span> <span class='ocrx_word' id='word_1_299' title='bbox 1683 1136 1788 1178; x_wconf 90' lang='lat' dir='ltr'>Idus</span> <span class='ocrx_word' id='word_1_300' title='bbox 1819 1137 1904 1179; x_wconf 92' lang='lat' dir='ltr'>De-</span> 
     </span>
     <span class='ocr_line' id='line_1_63' title="bbox 1084 1190 1904 1244; baseline 0.005 -13"><span class='ocrx_word' id='word_1_301' title='bbox 1084 1190 1269 1232; x_wconf 89' lang='lat' dir='ltr'>cembris</span> <span class='ocrx_word' id='word_1_302' title='bbox 1305 1193 1405 1233; x_wconf 91' lang='lat' dir='ltr'>anni</span> <span class='ocrx_word' id='word_1_303' title='bbox 1436 1193 1652 1234; x_wconf 77' lang='lat' dir='ltr'>millesimi</span> <span class='ocrx_word' id='word_1_304' title='bbox 1686 1193 1904 1244; x_wconf 89' lang='lat' dir='ltr'>octingen-</span> 
     </span>
     <span class='ocr_line' id='line_1_64' title="bbox 1083 1247 1905 1301; baseline 0.005 -14"><span class='ocrx_word' id='word_1_305' title='bbox 1083 1247 1226 1288; x_wconf 91' lang='lat' dir='ltr'>tesimi</span> <span class='ocrx_word' id='word_1_306' title='bbox 1275 1249 1622 1301; x_wconf 79' lang='lat' dir='ltr'>quinquagesimi</span> <span class='ocrx_word' id='word_1_307' title='bbox 1671 1250 1815 1301; x_wconf 85' lang='lat' dir='ltr'>quarti</span> <span class='ocrx_word' id='word_1_308' title='bbox 1861 1249 1905 1291; x_wconf 93' lang='lat' dir='ltr'>in</span> 
     </span>
     <span class='ocr_line' id='line_1_65' title="bbox 1083 1303 1904 1357; baseline 0.005 -13"><span class='ocrx_word' id='word_1_309' title='bbox 1083 1303 1263 1345; x_wconf 86' lang='lat' dir='ltr'>basilica</span> <span class='ocrx_word' id='word_1_310' title='bbox 1295 1305 1511 1347; x_wconf 87' lang='lat' dir='ltr'>Vaticana</span> <span class='ocrx_word' id='word_1_311' title='bbox 1544 1306 1707 1357; x_wconf 81' lang='lat' dir='ltr'>ingenti</span> <span class='ocrx_word' id='word_1_312' title='bbox 1741 1310 1904 1348; x_wconf 88' lang='lat' dir='ltr'>sanetae</span> 
     </span>
     <span class='ocr_line' id='line_1_66' title="bbox 1083 1359 1905 1415; baseline 0.006 -15"><span class='ocrx_word' id='word_1_313' title='bbox 1083 1359 1294 1402; x_wconf 87' lang='lat' dir='ltr'>Romanae</span> <span class='ocrx_word' id='word_1_314' title='bbox 1319 1361 1528 1404; x_wconf 74' lang='lat' dir='ltr'>Ecclesiae</span> <span class='ocrx_word' id='word_1_315' title='bbox 1555 1367 1730 1415; x_wconf 87' lang='lat' dir='ltr'>patrum</span> <span class='ocrx_word' id='word_1_316' title='bbox 1759 1362 1905 1404; x_wconf 90' lang='lat' dir='ltr'>Cardi-</span> 
     </span>
     <span class='ocr_line' id='line_1_67' title="bbox 1082 1416 1905 1472; baseline 0.006 -16"><span class='ocrx_word' id='word_1_317' title='bbox 1082 1416 1253 1467; x_wconf 87' lang='lat' dir='ltr'>nalium,</span> <span class='ocrx_word' id='word_1_318' title='bbox 1273 1422 1317 1459; x_wconf 89' lang='lat' dir='ltr'>et</span> <span class='ocrx_word' id='word_1_319' title='bbox 1329 1418 1651 1472; x_wconf 90' lang='lat' dir='ltr'>Episcoporum</span> <span class='ocrx_word' id='word_1_320' title='bbox 1669 1431 1723 1461; x_wconf 86' lang='lat' dir='ltr'>ex</span> <span class='ocrx_word' id='word_1_321' title='bbox 1743 1418 1905 1461; x_wconf 88' lang='lat' dir='ltr'>dissitis</span> 
     </span>
     <span class='ocr_line' id='line_1_68' title="bbox 1084 1472 1907 1526; baseline 0.007 -14"><span class='ocrx_word' id='word_1_322' title='bbox 1084 1472 1214 1513; x_wconf 90' lang='lat' dir='ltr'>etiam</span> <span class='ocrx_word' id='word_1_323' title='bbox 1229 1473 1478 1525; x_wconf 89' lang='lat' dir='ltr'>regionibus</span> <span class='ocrx_word' id='word_1_324' title='bbox 1493 1478 1663 1518; x_wconf 87' lang='lat' dir='ltr'>astante</span> <span class='ocrx_word' id='word_1_325' title='bbox 1678 1481 1807 1526; x_wconf 88' lang='lat' dir='ltr'>coetu,</span> <span class='ocrx_word' id='word_1_326' title='bbox 1823 1476 1907 1517; x_wconf 90' lang='lat' dir='ltr'>uni·</span> 
     </span>
     <span class='ocr_line' id='line_1_69' title="bbox 1083 1530 1904 1583; baseline 0.004 -14"><span class='ocrx_word' id='word_1_327' title='bbox 1083 1532 1299 1581; x_wconf 90' lang='lat' dir='ltr'>versoque</span> <span class='ocrx_word' id='word_1_328' title='bbox 1320 1530 1554 1583; x_wconf 90' lang='lat' dir='ltr'>plaudente</span> <span class='ocrx_word' id='word_1_329' title='bbox 1578 1531 1684 1574; x_wconf 93' lang='lat' dir='ltr'>orbe</span> <span class='ocrx_word' id='word_1_330' title='bbox 1708 1532 1904 1574; x_wconf 89' lang='lat' dir='ltr'>solemni-</span> 
     </span>
     <span class='ocr_line' id='line_1_70' title="bbox 1083 1587 1904 1638; baseline 0.006 -13"><span class='ocrx_word' id='word_1_331' title='bbox 1083 1589 1150 1626; x_wconf 88' lang='lat' dir='ltr'>ter</span> <span class='ocrx_word' id='word_1_332' title='bbox 1176 1587 1473 1638; x_wconf 89' lang='lat' dir='ltr'>pronuntiavit</span> <span class='ocrx_word' id='word_1_333' title='bbox 1500 1601 1552 1630; x_wconf 94' lang='lat' dir='ltr'>ac</span> <span class='ocrx_word' id='word_1_334' title='bbox 1580 1588 1790 1631; x_wconf 88' lang='lat' dir='ltr'>definivit:</span> <span class='ocrx_word' id='word_1_335' title='bbox 1816 1589 1904 1630; x_wconf 94' lang='lat' dir='ltr'>Do-</span> 
     </span>
     <span class='ocr_line' id='line_1_71' title="bbox 1084 1643 1905 1694; baseline 0.006 -13"><span class='ocrx_word' id='word_1_336' title='bbox 1084 1643 1266 1683; x_wconf 87' lang='lat' dir='ltr'>ctrinam</span> <span class='ocrx_word' id='word_1_337' title='bbox 1307 1656 1405 1694; x_wconf 86' lang='lat' dir='ltr'>quae</span> <span class='ocrx_word' id='word_1_338' title='bbox 1449 1649 1567 1686; x_wconf 89' lang='lat' dir='ltr'>tenet</span> <span class='ocrx_word' id='word_1_339' title='bbox 1610 1644 1905 1687; x_wconf 89' lang='lat' dir='ltr'>beatissimam</span> 
     </span>
     <span class='ocr_line' id='line_1_72' title="bbox 1085 1697 1905 1753; baseline 0.006 -15"><span class='ocrx_word' id='word_1_340' title='bbox 1085 1697 1308 1748; x_wconf 86' lang='lat' dir='ltr'>Virginem</span> <span class='ocrx_word' id='word_1_341' title='bbox 1320 1699 1501 1741; x_wconf 88' lang='lat' dir='ltr'>Mariam</span> <span class='ocrx_word' id='word_1_342' title='bbox 1514 1701 1558 1742; x_wconf 91' lang='lat' dir='ltr'>in</span> <span class='ocrx_word' id='word_1_343' title='bbox 1572 1700 1714 1753; x_wconf 88' lang='lat' dir='ltr'>primo</span> <span class='ocrx_word' id='word_1_344' title='bbox 1727 1701 1905 1743; x_wconf 88' lang='lat' dir='ltr'>instanti</span> 
     </span>
     <span class='ocr_line' id='line_1_73' title="bbox 1085 1754 1905 1809; baseline 0.006 -16"><span class='ocrx_word' id='word_1_345' title='bbox 1085 1765 1175 1795; x_wconf 86' lang='lat' dir='ltr'>suae</span> <span class='ocrx_word' id='word_1_346' title='bbox 1195 1754 1502 1808; x_wconf 89' lang='lat' dir='ltr'>Conceptionis</span> <span class='ocrx_word' id='word_1_347' title='bbox 1525 1757 1674 1807; x_wconf 88' lang='lat' dir='ltr'>fuisse,</span> <span class='ocrx_word' id='word_1_348' title='bbox 1698 1757 1905 1809; x_wconf 81' lang='lat' dir='ltr'>singulari</span> 
     </span>
     <span class='ocr_line' id='line_1_74' title="bbox 1083 1809 1904 1864; baseline 0.006 -14"><span class='ocrx_word' id='word_1_349' title='bbox 1083 1809 1167 1851; x_wconf 88' lang='lat' dir='ltr'>Dei</span> <span class='ocrx_word' id='word_1_350' title='bbox 1191 1811 1433 1863; x_wconf 70' lang='lat' dir='ltr'>privilegio,</span> <span class='ocrx_word' id='word_1_351' title='bbox 1463 1812 1519 1855; x_wconf 85' lang='lat' dir='ltr'>ab</span> <span class='ocrx_word' id='word_1_352' title='bbox 1543 1813 1661 1854; x_wconf 91' lang='lat' dir='ltr'>omni</span> <span class='ocrx_word' id='word_1_353' title='bbox 1683 1813 1904 1864; x_wconf 86' lang='lat' dir='ltr'>originalis</span> 
     </span>
     <span class='ocr_line' id='line_1_75' title="bbox 1085 1866 1905 1921; baseline 0.005 -14"><span class='ocrx_word' id='word_1_354' title='bbox 1085 1866 1225 1918; x_wconf 85' lang='lat' dir='ltr'>culpae</span> <span class='ocrx_word' id='word_1_355' title='bbox 1248 1867 1347 1910; x_wconf 87' lang='lat' dir='ltr'>labe</span> <span class='ocrx_word' id='word_1_356' title='bbox 1369 1872 1682 1921; x_wconf 87' lang='lat' dir='ltr'>praeservatam</span> <span class='ocrx_word' id='word_1_357' title='bbox 1704 1870 1905 1920; x_wconf 80' lang='lat' dir='ltr'>imunem,</span> 
     </span>
     <span class='ocr_line' id='line_1_76' title="bbox 1085 1923 1906 1979; baseline 0.005 -16"><span class='ocrx_word' id='word_1_358' title='bbox 1085 1934 1180 1964; x_wconf 89' lang='lat' dir='ltr'>esse</span> <span class='ocrx_word' id='word_1_359' title='bbox 1203 1936 1229 1964; x_wconf 85' lang='lat' dir='ltr'>a</span> <span class='ocrx_word' id='word_1_360' title='bbox 1246 1923 1342 1966; x_wconf 90' lang='lat' dir='ltr'>Deo</span> <span class='ocrx_word' id='word_1_361' title='bbox 1366 1925 1619 1976; x_wconf 87' lang='lat' dir='ltr'>revelatam,</span> <span class='ocrx_word' id='word_1_362' title='bbox 1645 1938 1696 1967; x_wconf 90' lang='grc'>30</span> <span class='ocrx_word' id='word_1_363' title='bbox 1719 1925 1906 1979; x_wconf 87' lang='lat' dir='ltr'>proinde</span> 
     </span>
     <span class='ocr_line' id='line_1_77' title="bbox 1084 1978 1903 2024; baseline 0.006 -5"><span class='ocrx_word' id='word_1_364' title='bbox 1084 1978 1139 2020; x_wconf 90' lang='lat' dir='ltr'>ab</span> <span class='ocrx_word' id='word_1_365' title='bbox 1163 1980 1363 2022; x_wconf 88' lang='lat' dir='ltr'>omnibus</span> <span class='ocrx_word' id='word_1_366' title='bbox 1382 1981 1583 2023; x_wconf 89' lang='lat' dir='ltr'>fidelibus</span> <span class='ocrx_word' id='word_1_367' title='bbox 1603 1981 1785 2024; x_wconf 87' lang='lat' dir='ltr'>firmiter</span> <span class='ocrx_word' id='word_1_368' title='bbox 1805 1995 1903 2024; x_wconf 89' lang='lat' dir='ltr'>con-</span> 
     </span>
     <span class='ocr_line' id='line_1_78' title="bbox 1084 2037 1626 2088; baseline 0.007 -12"><span class='ocrx_word' id='word_1_369' title='bbox 1084 2038 1334 2088; x_wconf 87' lang='lat' dir='ltr'>stanterque</span> <span class='ocrx_word' id='word_1_370' title='bbox 1353 2037 1626 2080; x_wconf 87' lang='lat' dir='ltr'>credendam.</span> 
     </span>
    </p>

    <p class='ocr_par' dir='ltr' id='par_1_10' title="bbox 1082 2092 1904 2530">
     <span class='ocr_line' id='line_1_79' title="bbox 1135 2092 1904 2148; baseline 0.004 -15"><span class='ocrx_word' id='word_1_371' title='bbox 1135 2092 1184 2143; x_wconf 67' lang='lat' dir='ltr'>Rz.</span> <span class='ocrx_word' id='word_1_372' title='bbox 1210 2092 1388 2144; x_wconf 92' lang='lat' dir='ltr'>Signum</span> <span class='ocrx_word' id='word_1_373' title='bbox 1410 2107 1614 2146; x_wconf 90' lang='lat' dir='ltr'>magnum</span> <span class='ocrx_word' id='word_1_374' title='bbox 1637 2095 1842 2148; x_wconf 90' lang='lat' dir='ltr'>apparuit</span> <span class='ocrx_word' id='word_1_375' title='bbox 1860 2095 1904 2135; x_wconf 91' lang='grc'>111</span> 
     </span>
     <span class='ocr_line' id='line_1_80' title="bbox 1083 2147 1904 2201; baseline 0.004 -12"><span class='ocrx_word' id='word_1_376' title='bbox 1083 2147 1213 2190; x_wconf 90' lang='lat' dir='ltr'>coelo:</span> <span class='ocrx_word' id='word_1_377' title='bbox 1241 2149 1396 2191; x_wconf 81' lang='lat' dir='ltr'>Mulier</span> <span class='ocrx_word' id='word_1_378' title='bbox 1421 2153 1580 2193; x_wconf 85' lang='lat' dir='ltr'>amicta</span> <span class='ocrx_word' id='word_1_379' title='bbox 1602 2150 1709 2201; x_wconf 88' lang='lat' dir='ltr'>sole,</span> <span class='ocrx_word' id='word_1_380' title='bbox 1736 2155 1781 2192; x_wconf 92' lang='lat' dir='ltr'>et</span> <span class='ocrx_word' id='word_1_381' title='bbox 1802 2151 1904 2192; x_wconf 91' lang='lat' dir='ltr'>luna</span> 
     </span>
     <span class='ocr_line' id='line_1_81' title="bbox 1083 2203 1903 2260; baseline 0.005 -16"><span class='ocrx_word' id='word_1_382' title='bbox 1083 2203 1164 2245; x_wconf 90' lang='lat' dir='ltr'>sub</span> <span class='ocrx_word' id='word_1_383' title='bbox 1191 2204 1377 2257; x_wconf 91' lang='lat' dir='ltr'>pedibus</span> <span class='ocrx_word' id='word_1_384' title='bbox 1406 2207 1515 2258; x_wconf 89' lang='lat' dir='ltr'>ejus:</span> <span class='ocrx_word' id='word_1_385' title='bbox 1541 2206 1564 2230; x_wconf 87' lang='lat'>*</span> <span class='ocrx_word' id='word_1_386' title='bbox 1596 2207 1654 2248; x_wconf 92' lang='lat' dir='ltr'>Et</span> <span class='ocrx_word' id='word_1_387' title='bbox 1683 2207 1727 2247; x_wconf 91' lang='lat' dir='ltr'>in</span> <span class='ocrx_word' id='word_1_388' title='bbox 1759 2207 1903 2260; x_wconf 89' lang='lat' dir='ltr'>capite</span> 
     </span>
     <span class='ocr_line' id='line_1_82' title="bbox 1084 2260 1904 2311; baseline 0.004 -11"><span class='ocrx_word' id='word_1_389' title='bbox 1084 2260 1173 2311; x_wconf 90' lang='lat' dir='ltr'>ejus</span> <span class='ocrx_word' id='word_1_390' title='bbox 1206 2263 1367 2308; x_wconf 75' lang='lat' dir='ltr'>corena</span> <span class='ocrx_word' id='word_1_391' title='bbox 1403 2262 1627 2305; x_wconf 85' lang='lat' dir='ltr'>stellarum</span> <span class='ocrx_word' id='word_1_392' title='bbox 1660 2262 1904 2305; x_wconf 90' lang='lat' dir='ltr'>duodecim.</span> 
     </span>
     <span class='ocr_line' id='line_1_83' title="bbox 1082 2313 1903 2362; baseline 0.005 -6"><span class='ocrx_word' id='word_1_393' title='bbox 1082 2313 1131 2362; x_wconf 71' lang='lat' dir='ltr'>V.</span> <span class='ocrx_word' id='word_1_394' title='bbox 1154 2315 1302 2358; x_wconf 91' lang='lat' dir='ltr'>Induit</span> <span class='ocrx_word' id='word_1_395' title='bbox 1325 2330 1422 2359; x_wconf 89' lang='lat' dir='ltr'>eam</span> <span class='ocrx_word' id='word_1_396' title='bbox 1438 2319 1652 2360; x_wconf 85' lang='lat' dir='ltr'>Dominus</span> <span class='ocrx_word' id='word_1_397' title='bbox 1675 2319 1903 2360; x_wconf 89' lang='lat' dir='ltr'>vestimen-</span> 
     </span>
     <span class='ocr_line' id='line_1_84' title="bbox 1082 2372 1904 2427; baseline 0.005 -14"><span class='ocrx_word' id='word_1_398' title='bbox 1082 2372 1137 2413; x_wconf 86' lang='lat' dir='ltr'>tis</span> <span class='ocrx_word' id='word_1_399' title='bbox 1165 2372 1333 2423; x_wconf 82' lang='lat' dir='ltr'>salutis‚</span> <span class='ocrx_word' id='word_1_400' title='bbox 1361 2373 1613 2417; x_wconf 87' lang='lat' dir='ltr'>indumento</span> <span class='ocrx_word' id='word_1_401' title='bbox 1641 2375 1833 2427; x_wconf 82' lang='lat' dir='ltr'>justitiae,</span> <span class='ocrx_word' id='word_1_402' title='bbox 1862 2380 1904 2416; x_wconf 90' lang='lat' dir='ltr'>et</span> 
     </span>
     <span class='ocr_line' id='line_1_85' title="bbox 1084 2429 1903 2482; baseline 0.004 -13"><span class='ocrx_word' id='word_1_403' title='bbox 1084 2429 1206 2480; x_wconf 91' lang='lat' dir='ltr'>quasi</span> <span class='ocrx_word' id='word_1_404' title='bbox 1232 2442 1438 2482; x_wconf 89' lang='lat' dir='ltr'>sponsam</span> <span class='ocrx_word' id='word_1_405' title='bbox 1461 2431 1632 2473; x_wconf 90' lang='lat' dir='ltr'>ornavit</span> <span class='ocrx_word' id='word_1_406' title='bbox 1653 2445 1749 2473; x_wconf 91' lang='lat' dir='ltr'>eam</span> <span class='ocrx_word' id='word_1_407' title='bbox 1768 2433 1903 2474; x_wconf 90' lang='lat' dir='ltr'>moni-</span> 
     </span>
     <span class='ocr_line' id='line_1_86' title="bbox 1082 2484 1813 2530; baseline 0.005 -5"><span class='ocrx_word' id='word_1_408' title='bbox 1082 2484 1195 2526; x_wconf 88' lang='lat' dir='ltr'>libus</span> <span class='ocrx_word' id='word_1_409' title='bbox 1215 2486 1314 2527; x_wconf 89' lang='lat' dir='ltr'>suis.</span> <span class='ocrx_word' id='word_1_410' title='bbox 1342 2486 1399 2528; x_wconf 86' lang='lat' dir='ltr'>Et</span> <span class='ocrx_word' id='word_1_411' title='bbox 1416 2487 1469 2528; x_wconf 91' lang='lat' dir='ltr'>in.</span> <span class='ocrx_word' id='word_1_412' title='bbox 1494 2487 1658 2529; x_wconf 90' lang='lat' dir='ltr'>Gloria.</span> <span class='ocrx_word' id='word_1_413' title='bbox 1685 2488 1741 2530; x_wconf 88' lang='lat' dir='ltr'>Et</span> <span class='ocrx_word' id='word_1_414' title='bbox 1758 2489 1813 2530; x_wconf 93' lang='lat' dir='ltr'>in.</span> 
     </span>
    </p>

    <p class='ocr_par' dir='ltr' id='par_1_11' title="bbox 1299 2549 1674 2589">
     <span class='ocr_line' id='line_1_87' title="bbox 1299 2549 1674 2589; baseline 0.003 -1"><span class='ocrx_word' id='word_1_415' title='bbox 1299 2549 1346 2588; x_wconf 89' lang='lat' dir='ltr'>In</span> <span class='ocrx_word' id='word_1_416' title='bbox 1365 2549 1434 2589; x_wconf 94' lang='lat' dir='ltr'>III.</span> <span class='ocrx_word' id='word_1_417' title='bbox 1455 2549 1674 2589; x_wconf 82' lang='lat' dir='ltr'>Nocturno.</span> 
     </span>
    </p>

    <p class='ocr_par' dir='ltr' id='par_1_12' title="bbox 1081 2605 1901 2774">
     <span class='ocr_line' id='line_1_88' title="bbox 1132 2605 1897 2660; baseline 0.008 -16"><span class='ocrx_word' id='word_1_418' title='bbox 1132 2605 1228 2645; x_wconf 91' lang='lat' dir='ltr'>Ant.</span> <span class='ocrx_word' id='word_1_419' title='bbox 1252 2605 1544 2648; x_wconf 87' lang='lat' dir='ltr'>Sanctimonia</span> <span class='ocrx_word' id='word_1_420' title='bbox 1564 2614 1607 2650; x_wconf 91' lang='lat' dir='ltr'>et</span> <span class='ocrx_word' id='word_1_421' title='bbox 1626 2609 1897 2660; x_wconf 87' lang='lat' dir='ltr'>magnificen-</span> 
     </span>
     <span class='ocr_line' id='line_1_89' title="bbox 1081 2661 1901 2716; baseline 0.009 -15"><span class='ocrx_word' id='word_1_422' title='bbox 1081 2661 1141 2702; x_wconf 91' lang='lat' dir='ltr'>tia</span> <span class='ocrx_word' id='word_1_423' title='bbox 1155 2661 1235 2701; x_wconf 85' lang='lat' dir='ltr'>*in</span> <span class='ocrx_word' id='word_1_424' title='bbox 1251 2661 1545 2715; x_wconf 91' lang='lat' dir='ltr'>Conceptione</span> <span class='ocrx_word' id='word_1_425' title='bbox 1561 2665 1667 2716; x_wconf 82' lang='lat' dir='ltr'>ejus3</span> <span class='ocrx_word' id='word_1_426' title='bbox 1682 2666 1901 2708; x_wconf 77' lang='lat' dir='ltr'>anuntiate</span> 
     </span>
     <span class='ocr_line' id='line_1_90' title="bbox 1082 2717 1855 2774; baseline 0.006 -17"><span class='ocrx_word' id='word_1_427' title='bbox 1082 2718 1123 2757; x_wconf 93' lang='lat' dir='ltr'>in</span> <span class='ocrx_word' id='word_1_428' title='bbox 1143 2717 1342 2759; x_wconf 90' lang='lat' dir='ltr'>omnibus</span> <span class='ocrx_word' id='word_1_429' title='bbox 1361 2720 1535 2772; x_wconf 89' lang='lat' dir='ltr'>populis</span> <span class='ocrx_word' id='word_1_430' title='bbox 1552 2721 1736 2772; x_wconf 87' lang='lat' dir='ltr'>gloriam</span> <span class='ocrx_word' id='word_1_431' title='bbox 1753 2722 1855 2774; x_wconf 88' lang='lat' dir='ltr'>ejus.</span> 
     </span>
    </p>
   </div>
  </div>
 </body>
</html>
