2080 2990
593 230 769 264 Officium
794 231 967 264 votivum
993 230 1039 263 de
1064 230 1214 263 Sanctis
1242 231 1411 270 Angelis.

152 338 250 375 suo,
269 326 293 351 *
314 326 389 377 qui
418 337 507 366 non
535 324 624 376 egit
653 324 804 366 dolum
831 326 875 366 in
902 325 979 366 lin-

151 394 237 433 gua
255 394 348 422 sua:

163 459 167 464 1
202 437 298 479 Nec
317 437 421 478 fecit
439 436 643 488 preximo
663 449 743 477 suo
764 437 938 486 malum,
956 438 979 463 *

152 499 197 536 et
217 493 507 546 oppr6brium
525 505 613 534 non
637 493 809 545 accepit
828 492 978 534 adver-

153 563 226 591 sus
245 549 472 602 preximos
491 561 606 589 suos.

203 605 277 646 Ad
294 604 477 646 nihilum
496 603 713 645 deductus
735 609 802 645 est
821 604 865 644 in
880 617 980 645 con-

153 663 309 714 spectu
341 661 432 712 ejus
463 659 697 711 malignus:
724 662 748 687 *
775 661 980 703 timentes

153 722 300 758 autem
317 716 557 757 Dominum
575 716 809 766 glorificat:

206 772 291 822 Qui
316 773 429 824 jurat
455 772 659 824 preximo
689 784 788 822 suo,
820 777 865 814 et
891 784 981 813 non

155 828 332 880 decipit,
350 829 375 855 *
395 828 469 879 qui
492 827 725 879 pecliniam
748 841 873 868 suam
893 841 981 869 non

154 883 277 925 dedit
296 883 353 924 ad
371 887 560 933 usuram,
583 887 628 924 et
646 886 829 924 munera
848 897 981 935 super

153 940 430 981 innocentem
447 951 535 980 non
554 939 739 991 accepit:

206 995 291 1045 Qui
314 995 420 1036 facit
444 994 557 1045 haec,
576 996 600 1021 *
619 1008 707 1037 non
731 995 981 1037 movebitur

153 1051 198 1092 in
217 1053 440 1093 aeternum.

201 1112 298 1151 Ant.
367 1106 623 1149 Benedicite
674 1108 818 1149 Deum
870 1109 981 1159 coeli,

153 1161 263 1203 dixit
286 1162 482 1213 Angelus
510 1163 728 1215 Raphael,
760 1169 803 1205 et
833 1177 982 1205 coram

153 1217 354 1259 omnibus
372 1218 619 1260 viventibus
645 1219 912 1260 confitemini
932 1220 981 1269 ei,

153 1274 256 1324 quia
273 1273 378 1315 fecit
392 1273 622 1316 vobiscum
635 1275 982 1317 misericordiam

152 1342 286 1370 suam.

200 1383 250 1434 V.
297 1385 427 1427 Stetit
466 1386 663 1437 Angelus
703 1388 822 1439 juxta
862 1400 982 1428 aram

151 1441 315 1506 templi.
342 1443 394 1494 R.
419 1441 600 1484 Habens
619 1442 890 1484 thuribulum
909 1447 981 1485 au-

151 1508 274 1538 reum
292 1511 337 1538 m
354 1510 485 1539 manu
505 1511 594 1540 sua.

148 1558 176 1583 f
201 1558 406 1593 Lectiones
438 1558 484 1593 de
515 1558 713 1601 Scriptura
743 1563 976 1592 occurrente.

200 1611 251 1662 R.
264 1610 294 1650 i.
319 1610 453 1651 Venit
472 1609 659 1651 Michael
678 1610 980 1662 Archangelus

152 1676 252 1705 cum
282 1664 559 1707 multitudine
590 1666 877 1717 Angelorum,
912 1667 982 1708 cui

150 1719 334 1762 tradidit
352 1721 474 1762 Deus
494 1722 661 1763 animas
680 1725 941 1773 sanctorum,
956 1726 975 1746 ‘¹

150 1775 211 1817 Ut
233 1775 449 1828 perducat
475 1790 549 1819 eas
573 1778 618 1818 in
635 1777 890 1830 paradisum
910 1792 980 1820 ex-

151 1831 408 1873 sultationis
432 1826 482 1877 V.
503 1833 666 1875 Emitte
682 1835 870 1876 Demine
885 1836 978 1887 Spi-

150 1887 282 1928 ritum
301 1892 499 1929 sanctum
516 1894 640 1930 tuum
660 1889 716 1931 de
735 1890 876 1940 coelis,
895 1893 979 1943 spi-

150 1942 282 1983 ritum
305 1943 531 1995 sapientiae
555 1949 599 1986 et
620 1945 879 1987 intellectus.
911 1947 980 1988 Ut.

203 2001 252 2052 Rv.
269 2001 306 2040 ii.
328 1999 576 2051 Respondit
585 2000 781 2051 Angelus
792 2002 980 2052 Demini‚

152 2060 196 2097 et
215 2055 338 2097 dixit:
357 2056 545 2097 Domine
565 2059 847 2108 exercituum,
860 2060 881 2081 *
900 2058 979 2100 Us-

153 2123 329 2163 quequo
348 2117 396 2153 tu
413 2125 503 2153 non
515 2112 793 2154 misereberis
807 2114 832 2154 J
834 2117 977 2155 erusa-

151 2166 238 2208 lem
257 2172 302 2209 et
319 2167 492 2210 urbium
510 2169 535 2209 J
536 2168 639 2217 uda,
666 2168 823 2220 quibus
841 2170 979 2211 iratus

153 2221 223 2264 es?
272 2217 322 2267 V.
358 2224 448 2265 Iste
485 2225 599 2266 enim
631 2225 980 2278 septuagesimus

152 2291 289 2320 annus
309 2285 386 2321 est.
415 2280 669 2333 Usquequo.

202 2336 253 2386 R.
272 2335 326 2374 iii.
350 2336 401 2376 In
420 2339 661 2389 conspectu
680 2337 886 2378 Gentium
904 2350 978 2378 no-

152 2390 227 2432 lite
253 2391 422 2433 timere:
450 2405 531 2434 vos
560 2393 675 2434 enim
701 2393 745 2433 in
772 2392 979 2434 cordibus

153 2447 309 2488 vestris
347 2447 530 2490 adorate
571 2455 615 2491 et
649 2450 800 2490 timete
831 2449 979 2489 Demi-

151 2515 273 2543 num:
300 2504 321 2527 *
351 2504 546 2555 Angelus
574 2506 688 2546 enim
717 2506 807 2556 ejus
835 2504 978 2545 vobis-

154 2570 253 2598 cum
285 2565 362 2601 est.
401 2552 451 2602 Ys-
485 2560 616 2602 Stetit
638 2560 834 2611 Angelus
861 2561 981 2611 juxta

154 2626 275 2654 aram
303 2615 473 2667 templi,
509 2616 676 2658 habens
710 2615 980 2658 thuribulum

153 2672 334 2710 aureum
348 2671 392 2711 in
404 2684 536 2713 manu
551 2685 640 2714 sua.
659 2672 866 2724 Angelus.
889 2670 982 2712 Gle

153 2725 218 2766 ria
235 2725 364 2768 Patri.
391 2727 599 2778 Angelus.

1764 231 1862 274 [201]

1256 330 1305 367 In
1333 330 1383 368 ΙΙ.
1413 331 1634 369 Nocturno.

1085 384 1185 424 Ant.
1213 382 1425 424 Ascendit
1443 383 1598 424 fumus.

1306 441 1503 480 Psalmus
1532 442 1589 479 18.

1039 534 1146 555 ὁ
1245 497 1451 536 enarrant
1468 494 1653 545 gloriam
1666 494 1760 543 Dei,
1774 496 1798 521 *
1820 501 1863 535 et

1039 586 1051 607 ¹.
1060 546 1145 608 {4:352}
1165 553 1300 603 opera
1315 552 1524 591 manuum
1535 551 1626 601 ejus
1637 549 1863 590 annuntiat

1041 600 1137 630 *³⁸:⁴2²
1163 607 1496 647 firmamentum.

1084 662 1191 703 Dies
1225 662 1311 703 diei
1344 665 1513 702 eructat
1543 660 1740 710 verbum,
1768 661 1791 686 *
1820 666 1863 702 et

1033 731 1123 759 nox
1141 718 1261 759 nocti
1279 716 1443 758 indicat
1464 717 1698 759 scientiam.

1085 774 1189 815 Non
1207 778 1306 814 sunt
1324 772 1526 824 loquelae,
1545 785 1687 823 neque
1703 775 1863 813 sermo-

1033 842 1127 879 nes,
1155 830 1179 854 *
1208 842 1395 880 quorum
1422 841 1510 870 non
1533 827 1764 869 audiantur
1791 841 1863 869 vo-

1035 898 1108 926 ces
1136 887 1298 926 eerum.
1639 888 1641 890 '

1086 942 1137 981 In
1166 952 1338 981 omnem
1369 945 1531 981 terram
1565 937 1698 979 exivit
1731 951 1864 978 sonus

1035 999 1205 1038 eerum:
1238 997 1262 1022 *
1296 1001 1340 1037 et
1372 996 1415 1035 in
1450 995 1559 1036 fines
1588 994 1708 1036 orbis
1735 999 1865 1035 terrae

1034 1052 1170 1094 verba
1198 1054 1360 1093 eorum.

1086 1109 1138 1148 In
1163 1107 1257 1148 sole
1276 1107 1425 1159 posuit
1447 1105 1779 1148 tabernaculum
1798 1118 1864 1146 su-

1034 1177 1124 1204 um:
1157 1164 1181 1189 *
1216 1168 1259 1204 et
1292 1163 1387 1215 ipse
1419 1168 1644 1212 tamquam
1676 1174 1865 1213 sponsus

1034 1218 1281 1272 procedens
1302 1218 1356 1259 de
1375 1217 1569 1259 thalamo
1591 1230 1687 1258 suo:

1086 1279 1334 1322 Exsultavit
1366 1284 1414 1320 ut
1446 1278 1568 1328 gigas
1603 1276 1659 1318 ad
1694 1279 1864 1318 curren-

1036 1335 1137 1384 dam
1157 1336 1282 1385 viam,
1301 1335 1325 1360 *
1345 1348 1370 1375 a
1389 1346 1558 1375 summo
1584 1332 1697 1374 coelo
1723 1334 1865 1383 egres-

1035 1391 1100 1432 sio
1129 1392 1238 1443 ejus:

1086 1447 1143 1488 Et
1163 1450 1372 1488 occursus
1398 1446 1488 1497 ejus
1514 1457 1653 1496 usque
1676 1444 1733 1485 ad
1752 1458 1864 1485 sum—

1033 1516 1152 1543 mum
1172 1503 1277 1554 ejus:
1295 1502 1318 1527 *
1337 1514 1418 1542 nec
1438 1506 1505 1542 est
1525 1500 1599 1552 qui
1618 1513 1664 1541 se
1683 1500 1864 1541 abscon-

1035 1558 1111 1600 dat
1130 1571 1155 1599 a
1175 1558 1321 1599 calore
1346 1558 1448 1609 ejus.

1085 1614 1179 1654 Lex
1200 1613 1288 1654 Dni
1307 1612 1586 1653 immaculata
1605 1613 1864 1653 convertens

1035 1670 1214 1710 animas:
1237 1670 1261 1694 *
1284 1668 1581 1710 testimonium
1608 1667 1695 1707 Dni
1722 1666 1863 1716 fidele,

1034 1725 1293 1777 sapientiam
1311 1729 1526 1776 praestans
1547 1723 1754 1775 parvulis.

1084 1781 1109 1821 J
1111 1781 1271 1822 ustitiae
1288 1780 1464 1821 Demini
1481 1784 1625 1828 rectae,
1639 1778 1861 1819 laetifican-

1032 1842 1100 1878 tes
1138 1836 1289 1877 corda:
1322 1838 1346 1863 *
1380 1837 1653 1887 praeeeptum
1684 1834 1862 1875 Demini

1032 1891 1241 1933 lucidum:
1267 1892 1513 1932 illuminans
1542 1890 1706 1931 Oculos.

1084 1948 1236 1988 Timor
1263 1947 1441 1989 Demini
1469 1951 1660 1995 sanetus,
1693 1947 1860 1997 perma-

1033 2017 1140 2045 nens
1167 2004 1210 2043 in
1238 2003 1447 2044 saeculum
1474 2002 1637 2043 saeculi:
1657 2002 1679 2027 *
1704 2000 1861 2050 judicia

1033 2060 1119 2101 Dfii
1138 2072 1255 2109 vera,
1276 2058 1508 2111 justificata
1525 2058 1569 2098 in
1589 2059 1836 2108 semetipsa.

1085 2114 1406 2156 Desiderabilia
1447 2126 1580 2166 super
1620 2126 1773 2154 aurum
1819 2118 1862 2153 et

1031 2171 1226 2224 lapidem
1260 2171 1503 2223 pretiosum
1534 2169 1732 2210 multum:
1763 2169 1786 2194 *
1818 2173 1862 2209 et

1034 2227 1231 2269 dulciera
1250 2239 1382 2279 super
1399 2226 1486 2267 mel
1506 2230 1549 2267 et
1568 2225 1725 2266 favum.

1084 2283 1257 2324 Etenim
1276 2294 1428 2323 servus
1454 2286 1555 2322 tuus
1580 2279 1772 2322 custedit
1798 2291 1859 2328 ea,

1032 2341 1056 2366 *
1095 2339 1139 2378 in
1177 2336 1476 2379 custodiendis
1513 2337 1598 2377 illis
1630 2334 1859 2376 retributio

1031 2394 1178 2435 multa.

1083 2449 1257 2490 Delicta
1281 2449 1377 2500 quis
1396 2446 1616 2497 intelligit?
1642 2446 1696 2487 ab
1717 2444 1859 2486 occul-

1031 2505 1087 2546 tis
1105 2505 1214 2546 meis
1231 2503 1395 2545 munda
1412 2516 1497 2544 me:
1515 2504 1538 2528 *
1559 2507 1602 2543 et
1627 2501 1682 2543 ab
1709 2500 1859 2542 alienis

1031 2573 1164 2613 parce
1184 2573 1312 2602 servo
1331 2565 1420 2601 tuo.

1083 2617 1129 2658 Si
1144 2616 1230 2657 mei
1243 2629 1332 2657 non
1347 2614 1505 2655 fuerint
1520 2612 1741 2660 dominati,
1755 2617 1859 2652 tunc

1031 2671 1335 2713 immaculatus
1360 2683 1452 2711 ero:
1471 2669 1494 2695 *
1519 2674 1563 2710 et
1588 2665 1859 2709 emundabor

1033 2741 1059 2769 a
1077 2727 1240 2770 delicto
1258 2726 1461 2768 maximo.
