2040 2990
659 244 728 278 Dic
753 246 811 277 ἑ·’»().
836 244 933 277 Nor.
981 245 1015 277 S.
1043 243 1207 276 Andre-tc
1236 243 1425 285 Apostoli.

410 344 531 382 1n.11.
556 343 778 382 Nocturno.

237 407 271 445 A
279 411 335 445 nt.
358 405 547 456 Dignum
566 403 650 445 sibi
665 403 880 445 Deminus
895 415 1010 444 com·

184 462 356 514 putavit
387 462 641 513 Martyrem‚
675 473 805 512 quem
836 459 1011 501 vocavit

183 518 467 571 Ap6stolum‚
486 517 591 559 dum
611 522 727 559 esset
746 517 789 557 in
808 516 933 566 mari,
953 515 1010 556 al-

182 574 322 627 leluja.

447 623 644 662 psalmus
673 624 739 661 4⁴5.

445 676 1009 787 95335213125255311232

315 792 627 834 exsultatienis.

235 850 452 901 Queniam
467 849 680 890 Deminus
701 847 911 897 excelsus,
926 851 1009 888 ter-

183 907 336 949 ribilis:
346 907 369 932 *
380 907 478 948 Rex
493 919 676 958 magnus
688 917 819 958 super
835 917 1010 945 omnem

185 970 357 1006 terram.

236 1020 428 1072 Subiecit
443 1019 633 1073 po'pulos
648 1018 790 1060 nobis:
804 1018 886 1059 *et
897 1017 1009 1058 Gen-

183 1085 250 1119 tes
270 1077 351 1118 sub
371 1075 558 1129 pedibus
577 1076 749 1117 nostris.

234 1134 378 1185 Elegit
395 1133 524 1175 nobis
546 1132 849 1174 haereditatem
873 1142 1011 1171 suam:

183 1192 207 1217 *
227 1191 420 1243 speciem
439 1190 587 1240 Jacob,
608 1203 739 1242 quam
758 1187 921 1230 dilexit.

235 1246 448 1289 Ascendit
461 1248 584 1289 Deus
603 1248 645 1288 in
661 1245 809 1298 jubilo:
827 1245 850 1271 *
867 1248 910 1286 et
923 1244 1010 1285 Do-

182 1305 325 1346 minus
344 1305 388 1345 in
407 1317 517 1346 voce
537 1303 666 1346 tubae.

233 1361 413 1403 Psallite
441 1361 538 1402 Deo
566 1366 735 1410 nostro,
769 1357 959 1412 psallite:
987 1358 1011 1384 *

184 1418 358 1471 psallite
386 1418 498 1469 Regi
526 1423 688 1467 nostro,
716 1415 903 1469 psallite.

237 1475 453 1525 Queniam
464 1475 561 1516 Rex
578 1474 719 1515 omnis
734 1478 864 1514 terrae
876 1472 1011 1513 Deus:

183 1532 206 1557 *
236 1531 410 1584 psallite
439 1531 670 1584 sapienter.

235 1587 454 1639 Regnabit
477 1588 598 1629 Deus
623 1600 756 1640 super
782 1586 962 1627 Gentes:
988 1585 1011 1610 *

183 1645 304 1686 Deus
332 1644 457 1686 sedet
483 1658 614 1697 super
639 1643 790 1686 sedem
816 1646 1011 1684 sanctam

184 1714 318 1743 suam.

234 1758 460 1811 Principes
478 1757 747 1811 populerum
761 1755 1012 1807 congregati

184 1821 284 1857 sunt
317 1829 415 1857 cum
448 1816 545 1856 Deo
578 1813 818 1856 Abraham:
850 1815 874 1841 *
908 1814 1011 1866 que-

184 1873 300 1914 niam
325 1872 383 1914 dii
408 1872 543 1914 fortes
566 1876 707 1921 terrae,
731 1870 1013 1912 vehementer

186 1929 343 1971 elevati
372 1934 482 1971 sunt.

234 1987 333 2027 Ant.
355 1986 545 2036 Dignum
566 1985 648 2027 sibi
663 1985 878 2026 Deminus
897 1996 1011 2025 com-

185 2042 358 2094 putavit
391 2042 642 2095 Martyrem‚
676 2055 806 2094 quem
838 2040 1013 2082 vocavit

185 2098 470 2151 Apostolum,
511 2098 616 2141 dum
657 2105 773 2141 esset
813 2099 857 2139 in
891 2097 1012 2147 mari,

185 2154 367 2207 allehija.

239 2214 336 2252 Ant.
367 2212 530 2254 Dilexit
548 2213 771 2255 Andream
797 2211 1011 2254 Dominus

186 2268 228 2309 in
246 2267 430 2310 oderem
449 2269 688 2311 suavitatis.

448 2325 643 2365 I’salmus
673 2327 744 2364 (30.

183 2377 402 2482 Exaudi
421 2381 541 2423 Deus
558 2381 914 2434 deprecatienem
932 2395 1013 2425 me·

289 2451 375 2479 am:
403 2440 427 2465 *
454 2438 630 2479 intende
660 2439 845 2480 oratieni
872 2452 993 2481 meae.

239 2496 279 2535 A
306 2494 464 2536 finibus
496 2499 625 2536 terrae
654 2494 710 2535 ad
736 2500 780 2536 te
813 2495 1012 2537 clamavi:

187 2554 210 2578 ²⁸¹
245 2550 348 2592 dum
381 2551 629 2592 anxiaretur
662 2564 739 2592 cor
772 2565 933 2602 meum,
968 2553 1010 2593 in

185 2612 310 2661 petra
338 2607 539 2649 exaltasti
566 2620 647 2648 me.

237 2663 468 2705 Deduxisti
483 2677 563 2714 me,
582 2664 682 2716 quja
696 2664 835 2705 factus
847 2677 894 2705 es
910 2677 1011 2717 spes

186 2734 299 2762 mea:
327 2723 350 2748 *
382 2721 511 2761 turris
544 2720 809 2762 fortitudinis
843 2734 868 2762 a
900 2720 1011 2762 facie

186 2790 356 2818 immlcl.

1113 340 1374 383 Inhabitabo
1409 342 1453 382 in
1488 341 1772 384 tabernaculo
1808 346 1885 384 tuo

1060 398 1103 439 in
1120 398 1296 439 saecula:
1316 400 1339 425 *
1356 400 1564 451 pretegar
1580 398 1624 439 in
1639 398 1886 440 velamento

1062 454 1229 496 alarum
1255 457 1439 496 tuarum.

1114 511 1329 562 Queniam
1361 516 1410 553 tu
1442 512 1563 553 Deus
1599 523 1723 553 meus
1758 523 1886 553 exau-

1062 567 1163 610 disti
1174 568 1416 610 oratienem
1425 581 1584 610 meam:
1597 570 1621 595 *
1632 567 1792 610 dedisti
1800 566 1886 609 hae-

1062 624 1293 666 reditatem
1308 625 1560 667 timentibus
1579 637 1739 666 nomen
1753 629 1888 666 tuum.

1112 681 1218 723 Dies
1254 694 1386 734 super
1419 681 1512 723 dies
1549 681 1664 732 regis
1697 680 1888 732 adjicies:

1061 739 1085 765 *
1112 751 1249 780 annos
1277 739 1367 790 ejus
1387 751 1526 791 usque
1554 738 1598 779 in
1626 737 1742 779 diem
1761 749 1887 788 gene-

1061 795 1239 836 ratienis
1267 800 1310 836 et
1336 794 1640 845 generatienis.

1111 851 1343 893 Permanet
1381 851 1425 892 in
1461 853 1672 893 aeternum
1708 850 1751 891 in
1788 862 1887 891 con·

1060 909 1216 961 spectu
1254 908 1353 950 Dei:
1396 910 1420 935 *
1460 906 1804 949 misericerdiam
1845 909 1889 948 et

1060 965 1290 1006 veritatem
1317 965 1407 1016 ejus
1436 965 1532 1017 quis
1560 961 1775 1017 requiret?

1112 1021 1184 1063 Sic
1210 1021 1427 1074 psalmum
1455 1020 1597 1063 dicam
1622 1019 1786 1062 nemini
1811 1024 1888 1061 tuo

1061 1078 1104 1119 in
1137 1077 1346 1119 saeculum
1382 1077 1546 1119 saeculi:
1573 1079 1597 1104 *
1624 1081 1672 1118 ut
1707 1075 1889 1118 reddam

1061 1139 1164 1176 vota
1190 1148 1288 1177 mea
1315 1134 1370 1178 de
1399 1134 1469 1176 die
1496 1134 1540 1175 in
1568 1133 1695 1176 diem.

1114 1192 1212 1233 Ant.
1234 1191 1400 1233 Dilexit
1424 1190 1649 1233 Andream
1672 1188 1889 1231 Deminus

1060 1250 1103 1290 in
1132 1249 1315 1291 oderem
1343 1248 1580 1290 suavitatis,

1115 1308 1212 1347 Ant.
1248 1305 1393 1347 Biduo
1420 1305 1572 1346 vivens
1598 1301 1821 1356 pendebat
1846 1302 1889 1344 in

1062 1375 1191 1405 cruce
1214 1361 1371 1405 beatus
1394 1361 1596 1403 Andreas
1619 1373 1702 1414 pro
1726 1359 1889 1401 Christi

1061 1419 1247 1470 nemine,
1267 1423 1311 1461 et
1330 1418 1520 1460 docebat
1539 1416 1761 1471 pepulum.

1332 1475 1531 1515 Psalmus
1554 1475 1618 1514 63.

1062 1526 1277 1632 Exaudi
1313 1532 1435 1574 Deus
1471 1531 1714 1572 oratienem
1746 1542 1889 1571 meam

1158 1602 1257 1632 cum
1286 1588 1513 1641 deprecor:
1540 1588 1563 1613 *
1592 1599 1618 1628 a
1644 1586 1801 1629 timore
1828 1585 1888 1626 in-

1062 1647 1177 1688 im1ci
1197 1658 1317 1698 eripe
1337 1645 1525 1686 animam
1542 1656 1698 1685 meam.

1113 1701 1350 1744 Protexisti
1375 1713 1447 1742 me
1476 1713 1502 1741 a
1529 1701 1747 1742 conventu
1770 1698 1888 1740 mali-

1062 1759 1300 1811 gnantium:
1319 1758 1343 1783 *
1363 1770 1388 1798 a
1410 1756 1687 1798 multitudine
1707 1757 1889 1809 operan—

1062 1816 1170 1857 tium
1188 1814 1472 1868 iniquitatem.

1116 1872 1227 1923 Quia
1246 1871 1512 1913 exacuerunt
1536 1875 1584 1911 ut
1602 1868 1795 1920 gladium
1813 1867 1889 1909 lin-

1064 1942 1171 1980 guas
1212 1941 1326 1970 suas:
1362 1927 1386 1953 *
1421 1925 1700 1981 intenderunt
1741 1937 1889 1966 arcum

1063 1999 1156 2028 rem
1184 1987 1396 2034 amaram,
1430 1988 1478 2024 ut
1510 1985 1717 2034 sagittent
1747 1981 1790 2022 in
1819 1993 1888 2022 oc-

1064 2042 1191 2084 cultis
1218 2039 1555 2083 immaculatum.

1115 2098 1268 2141 Stibito
1294 2095 1561 2148 sagittabunt
1585 2108 1700 2144 eum,
1734 2099 1778 2136 et
1801 2107 1888 2136 non

1063 2154 1296 2197 timebunt:
1324 2154 1346 2179 *
1375 2153 1657 2194 firmaverunt
1689 2150 1771 2193 sibi
1802 2163 1888 2192 ser-

1063 2214 1238 2253 menem
1256 2222 1455 2262 nequam.

1114 2268 1412 2310 Narraverunt
1465 2270 1513 2306 ut
1569 2263 1890 2306 abscenderent

1064 2326 1260 2378 laqueos:
1287 2324 1311 2349 *
1339 2322 1554 2364 dixerunt:
1591 2321 1697 2371 Quis
1724 2319 1890 2362 videbit

1064 2380 1164 2424 eos?

1114 2436 1302 2480 Scrutati
1324 2440 1423 2476 sunt
1446 2434 1711 2486 iniquitates:
1730 2433 1754 2459 *
1774 2432 1889 2475 defe-

1064 2496 1215 2536 cerunt
1234 2494 1478 2534 scrutantes
1498 2490 1717 2532 scrutinio.

1115 2548 1311 2592 Accedet
1337 2547 1469 2590 homo
1498 2546 1555 2589 ad
1583 2559 1659 2588 cor
1687 2545 1837 2587 altum:
1864 2546 1888 2571 *

1064 2613 1108 2649 et
1127 2604 1388 2649 exaltabitur
1406 2604 1538 2645 Deus.

1114 2664 1292 2714 Sagittae
1320 2660 1601 2714 parvulorum
1634 2659 1760 2700 factae
1789 2661 1889 2699 sunt

1062 2720 1204 2774 plagae
1233 2720 1398 2759 eerum:
1416 2717 1439 2742 *
1464 2722 1507 2757 et
1530 2716 1760 2757 infirmatae
1788 2718 1888 2756 sunt

1064 2781 1217 2819 contra
1235 2787 1312 2816 eos
1331 2774 1489 2824 linguae
1509 2774 1671 2814 cerum.
