2040 2990
787 189 826 222 In
851 189 1062 223 Nativitate
1091 190 1254 224 Domini.

161 280 296 321 tione:
326 279 350 305 *
386 278 660 320 adducentur
698 279 741 319 in
779 278 993 331 templum

161 336 305 386 Regis.

212 393 298 433 Pro
326 391 526 444 patribus
554 392 641 433 tuis
668 391 760 432 nati
785 395 887 432 sunt
913 390 992 431 tibi

161 448 251 489 filii:
270 449 294 473 *
314 450 557 490 constitues
581 461 659 489 eos
682 447 904 500 principes
924 460 992 487 su-

161 517 240 557 per
260 517 435 546 omnem
454 509 628 546 terram.

211 561 431 602 Memores
451 565 578 602 erunt
596 560 788 601 nominis
808 559 887 600 tui:
906 559 930 584 *
949 558 992 598 in

160 618 279 658 omni
292 617 576 668 generatione
594 621 637 658 et
653 616 992 667 generationem.

211 674 454 726 Propterea
479 673 635 726 populi
667 671 993 714 confitebuntur

158 730 238 772 tibi
266 730 309 770 in
337 732 564 771 aeternum:
588 730 612 755 *
638 734 682 771 et
708 729 751 769 in
781 727 993 769 saeculum

159 786 319 828 saeculi.

213 855 312 895 Ant.
345 855 511 896 Diffasa
537 860 604 896 est
628 855 770 905 gratia
794 854 839 894 in
864 853 991 894 labiis

158 912 262 961 tuis,
289 914 527 964 propterea
552 911 777 953 benedixit
801 915 846 951 te
869 910 991 951 Deus

158 967 202 1008 in
223 970 446 1009 aeternum.

214 1028 263 1079 Y.
299 1033 545 1085 Tamquam
578 1045 778 1085 sponsus.
819 1036 868 1086 Rg.
903 1031 991 1072 Do-

157 1088 299 1130 minus
324 1089 571 1142 procedens
596 1089 650 1130 de
676 1088 870 1130 thalamo
898 1100 990 1129 suo.

211 1155 339 1195 Pater
361 1159 522 1196 noster.

212 1216 459 1257 Absolutio.
491 1214 663 1255 Exaudi
687 1214 888 1255 Domine.

212 1266 261 1317 Y.
286 1270 398 1311 Jube
429 1270 600 1311 domne.

212 1336 372 1377 Bened.
394 1335 711 1377 Benedictione
729 1336 955 1387 perpetua.

208 1408 305 1441 Tres
336 1411 542 1450 sequentes
567 1406 772 1440 Lectiones
796 1405 910 1440 Isaiae
942 1406 991 1439 lc-

157 1461 298 1498 guntur
322 1455 404 1488 sine
430 1454 551 1488 titulo.

261 1515 414 1555 Lectio
438 1515 461 1554 i.
725 1514 828 1566 Cap.
849 1516 887 1554 9.

164 1598 166 1626 ς
193 1594 233 1625 f
252 1576 380 1616 rimo
425 1578 626 1627 tempore
672 1575 877 1616 alleviata
922 1581 990 1617 est

162 1648 169 1657 -·
198 1648 264 1696 ³4?-
286 1637 403 1672 terra
432 1631 650 1680 Zabulon,
688 1636 732 1672 et
759 1636 877 1672 terra
905 1631 989 1672 Ne-

200 1686 264 1709 „2:2.
286 1687 439 1739 phtali:
482 1693 525 1729 et
562 1687 802 1728 novissimo
838 1700 989 1739 aggra—

155 1745 257 1784 vata
276 1749 343 1785 est
361 1744 431 1785 via
456 1744 590 1785 maris
611 1748 732 1785 trans
749 1744 773 1783 J
777 1743 989 1785 ordanem

157 1799 356 1841 Galilaeae
400 1801 617 1842 Gentium.
677 1800 873 1852 Populus
915 1800 989 1852 qui

156 1855 409 1898 ambulabat
427 1856 470 1896 in
490 1856 698 1905 tenebris,
717 1855 828 1897 vidit
846 1856 989 1897 lucem

156 1924 374 1962 magnam:
404 1912 703 1954 habitantibus
735 1912 779 1953 in
811 1913 989 1964 regione

157 1967 324 2008 umbrae
358 1969 530 2018 mortis,
570 1969 646 2009 lux
683 1974 781 2010 orta
818 1974 885 2010 est
916 1969 989 2011 eis.

157 2023 461 2076 Multiplicasti
488 2029 681 2076 gentem,
716 2030 759 2066 et
786 2038 873 2066 non
901 2038 988 2066 ma-

156 2079 373 2130 gnificasti
387 2080 596 2122 laetitiam.
615 2081 902 2122 Laetabuntur
919 2095 988 2123 co-

158 2148 250 2176 ram
264 2141 320 2185 te,
340 2136 452 2177 sicut
468 2137 541 2188 qui
555 2136 760 2179 laetantur
775 2138 818 2177 in
834 2150 988 2187 messe,

156 2192 268 2234 sicut
288 2192 509 2234 exsaltant
528 2193 717 2234 victores
734 2198 863 2245 capta
878 2207 987 2246 prae-

157 2247 224 2297 da,
245 2248 421 2300 quando
436 2248 638 2290 dividunt
652 2249 805 2301 spolia.
829 2250 989 2300 Jugum

157 2305 271 2345 enim
293 2304 438 2345 oneris
457 2306 558 2356 ejus,
579 2310 622 2345 et
637 2306 804 2355 virgam
819 2305 987 2346 humeri

157 2361 259 2411 ejus,
277 2366 320 2402 et
340 2365 564 2412 sceptrum
579 2362 798 2402 exactoris
814 2362 904 2412 ejus
921 2375 986 2402 su-

156 2417 323 2468 perasti
348 2417 460 2458 sicut
484 2417 526 2457 in
552 2416 623 2458 die
647 2417 834 2458 Madian.
876 2418 987 2466 Quia

156 2473 297 2513 omnis
326 2472 518 2514 violenta
545 2472 762 2525 praedatio
797 2486 895 2513 cum
923 2478 986 2514 tu-

154 2528 305 2577 multu,
320 2533 363 2569 et
378 2529 684 2570 vestimentum
699 2529 876 2569 mistum
892 2531 986 2569 san-

154 2585 299 2634 guine,
319 2584 401 2625 erit
419 2585 462 2624 in
482 2584 847 2633 combustionem,
868 2590 912 2625 et
931 2586 986 2625 ci-

155 2640 237 2681 bus
255 2641 378 2691 ignis.
406 2640 621 2681 Parvulus
640 2640 754 2681 enim
774 2646 902 2681 natus
921 2646 987 2681 est

155 2696 300 2746 nobis,
328 2701 372 2738 et
394 2696 511 2736 filius
531 2695 658 2737 datus
684 2702 750 2738 est
769 2696 914 2744 nobis,
944 2702 987 2738 et

1045 278 1187 320 factus
1207 285 1274 321 est
1293 281 1567 334 principatus
1582 294 1714 334 super
1729 281 1879 324 hame-

1046 347 1142 376 rum
1158 336 1263 387 ejus:
1284 341 1328 378 et
1347 337 1578 379 vocabitur
1595 350 1757 380 nomen
1777 339 1880 390 ejus,

1046 390 1351 443 Admirabilis,
1397 393 1697 444 consiliarius,
1741 394 1879 443 Deus,

1045 446 1209 497 Fortis,
1241 448 1373 491 Pater
1401 449 1536 491 futuri
1565 449 1731 500 saeculi,
1759 450 1879 491 Prin-

1045 515 1151 555 ceps
1171 505 1304 556 pacis.

1103 568 1154 619 Κ.
1165 569 1313 611 Hodie
1331 570 1459 611 nobis
1479 570 1694 612 coelorum
1708 571 1807 612 Rex
1823 570 1879 612 de

1045 624 1228 676 Virgine
1253 627 1374 667 nasci
1398 626 1602 678 dignatus
1627 632 1712 677 est,
1737 631 1786 668 ut
1803 626 1879 668 ho-

1045 681 1206 723 minem
1222 681 1444 735 perditum
1458 683 1516 724 ad
1531 683 1730 725 coelestia
1745 696 1881 735 regna

1045 740 1290 780 revocaret:
1314 740 1337 762 ¹*
1354 739 1530 781 Gaudet
1554 739 1772 781 exercitus
1791 740 1880 780 An-

1044 793 1259 842 gelorum:
1287 795 1388 848 quia
1407 795 1526 837 salus
1546 797 1712 836 aeterna
1731 795 1879 837 huma-

1044 862 1102 890 no
1130 851 1279 900 generi
1307 852 1523 904 apparuit.
1575 847 1626 899 V.
1656 851 1809 892 Gloria
1835 851 1880 892 in

1045 906 1232 947 excelsis
1245 908 1355 957 Deo,
1375 913 1419 950 et
1438 909 1482 948 in
1500 913 1619 949 terra
1637 920 1726 960 pax
1742 907 1879 949 homi-

1044 962 1172 1003 nibus
1211 963 1342 1005 bonae
1388 964 1636 1006 voluntatis.
1691 963 1880 1006 Gaudet.

1050 1019 1199 1060 Gloria
1221 1020 1353 1061 Patri.

1102 1085 1157 1125 Et
1177 1085 1389 1136 repetitur
1414 1084 1463 1135 Rv.
1484 1084 1631 1126 Hodie
1649 1084 1789 1127 nobis.
1813 1099 1882 1127 us-

1051 1153 1135 1191 que
1156 1141 1211 1181 ad
1235 1136 1281 1187 Y'.
1298 1142 1451 1183 Gloria
1469 1142 1514 1182 in
1534 1141 1732 1183 excelsis.

1103 1206 1263 1247 Bencd.
1293 1206 1550 1258 Unigenitus
1569 1207 1655 1248 Dei
1673 1206 1820 1248 Filius.

1154 1284 1307 1324 Lectio
1328 1284 1368 1323 ii.
1587 1284 1691 1336 Cap.
1706 1285 1779 1324 40.

1126 1350 1399 1399 onsolamini,
1411 1350 1699 1391 consolamini
1713 1351 1880 1404 popule

1133 1419 1275 1456 meuS,
1308 1406 1414 1448 dicit
1442 1407 1566 1448 Deus
1597 1411 1757 1448 vester.
1796 1407 1879 1448 Lo-

1045 1462 1228 1514 quimini
1255 1462 1313 1503 ad
1341 1475 1418 1503 cor
1444 1462 1704 1512 Jerusalem,
1733 1466 1778 1504 et
1804 1462 1878 1504 ad-

1043 1520 1201 1560 vocate
1219 1531 1331 1560 eam:
1351 1519 1559 1571 quoniam
1575 1519 1797 1571 completa
1812 1524 1879 1561 est

1043 1574 1209 1616 malitia
1234 1576 1343 1626 ejus,
1372 1575 1552 1616 dimissa
1579 1579 1648 1616 est
1669 1575 1879 1626 iniquitas

1043 1630 1172 1672 illius:
1213 1631 1409 1683 suscepit
1446 1631 1501 1672 de
1537 1643 1670 1672 manu
1699 1631 1879 1672 Domini

1044 1686 1237 1739 duplicia
1251 1700 1334 1739 pro
1350 1687 1553 1728 omnibus
1567 1687 1763 1739 peccatis
1777 1687 1879 1728 suis.

1043 1743 1147 1784 Vox
1170 1743 1401 1784 clamantis
1426 1744 1470 1784 in
1494 1743 1690 1784 deserto:
1718 1742 1878 1785 Parate

1043 1799 1160 1839 viam
1179 1799 1372 1849 Domini,
1397 1804 1543 1841 rectas
1563 1799 1694 1840 facite
1713 1799 1759 1840 in
1777 1798 1878 1840 soli-

1043 1855 1195 1897 tudine
1223 1855 1402 1897 semitas
1424 1855 1510 1897 Dei
1534 1855 1687 1898 nostri.
1725 1855 1878 1896 Omnis

1044 1911 1169 1952 vallis
1197 1911 1478 1961 exaltabitur,
1515 1916 1560 1953 et
1583 1911 1726 1952 omnis
1751 1923 1877 1952 mons

1044 1972 1088 2009 et
1107 1967 1231 2009 collis
1246 1967 1560 2009 humiliabitur:
1580 1971 1625 2008 et
1640 1971 1767 2009 erunt
1780 1980 1877 2020 pra-

1043 2037 1098 2064 va
1117 2024 1160 2064 in
1180 2023 1359 2073 directa,
1380 2029 1425 2065 et
1444 2026 1603 2076 aspera
1616 2024 1661 2064 in
1677 2023 1771 2064 vias
1786 2023 1877 2076 pla-

1043 2093 1133 2121 nas.
1160 2081 1218 2121 Et
1236 2079 1504 2121 revelabitur
1523 2080 1665 2130 gloria
1683 2079 1877 2120 Domini:

1044 2141 1087 2177 et
1106 2135 1274 2178 videbit
1293 2137 1438 2177 omnis
1454 2148 1558 2177 caro
1573 2135 1741 2188 pariter
1757 2134 1877 2187 quod

1044 2205 1094 2234 os
1122 2192 1299 2233 Domini
1331 2192 1527 2233 locutum
1560 2196 1638 2233 est.
1678 2191 1783 2233 Vox
1816 2190 1876 2232 di—

1043 2249 1196 2290 centis:
1234 2248 1395 2289 Clama.
1436 2248 1493 2289 Et
1517 2247 1623 2289 dixi:
1651 2246 1767 2297 Quid
1792 2247 1875 2288 cla-

1042 2304 1196 2346 mabo?
1234 2304 1388 2345 Omnis
1416 2317 1519 2345 caro
1547 2304 1731 2352 foenum,
1760 2308 1804 2344 et
1831 2315 1875 2344 o-

1042 2361 1156 2401 mnis
1194 2360 1334 2411 gloria
1374 2360 1464 2411 ejus
1499 2359 1624 2412 quasi
1656 2359 1739 2400 flos
1770 2359 1874 2409 agri.

1042 2417 1325 2458 Exsiccatum
1350 2421 1416 2457 est
1440 2415 1621 2463 foenum,
1647 2419 1691 2456 et
1715 2414 1875 2456 cecidit

1042 2473 1139 2514 flos:
1165 2473 1266 2524 quia
1285 2472 1464 2524 spiritus
1483 2471 1661 2512 Domini
1681 2470 1874 2512 sufflavit

1042 2529 1084 2569 in
1113 2541 1177 2570 eo.
1218 2528 1337 2569 Vere
1373 2527 1541 2568 foenum
1569 2532 1636 2568 est
1663 2526 1874 2579 populus:

1042 2585 1310 2626 exsiccatum
1338 2589 1405 2624 est
1433 2583 1613 2632 foenum,
1642 2589 1686 2624 et
1714 2582 1874 2624 cecidit

1043 2642 1140 2681 flos:
1159 2639 1358 2681 Verbum
1377 2645 1524 2680 autem
1538 2639 1717 2680 Domini
1735 2639 1873 2680 nostri

1040 2701 1188 2737 manet
1207 2696 1250 2736 in
1271 2697 1494 2737 aeternum.
