2080 2990
238 221 282 256 6*

543 320 692 360 Lectio
713 320 765 359 ix.

392 372 623 414 occasione
669 372 794 424 hujus
841 372 1067 414 sententiae

339 429 517 481 quidam
544 428 826 471 introducunt
851 428 968 470 mille
995 441 1066 469 an-

239 499 319 527 nos
337 491 440 538 post
459 486 840 536 resurrectionem,
861 485 1066 533 dicentes,

238 548 342 584 tunc
365 541 491 583 nobis
517 541 769 594 centuplum
793 542 985 583 omnium
1003 553 1065 581 re-

238 612 334 640 rum
361 611 469 650 quas
496 597 756 648 dimisimus,
785 604 829 640 et
852 599 985 639 vitam
1011 610 1065 638 ae-

237 657 406 697 ternam
438 667 536 696 esse
569 654 854 697 reddendam:
886 667 974 695 non
1005 654 1065 694 in-

237 712 494 763 telligentes,
511 711 641 764 quod,
657 712 693 752 si
709 712 751 752 in
768 711 924 753 ceteris
937 709 1066 761 digna

238 769 294 810 sit
313 769 614 822 repromissio,
640 770 683 809 in
702 768 910 809 uxoribus
931 769 1064 820 appa-

238 831 332 867 reat
359 826 604 879 turpitud0:
645 830 692 866 ut
725 825 798 877 qui
826 837 956 866 unam
984 837 1065 876 pro

238 882 428 924 Domino
449 882 669 932 dimiserit,
689 886 864 923 centum
883 881 1066 933 recipiat

238 939 281 979 in
300 939 456 981 futuro.
485 939 646 980 Sensus
662 951 766 989 ergo
782 938 865 979 iste
882 943 962 979 est:
983 938 1065 989 Qui

240 995 429 1037 carnalia
462 1008 543 1048 pro
575 995 802 1036 Salvatore
836 994 1066 1045 dimiserit,

240 1051 484 1104 spiritualia
501 1052 698 1104 recipiet:
722 1065 820 1103 quae
841 1063 1065 1104 compara-

240 1109 359 1149 tione
379 1114 423 1150 et
441 1108 598 1150 merito
619 1109 685 1149 sui
704 1109 764 1150 ita
784 1113 919 1158 erunt,
941 1109 1066 1161 quasi

240 1165 275 1206 si
302 1178 440 1218 parvo
476 1168 658 1206 numero
688 1165 962 1207 centenarius
989 1168 1065 1206 nu-

239 1234 384 1263 merus
404 1223 695 1274 comparetur.

296 1287 358 1324 Te
378 1283 521 1325 Deum
539 1283 780 1325 laudamus.

502 1366 581 1407 Ad
607 1365 804 1407 Laudes

448 1433 498 1461 ct
539 1436 634 1469 per
674 1426 867 1459 Horas.

298 1486 393 1525 Ant.
415 1486 442 1523 1.
472 1481 659 1523 Domine
687 1482 879 1535 quinque
903 1483 1067 1525 talenta

239 1536 497 1579 *tradidisti
513 1538 633 1579 mihi:
654 1551 757 1580 ecce
773 1539 857 1580 alia
874 1540 1067 1593 quinque

241 1594 566 1646 superlucratus
585 1608 692 1636 sum.

297 1654 361 1692 ΡΞ.
395 1652 600 1693 Dominus
620 1654 828 1704 regnavit.

293 1711 327 1750 2.
355 1710 474 1760 Euge
494 1722 620 1751 serve
639 1709 766 1760 bone,
786 1713 809 1737 *
829 1711 872 1752 in
890 1711 1067 1754 modico

241 1763 394 1814 fidelis,
410 1765 524 1807 intra
534 1766 577 1806 in
587 1766 795 1817 gaudium
806 1768 983 1810 Domini
994 1774 1068 1810 tui.
1121 1781 1326 1823 dictione,

1092 1219 1096 1263 l

830 218 1065 262 Ss.Scptcn1
1094 218 1352 253 Fundanorum

1223 314 1327 366 Ipsa
1346 315 1545 362 vocante,
1566 312 1623 355 ad
1642 312 1827 356 arduum

1222 369 1384 411 Tendit
1403 369 1555 411 Senari
1573 369 1795 412 verticem.

1173 449 1295 497 Quos
1313 448 1430 485 terra
1450 442 1616 485 fructus
1635 443 1831 495 proferet

1222 500 1339 541 Dum
1359 512 1484 541 sacra
1502 499 1652 553 proles
1670 500 1894 551 germinat,

1222 557 1329 599 Uvis
1349 557 1530 609 repente
1549 555 1734 607 turgidis

1223 613 1393 655 Onusta
1411 613 1511 654 vitis
1530 614 1785 665 praemonet.

1175 688 1345 729 Virtute
1366 687 1509 728 claros
1528 686 1665 729 nobili

1221 745 1341 785 Mors
1362 748 1514 785 sancta
1534 743 1649 785 coelo
1670 746 1912 788 consecrat:

1221 801 1392 843 Tenent
1412 800 1578 853 olympi
1597 800 1746 842 limina

1221 857 1344 900 Servi
1363 856 1518 899 fideles
1537 857 1740 908 Virginis.

1173 931 1343 975 Cohors
1362 931 1502 982 beata,
1521 931 1723 973 Numinis

1221 989 1376 1039 Regno
1396 990 1549 1041 potita,
1570 988 1740 1041 respice

1222 1046 1344 1096 Quos
1367 1045 1468 1087 hinc
1486 1044 1700 1087 recedens
1721 1045 1947 1088 fraudibus

1222 1102 1399 1144 Cinctos
1419 1102 1628 1154 relinquis
1647 1101 1852 1144 hostium.

1174 1178 1302 1227 Ergo,
1322 1189 1402 1229 per
1422 1176 1549 1217 almae
1568 1175 1750 1218 vulnera

1222 1233 1376 1275 Matris
1395 1235 1602 1284 rogamus
1621 1233 1856 1286 supplices,

1224 1290 1383 1332 Mentis
1402 1289 1607 1332 tenebras
1627 1288 1787 1343 disjice,

1224 1347 1381 1390 Cordis
1400 1347 1620 1400 procellas
1639 1347 1891 1400 comprime.

1175 1425 1240 1465 Tu
1259 1434 1350 1470 nos,
1368 1420 1501 1462 beata
1518 1421 1722 1471 Trinitas,

1222 1477 1442 1520 Perfunde
1463 1483 1618 1520 sancto
1637 1477 1810 1528 robore,

1223 1536 1448 1577 Possimus
1467 1539 1516 1576 ut
1536 1535 1722 1576 feliciter

1222 1591 1436 1645 Exempla
1455 1596 1631 1645 patrum
1649 1591 1872 1645 subsequi.

1434 1649 1587 1691 Amen.

1178 1722 1227 1773 V.
1248 1724 1312 1766 Sit
1336 1723 1548 1765 memoria
1565 1723 1740 1765 illorum
1757 1723 1800 1764 in
1818 1722 1948 1764 bene-

1366 1785 1416 1835 R.
1434 1780 1491 1822 Et
1515 1792 1617 1822 ossa
1637 1782 1791 1822 eorum
1809 1778 1948 1832 pullu-

295 1824 331 1861 3.
372 1821 534 1863 Fidelis
562 1835 714 1865 servus
743 1827 766 1851 *
794 1829 838 1867 et
863 1824 1069 1878 prudens,
1121 1838 1212 1881 lent
1231 1837 1406 1880 deloco
1426 1849 1517 1879 suo.

243 1890 372 1930 quem
409 1880 637 1922 constituit
677 1880 891 1923 Dominus
936 1895 1069 1935 super

243 1934 446 1976 familiam
466 1949 600 1977 suam.

299 1994 335 2031 4.
382 1994 540 2034 Beatus
573 1993 645 2035 ille
681 2008 850 2045 servuS,

244 2060 342 2088 cum
361 2049 528 2090 venerit
547 2050 761 2092 Dominus
781 2053 888 2103 ejus,
914 2058 957 2094 et
976 2053 1068 2106 pul-

244 2105 406 2145 saverit
433 2105 621 2156 januam,
651 2107 863 2150 invenerit
892 2109 1069 2160 vigilan-

242 2165 342 2201 tem.

296 2219 331 2257 Γ).
360 2219 493 2260 Serve
518 2218 631 2261 bone
655 2222 678 2245 *
703 2227 746 2262 et
770 2221 930 2272 fidelis,
957 2224 1070 2265 intra

243 2274 285 2315 in
304 2273 511 2326 gaudium
531 2275 706 2318 Domini
726 2279 799 2319 tui.

298 2339 556 2389 Capitulum.
812 2341 835 2377 1.
857 2340 964 2379 l'ctr.
981 2343 1016 2380 4.

245 2394 517 2504 Carissimi:
544 2400 925 2446 Communicantes
951 2405 1068 2447 Chri-

336 2457 390 2499 sti
418 2458 696 2509 passionibus
720 2459 925 2511 gaudete,
954 2468 1001 2504 ut
1027 2468 1070 2505 et

243 2513 285 2554 in
310 2513 576 2555 revelatione
600 2514 752 2565 gloriae
773 2517 863 2568 ejus
882 2518 1068 2567 gaudea-

243 2570 298 2611 tis
319 2570 595 2612 exsultantes.

556 2631 760 2681 Hymnus.

379 2697 484 2738 atris
504 2697 584 2739 sub
606 2698 731 2740 almae
750 2700 926 2741 numine

398 2754 589 2807 Septena
608 2756 756 2808 proles
776 2757 983 2798 nascitur:

1180 1909 1249 1949 Ad
1271 1908 1431 1950 Bened.
1464 1910 1561 1949 Ant.
1585 1909 1702 1949 Ecce
1724 1919 1856 1959 quam
1873 1905 1949 1948 bo·

1121 1978 1242 2015 num,
1269 1969 1314 2006 et
1340 1976 1471 2017 quam
1495 1962 1732 2016 jucundum
1749 1961 1950 2005 habitare

883 1997 905 2021 *
940 2010 1070 2049 quem
1122 2021 1278 2063 fratres
1297 2021 1340 2062 in
1360 2034 1505 2062 unum.

1478 2090 1642 2132 Oratio.

1213 2157 1357 2199 omine
1375 2157 1399 2197 J
1402 2169 1480 2198 esu
1500 2155 1689 2205 Christe,
1719 2155 1793 2208 qui
1811 2154 1868 2196 ad
1886 2167 1950 2196 re·

1224 2213 1454 2255 colendam
1473 2211 1729 2254 memoriam
1749 2210 1952 2252 dolorum

1123 2270 1410 2313 sanctissimae
1450 2268 1685 2311 Genitricis
1721 2274 1828 2318 tuae,
1871 2279 1951 2321 per

1122 2328 1301 2380 Septem
1317 2325 1477 2368 beatos
1488 2326 1642 2367 Patres
1661 2337 1778 2366 nova
1796 2324 1950 2366 Servo-

1122 2397 1219 2425 rum
1244 2384 1336 2435 ejus
1360 2381 1543 2424 Familia
1561 2381 1807 2423 Ecclesiam
1830 2385 1951 2422 tuam

1123 2439 1402 2483 foecundasti:
1421 2437 1618 2481 concede
1636 2438 1873 2491 propitius;
1892 2436 1952 2478 ita

1122 2510 1204 2539 nos
1233 2498 1386 2538 eorum
1413 2494 1658 2537 consociari
1684 2493 1874 2543 fletibUS,
1904 2499 1952 2534 ut

1123 2553 1399 2606 perfruamur
1433 2556 1477 2593 et
1510 2550 1695 2602 gaudiis:
1728 2551 1813 2601 Qui
1841 2549 1951 2592 vivis

1096 2631 1099 2649 2
1126 2614 1169 2652 et
1188 2621 1345 2661 regnas
1364 2621 1462 2650 cum
1481 2607 1578 2649 Deo
1597 2608 1737 2649 Patre.

1095 2653 1099 2801 l

1392 2694 1460 2731 Ad
1484 2694 1685 2731 Tertiam.

1180 2765 1278 2803 Ant.
1306 2761 1428 2809 Euge
1448 2769 1573 2800 serve
1593 2756 1719 2798 bone.
