2040 2990
730 200 836 234 Fcria
863 204 996 242 quarta
1022 198 1069 232 ad
1095 198 1294 240 vesperas.

447 302 449 304 ’
475 297 680 348 Hymnus.

263 358 412 400 elluris
434 359 546 401 alme
566 359 791 408 Cenditor‚

278 415 431 457 Mundi
453 416 595 457 solum
618 416 692 468 qui
712 417 932 468 separans,

236 471 380 513 Pulsis
399 484 526 524 aquae
537 472 769 521 molestiis,
962 474 969 483 '

237 527 420 569 Terram
440 528 602 570 dedisti
624 527 907 569 immobilem:

187 596 246 638 Et
265 606 442 644 germen
462 599 614 647 aptum
632 593 872 646 proferens,

235 649 385 691 Fulvis
405 649 566 700 decora
586 649 780 699 fleribus,

235 706 461 748 Foecunda
481 706 623 748 fructu
644 709 830 754 sisteret,

236 762 504 817 Pastumque
523 768 695 815 gratum
714 761 930 803 redderet.

187 828 343 870 Mentis
366 832 560 881 perustae
582 828 763 870 vulnera
1009 749 1013 828 Ι

237 884 400 926 Munda
419 885 565 926 virore
584 885 753 936 gratiae:

236 941 296 983 Ut
315 941 431 983 facta
450 942 555 983 fletu
575 941 728 991 diluat,

237 998 474 1050 Motusque
493 1011 656 1051 pravos
676 1001 848 1039 atterat.

186 1065 206 1104 J
212 1063 326 1104 ussis
346 1064 433 1104 tuis
454 1063 744 1116 obtemperet:

236 1120 380 1161 Nullis
400 1120 527 1161 malis
549 1120 841 1173 approximet:

239 1177 376 1218 Bonis
395 1177 555 1230 repleri
575 1176 780 1228 gaudeat,

238 1233 295 1274 Et
311 1233 467 1274 mortis
486 1233 622 1274 ictum
640 1233 818 1274 nesciat.

189 1300 368 1348 Praesta,
389 1298 520 1340 Pater
539 1299 746 1351 piissime,

237 1355 446 1407 Patrique
466 1367 645 1407 compar
665 1354 812 1403 Unice,

242 1411 350 1453 Cum
369 1412 533 1464 Spiritu
551 1411 771 1452 Paraclito

240 1468 446 1519 Regnans
466 1481 544 1521 per
566 1480 694 1509 omne
713 1465 932 1508 saeculum.

471 1524 623 1566 Amen.

213 1582 262 1632 Y.
284 1585 509 1636 Dirigatur
519 1584 708 1625 Domine
723 1583 865 1625 oratio
880 1596 987 1624 mea.

161 1643 210 1695 R.
220 1641 341 1683 Sicut
351 1641 577 1682 incensum
587 1641 631 1681 in
642 1642 886 1693 conspectu
895 1644 985 1681 tuo.

214 1707 283 1748 Ad
305 1707 477 1758 Magnis.
508 1708 606 1748 Ant.
635 1705 842 1748 Exsultet
860 1705 883 1731 *
904 1707 987 1757 spi-

163 1762 273 1804 ritus
291 1775 415 1804 meus
436 1762 480 1803 in
499 1763 596 1804 Deo
617 1762 798 1804 salutari
816 1774 927 1803 meo.

211 1828 366 1866 Preces,
399 1829 431 1862 si
462 1829 637 1863 dicendae
670 1829 760 1867 sint,
796 1829 986 1863 habentur

163 1886 279 1920 supra
304 1877 342 1911 in
367 1877 482 1920 Vcsp.
515 1877 595 1911 Fer.
620 1877 665 1911 11.
690 1875 762 1910 112.

375 1962 482 1964 „„„„
487 1947 775 1977 „Qum

215 2019 362 2059 Feria
386 2019 572 2070 quarta
590 2018 655 2060 ad
671 2019 935 2068 vesperas.

214 2086 313 2125 Ant.
345 2085 445 2126 Non
464 2083 766 2126 confundetur.

420 2154 618 2194 psalmus
642 2154 726 2194 126.

168 2219 262 2267 'sgxy-t.
287 2215 346 2256 isi
363 2215 579 2256 Dominus
604 2214 888 2257 aedificaverit
914 2214 988 2256 do-

173 2280 175 2282 ·
288 2322 289 2326 η
310 2286 443 2321 mum,
465 2273 488 2297 *
510 2273 554 2312 in
581 2285 740 2314 vanum
767 2271 988 2313 laborave-

312 2334 412 2370 runt
434 2329 507 2381 qui
527 2328 747 2370 aedificant
768 2341 873 2369 eam.

217 2385 314 2427 Nisi
327 2386 543 2426 Deminus
563 2384 822 2426 custodierit
842 2384 988 2425 civita-

166 2447 266 2491 tem,
283 2442 307 2467 *
326 2442 487 2483 frustra
515 2441 665 2493 vigilat
694 2441 767 2492 qui
796 2439 990 2482 custedit

168 2510 273 2538 eam.

218 2554 393 2595 Vanum
436 2559 502 2595 est
539 2553 666 2595 vobis
708 2558 809 2594 ante
849 2552 990 2593 lucem

169 2612 362 2661 surgere:
381 2610 404 2635 *
423 2611 588 2662 surgite
611 2615 846 2663 postquam
869 2607 990 2649 sede-

169 2666 284 2718 ritis,
327 2667 401 2717 qui
427 2666 702 2708 manducatis
730 2678 888 2718 panem
916 2663 998 2711 do-⁴

168 2721 286 2763 loris.

1798 196 1865 231 115

1089 292 1198 333 Cum
1235 292 1407 334 dederit
1447 293 1618 335 dilectis
1660 295 1751 335 suis
1794 308 1860 336 so-

1035 362 1200 389 mnum:
1228 350 1251 375 *
1280 362 1382 390 ecce
1416 349 1650 392 haereditas
1682 352 1861 392 Domini

1036 405 1130 446 filii:
1149 419 1328 455 merces,
1350 407 1517 447 fructus
1538 408 1715 448 ventris.

1088 461 1210 504 Sicut
1235 465 1407 514 sagittae
1434 463 1477 504 in
1498 477 1627 505 manu
1651 465 1861 516 potentis:

1036 519 1060 543 *
1079 519 1140 560 ita
1158 519 1237 559 filii
1258 521 1552 560 excussorum.

1088 575 1254 616 Beatus
1280 576 1346 617 vir
1372 577 1445 628 qui
1470 576 1666 629 implevit
1693 577 1860 619 deside-

1037 632 1149 673 rium
1171 646 1297 673 suum
1317 646 1370 674 ex
1390 633 1514 685 ipsis:
1535 634 1557 658 *
1576 647 1662 674 non
1686 634 1860 675 confun-

1038 688 1166 730 detur
1201 702 1299 730 cum
1327 689 1531 742 loquetur
1558 690 1743 731 inimicis
1772 691 1860 731 suis

1036 745 1080 785 in
1099 750 1239 798 porta.

1093 804 1191 843 Ant.
1231 802 1326 843 Non
1356 802 1647 844 confundetur
1676 815 1774 844 cum
1802 803 1861 844 lo-

1039 860 1196 910 quetur
1218 859 1404 900 inimicis
1426 859 1516 900 suis
1536 860 1579 899 in
1599 865 1737 912 porta.

1092 919 1191 957 Ant.
1224 916 1357 957 Beati.

1304 973 1499 1012 Psalmus
1524 972 1601 1011 127.

1039 1025 1209 1130 Beati
1238 1041 1407 1078 omnes,
1437 1029 1511 1080 qui
1536 1029 1692 1071 timent
1715 1030 1862 1071 Demi-

1142 1098 1261 1134 num,
1289 1086 1312 1110 *
1342 1086 1415 1137 qui
1450 1085 1674 1127 ambulant
1706 1086 1749 1126 in
1782 1087 1863 1127 viis

1041 1142 1141 1193 ejus.

1091 1197 1287 1239 Labores
1320 1201 1525 1240 manuum
1558 1202 1730 1240 tuarum
1764 1200 1864 1251 quia

1039 1254 1341 1296 manducabis:
1361 1256 1385 1285 -*
1405 1256 1560 1297 beatus
1590 1269 1652 1305 es,
1682 1261 1725 1297 et
1752 1255 1863 1296 bene

1039 1310 1121 1352 tibi
1141 1312 1233 1352 erit.

1092 1368 1212 1409 Uxor
1232 1374 1306 1410 tua
1328 1370 1440 1411 sicut
1460 1369 1561 1411 vitis
1581 1368 1819 1418 abundans,
1840 1370 1863 1395 *

1040 1424 1084 1464 in
1103 1424 1314 1466 lateribus
1335 1425 1492 1467 domus
1511 1431 1610 1467 tuae.

1091 1480 1191 1521 Filii
1211 1482 1275 1522 tui
1299 1483 1412 1524 sicut
1432 1482 1615 1524 novellae
1641 1482 1864 1531 olivarum,

1040 1537 1063 1561 *
1084 1537 1127 1577 in
1147 1538 1331 1579 circuitu
1350 1552 1514 1580 mensae
1534 1545 1632 1580 tuae.

1092 1594 1208 1635 Ecce
1243 1595 1305 1636 sic
1337 1595 1621 1637 benedicetur
1654 1596 1807 1645 homo,
1841 1597 1864 1621 *

1043 1651 1117 1701 qui
1138 1651 1263 1692 timet
1282 1652 1530 1693 Dominum.

1093 1707 1334 1749 Benedicat
1349 1708 1429 1750 tibi
1446 1709 1660 1750 Dominus
1677 1722 1730 1750 ex
1744 1709 1865 1749 Sion:

1041 1764 1064 1789 *
1087 1768 1130 1804 et
1154 1764 1305 1805 videas
1330 1765 1447 1806 bona
1465 1765 1706 1806 Jerusalem
1731 1765 1863 1805 emni-

1041 1819 1123 1861 bus
1145 1820 1299 1861 diebus
1319 1822 1422 1862 vitae
1441 1826 1539 1862 tuae.

1093 1877 1150 1917 Et
1165 1876 1316 1918 videas
1336 1877 1451 1918 filios
1470 1877 1659 1918 filiorum
1678 1879 1863 1926 tuorum,

1042 1932 1065 1957 *
1086 1945 1240 1984 pacem
1261 1946 1392 1986 super
1410 1933 1558 1974 Israel.

1094 1991 1193 2031 Ant.
1230 1990 1359 2031 Beati
1395 2003 1564 2039 omneS,
1600 1989 1673 2042 qui
1709 1989 1864 2030 timent

1041 2044 1289 2086 Do'minum.

1092 2104 1191 2143 Ant.
1220 2103 1360 2155 Saepe.

1299 2159 1497 2199 Psalmus
1523 2160 1606 2199 128.

1112 2227 1208 2267 aepe
1226 2217 1584 2267 expugnaverunt
1598 2228 1668 2256 me
1684 2228 1709 2256 a
1722 2216 1864 2267 juven—

1140 2274 1234 2312 tute
1252 2285 1361 2321 mea,
1380 2272 1404 2297 *
1424 2271 1542 2313 dicat
1561 2284 1675 2312 nunc
1694 2271 1839 2312 Israel.

1094 2327 1222 2380 Saepe
1256 2329 1614 2380 expugnaverunt
1645 2340 1715 2368 me
1748 2340 1774 2368 a
1807 2328 1864 2379 ju-

1043 2387 1222 2425 ventute
1240 2397 1352 2425 mea:
1372 2385 1395 2410 *
1414 2384 1575 2425 etenim
1602 2396 1690 2424 non
1715 2384 1864 2435 potue-

1043 2445 1145 2480 runt
1164 2440 1281 2481 mihi.

1094 2495 1235 2548 Supra
1260 2496 1439 2538 dorsum
1463 2509 1606 2537 meum
1630 2494 1863 2536 fabricave-

1044 2557 1144 2593 runt
1164 2554 1437 2605 peccateres:
1453 2553 1476 2577 *
1496 2552 1864 2604 prolongaverunt

1044 2608 1319 2660 iniquitatem
1339 2621 1472 2649 suam.

1095 2665 1309 2705 Dominus
1341 2666 1479 2716 justus
1512 2662 1701 2704 concidit
1731 2663 1863 2702 cervi-

1045 2732 1118 2761 ces
1150 2722 1452 2772 peccatorum:
1485 2720 1508 2745 *
1546 2717 1864 2760 confundantur
