2080 2990
217 200 316 244 [110]

799 203 1009 237 Commune
1036 214 1111 237 non
1139 203 1350 244 Yirginum.

271 298 368 337 Deo
387 295 508 336 Patri
527 295 584 336 sit
601 295 752 346 gloria,

322 351 515 403 Ejusque
535 351 617 393 soli
636 351 760 401 Filio,

324 407 434 448 Cum
451 407 615 460 Spiritu
633 408 863 458 Paraclit0‚

321 463 461 512 Nune,
482 469 525 505 et
544 477 624 516 per
642 477 770 506 omne
791 464 1011 506 saecfflum.

478 520 632 562 Amen.

269 572 317 624 Y.
359 576 531 617 Diffusa
566 582 633 618 est
669 578 809 628 gratia
845 577 889 618 in
926 577 1053 619 labiis

218 632 315 673 tuis.
363 635 413 686 R.
459 633 700 685 Propterea
741 633 968 675 benedixit
1009 639 1053 676 te

220 689 341 729 Deus
368 689 410 729 in
440 691 665 731 aeternum.

268 747 337 788 Ad
372 747 532 788 Bened.
576 748 673 787 Ant.
718 746 834 788 Date
870 747 909 788 ei
941 747 965 773 *
998 747 1053 789 de

221 801 365 843 fructu
382 804 591 843 manuum
607 804 796 852 suarum,
816 808 860 844 et
874 803 1055 845 laudent

220 870 317 899 eam
335 858 379 898 in
399 859 539 911 portis
561 861 698 911 opera
717 859 819 910 ejus.

321 926 405 964 Pru
438 938 518 964 una
551 924 738 974 Martyris
768 930 947 963 tantum.

556 984 718 1024 Oratio.

309 1057 402 1093 eus,
432 1045 506 1096 qui
533 1045 646 1086 inter
671 1046 818 1086 cetera
842 1045 1054 1097 potentiae

324 1106 413 1142 tuae
451 1101 663 1142 miracula
698 1101 831 1142 etiam
865 1101 909 1142 in
946 1115 1055 1143 sexu

220 1157 364 1207 fragili
400 1158 630 1198 victoriam
668 1158 865 1209 martyrii
904 1163 1055 1200 contu·

220 1213 322 1254 listi:
370 1213 565 1255 concede
607 1214 841 1266 propitius;
891 1218 939 1255 ut
981 1214 1054 1267 qui

220 1270 364 1311 beatae
397 1271 448 1310 N.
486 1270 693 1322 Martyris
732 1275 821 1311 tuae
858 1270 1055 1312 natalitia

221 1326 423 1375 colimus,
460 1339 540 1379 per
575 1327 666 1378 ejus
695 1326 752 1367 ad
779 1332 823 1368 te
853 1327 1055 1380 exempla

220 1382 484 1433 gradiamur.
520 1383 605 1424 Per
630 1383 881 1424 Dominum.

246 1448 329 1486 l'ro
350 1446 546 1498 pluribus
571 1446 834 1497 Martyribus
855 1453 1034 1487 tantum.

554 1507 717 1547 Oratio.

311 1575 335 1603 a
381 1562 526 1612 nobis,
574 1564 828 1614 quaesumus
866 1563 1056 1605 Domine

327 1619 450 1660 Deus
474 1624 639 1669 noster,
669 1621 920 1660 sanctarum
943 1619 1056 1660 Mat-

220 1680 366 1727 tyrum
388 1677 563 1716 tuarum
587 1675 637 1715 N.
660 1680 704 1716 et
723 1675 775 1716 N.
801 1676 972 1728 palmas
994 1676 1056 1716 in-

222 1730 427 1772 cessabili
468 1731 706 1773 devotione
747 1732 967 1773 venerari:
1010 1737 1057 1773 ut

223 1800 331 1839 quas
365 1787 497 1838 digna
529 1794 676 1830 mente
705 1801 794 1830 non
820 1790 1057 1841 possumus

223 1843 465 1894 celebrare,
506 1844 744 1886 humilibus
780 1844 935 1886 saltem
976 1844 1058 1886 fre-

224 1901 484 1952 quentemus
504 1901 740 1953 obsequiis.
776 1902 862 1943 Per
880 1902 1009 1942 Dfim.

279 1961 359 1999 Pro
387 1974 465 2001 nec
487 1961 666 2010 Virgine
694 1975 773 2002 nec
800 1961 1003 2013 Martyrc.

560 2022 725 2062 Oratio.

224 2071 438 2176 Exaudi
453 2090 533 2119 nos
544 2078 666 2119 Deus
681 2078 883 2120 salutaris
894 2083 1059 2120 noster:

312 2139 368 2182 ut,
389 2134 502 2175 sicut
522 2134 577 2175 de
596 2134 739 2176 beatae
757 2136 808 2175 N.
821 2135 1058 2177 festivitate

224 2189 481 2241 gaudemus;
506 2190 566 2231 ita
590 2191 675 2243 piae
695 2191 942 2233 devotionis
965 2204 1058 2233 eru-

226 2246 398 2288 diamur
417 2246 588 2288 affectu.
616 2248 700 2289 Per
716 2248 966 2289 Dominum.

497 2311 565 2347 Ad
589 2311 792 2348 Tertiam.

281 2365 377 2404 Ant.
409 2364 457 2405 In
478 2364 675 2406 odorem.

389 2426 470 2465 l'ro
501 2424 692 2475 Martyre
722 2431 901 2466 tantum.

278 2486 537 2537 Capitulum.
568 2485 837 2526 Confitebor.
855 2486 967 2539 [109]

279 2547 363 2587 Pro
389 2560 468 2587 nec
496 2547 674 2596 Virgine
697 2559 777 2586 nec
804 2546 1006 2597 Martyre.

283 2608 467 2660 (Iapitul.
502 2606 727 2648 Mulierem
752 2606 922 2647 fortem.
947 2607 1059 2659 [109]

280 2667 328 2718 Ιᾲ.
350 2665 412 2706 br.
440 2663 596 2715 Specie
615 2668 689 2704 tua
705 2666 727 2688 *
744 2663 800 2704 Et
819 2662 1058 2715 pulchritu—

227 2719 328 2761 dine
350 2724 435 2761 tua.
466 2719 633 2772 Specie.
667 2715 715 2766 Y.
740 2718 940 2768 Intende,
959 2721 1058 2772 pro-

1106 307 1234 347 spere
1252 294 1465 347 procede,
1489 299 1533 336 et
1556 306 1703 345 regna.
1733 294 1800 336 Et.
1834 293 1937 335 Glo-

1106 352 1169 392 ria
1186 351 1318 392 Patri.
1345 350 1515 404 Specie.

1158 402 1207 454 ys.
1249 406 1488 458 Adjuvabit
1524 419 1622 448 eam
1658 407 1779 448 Deus
1816 406 1939 448 vultu

1106 477 1198 505 suo.
1240 465 1289 516 R.
1317 464 1439 505 Deus
1466 463 1512 504 in
1540 462 1687 504 medio
1716 463 1823 515 ejus,
1849 475 1936 504 non

1107 520 1467 562 commovebitur.

1383 589 1451 626 Ad
1476 589 1664 626 Sextam.

1159 650 1257 689 Ant.
1286 649 1307 687 J
1312 661 1382 688 am
1402 647 1542 688 hiems
1561 647 1746 689 transiit.

1269 715 1351 753 Pro
1380 714 1571 765 Martyre
1601 719 1782 754 tantum.

1210 774 1470 826 Capitulum.
1625 774 1756 815 Eccli.
1775 776 1834 815 51.

1106 830 1368 936 Liberasti
1392 847 1462 876 me
1486 834 1729 876 secundum
1749 835 1941 876 multitu-

1209 891 1356 934 dinem
1398 890 1716 932 misericordiae
1752 891 1941 934 neminis

1106 948 1171 990 tui
1203 961 1227 990 a
1260 947 1550 999 rugientibus,
1587 948 1852 1000 praeparatis
1884 947 1941 990 ad

1108 1017 1273 1054 escam,
1320 1003 1375 1046 de
1411 1003 1614 1045 manibus
1651 1004 1941 1056 quaerentium

1108 1061 1298 1102 animam
1317 1073 1476 1110 meam,
1500 1066 1544 1102 et
1564 1059 1619 1102 de
1639 1059 1788 1102 multis
1806 1060 1941 1102 tribu-

1108 1117 1343 1160 lationibus
1355 1130 1455 1169 quae
1466 1116 1851 1158 circumdederunt
1860 1129 1942 1158 me.

1170 1188 1253 1228 Pro
1275 1202 1354 1228 nec
1375 1189 1555 1239 Virgine
1576 1202 1657 1229 nec
1676 1188 1879 1241 Martyre.

1212 1249 1472 1301 Capitulum.
1587 1250 1713 1290 Prov.
1729 1251 1786 1290 31.
1803 1262 1836 1290 c.

1217 1319 1349 1348 anum
1377 1318 1502 1347 suam
1529 1306 1703 1358 aperuit
1730 1306 1871 1359 inopi,
1900 1311 1944 1348 et

1231 1362 1401 1416 palmas
1421 1375 1523 1404 suas
1543 1362 1743 1404 extendit
1762 1362 1818 1404 ad
1837 1366 1943 1416 pau·

1108 1433 1272 1473 perem.
1307 1419 1411 1460 Non
1434 1418 1607 1460 timebit
1631 1418 1782 1461 domui
1805 1431 1898 1460 suae
1917 1431 1943 1460 a

1109 1475 1344 1527 frigoribus
1363 1475 1488 1516 nivis.

1162 1537 1211 1587 Rv.
1247 1536 1307 1576 br.
1354 1536 1595 1588 Adiuvabit
1631 1549 1728 1578 eam
1764 1538 1786 1562 *
1820 1535 1943 1578 Deus

1109 1593 1233 1635 vultu
1262 1606 1353 1635 suo.
1381 1592 1632 1644 Adjuvabit.
1671 1585 1723 1637 V.
1747 1592 1871 1634 Deus
1898 1593 1943 1633 in

1109 1649 1256 1691 medio
1294 1650 1403 1701 ejus,
1450 1661 1537 1690 non
1581 1647 1944 1690 commovebitur.

1109 1706 1240 1748 Deus.
1275 1704 1428 1746 Gloria
1447 1705 1581 1746 Patri.
1615 1703 1866 1756 Adiuvabit.

1163 1756 1213 1807 V.
1240 1762 1384 1812 Elegit
1409 1774 1506 1802 eam
1529 1761 1667 1810 Deus,
1697 1765 1741 1802 et
1763 1759 1944 1813 praeele·

1109 1819 1172 1870 git
1192 1831 1300 1860 eam.
1328 1818 1378 1869 Ru
1395 1818 1447 1858 In
1464 1816 1751 1860 tabernaculo
1772 1828 1851 1858 suo
1870 1816 1944 1858 ha-

1110 1875 1254 1917 bitare
1274 1875 1378 1916 facit
1397 1887 1506 1916 eam.

1393 1949 1461 1984 Ad
1485 1948 1670 1985 Nonam.

1167 2005 1266 2044 Ant.
1296 2004 1384 2046 Ista
1405 2010 1473 2046 est
1492 2004 1705 2058 speciosa.

1275 2069 1361 2108 Pro
1389 2068 1581 2119 Martyre
1611 2072 1791 2108 tantum.

1220 2128 1480 2180 Capitulum.
1630 2126 1762 2169 Eccli.
1781 2127 1840 2168 51.

1176 2190 1359 2232 audabit
1386 2202 1526 2242 usque
1554 2187 1612 2230 ad
1638 2193 1828 2230 mortem
1857 2189 1945 2230 ani-

1206 2260 1278 2288 ma
1315 2259 1414 2288 mea
1441 2245 1698 2293 Dominum,
1736 2245 1945 2297 quoniam

1112 2303 1227 2345 eruis
1247 2303 1511 2344 sustinentes
1530 2306 1590 2351 te,
1616 2306 1659 2342 et
1681 2300 1844 2342 liberas
1866 2313 1944 2343 eos

1112 2359 1167 2402 de
1191 2372 1324 2401 manu
1348 2358 1580 2410 angustiae,
1607 2357 1798 2399 Domine
1821 2357 1944 2399 Deus

1112 2420 1272 2458 noster.

1169 2485 1251 2524 l'ro
1277 2496 1356 2523 ncc
1377 2483 1556 2531 Virgine
1583 2496 1662 2523 nec
1689 2483 1893 2534 Martyrc.

1219 2543 1478 2596 Capitulum.
1586 2544 1711 2583 Prov.
1728 2544 1785 2583 31.
1802 2543 1840 2584 d.

1217 2605 1321 2647 ultae
1349 2604 1452 2645 filiae
1477 2605 1858 2654 congregaverunt
1882 2603 1943 2645 di-

1235 2662 1379 2702 vitias:
1403 2666 1453 2702 tu
1476 2662 1762 2712 supergressa
1785 2673 1833 2702 es
1853 2660 1943 2701 uni—

1111 2721 1272 2760 versas.
1309 2716 1462 2758 Fallax
1486 2717 1642 2768 gratia,
1670 2722 1715 2758 et
1738 2729 1852 2758 vana
1875 2721 1943 2758 est
