2080 2990
755 244 763 256 ι
794 210 1001 243 Commune
1026 209 1235 251 Virginum.

478 303 684 354 Hymnus.

259 371 348 409 esu,
367 362 530 402 corena
546 361 785 412 Virginum,

279 416 418 466 Quem
437 422 576 459 mater
592 417 666 458 illa
684 417 884 470 cencipit,

242 472 350 522 Quae
370 473 463 514 sola
479 474 616 526 Virgo
635 474 834 526 parturit:

241 527 350 569 Haec
370 534 475 570 vota
494 529 685 572 clemens
705 530 865 582 accipe.

191 592 275 645 Qui
290 594 436 645 pergis
455 595 565 636 inter
583 594 685 644 lilia,

241 649 399 702 Septus
420 650 591 692 choreis
609 650 848 702 Virginum,

240 706 436 758 Sponsus
456 706 642 749 decerus
661 707 809 759 gleria,

241 761 510 816 Sponsisque
529 763 717 805 reddens
736 763 926 816 praemia.

193 829 480 880 Quocumque
497 827 653 878 tendis,
670 827 875 879 Virgines

205 886 208 888 ’
241 883 503 936 Sequuntur,
520 889 651 937 atque
668 883 870 926 laudibus

240 939 349 982 Post
366 945 411 992 te
432 942 636 982 canentes
654 941 875 991 carsitant,

240 997 527 1050 Hymnesque
548 997 697 1039 dulces
717 999 964 1050 personant.

190 1061 251 1102 Te
273 1060 560 1114 deprecamur
579 1062 816 1116 supplices3

237 1117 413 1160 Nostris
430 1123 478 1160 ut
497 1118 634 1161 addas
654 1119 862 1169 sensibuS,

239 1173 422 1217 Nescire
440 1188 622 1228 prorsus
642 1176 787 1217 emnia

244 1231 546 1284 Corruptienis
566 1232 755 1274 vulnera.

194 1294 352 1346 Virtus,
371 1296 522 1347 honor,
541 1297 647 1347 laus,
664 1297 803 1348 gleria

240 1351 337 1394 Deo
357 1354 476 1395 Patri
493 1367 591 1395 cum
610 1353 732 1403 Filio,

241 1409 400 1451 Sancto
419 1410 547 1451 simul
564 1410 793 1460 Paraclito,

242 1465 293 1506 In
311 1467 573 1508 saeculerum
593 1466 763 1508 saecula.
799 1466 951 1508 Amen.

217 1518 267 1570 V.
300 1522 454 1575 Specie
487 1527 562 1564 tua
594 1527 637 1564 et
663 1522 988 1575 pulchritudine

164 1583 250 1620 tua.
272 1580 322 1631 Rv.
343 1578 538 1628 Intende,
557 1581 770 1632 prospere
784 1579 987 1632 procede,

165 1640 208 1677 et
227 1647 371 1687 regna.

215 1695 286 1738 Ad
296 1697 558 1747 Magnificat.
580 1700 677 1739 Ant.
706 1697 811 1738 Veni
826 1709 988 1749 sponsa

164 1753 338 1795 Christi:
363 1754 387 1780 *
415 1754 567 1807 accipe
601 1755 825 1804 corenam,
858 1767 988 1806 quam

161 1810 243 1852 tibi
265 1811 479 1852 Deminus
506 1811 771 1864 praeparavit
797 1811 841 1851 in
866 1813 988 1852 aeter—

163 1881 277 1909 num.

496 1918 671 1969 Oratio.-

164 1969 347 2075 Deus,
376 1981 450 2033 qui
471 1980 584 2022 inter
607 1981 753 2021 cetera
776 1979 987 2032 potentiae

257 2042 345 2078 tuae
361 2036 569 2078 miracula
585 2036 715 2077 etiam
727 2036 772 2076 in
787 2048 895 2076 sexu
904 2035 986 2076 fra-

164 2094 239 2146 gili
264 2094 494 2136 victeriam
524 2092 719 2145 martyrii
750 2090 987 2133 contulisti:

165 2149 359 2192 concede
377 2149 609 2203 propitius;
627 2153 676 2190 ut
691 2148 764 2200 qui
777 2147 921 2189 beatae
936 2148 987 2189 N.

164 2207 355 2258 Virginis
380 2212 424 2249 et
446 2205 649 2257 Martyris
675 2210 762 2246 tuae
791 2204 987 2245 natalitia

165 2262 366 2312 celimus,
402 2276 482 2316 per
511 2263 602 2314 ejus
630 2261 687 2303 ad
714 2266 758 2302 te
786 2260 986 2313 exempla

166 2319 423 2370 gradiamur.
458 2319 542 2361 Per
560 2318 806 2359 Deminum.

436 2390 534 2430 Alia
557 2390 718 2431 Oratio.

164 2440 507 2546 Indulgentiam
543 2445 690 2495 nobis,
735 2446 984 2497 quaesumus

246 2502 451 2553 Domine,
498 2502 626 2544 beata
668 2504 719 2545 N.
764 2501 899 2552 Virgo
942 2505 986 2541 et

165 2558 330 2610 Martyr
366 2559 584 2611 impleret:
623 2571 721 2611 quae
753 2557 833 2598 tibi
862 2561 985 2607 grata

166 2627 339 2667 semper
368 2615 533 2656 exstitit
560 2619 603 2656 et
631 2615 788 2655 merito
815 2613 983 2654 castita-

164 2671 231 2720 tis,
251 2675 295 2712 et
314 2675 400 2712 tuae
414 2671 686 2724 professione
700 2669 882 2712 virtutis.
900 2669 984 2709 Per

163 2727 399 2768 Deminum
417 2732 624 2769 nostrum.

316 2870 379 2895 Pars
395 2869 527 2895 Hiemalis.

1139 303 1220 342 Pro
1252 304 1428 351 Virgine
1457 319 1539 345 non
1572 307 1770 358 Martyre.

1379 371 1539 411 Oratio.

1044 426 1254 531 Exaudi
1288 447 1370 476 nos
1402 435 1522 476 Deus
1554 435 1754 476 salutaris
1787 448 1860 477 no-

1092 504 1097 509 *
1140 496 1242 533 ster:
1269 495 1316 532 ut
1335 491 1445 532 sicut
1464 490 1518 532 de
1536 490 1676 532 beatae
1706 492 1860 533 &Vir—

1040 548 1151 599 ginis
1169 553 1256 589 tuae
1274 547 1508 589 festivitate
1527 547 1779 598 gaudemus3
1802 548 1862 589 ita

1039 605 1126 657 piae
1151 604 1398 646 devotionis
1424 603 1670 645 erudiamur
1694 604 1861 646 affectu.

1039 662 1123 703 Per
1141 661 1386 702 Dominum.

1096 730 1134 764 Si
1160 731 1298 765 fuerint
1323 732 1470 774 plureS.
1497 731 1533 763 in
1560 731 1730 773 utrisque
1751 731 1864 774 Vcsp.

1044 779 1093 812 ad
1102 779 1321 822 Magnificat
1333 780 1417 813 etin
1430 779 1547 812 Laud.
1561 779 1608 812 ad
1620 779 1864 813 Benedictus:

1097 842 1193 881 Ant.
1219 842 1453 884 Prudentes
1463 841 1668 892 Virgines
1678 841 1702 867 *
1715 843 1862 893 aptate

1040 904 1208 941 vestras
1244 898 1484 952 lampades:
1530 910 1632 940 ecce
1675 910 1861 950 sponsus

1040 957 1167 1006 venit,
1187 959 1302 998 exite
1321 955 1496 997 obviam
1515 954 1566 996 ei.

1096 1023 1144 1073 Y-
1180 1029 1466 1072 Adducentur
1507 1028 1619 1079 Regi
1660 1027 1862 1079 Virgines

1040 1091 1142 1139 post
1171 1100 1277 1128 eam.
1325 1087 1373 1138 R.
1397 1085 1615 1127 Preximae
1644 1085 1734 1136 ejus
1763 1083 1861 1125 affe-

1040 1144 1187 1184 rentur
1207 1142 1297 1184 tibi.

1373 1207 1536 1249 Oratio.

1128 1288 1153 1316 a
1192 1274 1334 1323 nobis,
1386 1275 1634 1326 quaesumus
1674 1272 1862 1313 Demine

1145 1331 1265 1372 Deus
1296 1335 1461 1379 noster,
1492 1330 1739 1370 sanctarum
1766 1328 1861 1369 Vir-

1039 1388 1188 1438 ginum
1216 1392 1259 1439 et
1283 1387 1523 1438 Martyrum
1547 1387 1720 1426 tuarum
1748 1385 1798 1425 N.
1819 1389 1862 1425 et

1043 1446 1093 1486 N.
1130 1443 1298 1496 palmas
1339 1441 1588 1484 incessabili
1628 1440 1862 1483 devotiene

1040 1500 1253 1541 venerari:
1271 1504 1319 1541 ut
1337 1512 1444 1551 quas
1463 1498 1593 1550 digna
1611 1501 1757 1538 mente
1775 1509 1862 1538 non

1039 1558 1273 1608 pessumus
1288 1555 1521 1603 celebrare,
1534 1552 1767 1595 humilibus
1783 1553 1862 1594 sal-

1039 1617 1129 1654 tem
1156 1613 1479 1665 frequentemus
1508 1610 1739 1662 obsequiis.
1779 1610 1863 1651 Per

1039 1669 1275 1710 Deminum
1293 1673 1500 1710 nostrum.

1195 1763 1282 1803 Ad
1321 1760 1704 1802 Matutinum.

1096 1829 1219 1869 Invit.
1256 1830 1418 1878 Regem
1450 1825 1679 1876 Virginum
1714 1823 1861 1864 Demi-

1038 1898 1155 1934 num,
1177 1885 1198 1908 *
1215 1884 1373 1925 Venite
1394 1882 1637 1923 adoremus.

1094 1941 1160 1980 Ps.
1191 1941 1356 1989 Venite,
1377 1938 1653 1980 exsultemus.
1671 1937 1708 1977 2.

1350 2015 1560 2066 Hymnus.

1130 2083 1294 2147 irginis.
1305 2082 1472 2131 Proles,
1501 2081 1746 2133 Opifexque
1772 2079 1859 2120 Ma-

1090 2196 1226 2247 Virgo
1242 2144 1391 2260 {Sem
1419 2193 1570 2245 gessit,
1601 2194 1859 2245 peperitque

1089 2252 1458 2360 Virgimgllpzss'tos
1482 2306 1677 2347 canimus
1699 2304 1859 2346 deceta

1190 2364 1334 2406 Morte
1351 2361 1606 2415 triumphos.

1044 2442 1148 2483 Haec
1168 2442 1280 2483 enim
1299 2441 1457 2494 palmae
1478 2438 1663 2491 duplicis
1682 2437 1812 2479 beata

1087 2498 1229 2548 Sorte,
1266 2497 1370 2539 dum
1402 2496 1533 2548 gestit
1559 2493 1755 2545 fragilem
1783 2492 1856 2535 do-

1088 2555 1489 2663 Corpoffsarsqxum'
1518 2605 1686 2648 demuit
1710 2606 1855 2646 cruen-

1191 2672 1579 2773 Cgiteltyrannum.
