2040 2990
199 293 446 336 Secundum
477 293 823 336 misericerdiam
849 298 969 334 tuam

149 350 320 391 vivifica
347 363 431 391 me:
458 350 481 375 *
509 355 552 392 et
579 349 823 392 custodiam
850 349 968 391 testi-

147 406 294 447 monia
313 406 401 447 oris
422 406 495 448 tui.

199 463 249 504 In
277 464 488 503 aeternum
513 463 716 512 D6mine,
741 463 764 488 *
788 462 969 504 verbum

147 522 271 559 tuum
289 520 516 571 permanet
534 519 576 559 in
596 519 720 560 coelo.

198 575 249 615 In
285 575 610 625 generationem
645 580 688 616 et
728 575 968 626 generatio-

146 644 246 672 nem
260 631 420 672 veritas
439 636 526 672 tua:
545 632 568 657 *
587 631 778 672 fundasti
796 636 967 680 terram,

147 692 190 728 et
209 689 445 739 permanet.

199 742 482 784 Ordinatione
502 748 576 784 tua
592 746 845 795 perseverat
861 743 968 785 dies:

146 800 170 825 *
190 799 394 851 queniam
414 799 557 840 emnia
576 800 768 841 serviunt
787 799 877 841 tibi.

196 855 291 896 Nisi
311 855 430 907 quod
449 853 519 896 lex
538 860 612 896 tua
630 855 855 897 meditatio
870 869 967 898 mea

147 917 227 953 est:
250 908 273 936 ยน*
296 916 400 952 tunc
427 911 539 953 forte
568 912 794 964 periissem
822 913 864 952 in
892 912 967 953 hu-

146 968 327 1009 militate
346 980 454 1009 mea.

197 1025 247 1064 In
266 1026 476 1065 aeternum
495 1037 582 1065 non
603 1024 833 1066 obliviscar
851 1025 966 1076 justi-

146 1080 371 1121 ficationes
391 1085 502 1121 tuas:
517 1081 540 1106 *
557 1081 657 1132 quia
675 1081 718 1121 in
737 1081 844 1132 ipsis
864 1081 966 1121 vivi-

146 1136 289 1177 ficasti
308 1149 387 1178 me.

197 1193 318 1233 Tuus
338 1206 433 1233 sum
453 1205 546 1243 ego,
567 1193 733 1234 salvum
753 1206 822 1234 me
842 1193 923 1234 fac:
943 1194 966 1219 *

145 1249 168 1275 *
194 1249 398 1300 queniam
422 1249 749 1300 justificationes
773 1254 870 1290 tuas
896 1262 965 1290 ex-

147 1305 313 1357 quisivi.

195 1361 266 1402 Me
307 1364 671 1413 exspectaverunt
710 1364 965 1414 peccateres

145 1422 193 1458 ut
218 1416 451 1469 perderent
475 1430 559 1459 me:
578 1418 601 1443 *
620 1418 867 1459 testimonia
890 1423 965 1459 tua

145 1472 347 1514 intellexi.

197 1528 348 1570 Omnis
381 1530 765 1571 consummatioms
797 1529 886 1571 vidi
919 1530 964 1570 fi-

144 1598 262 1626 nem:
302 1586 325 1611 *
366 1585 501 1626 latum
546 1586 797 1628 mandatum
842 1591 965 1628 tuum

143 1654 281 1682 nimis.

229 1753 422 1794 uomodo
474 1753 605 1795 dilexi
655 1753 795 1804 legem
845 1759 965 1796 tuam

246 1808 457 1851 Domine?
480 1810 503 1836 *
528 1815 621 1851 tota
644 1809 714 1851 die
737 1810 963 1852 meditatio

144 1878 242 1906 mea
261 1870 338 1907 est.

195 1922 334 1974 Super
351 1922 549 1963 inimicos
568 1934 691 1963 meos
706 1921 964 1974 prudentem

143 1990 213 2019 me
241 1977 382 2019 fecisti
407 1977 614 2019 mandato
643 1983 734 2019 tuo:
753 1979 776 2004 *
796 1979 896 2030 quia
921 1979 965 2018 in

145 2035 354 2075 aeternum
373 2034 478 2075 mihi
497 2038 573 2075 est.

195 2090 333 2143 Super
353 2103 503 2132 omnes
524 2089 732 2132 docentes
756 2103 825 2132 me
844 2090 963 2131 intel-

143 2146 243 2187 lexi:
261 2147 285 2173 *
306 2147 406 2198 quia
424 2147 673 2188 testimonia
692 2151 766 2188 tua
786 2146 963 2188 medita-

143 2202 204 2243 tio
224 2215 321 2244 mea
341 2207 416 2244 est.

195 2258 333 2311 Super
349 2272 475 2301 senes
487 2259 693 2300 intellexi:
703 2260 726 2285 *
738 2259 838 2311 quia
848 2272 963 2300 man-

144 2313 247 2355 data
265 2319 340 2356 tua
363 2315 553 2367 quaesivi.

195 2370 265 2412 Ab
291 2372 407 2412 omni
431 2372 500 2412 via
523 2371 636 2412 mala
664 2371 867 2424 prohibui
891 2385 964 2424 pe-

145 2426 222 2468 des
232 2439 368 2468 meos:
379 2427 402 2453 *
412 2432 460 2469 ut
475 2427 720 2469 custodiam
731 2427 864 2469 verba
878 2432 963 2469 tua.

195 2483 236 2523 A
262 2482 429 2534 judiciis
457 2484 542 2525 tuis
570 2497 658 2524 non
686 2483 912 2525 declinavi:
940 2485 963 2509 *

146 2538 245 2589 quia
263 2543 311 2579 tu
329 2539 470 2590 legem
488 2540 673 2592 posuisti
691 2539 804 2580 mihi.

196 2594 334 2644 Quam
359 2594 502 2636 dulcia
526 2595 722 2636 faucibus
745 2595 854 2636 meis
878 2595 962 2637 elo-

146 2650 246 2700 quia
263 2654 348 2700 tua,
366 2651 390 2676 *
410 2664 540 2703 super
558 2651 643 2692 mel
663 2651 729 2692 ori
746 2651 860 2692 meo!

871 202 931 234 Ad
956 202 1119 237 Sextum.

1021 296 1172 346 pterea
1200 293 1318 335 odivi
1350 307 1523 336 omnem
1550 296 1664 336 viam
1691 296 1841 347 iniqui-

1022 350 1135 391 tatis.

1072 406 1270 448 Lucerna
1301 407 1486 459 pedibus
1518 408 1626 449 meis
1659 408 1841 449 verbum

1020 467 1153 511 tuum,
1172 463 1196 488 *
1216 467 1258 504 et
1276 463 1421 505 lumen
1441 464 1604 505 semitis
1623 465 1741 505 meis.

1072 519 1096 559 J
1099 519 1231 568 uravi,
1251 525 1294 560 et
1313 520 1446 561 statui
1461 521 1483 545 *
1499 520 1717 561 custodire
1737 520 1840 572 judi-

1021 575 1087 615 cia
1106 575 1278 625 justitiae
1298 581 1396 616 tuae.

1071 631 1334 673 Humiliatus
1385 646 1480 673 sum
1527 635 1840 684 usquequaque

1020 687 1220 729 Demine:
1247 689 1270 713 *
1299 689 1470 729 vivifica
1501 701 1570 729 me
1603 688 1839 730 secundum

1020 743 1201 784 verbum
1220 749 1353 785 tuum.

1071 800 1329 842 Voluntaria
1353 802 1442 842 oris
1464 801 1549 842 mei
1568 800 1840 853 beneplacita

1019 856 1325 898 facDeminet*
1334 862 1377 898 et
1387 857 1543 909 judicia
1555 862 1629 898 tua
1641 856 1750 898 doce
1760 870 1839 898 me.

1070 912 1229 953 Anima
1243 926 1339 954 mea
1350 914 1392 953 in
1403 913 1602 954 manibus
1613 913 1720 954 meis
1733 926 1839 954 sem-

1018 981 1111 1020 per:
1130 969 1153 993 *
1173 974 1215 1010 ct
1238 969 1378 1020 legem
1402 975 1521 1011 tuam
1545 982 1631 1009 non
1652 982 1746 1010 sum
1766 969 1838 1010 ob-

1018 1024 1131 1065 litus.

1069 1081 1313 1122 Posuerunt
1345 1084 1600 1134 peccatores
1636 1081 1838 1133 laqueum

1018 1137 1136 1177 mihi:
1169 1138 1192 1163 *
1225 1143 1269 1179 et
1302 1137 1355 1179 de
1387 1138 1602 1179 mandatis
1634 1138 1719 1179 tuis
1752 1151 1837 1179 non

1019 1194 1170 1234 erravi.

1069 1249 1339 1291 Haereditate
1359 1250 1569 1302 acquisivi
1589 1250 1838 1291 testimonia

1017 1310 1092 1346 tua
1115 1306 1160 1346 in
1185 1309 1408 1347 aeternum:
1432 1307 1455 1332 *
1481 1307 1582 1358 quia
1606 1306 1837 1347 exsultatio

1019 1361 1163 1403 cordis
1182 1363 1267 1403 mei
1286 1368 1395 1404 sunt.

1068 1418 1276 1459 Inclinavi
1297 1431 1372 1459 cor
1387 1431 1530 1459 meum
1546 1418 1601 1459 ad
1616 1418 1836 1459 faciendas

1016 1474 1343 1525 justificatienes
1368 1480 1465 1515 tuas
1492 1475 1536 1514 in
1564 1477 1789 1523 aeternum,
1814 1475 1836 1500 *

1017 1535 1199 1582 propter
1218 1530 1557 1572 retributionem.

1063 1645 1219 1695 niquos
1253 1642 1355 1684 odio
1388 1642 1534 1684 habui:
1565 1644 1588 1669 *
1621 1648 1665 1684 et
1696 1643 1835 1694 legem

1093 1705 1213 1741 tuam
1233 1698 1373 1740 dilexi.

1067 1755 1255 1807 Adiutor
1275 1760 1317 1797 et
1332 1757 1561 1807 susceptor
1576 1768 1697 1796 meus
1713 1768 1758 1796 es
1774 1760 1835 1796 tu:

1016 1813 1039 1838 *
1055 1817 1099 1853 et
1116 1812 1159 1852 in
1179 1811 1359 1853 verbum
1379 1817 1500 1852 tuum
1521 1811 1834 1863 supersperavi.

1067 1867 1294 1909 Declinate
1310 1881 1335 1908 a
1348 1880 1417 1908 me
1432 1867 1620 1917 maligni:
1631 1868 1653 1894 -*
1665 1872 1708 1908 et
1719 1880 1833 1908 scru-

1015 1923 1144 1965 tabor
1162 1923 1366 1964 mandata
1384 1923 1467 1964 Dei
1486 1923 1580 1964 mei.

1067 1980 1249 2031 Sascipe
1268 1992 1336 2020 me
1358 1978 1597 2020 secundum
1616 1979 1835 2030 eloquium

1016 2040 1154 2085 tuum,
1183 2040 1226 2076 et
1250 2035 1407 2076 vivam:
1426 2036 1449 2061 *
1475 2040 1518 2076 et
1545 2047 1631 2076 non
1661 2035 1834 2076 confun-

1017 2090 1095 2132 das
1114 2103 1183 2132 me
1203 2090 1257 2133 ab
1277 2091 1603 2144 exspectatione
1622 2104 1728 2132 mea.

1068 2146 1238 2198 Adjuva
1265 2160 1353 2197 me,
1382 2151 1425 2188 et
1453 2146 1597 2188 salvus
1627 2159 1716 2188 ero:
1740 2148 1763 2173 *
1791 2150 1834 2187 et

1015 2203 1261 2245 meditabor
1284 2203 1327 2244 in
1350 2202 1724 2255 justificationibus
1748 2202 1833 2243 tuis

1017 2272 1199 2311 semper.

1067 2315 1278 2367 Sprevisti
1315 2327 1464 2356 omnes
1500 2314 1772 2356 discedentes
1809 2327 1834 2355 a

1015 2371 1182 2423 judiciis
1206 2371 1306 2412 tuis:
1324 2371 1347 2396 *
1368 2371 1467 2422 quia
1490 2371 1646 2422 injusta
1673 2370 1832 2420 cogitaโ

1015 2427 1077 2468 tio
1098 2429 1258 2468 eorum.

1065 2483 1407 2524 Praevaricantes
1448 2483 1646 2534 reputavi
1682 2494 1831 2523 omnes

1014 2541 1270 2592 peccatores
1294 2544 1437 2580 terrae:
1455 2539 1478 2564 *
1498 2538 1596 2579 ideo
1621 2537 1752 2579 dilexi
1771 2542 1829 2578 te-

1016 2595 1216 2636 stimenia
1235 2600 1319 2636 tua.

1067 2651 1245 2702 Confige
1263 2651 1419 2692 timore
1438 2655 1513 2691 tuo
1531 2662 1681 2691 carnes
1696 2661 1829 2690 meas:

196 2705 237 2745 A
259 2706 475 2748 mandatis
493 2707 580 2748 tuis
597 2707 802 2749 intellexi:
821 2708 844 2733 *
862 2719 960 2761 proฮ
983 2707 990 2769 ฮ
1013 2708 1037 2733 *
1056 2720 1082 2748 a
1099 2707 1267 2759 judiciis
1286 2707 1400 2748 enim
1418 2707 1504 2747 tuis
1523 2706 1656 2747 timui.
