2040 2990
604 224 705 258 Insra
731 224 1023 258 chdomadam
1051 223 1069 257 i.
1097 228 1185 266 post
1209 222 1477 266 Epiphaniam.

195 326 291 374 lem,
306 328 349 365 et
363 323 458 364 haec
473 323 692 364 consentit
706 321 905 363 habitare
920 334 1019 362 cum

194 381 285 429 illo,
309 392 396 421 non
416 378 608 420 dimittat
627 378 755 419 illam.
797 378 853 419 Et
877 377 914 418 si
934 389 1018 429 qua

194 437 348 478 mulier
374 435 517 477 fidelis
542 434 676 476 habet
701 434 842 475 virum
870 432 1017 474 infide-

193 494 294 542 lem,
314 498 357 535 et
375 492 445 534 hic
466 491 683 533 consentit
702 490 900 532 habitare
920 502 1018 531 cum

193 550 287 600 illa,
315 562 403 590 non
432 547 622 590 dimittat
647 548 803 589 virum:
832 546 1017 587 sanctifi-

194 608 318 648 catus
340 610 407 648 est
423 605 537 647 enim
554 605 618 645 vir
632 603 818 645 infidelis
833 615 913 656 per
928 615 1017 643 mu-

193 663 343 705 lierem
369 661 559 712 fidelem,
588 666 631 703 et
658 660 927 702 sanctificata
953 663 1018 700 est

193 720 347 761 mulier
365 718 553 760 infidelis
571 731 651 771 per
667 718 807 758 virum
827 715 1018 758 fidelem:

193 776 388 829 alioquin
427 775 507 816 filii
540 775 674 816 vestri
706 772 917 815 immundi
954 785 1016 814 es-

194 838 301 882 sent,
320 845 435 874 nunc
454 837 600 874 autem
620 831 758 872 sancti
778 835 888 871 sunt.

414 976 448 1011 F
463 986 486 1011 e
500 986 520 1010 r
531 974 544 1010 i
557 985 582 1010 a
611 975 639 1012 S
655 985 678 1010 e
694 986 721 1010 x
734 978 750 1010 t
765 984 801 1011 a.

195 1044 262 1084 De
290 1040 488 1094 Epistola
516 1041 656 1093 prima
679 1040 735 1082 ad
760 1039 1018 1082 Corinthios.

295 1112 447 1153 Lectio
468 1112 492 1152 i.
734 1112 837 1164 Cap.
856 1113 913 1153 13.

195 1184 279 1229 (²551
294 1177 452 1229 linguis
467 1176 694 1218 hominum
708 1176 863 1228 loquar
879 1180 922 1217 et
932 1176 1018 1216 An-

200 1234 261 1280 Q)
286 1234 498 1285 gelorum,
518 1233 747 1274 caritatem
767 1237 913 1274 autem
931 1244 1018 1273 non

193 1292 397 1340 habeam,
426 1290 566 1331 factus
595 1302 691 1330 sum
716 1289 836 1331 velut
861 1301 923 1330 aes
952 1301 1018 1330 so-

193 1361 317 1398 nans,
344 1352 419 1389 aut
448 1345 695 1399 cymbalum
723 1346 922 1387 tinniens.
962 1346 1019 1387 Et

194 1406 231 1447 si
246 1404 441 1446 habuero
456 1402 744 1456 prophetiam,
765 1407 808 1444 et
822 1402 1020 1444 noverim

194 1461 402 1515 mysteria
427 1460 589 1509 omnia,
617 1464 660 1501 et
687 1472 862 1501 omnem
885 1459 1020 1500 scien-

194 1520 315 1560 tiam:
341 1522 384 1560 et
409 1517 445 1558 si
467 1516 663 1558 habuero
684 1529 858 1558 omnem
876 1515 1020 1565 fidem,

195 1576 256 1617 ita
283 1579 331 1616 ut
360 1579 532 1615 montes
558 1573 833 1623 transferam,
869 1573 1020 1614 carita-

196 1637 285 1674 tem
303 1635 450 1672 autem
468 1643 556 1671 non
571 1630 777 1679 habuero,
796 1629 901 1670 nihil
915 1643 1021 1671 sum.

197 1688 254 1730 Et
281 1688 317 1729 si
345 1686 610 1729 distribuero
638 1688 682 1728 in
710 1686 834 1728 cibos
859 1689 1021 1739 paupe-

197 1758 294 1786 rum
322 1757 474 1786 omnes
503 1743 732 1785 facultates
756 1755 893 1792 meas,
922 1747 965 1784 et
986 1743 1022 1783 si

198 1801 421 1843 tradidero
446 1813 607 1853 corpus
626 1813 785 1851 meum,
811 1800 872 1841 ita
890 1803 939 1841 ut
958 1801 1021 1840 ar-

200 1858 341 1907 deam,
363 1857 590 1899 caritatem
615 1861 761 1898 autem
784 1869 871 1898 non
890 1855 1023 1898 habu-

201 1927 288 1965 ero,
307 1913 414 1955 nihil
431 1913 537 1955 mihi
554 1913 747 1966 prodest.

506 1992 657 2033 Lectio
678 1993 715 2032 ii.

277 2062 409 2104 aritas
432 2063 605 2115 patiens
629 2068 711 2113 est,
736 2063 922 2114 benigna
941 2069 1023 2106 est:

287 2119 456 2161 Caritas
471 2131 559 2160 non
575 2120 815 2170 aemulatur,
834 2133 922 2162 non
936 2121 1025 2172 agit

201 2179 451 2230 perperam,
489 2188 577 2216 non
608 2176 801 2226 inflatur,
839 2189 927 2218 non
959 2182 1025 2219 est

202 2232 449 2281 ambitiosa,
494 2245 582 2274 non
620 2233 776 2285 quaerit
812 2246 911 2285 quae
947 2247 1026 2276 sua

203 2295 313 2340 sunt,
331 2302 419 2331 non
433 2289 636 2338 irritatur,
655 2301 742 2330 non
762 2291 925 2341 cogitat
939 2305 1024 2333 ma-

202 2347 309 2396 lum,
335 2359 423 2388 non
447 2345 610 2396 gaudet
632 2358 764 2398 super
787 2347 1025 2400 iniquitate,

204 2402 452 2453 congaudet
485 2407 632 2443 autem
659 2402 849 2444 veritati:
882 2405 1025 2446 omnia

171 2482 174 2484 >
207 2459 374 2509 suffert,
403 2458 549 2500 omnia
577 2457 731 2508 credit,
759 2460 903 2501 omnia
932 2475 1026 2513 spe-

205 2521 287 2565 rat,
317 2516 462 2556 omnia
487 2515 683 2556 sustinet.
720 2515 888 2557 Caritas
908 2530 1027 2558 num-

207 2585 337 2625 quam
359 2571 533 2613 excidit:
556 2571 647 2612 sive
665 2571 911 2624 prophetiae
932 2586 1027 2615 eva-

206 2628 465 2678 cuabuntur,
491 2628 581 2669 sive
604 2628 763 2679 linguae
783 2629 1027 2679 cessabunt,

208 2686 301 2727 sive
320 2685 499 2726 scientia
520 2684 778 2726 destruetur.
815 2686 881 2726 Ex
904 2692 1027 2738 parte

208 2742 321 2784 enim
337 2741 651 2793 cognoscimus,
669 2746 711 2783 et
727 2755 780 2783 ex
796 2747 920 2794 parte
931 2756 1027 2794 pro-

1070 319 1313 372 phetamus.
1329 318 1439 360 Cum
1446 321 1592 359 autem
1599 315 1768 358 venerit
1777 313 1895 367 quod

1070 374 1314 428 perfectum
1342 379 1425 424 est,
1459 372 1741 416 evacuabitur
1774 370 1895 424 quod

1071 445 1126 474 ex
1144 436 1270 485 parte
1290 435 1368 473 est.

1368 505 1522 547 Lectio
1541 505 1597 546 iii.

1071 565 1219 674 Cum
1252 579 1395 609 essem
1427 564 1651 618 parvuluS,
1682 563 1896 616 loquebar

1159 628 1207 666 ut
1231 622 1455 676 parvulus,
1481 620 1706 675 sapiebam
1728 625 1777 662 ut
1798 622 1895 674 par-

1070 681 1216 730 vulus,
1271 678 1522 731 cogitabam
1575 682 1623 719 ut
1676 676 1896 730 parvulus.

1071 736 1256 788 Quando
1277 741 1422 777 autem
1442 735 1582 776 factus
1601 747 1697 775 sum
1710 733 1787 783 vir,
1807 745 1897 774 eva-

1071 794 1197 835 cuavi
1217 806 1316 846 quae
1337 797 1460 834 erant
1478 791 1661 845 parvuli.
1680 789 1895 832 Videmus

1070 863 1185 892 nunc
1211 862 1291 903 per
1320 849 1547 902 speculum
1578 849 1621 889 in
1649 849 1895 899 aenigmate:

1070 912 1174 949 tunc
1194 911 1340 949 autem
1360 906 1470 948 facie
1490 905 1546 947 ad
1569 905 1736 947 faciem.
1766 903 1895 946 Nunc

1071 966 1292 1016 cognosco
1334 976 1387 1005 ex
1428 966 1568 1015 parte:
1612 967 1717 1003 tunc
1749 964 1895 1002 autem

1071 1022 1351 1072 cognoscam,
1376 1020 1488 1061 sicut
1508 1024 1552 1061 et
1570 1018 1771 1069 cognitus
1789 1029 1895 1058 sum.

1070 1077 1199 1119 Nunc
1231 1081 1377 1118 autem
1408 1080 1586 1118 manent
1617 1073 1746 1123 fides,
1783 1085 1896 1126 spes,

1072 1134 1247 1175 caritas:
1266 1133 1349 1175 tria
1366 1132 1474 1174 haec.
1501 1132 1638 1184 Maior
1658 1135 1804 1173 autem
1820 1129 1896 1171 ho-

1072 1204 1169 1232 rum
1189 1194 1256 1232 est
1274 1190 1444 1232 caritas.

1341 1327 1629 1364 Sabbata

1072 1391 1137 1432 De
1162 1389 1363 1443 Epistola
1388 1388 1531 1442 prima
1558 1387 1616 1429 ad
1637 1386 1897 1429 Corinthios.

1174 1463 1327 1505 Lectio
1347 1462 1371 1503 i.
1611 1461 1714 1514 Cap.
1733 1462 1792 1502 16.

1104 1537 1153 1612 3
1169 1539 1192 1568 e
1213 1525 1410 1568 collectis
1429 1528 1589 1574 autem,
1609 1523 1707 1577 quae
1725 1522 1835 1564 fiunt
1852 1523 1897 1564 in

1131 1549 1163 1627 )
1187 1587 1378 1632 sanctos,
1404 1582 1516 1623 sicut
1540 1580 1739 1622 ordinavi
1763 1579 1897 1622 eccle—

1075 1641 1149 1682 siis
1169 1639 1373 1687 Galatiae,
1396 1638 1456 1679 ita
1475 1642 1519 1679 et
1538 1650 1618 1678 vos
1638 1636 1779 1679 facite.
1811 1636 1898 1678 Per

1074 1710 1204 1739 unam
1215 1694 1387 1738 sabbati
1396 1696 1696 1747 unusquisque
1704 1697 1898 1735 vestrum

1076 1752 1195 1807 apud
1214 1765 1261 1794 se
1282 1753 1481 1805 seponat,
1508 1749 1751 1792 recondens
1778 1748 1899 1801 quod

1077 1811 1117 1852 ei
1134 1810 1247 1852 bene
1265 1808 1495 1862 placuerit:
1517 1812 1567 1849 ut
1584 1819 1687 1857 non,
1711 1819 1811 1848 cum
1822 1807 1898 1847 ⁶ve-
1973 1826 1977 1829 ·

1076 1879 1194 1916 nero,
1213 1871 1318 1908 tunc
1338 1865 1535 1907 collectae
1554 1864 1672 1905 fiant.
1699 1863 1809 1905 Cum
1827 1875 1899 1904 au-

1075 1929 1165 1966 tem
1183 1935 1380 1977 praesens
1399 1922 1539 1964 fuero:
1559 1933 1670 1974 quos
1688 1918 1899 1973 probave-

1076 1981 1171 2022 ritis
1189 1992 1269 2033 per
1284 1978 1505 2032 epistolas,
1524 1978 1606 2020 hos
1619 1977 1791 2019 mittam
1804 1982 1900 2029 per-

1077 2038 1190 2079 ferre
1221 2037 1408 2088 gratiam
1440 2039 1632 2078 vestram
1657 2034 1703 2075 in
1729 2033 1753 2074 J
1755 2037 1900 2075 enisa-

1077 2094 1173 2142 lem.
1210 2092 1340 2144 Quod
1366 2093 1403 2134 si
1428 2091 1607 2144 dignum
1632 2091 1760 2132 fuerit
1783 2094 1833 2132 ut
1857 2094 1901 2131 et

1078 2163 1159 2202 ego
1180 2162 1288 2200 eam,
1305 2162 1476 2191 mecum
1495 2148 1630 2190 ibunt.

1384 2221 1535 2264 Lectio
1555 2221 1594 2262 ii.

1169 2289 1310 2330 eniam
1332 2294 1477 2330 autem
1498 2287 1555 2329 ad
1574 2299 1669 2337 vos,
1695 2300 1795 2328 cum
1811 2287 1900 2328 Ma-

1182 2344 1412 2388 cedoniam
1447 2346 1759 2398 pertransiero:
1800 2356 1902 2385 nam

1078 2402 1383 2446 Macedoniam
1418 2400 1706 2454 pertransibo.
1767 2399 1901 2453 Apud

1078 2473 1159 2502 vos
1191 2463 1337 2500 autem
1370 2458 1554 2504 forsitan
1587 2456 1791 2507 manebo,
1832 2456 1902 2498 vel

1080 2517 1211 2559 etiam
1237 2514 1455 2556 hiemabo:
1485 2518 1533 2556 ut
1561 2526 1639 2555 vos
1667 2526 1737 2555 me
1766 2512 1898 2555 dedu—

1081 2573 1188 2616 catis
1209 2575 1488 2624 quocumque
1511 2573 1615 2612 iero.
1646 2570 1762 2612 Nolo
1787 2569 1901 2611 enim

1080 2643 1160 2672 vos
1178 2628 1312 2671 modo
1330 2629 1373 2669 in
1388 2627 1574 2669 transitu
1588 2627 1752 2669 videre:
1770 2638 1901 2679 spero

1081 2687 1195 2729 enim
1231 2698 1301 2727 me
1337 2684 1654 2736 aliquantulum
1689 2682 1901 2736 temporis

1080 2744 1255 2785 manere
1274 2741 1393 2795 apud
1412 2754 1502 2791 VOS,
1524 2741 1560 2782 si
1575 2740 1789 2782 Dominus
1806 2751 1901 2792 per-
