2080 2990
654 225 827 258 Officium
855 235 1014 267 parvum
1042 225 1081 258 Β.
1108 226 1239 258 Maria.-
1267 226 1366 258 Yiru.

489 320 651 357 Oratio.

155 374 392 479 Protege
412 376 599 417 Domine
619 377 834 428 populum
851 381 985 427 tuum,

262 436 305 473 et
329 432 646 484 Apostolorum
673 434 849 474 tuorum
867 433 987 474 Petri

159 491 203 528 et
222 487 363 537 Pauli,
393 492 435 529 et
461 487 645 528 aliorum
668 488 987 540 Apostolorum

157 543 402 594 patrocinio
432 542 745 593 confidentem,
772 546 987 596 perpetua

158 597 412 640 defensione
433 601 656 640 conserva.

240 684 364 713 mnes
379 672 526 713 Sancti
538 672 612 722 tui,
633 674 882 723 quaesumus
897 672 985 712 Do-

257 727 387 777 mine,
411 740 491 768 nos
511 727 674 780 ubique
695 727 912 779 adjuvent:
938 732 986 769 ut

158 782 263 824 dum
286 786 438 824 eorum
461 783 615 824 merita
638 783 885 830 recolimus,
911 796 985 835 pa-

156 839 341 879 trocinia
359 839 611 880 sentiamus:
631 844 674 880 et
693 851 849 891 pacem
866 843 986 879 tuam

156 894 318 935 nostris
342 893 536 935 concede
557 893 843 946 temporibus,
867 899 911 935 et
930 893 984 935 ab

156 949 355 990 Ecclesia
381 955 457 991 tua
490 955 691 991 cunctam
722 949 886 1002 repelle
914 962 984 990 ne-

158 1005 354 1056 quitiam:
379 1005 476 1054 iter,
504 1010 641 1054 actus,
668 1010 712 1046 et
735 1005 985 1046 voluntates

156 1066 341 1111 nostras,
359 1066 403 1102 et
417 1062 611 1102 omnium
625 1061 886 1102 famulorum
899 1063 986 1102 tuo-

156 1129 271 1167 rum,
307 1117 351 1158 in
384 1117 536 1158 salutis
568 1123 658 1158 tuae
690 1117 984 1169 prosperitate

157 1171 366 1225 dispone:
419 1172 773 1214 benefactoribus
823 1173 984 1213 nostris

157 1229 422 1280 sempiterna
435 1228 552 1269 bona
567 1228 771 1278 retribue,
791 1233 834 1269 et
851 1228 983 1268 omni-

155 1283 237 1325 bus
280 1283 482 1325 fidelibus
528 1283 744 1325 defunctis
789 1283 985 1335 requiem

157 1341 366 1381 aeternam
394 1339 599 1381 concede.
632 1340 716 1380 Per
736 1340 984 1380 Dominum.

319 1426 398 1467 Ad
417 1424 822 1475 completorium.

210 1494 302 1533 Ave
321 1492 469 1533 Maria.
494 1500 539 1534 ut
560 1507 701 1545 supra.

214 1551 264 1602 V.
287 1556 507 1597 Converte
533 1567 615 1596 nos
638 1553 759 1594 Deus
783 1553 985 1594 salutaris

155 1617 317 1709 11οὲ161.
359 1614 408 1664 Rg.
432 1611 490 1651 Et
514 1611 662 1651 averte
684 1609 794 1650 iram
816 1613 938 1649 tuam
961 1621 986 1649 a

155 1681 408 1774 novis-Deus
426 1726 470 1766 in
488 1723 762 1776 adjuterium.

419 1800 617 1840 Psalmus
646 1801 728 1839 128.

165 1866 362 1918 f‘ssiaepe
391 1860 751 1911 expugnaverunt
776 1870 846 1898 me
875 1870 900 1897 a
927 1858 984 1909 ju-

165 1899 255 1954 ¹5¹&
283 1918 461 1956 ventute
497 1926 614 1962 mea,
654 1914 678 1939 *
719 1913 837 1954 dicat
872 1925 986 1953 nunc

164 1929 256 1998 ¹⁴3³)
282 1970 430 2011 Israel.

209 2031 338 2083 Saepe
374 2031 732 2082 expugnaverunt
765 2040 835 2068 me
870 2040 895 2068 a
927 2028 984 2079 ju-

158 2090 338 2128 ventute
358 2098 470 2127 mea:
493 2086 516 2111 *
541 2085 700 2126 etenim
722 2095 809 2124 non
832 2084 985 2135 potue-

159 2147 259 2184 runt
276 2142 393 2183 mihi.

210 2202 352 2256 Supra
375 2201 556 2243 dorsum
580 2213 727 2241 meum
750 2198 986 2240 fabricave-

159 2262 260 2299 runt
277 2259 549 2310 peccatores:
572 2258 596 2284 *
614 2255 988 2308 prolongaverunt

159 2313 433 2365 iniquitatem
453 2326 587 2354 suam.

237 2373 452 2414 Dominus
476 2374 613 2424 justus
640 2371 831 2413 concidit
854 2371 987 2411 cervi-

161 2441 234 2469 ces
270 2430 573 2481 peccatorum:
609 2428 632 2453 *
669 2425 989 2468 confundantur

162 2488 206 2524 et
229 2486 541 2524 convertantur
563 2485 804 2524 retrorsum
826 2493 988 2530 omneS,

163 2539 237 2590 qui
257 2538 444 2580 oderunt
461 2538 577 2579 Sion.

216 2599 343 2639 Fiant
369 2599 481 2639 sicut
508 2599 673 2639 foenum
699 2599 935 2639 tectorum:
965 2596 989 2620 *

164 2654 285 2706 quod
299 2654 555 2706 priusquam
570 2653 791 2702 evellatur,
807 2651 990 2692 exaruit:

214 2714 282 2753 De
321 2725 408 2764 quo
450 2725 538 2754 non
577 2712 775 2764 implevit
814 2723 990 2751 manum

318 2854 381 2878 Pars
397 2853 530 2878 Hiemalis.

1772 221 1866 265 [149]

1040 327 1163 356 suam
1190 315 1263 366 qui
1288 316 1427 365 metit,
1455 317 1478 342 *
1507 322 1550 358 et
1575 317 1716 357 sinum
1742 330 1867 357 suum

1040 371 1115 422 qui
1133 371 1380 423 manipulos
1399 371 1573 422 colligit.

1090 427 1147 468 Et
1163 439 1250 467 non
1266 426 1469 468 dixerunt
1483 428 1557 478 qui
1570 428 1867 480 praeteribant:

1041 482 1298 523 Benedictio
1332 483 1510 523 Domini
1544 496 1675 536 super
1708 497 1807 525 vos:
1843 486 1867 511 *

1039 537 1342 579 benediximus
1366 538 1492 579 vobis
1515 539 1558 578 in
1576 540 1750 580 nomine
1770 540 1867 580 Dfii.

1095 593 1246 634 Gloria
1270 594 1400 635 Patri.

1300 657 1499 695 psalmus
1524 658 1605 695 125».

1039 710 1154 813 De
1171 706 1402 758 profundis
1420 706 1604 747 clamavi
1622 707 1677 748 ad
1697 711 1739 748 te
1755 708 1866 748 Due:

1134 763 1158 789 *
1170 762 1359 803 Domine
1375 762 1533 803 exaudi
1546 775 1700 804 vocem
1710 775 1867 803 meam:

1089 817 1217 859 Fiant
1244 831 1371 859 aures
1398 823 1486 859 tuae
1519 818 1815 867 intendentes,
1842 819 1866 845 *

1038 874 1083 913 in
1102 886 1259 914 vocem
1279 873 1603 926 deprecationis
1622 887 1744 916 meae.

1090 930 1134 970 Si
1162 930 1415 980 iniquitates
1443 930 1750 971 observaveris
1778 930 1866 970 Do-

1038 985 1169 1026 mine:
1189 986 1212 1010 *
1231 985 1419 1027 Domine
1440 986 1536 1038 quis
1556 985 1806 1027 sustinebit?

1092 1041 1203 1090 Quia
1231 1041 1349 1093 apud
1376 1046 1421 1082 te
1448 1042 1705 1093 propitiatio
1735 1046 1815 1082 est:
1843 1042 1866 1067 *

1040 1101 1083 1137 et
1106 1101 1288 1148 propter
1312 1097 1454 1148 legem
1479 1101 1599 1138 tuam
1619 1097 1802 1138 sustinui
1822 1101 1866 1137 te

1038 1152 1237 1193 Domine.

1090 1207 1302 1248 Sustinuit
1339 1208 1484 1248 anima
1519 1221 1617 1249 mea
1653 1208 1696 1248 in
1729 1207 1865 1248 verbo

1039 1264 1143 1314 ejus:
1163 1265 1187 1290 ¹⁸¹
1202 1264 1396 1315 speravit
1417 1264 1558 1304 anima
1576 1276 1674 1305 mea
1691 1264 1735 1303 in
1754 1264 1865 1304 Dfio.

1090 1320 1131 1358 A
1164 1319 1366 1360 custodia
1398 1322 1612 1360 matutina
1641 1331 1780 1370 usque
1810 1319 1866 1360 ad

1038 1379 1226 1415 noctem:
1244 1376 1268 1402 *
1283 1379 1431 1427 speret
1450 1375 1587 1415 Israel
1602 1375 1645 1415 in
1663 1375 1865 1415 Domino.

1091 1430 1203 1480 Quia
1227 1430 1346 1482 apud
1363 1431 1600 1471 Dominum
1623 1430 1865 1471 misericor-

1039 1485 1124 1526 dia:
1153 1487 1176 1513 *
1205 1492 1248 1527 et
1282 1486 1461 1538 copiosa
1493 1486 1611 1538 apud
1640 1499 1739 1526 eum
1767 1485 1864 1526 red-

1039 1542 1214 1593 emptio.

1088 1597 1145 1638 Et
1160 1598 1254 1649 ipse
1269 1597 1455 1638 redimet
1468 1596 1616 1646 Israel,
1626 1598 1650 1623 *
1662 1609 1716 1637 ex
1731 1596 1866 1637 omni-

1042 1652 1124 1693 bus
1142 1652 1445 1704 iniquitatibus
1465 1653 1566 1703 eius.

1093 1708 1245 1749 Gloria
1268 1709 1399 1750 Patri.

1305 1773 1499 1811 psalmus
1522 1774 1611 1810 131».

1129 1821 1273 1862 omine
1304 1833 1391 1860 non
1425 1825 1491 1860 est
1523 1819 1760 1860 exaltatum
1790 1832 1866 1860 cor

1141 1889 1301 1916 meum.
1320 1878 1343 1903 *
1362 1887 1503 1926 neque
1520 1875 1622 1915 elati
1637 1879 1736 1915 sunt
1752 1874 1866 1915 oculi

1037 1932 1134 1973 mei.

1089 1988 1246 2051 Neque
1262 1986 1507 2027 ambulavi*
1496 1972 1539 2026 111
1554 1985 1735 2036 magnis:
1753 1985 1776 2010 *
1794 1997 1864 2025 ne-

1041 2056 1125 2094 que
1145 2043 1189 2083 in
1206 2041 1476 2083 mirabilibus
1496 2054 1628 2094 super
1646 2054 1727 2082 me.

1091 2098 1135 2139 Si
1171 2111 1259 2139 non
1292 2097 1512 2138 humiliter
1546 2095 1806 2138 sentiebam:
1843 2096 1866 2121 *

1040 2154 1119 2195 sed
1139 2154 1327 2195 exaltavi
1347 2153 1536 2194 animam
1554 2165 1712 2193 meam:

1092 2210 1211 2251 Sicut
1231 2209 1474 2250 ablactatus
1492 2213 1558 2249 est
1577 2220 1710 2274 super
1729 2211 1866 2247 matre

1041 2267 1176 2315 sua,*
1199 2266 1259 2306 ita
1282 2263 1545 2306 retributio
1534 2277 1578 2303 111
1599 2263 1741 2303 anima
1758 2275 1866 2302 mea.

1090 2321 1247 2374 Speret
1273 2319 1410 2361 Israel
1442 2321 1486 2360 in
1514 2319 1724 2366 Domino,
1757 2319 1780 2344 *
1813 2329 1866 2357 ex

1040 2377 1126 2418 hoc
1144 2389 1260 2418 nunc
1279 2380 1322 2417 et
1340 2388 1482 2427 usque
1501 2375 1558 2415 111
1564 2373 1783 2414 saeculum.

1095 2432 1248 2473 Gloria
1273 2431 1404 2472 Patri.

1360 2494 1567 2543 Hymnus.

1177 2545 1360 2592 emento,
1379 2554 1525 2583 rerum
1545 2540 1766 2589 Conditor,

1195 2599 1349 2639 Nostri
1369 2596 1489 2649 quod
1509 2596 1613 2637 olim
1633 2594 1840 2647 corporis,

1119 2654 1299 2695 Sacrata
1317 2653 1371 2694 ab
1391 2652 1489 2693 alvo
1510 2651 1703 2701 Virginis

1121 2709 1356 2750 Nascendo
1376 2708 1560 2748 formam
1578 2704 1827 2758 sumpseris.

1604 2834 1660 2868 Κ*
