2080 2990
814 212 850 244 111
882 211 1132 244 Dedit-atione
1164 210 1355 243 Ecclesiae.

227 306 357 355 scitis,
374 306 475 357 quia
488 307 677 358 corpora
687 310 833 347 vestra
843 304 1055 358 templum

227 367 327 403 sunt
350 363 537 415 Spiritus
565 362 720 412 sancti,
753 362 827 415 qui
855 362 899 403 in
928 361 1055 403 vobis

227 417 316 460 est?
337 418 393 460 Et
409 418 519 469 ideo,
538 419 695 460 fratres
711 419 932 467 carissimi,
954 418 1055 470 quia

226 474 355 516 nullis
386 475 741 528 praecedentibus
779 475 943 516 meritis
975 487 1055 526 per

224 532 409 582 gratiam
434 532 518 574 Dei
551 532 790 574 meruimus
822 531 918 573 fieri
949 535 1054 572 tem—

225 587 346 640 plum
361 589 455 638 Dei,
477 594 687 641 quantum
703 590 939 642 pessumus
955 599 1054 628 cum

224 645 362 697 ipsius
383 644 601 698 adjutorio
616 645 878 695 laboremus,
897 657 951 686 ne
966 644 1053 684 Do-

224 701 366 743 minus
394 706 544 743 noster
571 702 615 742 in
642 701 809 754 templo
838 713 935 748 suo,
969 699 1054 741 hoc

226 763 307 808 est,
340 758 383 798 in
415 758 541 800 nobis
574 758 680 811 ipsis
713 758 905 799 inveniat
935 755 1054 808 quod

225 814 378 856 0011108
398 827 489 856 suae
508 815 747 866 majestatis
768 813 971 855 offendat.

284 874 330 924 R.
357 871 595 914 Orantibus
622 872 665 912 in
689 871 789 912 loco
817 871 918 919 isto,
944 873 964 894 *
981 870 1053 910 Di-

223 931 347 970 mitte
373 931 557 982 peccata
583 928 736 981 populi
762 928 825 969 tui
845 927 982 976 Deus,
1012 931 1055 968 et

224 985 409 1027 ostende
429 986 491 1027 eis
506 985 621 1026 viam
635 984 808 1034 bonam,
828 997 907 1037 per
924 996 1055 1036 quam

226 1041 466 1091 ambulent,
499 1046 543 1083 et
575 1041 631 1083 da
662 1041 847 1092 gloriam
880 1041 924 1081 in
953 1040 1053 1082 loco

224 1099 321 1140 isto.
370 1095 417 1145 Y.
445 1098 528 1149 Qui
558 1099 671 1149 regis
699 1097 837 1139 Israel
866 1097 1054 1147 intende,

226 1156 299 1208 qui
337 1155 520 1197 deducis
553 1154 672 1196 velut
710 1167 839 1196 ovem
871 1153 1054 1207 Joseph,

226 1212 298 1264 qui
311 1211 440 1253 sedes
453 1224 585 1264 super
598 1210 843 1252 Cherubim.
858 1211 1054 1252 Dimitte.

286 1268 550 1308 Benedictio.
573 1267 772 1309 Christus
791 1269 1028 1320 perpetuae.

536 1325 687 1366 Lectio
710 1339 745 1364 v.

230 1378 353 1484 Sed
395 1382 693 1424 habitaculum
730 1381 879 1423 cordis
914 1382 1054 1423 nostri

315 1441 551 1480 evacuetur
579 1440 710 1488 vitiis,
743 1443 787 1480 et
818 1438 1054 1479 virtutibus

225 1495 462 1548 repleatur:
504 1496 733 1537 claudatur
774 1494 969 1544 diabolo,
1011 1500 1054 1536 et

224 1552 447 1604 aperiatur
480 1552 670 1594 Christo:
711 1557 755 1593 et
790 1552 851 1593 ita
885 1551 1053 1593 labore-

223 1622 337 1658 mus,
378 1614 426 1650 ut
460 1609 586 1651 nobis
618 1609 836 1650 bonerum
870 1610 1054 1660 eperum

224 1665 421 1707 clavibus
471 1666 643 1718 januam
693 1665 815 1716 regni
860 1665 1053 1707 coelestis

223 1724 393 1774 aperire
417 1724 648 1774 possimus.
684 1722 804 1763 Sicut
829 1722 944 1764 enim
967 1735 1053 1763 ma-

222 1778 275 1836 lis
291 1778 510 1831 operibus,
527 1779 651 1831 quasi
669 1778 931 1831 quibusdam
945 1779 1053 1820 seris

223 1848 274 1877 30
293 1835 503 1885 vectibus,
523 1836 625 1877 vitae
644 1835 771 1877 nobis
791 1836 919 1888 janua
937 1836 1052 1877 clau-

223 1891 354 1933 ditur:
379 1892 440 1933 ita
460 1891 627 1945 absque
647 1892 782 1934 dubio
801 1891 928 1934 bonis
948 1894 1050 1945 ope-

223 1948 343 1990 ribus
362 1951 566 2001 aperitur.
595 1950 651 1991 Et
669 1948 787 1998 ideo,
807 1949 964 1991 fratres
984 1962 1051 1990 03-

223 2006 399 2054 118811111,
454 2008 754 2059 unusquisque
804 2006 1054 2048 consideret

223 2062 535 2104 conscientiam
562 2076 701 2113 suam,
730 2068 773 2104 et
803 2061 979 2115 quando
1006 2075 1053 2104 se

224 2118 373 2170 aliquo
417 2120 596 2160 crimine
638 2119 914 2161 vulneratum
957 2132 1052 2160 esse

224 2175 489 2226 cognoverit,
509 2176 631 2228 prius
652 2175 934 2225 orationibus,
954 2176 1052 2228 jeju—

223 2231 318 2282 niis,
339 2230 409 2272 vel
429 2231 718 2284 eleemosynis
738 2232 915 2274 studeat
932 2246 1052 2274 mun-

224 2287 330 2329 dare
349 2289 660 2330 conscientiam
677 2302 813 2339 suam3
835 2294 878 2331 et
892 2289 955 2330 sic
970 2289 1052 2330 Eu-

224 2344 474 2385 charistiam
493 2348 733 2397 praesumat
753 2348 965 2398 accipere.

284 2401 332 2451 R«.
354 2400 391 2441 Ο
412 2414 544 2453 quam
562 2401 823 2443 metuendus
844 2407 910 2443 est
928 2402 1052 2444 locus

224 2457 320 2499 iste:
344 2458 364 2479 *
380 2458 497 2499 Vere
521 2470 609 2498 non
629 2462 696 2498 est
715 2456 785 2498 hic
810 2458 943 2507 aliud,
971 2458 1053 2499 nisi

225 2512 382 2555 domus
400 2514 494 2563 Dei,
515 2519 558 2555 et
577 2518 706 2566 porta
726 2513 837 2555 coeli.
876 2509 921 2559 δ”.
942 2515 1052 2555 Haec

224 2574 290 2611 est
318 2569 475 2611 domus
503 2570 682 2612 Domini
708 2570 891 2611 firmiter
919 2570 1052 2612 aedifi-

224 2627 340 2675 cata,
375 2625 487 2667 bene
520 2626 701 2668 fundata
729 2631 796 2668 est
823 2640 955 2679 supra
984 2627 1052 2667 fir-

223 2695 339 2723 mam
357 2687 538 2735 petram.
566 2683 693 2724 Vere.

283 2737 443 2777 1301100.
477 2738 620 2790 Ignem
640 2740 706 2780 sui
725 2739 897 2781 amoris.

1412 305 1564 346 Lectio
1586 306 1637 345 vi.

1113 356 1193 463 Si
1213 360 1327 400 enim
1347 361 1591 411 agnoscens
1610 362 1780 401 reatum
1800 373 1938 408 suum,

1195 418 1289 470 ipse
1315 430 1362 458 se
1391 429 1416 457 a
1442 415 1588 458 divino
1615 416 1742 458 altari
1769 415 1936 458 subtra-

1108 476 1235 524 xerit,
1260 475 1348 516 cito
1368 472 1426 514 ad
1443 472 1758 524 indulgentiam
1778 472 1936 515 divinae

1107 530 1422 573 misericerdiae
1449 529 1685 582 perveniet.
1722 530 1833 580 Quia
1858 530 1937 570 sic-

1108 593 1165 638 ut,
1186 588 1260 640 qui
1279 600 1327 629 se
1347 586 1526 635 exaltat,
1545 585 1856 637 humiliabitur3
1877 586 1938 627 ita

1109 658 1132 687 e
1152 645 1392 693 contrario,
1421 643 1496 695 qui
1516 655 1562 683 se
1582 642 1796 692 humiliat,
1823 641 1936 684 exal-

1107 702 1281 743 tabitur.
1310 700 1393 752 Qui
1413 700 1539 749 enim,
1558 699 1671 740 810111
1686 698 1787 748 dixi,
1806 700 1937 750 agno-

1109 771 1235 800 scens
1256 761 1426 799 reatum
1446 769 1589 804 suum,
1616 755 1712 809 ipse
1735 768 1783 796 se
1802 754 1938 796 humi-

1107 815 1206 857 liter
1231 814 1285 856 ab
1310 814 1439 855 altari
1457 812 1668 854 Ecclesiae
1693 824 1774 865 pro
1796 824 1938 853 emen-

1108 870 1286 913 datione
1301 871 1403 913 vitae
1418 871 1647 912 removere
1663 868 1862 918 voluerit,
1882 867 1938 910 ab

1108 929 1274 969 aeterno
1294 927 1369 969 illo
1391 931 1434 968 et
1454 926 1625 968 coelesti
1645 925 1846 967 convivio
1868 937 1938 966 ex-

1108 984 1421 1026 communicari
1446 983 1621 1036 penitus
1645 995 1734 1023 non
1757 981 1938 1023 timebit.

1166 1042 1214 1093 Rg.
1231 1041 1360 1082 Mane
1380 1053 1564 1091 surgens
1583 1038 1721 1080 Jacob
1741 1037 1938 1089 erigebat

1108 1097 1301 1150 lapidem
1319 1097 1363 1138 in
1382 1096 1566 1146 titulum,
1587 1094 1772 1137 fundens
1793 1094 1937 1136 01011111

1108 1153 1314 1207 desuper,
1349 1157 1500 1195 votum
1530 1152 1651 1194 vovit
1681 1152 1890 1193 Domino:
1916 1154 1939 1176 *

1107 1211 1225 1253 Vere
1244 1211 1369 1253 locus
1387 1211 1470 1252 iste
1490 1214 1668 1251 sanctus
1689 1214 1766 1258 est,
1792 1213 1836 1250 et
1854 1220 1937 1258 ego

1107 1268 1368 1310 nesciebam.
1400 1263 1448 1313 Y.
1471 1266 1668 1318 Cumque
1688 1264 1939 1316 evigilasset

1107 1324 1245 1367 Jacob
1266 1324 1321 1366 de
1342 1337 1508 1374 somno,
1528 1323 1598 1364 ait.
1626 1322 1754 1364 Vere.
1787 1321 1938 1363 Gleria

1107 1381 1238 1423 Patri.
1265 1382 1395 1423 Vere.

1324 1462 1373 1500 In
1400 1461 1471 1500 ΠΙ.
1499 1459 1723 1499 Νο01111110.

1166 1531 1263 1571 Ant.
1294 1529 1377 1579 Qui
1405 1528 1572 1571 habitat
1598 1528 1621 1553 *
1649 1527 1692 1569 in
1720 1526 1937 1580 adjutorio

1107 1587 1338 1635 Altissimi,
1363 1587 1406 1626 in
1429 1585 1706 1639 protectiene
1729 1583 1813 1626 Dei
1837 1582 1939 1625 coeli

1107 1642 1462 1685 commorabitur.

1165 1705 1327 1746 Quando
1352 1705 1433 1738 11100
1453 1705 1540 1738 Ant.
1560 1703 1700 1737 dicitur
1719 1704 1881 1747 integra,
1906 1708 1942 1738 et

1115 1754 1167 1786 illi
1195 1764 1268 1787 11011
1297 1753 1451 1786 additur
1477 1753 1512 1785 111
1538 1753 1609 1786 {inc
1630 1750 1815 1794 Alleh'ija,
1851 1757 1939 1786 111110

1114 1802 1295 1844 incipitur
1314 1801 1489 1834 I‘salmus
1509 1800 1608 1834 idem
1627 1811 1647 1833 a
1666 1800 1836 1834 seeundo
1851 1799 1942 1834 Ver-

1113 1861 1175 1883 su:
1203 1850 1313 1885 Dicet
1328 1849 1506 1884 Domino.

1380 1910 1580 1950 Psalmus
1601 1910 1673 1950 90.

1109 1990 1110 1996 ¹
1300 1976 1470 2018 habitat
1495 1976 1538 2016 in
1565 1974 1780 2027 adjutorio
1804 1973 1936 2016 Altis-

1246 2034 1353 2083 simi,
1363 2033 1387 2059 *
1397 2033 1441 2074 in
1454 2032 1730 2086 protectiene
1740 2031 1824 2072 Dei
1835 2030 1935 2072 coeli

1170 2101 1186 2114 2
1207 2086 1229 2114 ‘²²‘
1245 2089 1600 2132 commorabitur.

1113 2167 1286 2272 Dicet
1311 2172 1519 2214 Demino:
1546 2171 1785 2224 Susceptor
1813 2183 1937 2212 meus

1214 2242 1261 2271 es
1296 2234 1362 2279 tu,
1398 2234 1442 2271 et
1478 2228 1692 2279 refugium
1727 2240 1890 2269 meum:
1913 2227 1936 2252 *

1106 2287 1227 2328 Deus
1245 2299 1370 2328 meus
1389 2284 1580 2339 sperabo
1599 2285 1643 2325 in
1663 2297 1774 2326 eum.

1158 2343 1375 2394 Queniam
1411 2343 1505 2395 ipse
1542 2340 1746 2383 liberavit
1777 2354 1846 2382 me
1881 2339 1935 2382 de

1105 2399 1264 2452 laqueo
1298 2398 1565 2447 venantium,
1600 2398 1623 2423 *
1656 2402 1700 2439 et
1741 2410 1766 2438 a
1798 2396 1935 2438 verbo

1106 2458 1276 2509 aspero.

1157 2512 1358 2566 Scapulis
1383 2511 1474 2552 suis
1498 2510 1780 2553 obumbrabit
1799 2509 1893 2552 tibi:
1912 2510 1935 2535 *

1107 2575 1150 2611 et
1170 2569 1251 2611 sub
1270 2569 1424 2622 pennis
1445 2568 1535 2619 ejus
1555 2567 1766 2620 sperabis.

1157 2627 1291 2668 Scuto
1303 2624 1593 2667 circumdabit
1603 2629 1647 2665 10
1659 2624 1820 2665 veritas
1831 2625 1935 2676 ejus:

1106 2684 1128 2709 *
1147 2696 1235 2724 non
1254 2681 1429 2724 timebis
1449 2694 1475 2722 a
1493 2681 1650 2722 11111010
1670 2683 1900 2730 11001111110,

1159 2740 1200 2780 Α
1220 2741 1379 2790 sagitta
1397 2737 1573 2779 volante
1593 2738 1635 2778 in
1654 2737 1740 2787 die,
1761 2749 1787 2778 a
1804 2739 1934 2788 nege-
