2080 2990
724 220 935 254 Commune
962 228 1038 252 non
1064 217 1276 259 Virgilium.

1758 215 1859 260 [109]

142 316 226 358 iter
247 320 447 357 nostrum
472 315 597 367 quasi
617 314 795 366 quidam
814 315 975 356 latrun-

143 372 229 413 culi
248 371 463 413 obsident.
494 370 757 423 Depraedari
778 384 883 421 ergo
904 371 975 412 de·

142 427 318 476 siderat,
335 427 409 479 qui
423 427 679 468 thesaurum
694 426 869 479 publice
884 440 977 480 por-

142 489 208 526 tat
225 484 269 524 in
289 484 369 525 via.
401 484 501 525 Hoc
520 488 667 524 autem
686 482 801 532 dico,
821 496 909 524 non
928 488 977 525 ut

142 540 333 593 preximi
353 541 489 592 opera
507 543 660 580 nostra
678 538 795 580 bona
813 552 901 580 non
916 542 975 580 vi-

143 596 291 645 deant,
324 609 423 637 cum
449 596 662 648 scriptum
685 595 755 636 sit:
783 595 976 637 Videant

144 655 281 705 opera
309 657 458 693 vestra
486 651 620 701 bona,
658 656 703 692 et
729 650 976 702 glorificent

144 710 320 750 Patrem
339 713 552 757 vestrum,
578 707 652 759 qui
676 707 720 747 in
744 706 869 748 coelis
895 713 975 749 est:

143 764 223 806 sed
242 770 291 806 ut
308 777 389 817 per
407 763 508 813 hoc,
534 762 655 816 quod
675 763 859 814 agimus,
887 763 975 804 lau—

144 820 222 862 des
257 820 449 862 exterius
481 833 570 861 non
604 821 864 871 quaeramus.
905 820 976 861 Sic

143 881 291 918 autem
315 876 372 917 sit
396 888 509 928 opus
533 875 578 916 in
596 874 796 928 publico,
827 878 975 928 quate-

142 945 224 974 nus
242 932 425 975 intentio
446 933 622 972 maneat
644 931 689 972 in
713 932 903 973 occulto:
927 937 976 974 ut

143 993 188 1031 et
221 987 276 1031 de
308 988 427 1030 bono
461 990 596 1041 opere
623 988 837 1040 preximis
865 1001 976 1041 prae-

141 1043 325 1087 beamus
353 1043 620 1096 exemplum,
650 1048 693 1085 et
720 1049 868 1085 tamen
895 1057 975 1097 per

141 1101 442 1150 intenti6nem,
468 1113 554 1152 qua
572 1100 670 1141 Deo
695 1100 777 1141 soli
801 1100 975 1153 placere

142 1157 393 1209 quaerimus,
438 1169 613 1209 semper
659 1158 864 1209 optemus
912 1170 976 1198 se-

142 1215 321 1255 cretum.

195 1269 245 1321 Ην.
279 1270 483 1320 Regnum
515 1268 683 1317 mundi,
723 1273 767 1310 et
800 1281 974 1310 omnem

142 1327 346 1367 ornatum
383 1324 533 1366 saeculi
573 1325 835 1377 contempsi,
877 1338 975 1377 pro-

141 1386 242 1434 pter
282 1383 479 1423 amorem
519 1381 698 1422 Demini
743 1381 829 1422 mei
871 1382 896 1421 J
899 1394 976 1422 esu

144 1437 320 1480 Christi:
336 1439 359 1462 *
381 1438 523 1487 Quem
541 1436 642 1486 vidi,
670 1450 801 1489 quem
821 1437 976 1487 amavi,

142 1494 187 1534 in
238 1506 368 1545 quem
414 1493 599 1542 credidi,
655 1506 785 1545 quem
832 1493 976 1534 dilexi.

142 1545 192 1596 V.
229 1549 459 1591 Eructavit
496 1562 573 1591 cor
609 1562 756 1590 meum
792 1549 976 1591 verbum

143 1605 323 1648 bonum:
352 1605 452 1647 dico
478 1618 560 1656 ego
588 1608 725 1658 opera
749 1619 847 1647 mea
873 1607 976 1657 regi.

145 1662 297 1712 Quem.
332 1662 484 1703 Gloria
505 1662 636 1703 Patri.
670 1662 820 1711 Quem.

192 1719 354 1760 Bened.
387 1717 458 1759 Ad
484 1718 755 1760 societatem.

443 1775 597 1816 Lectio
618 1776 672 1815 ix.

221 1831 435 1874 hesaurus
455 1837 602 1874 autem
621 1832 803 1874 coeleste
823 1836 891 1873 est
905 1830 976 1872 de-

227 1887 450 1929 siderium:
469 1901 574 1939 ager
588 1901 706 1937 vero,
721 1888 765 1928 in
782 1900 869 1940 quo
885 1887 976 1928 the—

145 1947 301 1985 saurus
321 1944 618 1994 absconditur,
639 1943 869 1996 disciplina
889 1946 976 1984 stu-

146 1999 207 2041 dii
222 2000 426 2042 coelestis.
450 2001 591 2050 Quem
606 2000 806 2052 profecto
824 2012 978 2050 agrum

146 2055 334 2098 venditis
372 2056 574 2098 Omnibus
617 2058 860 2108 comparat,
905 2056 978 2107 qui

145 2112 447 2166 voluptatibus
458 2113 600 2154 carnis
611 2112 877 2160 renuntians,
886 2124 979 2153 cun-

148 2173 219 2210 cta
237 2181 317 2210 sua
332 2170 506 2210 terrena
522 2168 739 2210 desideria
756 2181 836 2220 per
852 2167 977 2209 disci—

146 2223 278 2277 plinae
312 2224 507 2266 coelestis
542 2223 788 2265 custudiam
821 2224 978 2265 calcat:

146 2285 197 2322 ut
212 2280 320 2322 nihil
342 2282 442 2333 jam,
473 2280 593 2333 quod
617 2293 720 2322 earo
745 2280 977 2329 blanditur,

147 2335 296 2387 h'beat3
323 2336 429 2378 nihil
455 2336 575 2389 quod
600 2336 821 2378 carnalem
844 2337 979 2378 vitam

147 2392 350 2443 trucidat,
370 2393 550 2446 spiritus
569 2392 891 2445 perhorrescat.

201 2451 264 2490 Te
282 2449 427 2490 Deum
445 2448 686 2490 laudamus.
707 2450 766 2488 14.

411 2512 491 2552 Ad
516 2512 715 2553 Laudes

350 2570 402 2598 et
439 2575 538 2608 per
577 2565 771 2599 Horas.

196 2617 297 2657 Ant.
321 2618 351 2657 1.
389 2616 506 2657 Dum
531 2622 648 2658 esset
671 2617 770 2658 Rex
794 2617 816 2641 *
841 2616 885 2656 in
911 2628 979 2656 ac-

150 2671 302 2713 cubitu
320 2684 412 2722 suo,
431 2672 595 2714 nardus
614 2686 714 2715 mea
733 2672 854 2714 dedit
873 2670 978 2713 odo-

149 2741 245 2770 rem
263 2728 501 2770 suavitatis.

1086 315 1243 354 Psalm.
1274 315 1487 356 Dominus
1516 314 1724 365 regnavit.
1761 328 1858 355 cum

1031 371 1220 422 reliquis.
1235 372 1294 411 15.

1082 428 1118 467 2.
1161 428 1209 467 ln
1252 426 1436 468 odorem
1474 428 1497 453 *
1536 429 1859 478 unguentorum

1029 486 1206 526 tuorum
1246 483 1478 533 currimus3
1519 483 1858 524 adolescentulae

1030 541 1276 582 dilexerunt
1298 544 1342 580 te
1366 540 1504 579 nimis.

1083 598 1119 637 3.
1153 596 1247 637 Jam
1280 595 1420 637 hiems
1452 596 1639 644 transiit,
1668 597 1691 621 *
1719 595 1858 637 imber

1030 652 1148 702 abiit,
1168 657 1212 693 et
1230 652 1426 693 recessit:
1446 665 1575 702 surge
1593 654 1733 693 amica
1750 665 1858 701 mea,

1030 714 1073 750 et
1090 709 1199 750 veni.

1084 767 1120 804 4.
1151 764 1261 806 Veni
1289 764 1428 805 electa
1455 777 1569 813 mea,
1588 765 1612 789 *
1632 769 1675 805 et
1697 777 1859 816 ponam

1028 822 1072 861 in
1090 826 1134 862 te
1154 820 1362 862 thronum
1380 833 1538 869 meum,
1558 820 1738 872 alleluja.

1081 880 1117 917 Γ).
1149 879 1236 918 [sta
1261 882 1328 918 est
1352 877 1554 929 speciosa
1573 877 1596 902 *
1616 877 1727 918 inter
1747 877 1858 917 filias

1029 933 1283 975 Jerusalem.

1198 994 1278 1032 l‘ro
1305 994 1495 1043 Martyris
1525 999 1703 1032 tantum.

1135 1054 1392 1104 Capitulum.
1548 1053 1677 1092 Eccli.
1697 1054 1755 1091 51.

1030 1111 1323 1219 Confitebor
1350 1116 1431 1157 tibi
1456 1116 1644 1157 Demine
1671 1117 1783 1164 Rex,
1818 1121 1861 1156 et

1123 1172 1383 1214 collaudabo
1417 1178 1461 1213 te
1493 1173 1638 1213 Deum
1665 1172 1860 1213 Salvato-

1029 1242 1122 1270 rem
1140 1242 1296 1269 meum.
1316 1228 1572 1270 Confitebor
1590 1228 1860 1269 nominituo:

1031 1285 1237 1337 queniam
1272 1284 1445 1336 adjutor
1475 1290 1518 1326 et
1546 1286 1773 1337 protector
1801 1284 1859 1324 fa-

1030 1346 1126 1382 ctus
1156 1354 1203 1382 es
1236 1341 1357 1390 mihi,
1393 1346 1436 1382 et
1468 1341 1664 1382 liberasti
1698 1353 1859 1392 corpus

1029 1410 1175 1439 meum
1195 1410 1220 1438 a
1239 1396 1496 1449 perditione.

1075 1459 1157 1496 l'ro
1188 1471 1265 1496 1100
1296 1457 1474 1502 Virgine
1505 1470 1583 1495 1100
1616 1456 1814 1506 Martyrc.

1134 1517 1393 1568 Capitulum.
1498 1518 1621 1555 l'rov.
1642 1518 1699 1555 531.
1715 1516 1752 1556 b.

1029 1568 1316 1673 Mulierem
1342 1574 1501 1615 fortem
1526 1574 1622 1626 quis
1648 1572 1859 1614 inveniet?

1151 1631 1323 1683 procul,
1351 1635 1395 1672 et
1424 1630 1478 1671 de
1508 1630 1671 1671 ultimis
1699 1629 1860 1670 finibus

1029 1688 1218 1740 pretium
1252 1688 1354 1739 ejus.
1400 1686 1593 1727 Confidit
1624 1686 1667 1726 in
1701 1699 1752 1727 ea
1785 1698 1861 1726 cor

1030 1744 1110 1784 viri
1129 1743 1210 1792 sui,
1231 1748 1275 1784 et
1294 1743 1446 1795 speliis
1465 1755 1553 1783 non
1572 1741 1793 1792 indigebit.

1337 1810 1548 1859 Hymnus.

1161 1864 1302 1900 ortem
1322 1859 1434 1899 virili
1453 1861 1635 1911 pectore

1177 1915 1427 1956 Laudemus
1446 1927 1600 1955 omnes
1620 1914 1835 1962 feminam,

1134 1973 1243 2022 Quae
1263 1971 1507 2012 sanctitatis
1527 1970 1667 2020 gleria

1134 2027 1307 2080 Ubique
1327 2027 1464 2077 fulget
1483 2026 1656 2078 inclyta.

1083 2096 1192 2135 Haec
1213 2098 1366 2134 sancto
1386 2094 1536 2133 amore
1557 2092 1715 2141 saucia,

1134 2150 1252 2190 Dum
1272 2148 1424 2189 mundi
1442 2150 1638 2189 amerem
1657 2148 1836 2189 noxium

1134 2205 1377 2254 Horrescit,
1398 2204 1454 2245 ad
1474 2204 1673 2246 coelestia

1134 2263 1224 2303 Iter
1242 2261 1413 2314 peregit
1432 2260 1628 2302 arduum.

1079 2327 1267 2367 Carnem
1286 2325 1472 2366 domans
1491 2325 1668 2377 iejuniis,

1134 2381 1353 2434 Dulcique
1372 2386 1565 2422 mentem
1584 2380 1748 2433 pabulo

1136 2437 1358 2480 Orati6nis
1378 2438 1585 2486 nutriens,

1136 2494 1247 2536 Coeli
1266 2496 1433 2546 potitur
1451 2492 1632 2543 gaudiis.

1089 2560 1179 2601 Rex
1199 2558 1369 2600 Christe
1388 2558 1526 2598 virtus
1546 2556 1734 2604 fortium,

1136 2615 1221 2665 Qui
1239 2626 1397 2664 magna
1419 2612 1539 2653 solus
1559 2612 1707 2660 efficis,

1136 2672 1276 2722 Hujus
1294 2671 1491 2722 precam,
1512 2670 1772 2719 quaesumus,

1136 2726 1255 2768 Audi
1273 2726 1487 2775 benignus
1507 2723 1738 2777 supplices.
