2040 2990
416 294 472 327 IV.
495 298 541 328 ilc
568 295 759 326 Dominicis.

194 362 205 421 Ι
217 363 253 416 Υ
266 353 408 383 Dominica
421 359 530 387 semper
547 351 578 378 fit
591 350 719 379 Officium
734 349 762 376 in
776 347 927 376 Dominicis
940 346 996 374 Ad-

249 397 358 426 ventus,
381 395 408 420 et
430 392 459 419 in
477 390 630 419 Dominicis
653 397 669 416 a
686 387 891 423 septuagesima
909 393 997 420 usque

185 435 221 463 ad
238 432 409 462 Dominicam
428 431 456 458 in
474 430 554 457 Albis
571 429 711 460 inclusive,
729 433 902 461 quocumque
915 425 997 451 Festo

186 472 294 508 Duplici
304 471 348 498 vcl
357 469 533 504 Semiduplici
546 468 721 495 adveniente:
734 466 798 500 quia
812 469 877 491 tunc
886 465 997 490 Festum

186 511 358 543 transfertur,
375 513 423 536 aut
441 509 476 535 de
493 515 526 535 eo
544 507 574 534 fit
592 504 823 534 commemoratio
842 506 882 534 (ut
900 503 927 529 in
942 503 998 528 Ru—

186 551 260 578 brica
278 549 313 576 de
330 548 523 575 Translatione
541 547 685 573 Festorum
704 544 833 576 dicetur),
856 541 908 568 nisi
931 540 998 567 illud

186 588 297 617 Festum
315 587 350 615 sit
368 587 403 614 de
420 585 564 622 principali
583 584 676 611 Titulo
688 583 732 610 vel
746 582 868 610 Patrono
886 579 999 613 alicujus

187 627 317 656 &alesine
330 626 375 653 vel
391 625 452 659 loci,
470 629 518 652 aut
531 623 711 651 Dedicatione
723 621 842 657 propriae
856 619 999 651 Ecclesiae,

186 667 252 702 quia
269 670 336 693 tunc
354 665 388 692 de
400 663 555 699 hujusmodi
570 663 651 689 Festo
669 662 700 688 fit
713 664 819 688 tantum
837 659 864 685 in
878 657 1000 685 Ecclesia

187 706 231 734 vel
249 705 324 738 loco,
347 704 424 738 eujus
446 706 487 730 est
505 702 614 729 Titulus
638 700 681 727 vel
702 700 838 727 Patronus
857 697 901 724 vel
919 696 1000 723 Dedi-

188 744 272 778 catio,
295 751 357 771 cum
374 740 632 770 commemoratione
650 739 814 771 Dominicis,
836 735 1001 771 quibusdam

188 782 341 811 Dominicis
353 781 482 815 exceptis,
495 783 525 807 ut
539 779 644 806 dicetur
657 778 684 805 in
698 777 819 805 Rubrica
833 775 867 802 de
880 775 1002 802 Comme-

191 822 396 850 morationibus.
433 819 465 846 Id
483 819 585 854 pariter
602 821 728 844 servatur
746 815 838 850 quoad
855 814 908 841 alia
922 813 1003 840 Festa

189 862 285 896 primoe
308 859 417 893 classis,
440 859 468 885 in
491 857 629 892 praedietis
652 855 802 884 Dominicis
825 852 1002 880 occurrentia.

192 900 224 927 In
234 899 294 926 aliis
303 898 453 926 Dominicis
462 905 513 931 per
522 903 623 923 annum
638 895 668 922 fit
682 895 717 921 de
726 893 878 926 Dominica,
892 890 1003 926 quando

191 940 219 966 in
237 939 276 966 eis
289 945 343 964 non
358 936 476 964 occurrit
489 936 599 962 Festum
613 934 736 969 Duplex3
755 932 819 967 quia
837 935 902 958 tunc
920 930 951 957 fit
970 929 1004 956 de

192 977 302 1012 Duplici
321 983 384 1003 cum
397 974 655 1002 commemoratione
669 972 821 1000 Dominicae
839 971 867 997 in
880 969 1005 1003 utrisque

192 1016 321 1051 Vesper-is
339 1019 365 1042 et
379 1014 529 1047 Laudibus,
547 1016 574 1040 et
591 1012 627 1039 ad
640 1012 804 1039 Matutinum
821 1010 920 1044 legitur
932 1015 1006 1035 nona

192 1055 288 1084 Lectio
307 1054 341 1081 de
359 1053 478 1080 Homilia
495 1051 655 1085 Dominicae,
673 1054 703 1078 ut
722 1050 828 1077 dicetur
843 1049 871 1076 in
884 1047 1006 1074 Rubrica

194 1095 229 1122 de
246 1091 565 1122 commemorationibus.
601 1090 629 1118 Si
647 1089 822 1124 Semiduplex
846 1087 943 1115 eodem
963 1086 1006 1112 die

194 1136 328 1165 occurrat,
346 1132 380 1158 de
397 1138 431 1158 eo
449 1131 479 1157 fit
491 1129 724 1162 commemoratiO,
741 1131 772 1155 ut
785 1128 888 1162 pariter
902 1126 1007 1153 dicetur

195 1173 222 1200 in
240 1171 361 1199 Rubrica
379 1170 413 1197 de
431 1168 750 1197 commemorationibus.

246 1221 269 1246 2.
288 1219 331 1246 De
349 1217 492 1245 Dominica
514 1216 587 1243 infra
610 1216 728 1243 Octavas
751 1213 922 1246 Nativitatis‚
946 1211 1008 1246 Epi-

195 1258 316 1294 phaniae,
333 1256 510 1284 Ascensionis
531 1259 558 1282 et
576 1254 707 1289 Corporis
726 1253 827 1280 Christi
846 1250 1009 1284 occurrenti,

196 1297 325 1325 Officium
344 1295 373 1323 fit
390 1296 460 1322 sicut
477 1295 550 1321 infra
568 1295 714 1327 Octavam,
737 1296 764 1320 et
787 1292 815 1318 in
834 1291 951 1325 Proprio
975 1290 1010 1317 de

197 1338 341 1371 Tempore,
358 1342 421 1362 cum
433 1333 692 1361 commemoratione
705 1332 816 1360 Octavae
834 1334 862 1357 et
874 1330 932 1357 sine
945 1330 1010 1357 Pre-

196 1376 274 1403 cibus
296 1379 322 1401 et
339 1373 482 1407 Suffragiis
498 1373 670 1401 Sanctorum.
706 1372 739 1398 In
762 1369 913 1398 Dominicis
935 1376 1010 1401 vero,

197 1422 260 1449 quae
274 1416 421 1441 occurrunt
443 1411 516 1438 infra
532 1411 600 1438 alias
618 1412 751 1444 Octavas,
774 1413 862 1437 totum
881 1408 1010 1435 Officium

198 1453 230 1481 fit
247 1453 281 1480 de
299 1451 457 1485 Dominica,
480 1454 511 1478 ut
534 1451 562 1477 iu
580 1450 717 1478 Psalterio
739 1452 767 1476 et
790 1449 817 1475 in
836 1448 953 1482 Proprio
976 1446 1011 1474 de

199 1493 350 1526 Tempore,
372 1498 435 1518 cum
461 1489 720 1518 commemoratione
747 1488 873 1521 Octavae,
903 1485 1012 1513 omissis

200 1531 282 1559 etiam
306 1529 384 1557 dictis
408 1529 539 1556 Precibus
561 1532 588 1555 et
605 1527 763 1562 Suffragiis‚
786 1531 817 1554 ut
841 1533 933 1561 supra.
969 1525 1013 1552 De

201 1569 344 1597 Dominica
362 1571 521 1595 occurrente
539 1567 566 1593 in
584 1567 628 1594 die
646 1567 750 1593 Octava
770 1566 801 1593 fit
818 1571 1013 1593 commemora-

203 1609 250 1642 tio,
267 1608 336 1635 sicut
354 1608 456 1634 dictum
475 1610 524 1638 est,
542 1605 653 1639 quando
672 1605 699 1631 in
716 1613 748 1632 ea
767 1606 796 1632 fit
814 1605 848 1631 de
862 1605 943 1631 Festo
957 1603 1013 1630 Du-

202 1647 273 1682 plici,
290 1651 474 1681 praeterquam
491 1646 519 1672 in
537 1645 581 1671 die
599 1645 703 1671 Octava
722 1644 896 1679 Epiphaniae,
914 1643 942 1670 in
959 1649 1015 1677 qua

199 1686 269 1713 nihil
287 1686 317 1712 fit
335 1686 371 1713 de
387 1684 538 1717 Dominica,
555 1684 620 1718 quia
637 1684 696 1718 ejus
711 1683 839 1710 Officium
858 1682 971 1717 ponitur
987 1682 1015 1708 in

203 1725 325 1753 Sabbato
342 1723 514 1759 praecedeuti.

256 1773 280 1799 3.
298 1772 423 1799 Positum
440 1774 482 1798 est
500 1774 590 1797 autem
605 1770 734 1797 Officium
747 1777 796 1796 sex
809 1769 1016 1797 Dominicarum

206 1815 268 1846 post
282 1811 470 1846 Epiphaniam,
483 1813 511 1836 et
524 1810 739 1844 vigintiquatuor
751 1812 814 1843 post
828 1809 1017 1842 Pentecosten,

207 1854 237 1877 ut
254 1851 424 1885 compleatur
439 1856 571 1876 numerus
589 1848 699 1882 triginta
716 1848 937 1881 Dominicarum,
955 1854 1018 1882 quae

206 1897 267 1916 esse
284 1892 398 1923 possunt
415 1889 451 1915 ab
464 1887 616 1922 Epiphania
630 1895 717 1921 usque
730 1887 765 1914 ad
777 1887 1019 1922 Septuagesimam,

207 1932 235 1955 et
251 1935 269 1955 a
282 1928 442 1954 Pentecoste
455 1934 543 1960 usque
561 1926 596 1952 ad
610 1926 782 1961 Adventum,
799 1934 834 1953 ne
851 1926 910 1953 ulla
926 1933 961 1952 ex
975 1925 1018 1952 his

209 1966 359 1994 Dominicis
377 1969 467 1999 vacet,
489 1966 556 1999 quin
573 1965 670 1992 saltem
688 1966 723 1992 de
741 1973 773 1992 ea
791 1966 839 1992 fiat
855 1972 1019 1992 commemo-

204 2005 287 2032 ratio.
323 2005 392 2033 Nam
411 2012 473 2039 quse
490 2004 638 2038 aliquando
655 2008 803 2038 supersunt
820 2008 883 2038 post
901 2004 1020 2038 Epipha-

210 2044 282 2071 niam
305 2047 368 2071 ante
389 2043 635 2077 Septuagesimam,
658 2046 798 2077 ponuntur
820 2046 884 2078 post
903 2043 979 2070 xxiii.
1004 2051 1020 2070 a

211 2083 379 2115 Pentecoste,
396 2083 449 2109 hoc
466 2082 573 2108 ordine:

260 2129 286 2156 4.
308 2129 338 2157 Si
360 2128 511 2156 Dominieae
537 2131 600 2163 post
623 2129 803 2156 Pentecosten
830 2129 931 2157 fuerint
957 2138 1022 2164 xxv,

211 2168 355 2195 Dominica
378 2168 452 2194 xxiv.
475 2171 538 2202 post
560 2168 740 2195 Pentecosten
762 2168 814 2195 erit
837 2177 899 2202 quae
923 2172 964 2196 est
986 2169 1021 2195 vi.

211 2211 275 2242 post
291 2206 480 2241 Epiphaniam.
515 2206 543 2234 Si
568 2207 669 2234 fuerint
687 2207 765 2241 xxvi,
786 2207 931 2234 Dominica
949 2208 1022 2235 xxiv.

212 2246 264 2273 erit
276 2252 339 2279 quae
357 2249 399 2272 est
412 2253 451 2278 v.;
468 2249 495 2272 et
508 2253 572 2272 xxv.
585 2253 648 2280 quae
660 2249 702 2273 est
716 2246 751 2272 vi.
782 2246 811 2273 Si
826 2246 927 2273 fuerint
939 2246 1023 2279 xxvii,

213 2284 356 2311 Dominica
370 2284 442 2310 xxiv.
460 2285 512 2311 erit
529 2292 592 2319 quse
609 2288 651 2311 est
668 2285 718 2318 iv.;
736 2288 763 2311 et
777 2293 840 2312 xxv.
858 2293 922 2319 quae
934 2289 976 2312 est
990 2293 1024 2317 v.,

213 2323 330 2367 et'xxvi.
354 2323 405 2349 erit
423 2323 458 2349 vi.
493 2323 522 2350 Si
547 2323 647 2350 fuerint
665 2324 763 2357 xxviii,
788 2324 932 2351 Dominica
950 2325 1024 2351 xxiv.

213 2364 265 2388 erit
289 2361 333 2395 iii..
355 2365 382 2388 et
399 2370 463 2388 xxv.
487 2362 539 2388 erit
556 2363 600 2395 iv.,
623 2366 651 2389 et
667 2362 740 2389 xxvi.
765 2363 817 2390 erit
834 2370 870 2395 v.,
893 2366 920 2390 et
941 2363 1024 2390 xxvii.

214 2399 266 2427 erit
275 2400 324 2444 vi.-;
337 2403 364 2427 et
377 2400 473 2427 ultimo
486 2401 547 2427 loco
559 2408 668 2435 semper
680 2401 799 2434 ponitur,
813 2409 875 2435 quae
890 2402 917 2428 in
930 2402 1026 2429 ordine

215 2442 257 2465 ont
275 2445 347 2465 xxiv.
365 2443 427 2472 post
442 2439 629 2471 Pentecosten,
646 2439 752 2466 etiamsi
771 2444 832 2474 post
846 2441 1026 2467 Pentecosten

215 2477 363 2511 aliquando
381 2485 434 2504 non
453 2478 506 2504 sint
524 2478 575 2504 nisi
593 2477 659 2504 xxiii
673 2478 832 2506 Dominicae.
863 2480 942 2506 Tunc
955 2480 1026 2507 enim

216 2516 290 2561 xxiv.
312 2516 423 2550 ponitur
444 2516 505 2543 loco
527 2517 610 2549 xxiii,
633 2521 660 2544 et
679 2517 806 2544 Officium
825 2518 898 2545 xxiii.
917 2519 1029 2552 ponitur

216 2563 243 2582 in
256 2554 421 2589 praecedenti
432 2555 562 2588 Sabbato,
574 2556 649 2589 quod
664 2563 718 2582 non
732 2556 767 2582 sit
776 2556 936 2590 impeditum
946 2558 1028 2589 Festo

216 2600 315 2638 novem
335 2593 510 2626 Lectionum,
532 2594 653 2628 alioquin
676 2594 703 2621 in
726 2595 779 2621 alia
798 2596 963 2629 praecedenti
985 2596 1029 2622 die

217 2632 344 2659 similiter
356 2640 410 2659 non
425 2632 562 2666 impedita,
580 2633 607 2659 in
621 2641 676 2667 qua
692 2634 739 2660 fiat
753 2634 879 2661 Officium
894 2635 929 2661 de
943 2635 1029 2668 Feria,

217 2678 280 2716 cum
301 2672 559 2698 commemoratione
582 2671 655 2698 Festi
672 2672 821 2706 Simplicis,
843 2673 866 2699 si
889 2678 1029 2707 occurrat;

218 2714 245 2736 et
264 2717 291 2736 in
315 2718 347 2736 ea
365 2709 489 2743 legantur
507 2714 562 2736 tres
580 2710 725 2738 Lectiones
747 2711 782 2738 de
800 2712 920 2739 Homilia
938 2713 1030 2739 Domi-

711 193 886 228 Rubricae
911 189 1106 233 generales
1131 183 1328 220 Breviarii.

1045 283 1122 316 nicae,
1140 279 1248 308 omissis
1265 277 1444 306 Lectionibus
1461 275 1612 310 Scripturae
1629 273 1703 301 illius
1720 271 1822 299 Feriae:
1840 272 1868 296 et

1046 323 1074 349 in
1096 320 1240 348 Laudibus
1264 318 1372 345 dicatur
1392 315 1553 351 Antiphona
1576 313 1612 341 ad
1635 311 1818 344 Benedictus,
1840 311 1869 336 et

1047 360 1142 388 Oratio
1162 359 1196 385 de
1210 357 1355 385 Dominica
1368 355 1444 383 xxiii.
1474 353 1556 389 Quod
1575 353 1599 381 si
1611 354 1670 380 tota
1682 348 1869 378 Hebdomada

1047 398 1179 434 impedita
1196 397 1231 424 sit
1249 395 1339 424 Festis
1356 402 1457 422 novem
1474 393 1652 425 Lectionum,
1673 390 1757 417 etiam
1779 391 1870 416 trans·

1047 439 1124 471 latis,
1148 437 1191 463 vel
1216 436 1308 470 aliqua
1332 434 1451 467 Octava,
1474 436 1541 459 tunc
1563 431 1593 458 in
1616 429 1740 458 Sabbato
1763 427 1872 462 legatur

1049 485 1121 504 nona
1140 476 1235 503 Lectio
1256 475 1291 501 de
1308 473 1430 501 Homilia
1452 470 1607 499 Dominicae
1623 468 1709 502 xxiii,
1729 470 1757 494 et
1779 466 1814 494 de
1837 473 1870 493 ea

1050 516 1097 543 fiat
1115 513 1339 543 commemoratio
1357 512 1386 539 in
1404 510 1551 539 Laudibus
1568 511 1689 540 tantum,
1711 513 1775 534 cnm
1792 504 1871 532 Anti-

1050 556 1142 591 phona
1160 558 1187 581 et
1206 553 1338 580 Oratione
1357 550 1479 586 propria.

1102 599 1126 625 5.
1144 598 1214 625 Cum
1239 604 1305 623 vero
1329 595 1468 622 interdum
1490 592 1645 626 contingat,
1671 593 1703 618 ut
1726 587 1874 617 Dominica

1051 638 1140 671 tertia,
1159 636 1203 663 vel
1221 638 1329 670 quarta,
1347 634 1391 661 vel
1405 633 1509 667 quinta,
1527 631 1572 659 vel
1586 633 1665 658 sexta
1677 632 1742 664 post
1754 627 1874 663 Epipha-

1051 677 1125 704 niam
1143 675 1276 710 supersit,
1299 681 1350 701 nec
1372 672 1461 707 possit
1484 670 1550 706 poni
1571 670 1655 698 etiam
1677 671 1742 703 post
1758 665 1835 695 xxiii.
1857 673 1875 694 a

1052 717 1223 748 Pentecoste,
1241 717 1307 740 tunc
1325 713 1360 740 de
1379 719 1411 738 ea
1430 711 1461 738 fit
1474 710 1605 738 Officium
1623 708 1652 736 in
1670 707 1794 735 sabbato
1811 707 1876 733 ante

1053 754 1227 782 Dominicam
1241 751 1465 787 Septuagesimae,
1483 752 1515 777 ut
1531 749 1637 776 dictum
1655 750 1698 775 est
1714 753 1808 781 supra,
1825 752 1876 772 nu-

1053 801 1130 821 mero
1147 791 1322 828 praecedenti.

1106 839 1130 864 6.
1145 838 1188 865 De
1198 835 1343 864 Dominica
1354 833 1474 861 secunda
1483 835 1547 867 post
1555 830 1750 866 Epiphaniam,
1764 827 1877 863 quando

1054 876 1261 912 septuagesima
1274 874 1380 902 venerit
1394 873 1524 899 imediate
1535 874 1600 906 post
1614 870 1749 898 Octavam
1758 867 1878 903 Epipha-

1054 916 1117 951 niae,
1130 915 1271 950 quomodo
1285 913 1420 947 agendum
1434 911 1471 938 sit
1485 910 1623 944 Officium,
1641 909 1761 936 habetur
1773 906 1803 934 in
1815 913 1880 942 pro-

1056 956 1116 991 pria
1134 954 1257 982 Rubrica
1275 956 1338 980 ante
1356 950 1533 979 Dominicam
1551 949 1573 977 1.
1590 951 1655 984 post
1672 945 1867 982 Epiphaniam.

1108 1001 1132 1027 7.
1151 999 1221 1026 Cum
1245 1000 1337 1024 autem
1361 995 1390 1022 in
1413 994 1531 1028 Proprio
1555 993 1591 1020 de
1615 993 1755 1026 Tempore
1778 989 1881 1017 dicitur

1057 1039 1149 1073 aliqua
1167 1036 1313 1065 Dominica
1331 1043 1391 1062 esse
1409 1034 1499 1069 prima
1516 1031 1634 1066 mensis,
1658 1031 1687 1058 in
1710 1037 1767 1065 qua
1790 1028 1880 1064 primo

1058 1078 1169 1113 ponitur
1186 1076 1294 1103 initium
1311 1074 1375 1101 libri
1394 1074 1428 1100 de
1442 1072 1586 1107 Scriptura
1604 1078 1668 1098 cum
1686 1077 1738 1097 sua
1755 1066 1882 1101 historia,

1058 1118 1086 1144 id
1101 1120 1150 1151 est,
1163 1123 1227 1143 cum
1240 1113 1444 1148 Responsoriis,
1459 1109 1737 1139 animadvertendum
1751 1111 1801 1142 est,
1819 1113 1882 1134 eam

1059 1156 1111 1183 dici
1124 1155 1242 1191 primam
1256 1153 1430 1181 Dominicam
1444 1151 1555 1185 mensis,
1573 1157 1636 1184 quae
1650 1148 1726 1176 venit
1739 1148 1768 1175 in
1780 1145 1883 1174 Kalen-

1060 1196 1102 1222 dis
1119 1195 1192 1222 illius
1210 1194 1328 1227 mensis,
1350 1192 1395 1219 vel
1418 1194 1461 1218 est
1484 1189 1637 1225 proximior
1654 1186 1806 1221 Kalendis,
1828 1185 1883 1212 hoc

1060 1235 1151 1261 modo.
1187 1233 1216 1260 Si
1233 1232 1368 1259 Kalendae
1387 1230 1512 1258 venerint
1536 1229 1565 1256 in
1582 1227 1720 1261 secunda,
1743 1229 1771 1253 et
1794 1224 1884 1258 tertia,

1060 1277 1087 1301 et
1103 1276 1203 1308 quarta
1221 1272 1315 1305 Feria,
1339 1269 1486 1298 Dominica
1510 1268 1601 1303 prima
1622 1266 1726 1294 mensis
1749 1264 1803 1292 erit
1820 1270 1884 1298 quoe

1060 1312 1192 1348 praecedit
1206 1311 1357 1344 Kalendas,
1370 1310 1433 1337 licet
1447 1308 1541 1336 veniat
1554 1308 1582 1334 in
1595 1305 1764 1342 praecedenti
1776 1309 1884 1331 mense:
1903 1320 1909 1326 .

1061 1352 1085 1379 si
1099 1355 1191 1378 autem
1205 1350 1340 1378 Kalendae
1353 1347 1479 1376 venerint
1497 1348 1526 1374 in
1544 1346 1648 1381 quinta,
1666 1348 1695 1372 et
1711 1347 1791 1372 sexta
1804 1340 1886 1370 Foris

1062 1394 1089 1418 et
1112 1391 1140 1417 in
1158 1389 1296 1424 Sabbato;
1320 1389 1410 1423 prima
1428 1387 1575 1414 Dominica
1598 1385 1651 1414 crit
1673 1391 1738 1419 quae
1759 1381 1886 1416 sequitur

1062 1433 1125 1465 post
1148 1430 1223 1463 ipsas
1242 1428 1392 1455 Kalendas.
1430 1425 1577 1454 Dominica
1601 1427 1695 1452 autem
1715 1422 1807 1458 prlma
1828 1419 1887 1448 Ad—

1063 1472 1162 1496 ventus
1181 1476 1236 1495 non
1251 1467 1370 1494 sumitur
1387 1475 1428 1500 ea,
1447 1473 1511 1500 quae
1528 1468 1571 1492 est
1583 1463 1738 1499 proximior
1750 1459 1888 1489 Kalendis

1063 1507 1233 1541 Decembris,
1247 1507 1296 1534 sed
1306 1507 1388 1534 Festo
1402 1505 1491 1533 sancti
1501 1504 1632 1538 Andreae,
1645 1502 1690 1530 vel
1704 1508 1768 1538 quae
1780 1498 1888 1528 venerit

1063 1548 1092 1574 in
1105 1547 1166 1581 ipso
1180 1547 1271 1574 Festo.
1650 1550 1652 1553 ’

1116 1587 1139 1613 8.
1159 1585 1289 1613 Officium
1307 1583 1461 1612 Dominicae
1479 1583 1511 1610 fit
1529 1581 1720 1616 Semiduplex,
1742 1582 1771 1607 et
1793 1576 1889 1612 incipit

1066 1634 1083 1653 a
1100 1625 1196 1660 primis
1213 1624 1343 1658 Vesperis
1361 1623 1389 1650 in
1408 1623 1544 1650 Sabbato:
1563 1625 1591 1649 et
1609 1621 1695 1648 habet
1712 1621 1803 1646 totum
1821 1615 1889 1644 Offi-

1066 1665 1138 1692 cium
1162 1664 1298 1697 integrum
1322 1670 1412 1697 usque
1434 1661 1471 1689 ad
1493 1659 1712 1696 completorium
1734 1655 1890 1685 Dominicae

1066 1703 1212 1737 inclusive,
1236 1702 1289 1729 nisi
1304 1709 1367 1729 cum
1386 1702 1479 1736 aliquo
1496 1702 1658 1734 concurrat,
1681 1701 1713 1725 ut
1730 1697 1838 1724 dicetur
1861 1694 1891 1721 in

1068 1742 1190 1770 Rubrica
1208 1741 1242 1768 de
1260 1741 1459 1769 Concurrentia
1478 1739 1578 1768 Officii.
1699 1757 1702 1760 -

1118 1783 1143 1809 9.
1161 1781 1207 1809 Ad
1234 1781 1399 1808 Matutinum
1426 1779 1558 1807 dicuntur
1582 1781 1640 1805 tres
1665 1775 1802 1805 Nocturni
1826 1780 1892 1802 cum

1069 1821 1197 1854 Psalmis,
1214 1824 1245 1848 ut
1262 1821 1290 1847 in
1308 1819 1455 1853 Psalterio‚
1473 1822 1501 1846 et
1517 1819 1649 1852 leguntur
1663 1823 1767 1844 novem
1784 1813 1892 1842 Lectio-

1069 1868 1127 1895 nes,
1144 1863 1175 1887 ut
1192 1860 1220 1886 in
1239 1859 1356 1894 Proprio
1375 1859 1409 1886 de
1428 1858 1574 1892 Tempore.

1121 1904 1161 1930 10.
1176 1903 1322 1938 Quomodo
1332 1906 1424 1930 autem
1437 1901 1473 1929 sit
1485 1901 1671 1929 ordinandum
1684 1899 1743 1934 eius
1753 1896 1893 1930 Officium,
1923 1898 1927 1902 '

1070 1943 1182 1978 insuper
1199 1946 1227 1970 et
1245 1943 1280 1970 de
1298 1942 1492 1975 Lectionibus,
1511 1938 1708 1975 Responsoriis
1725 1941 1753 1966 et
1770 1936 1844 1970 aliis,
1865 1938 1894 1963 et

1071 1982 1211 2017 quomodo
1229 1981 1306 2008 initia
1318 1981 1453 2008 librorum
1467 1979 1618 2015 Scripturae
1632 1986 1696 2006 cum
1714 1981 1767 2005 sua
1777 1974 1894 2003 historia

1071 2021 1138 2087 {mh
1142 2021 1280 2066 ponenda,
1297 2020 1436 2047 habentur
1454 2019 1489 2047 de
1506 2018 1620 2053 singulis
1638 2017 1755 2046 inferius
1772 2013 1894 2051 propriae

1100 2069 1118 2087 u
1138 2068 1210 2087 ricae.
1779 2063 1782 2066 ⁴

1356 2112 1398 2145 V.
1416 2111 1465 2142 Dc
1488 2106 1602 2139 Feriis.

1073 2166 1221 2229 Officium
1250 2167 1371 2200 Feriale,
1397 2167 1451 2193 hoc
1473 2168 1530 2199 est,
1553 2165 1675 2200 Simplex
1699 2164 1735 2191 de
1758 2163 1897 2198 Tempore

1132 2206 1296 2240 occurrenti,
1314 2209 1397 2240 prout
1409 2206 1438 2232 in
1448 2205 1584 2233 Psalterio
1598 2208 1625 2231 et
1635 2203 1753 2238 Proprio
1768 2203 1803 2229 de
1817 2202 1897 2228 Tem-

1074 2254 1142 2282 pore
1159 2246 1291 2279 habetur,
1314 2245 1345 2272 fit
1362 2252 1472 2279 semper
1487 2245 1516 2271 in
1534 2244 1621 2271 Feriis
1639 2243 1801 2275 Adventus,
1825 2241 1897 2275 Qua-

1074 2285 1250 2320 dragesimae,
1273 2285 1399 2318 Quatuor
1418 2284 1602 2318 Temporum,
1619 2282 1795 2316 Vigiliarum,
1818 2282 1847 2307 et
1869 2279 1898 2306 in

1075 2325 1155 2352 Feria
1172 2323 1293 2351 secunda
1311 2323 1505 2357 Rogationum,
1522 2322 1634 2357 quando
1653 2321 1728 2348 infra
1740 2319 1899 2347 Hebdoma-

1076 2363 1141 2390 dam
1158 2370 1213 2389 non
1232 2363 1352 2390 occurrit
1370 2362 1482 2389 Festum
1500 2362 1626 2396 Duplex,
1647 2361 1693 2388 vel
1711 2358 1899 2393 Semiduplex,

1076 2402 1121 2429 vel
1145 2402 1180 2429 de
1199 2402 1316 2428 Octava:
1339 2401 1405 2435 quia
1429 2404 1495 2428 tunc
1518 2401 1554 2428 de
1577 2399 1735 2434 hujusmodi
1757 2397 1845 2426 Feriis
1869 2396 1901 2423 fit

1076 2440 1316 2473 commemoratio,
1338 2443 1369 2467 ut
1393 2440 1500 2467 dicetur
1522 2440 1551 2467 in
1570 2439 1694 2467 Rubrica
1717 2438 1752 2465 de
1775 2436 1900 2464 Comme-

1078 2479 1286 2507 morationibus.
1322 2478 1350 2506 Si
1368 2487 1435 2506 vero
1453 2479 1481 2506 in
1499 2479 1539 2506 eis
1557 2481 1685 2506 occurrat
1703 2477 1818 2504 Festum
1831 2475 1901 2504 Sim-

1078 2519 1156 2553 plex,
1180 2518 1215 2544 de
1238 2525 1271 2545 eo
1296 2518 1327 2544 fit
1350 2522 1457 2545 tantum
1481 2517 1715 2545 commemoratio.
1758 2516 1828 2543 Item
1852 2521 1903 2549 per

1079 2565 1180 2584 annum
1197 2558 1227 2584 fit
1241 2557 1370 2584 Officium
1384 2557 1419 2584 de
1431 2557 1512 2584 Feria
1525 2557 1579 2583 illis
1594 2557 1700 2590 diebus,
1714 2555 1816 2590 quibus
1828 2553 1902 2581 infra

1079 2596 1292 2623 Hebdomadam
1321 2596 1349 2622 in
1372 2596 1542 2623 KalendarIo
1571 2603 1628 2622 non
1651 2595 1764 2629 ponitur
1787 2592 1902 2628 aliquod

1081 2636 1191 2662 Festum
1211 2635 1335 2669 Duplex,
1359 2634 1551 2669 Semiduplex,
1573 2634 1617 2661 vel
1635 2633 1774 2668 Simplex,
1795 2635 1824 2660 et
1845 2638 1902 2666 non

1081 2674 1199 2701 occurrit
1217 2674 1310 2708 aliqua
1327 2674 1444 2707 Octava,
1469 2673 1513 2700 vel
1531 2672 1661 2713 Officium
1684 2675 1790 2699 sancte
1870 2669 1875 2676 “

1081 2713 1109 2739 in
1127 2712 1264 2746 Sabbato,
1283 2713 1327 2740 vel
1345 2713 1459 2747 aliquod
1476 2713 1589 2739 Festum
1608 2712 1744 2745 solemne,
1760 2713 1817 2745 ,aut
1840 2716 1905 2737 con-
