2080 2990
207 186 274 223 436

500 290 692 330 l'salmus
722 296 755 330 2.

214 325 398 445 Quare
430 338 699 381 fremuerunt
731 340 915 389 Gentes,
942 341 965 366 *
994 345 1038 382 et

310 394 464 447 populi
483 395 682 437 meditati
702 402 804 438 sunt
822 395 992 437 inania?

260 451 507 493 Astiterunt
532 464 659 503 reges
684 458 829 502 terrae,
854 457 898 494 et
922 455 1036 505 prin-

208 508 329 560 cipes
355 510 654 551 convenerunt
681 510 725 550 in
752 522 886 551 unum
914 510 937 534 *
965 508 1037 550 ad-

207 566 360 606 versus
414 564 670 615 Dominum,
729 571 772 608 et
825 564 1037 607 adversus

209 620 428 662 Christum
457 622 558 673 ejus.

260 677 573 730 Dirumpamus
606 678 780 719 vincula
813 680 984 719 eorum:
1013 679 1037 705 *

208 738 251 775 et
278 734 559 786 projiciamus
586 747 612 775 a
643 734 770 776 nobis
801 735 947 786 jugum
974 734 1036 787 ip-

208 792 368 831 sorum.

259 847 344 897 Qui
376 846 547 888 habitat
581 847 624 887 in
660 846 802 896 coelis,
836 847 1037 889 irridebit

208 916 302 945 eos:
342 904 366 930 *
408 907 451 944 et
493 903 708 944 Dominus
751 903 1038 946 subsannabit

208 972 295 1002 eos.

257 1016 382 1057 Tunc
422 1015 626 1068 loquetur
668 1016 724 1057 ad
767 1029 843 1058 eos
887 1017 932 1058 in
973 1016 1038 1058 ira

207 1085 301 1122 sua,
329 1073 352 1098 *
382 1076 424 1113 et
452 1072 495 1113 in
523 1072 670 1114 furore
698 1086 778 1115 suo
807 1073 1036 1115 conturba-

207 1128 272 1170 bit
301 1141 390 1170 eos.

260 1185 356 1236 Ego
376 1189 523 1226 autern
543 1186 808 1227 constitutus
829 1199 925 1227 sum
939 1187 1038 1228 Rex

208 1241 263 1282 ab
284 1254 337 1283 eo
358 1254 490 1294 super
504 1242 609 1283 Sion
623 1247 818 1283 montem
838 1247 1038 1284 sanctum

208 1299 310 1350 ejuS,
328 1298 351 1323 *
371 1298 620 1350 praedicans
643 1301 918 1352 praeceptum
938 1301 1037 1352 ejus.

258 1355 473 1396 Dominus
508 1354 616 1397 dixit
649 1355 705 1397 ad
737 1369 824 1397 me:
852 1358 875 1383 *
903 1356 1037 1398 Filius

208 1424 332 1452 meus
353 1424 400 1452 es
419 1416 478 1461 tu,
503 1424 585 1463 ego
606 1411 738 1454 hodie
756 1413 887 1464 genui
905 1418 960 1455 te.

260 1468 443 1509 Postula
462 1481 487 1509 a
511 1481 592 1518 me,
617 1473 660 1510 et
684 1469 800 1511 dabo
825 1469 905 1511 tibi
925 1470 1037 1512 Gen-

209 1529 276 1565 tes
298 1524 603 1566 haereditatem
622 1530 753 1576 tuam,
768 1526 791 1552 *
808 1531 851 1568 et
864 1539 1035 1579 posses-

211 1580 381 1622 sionem
399 1586 518 1622 tuam
538 1582 751 1623 terminos
770 1587 911 1624 terrae.

260 1637 406 1687 Reges
434 1650 510 1679 eos
537 1638 581 1678 in
592 1638 733 1690 ›virga
760 1638 915 1689 ferrea,
944 1640 967 1665 *
995 1644 1039 1681 et

208 1698 433 1746 tamquam
486 1707 563 1735 vas
618 1694 740 1746 figuli
791 1696 1038 1747 confringes

210 1762 297 1792 eos.

260 1806 317 1848 Et
341 1819 455 1848 nunc
480 1820 606 1858 reges
628 1808 872 1859 intelligite:
895 1809 918 1835 *
943 1822 1038 1851 eru-

211 1862 363 1904 dimini
384 1864 458 1916 qui
476 1863 677 1915 judicatis
695 1870 868 1906 terram.

261 1919 429 1961 Servite
453 1920 645 1962 Domino
673 1922 718 1962 in
744 1922 917 1963 timore:
944 1922 967 1948 *
996 1927 1039 1965 et

211 1976 427 2018 exsultate
447 1977 487 2018 ei
510 1990 610 2019 cum
628 1980 831 2020 tremore.

265 2032 598 2085 Apprehendite
635 2034 928 2087 disciplinam,
967 2049 1039 2077 ne-

212 2089 389 2141 quando
426 2090 638 2132 irascatur
671 2091 904 2142 Dominus,
938 2093 963 2119 *
996 2097 1040 2134 et

211 2145 402 2198 pereatis
422 2145 476 2187 de
496 2146 566 2187 via
587 2147 710 2198 justa.

264 2202 374 2243 Cum
398 2203 610 2244 exarserit
635 2204 678 2244 in
702 2204 824 2246 brevi
848 2206 913 2246 ira
938 2206 1039 2258 ejus,

211 2259 235 2284 *
294 2258 414 2300 beati
472 2271 624 2301 omnes
685 2262 759 2313 qui
815 2261 1040 2304 confidunt

211 2315 254 2355 in
279 2327 344 2357 eo.

266 2373 363 2413 Ant.
390 2373 626 2414 Dexteram
650 2386 793 2415 meam
816 2380 859 2417 et
879 2375 1040 2417 collum

211 2440 358 2469 meum
399 2428 532 2470 cinxit
568 2428 788 2482 lapidibus
824 2432 1040 2483 pretiosis,

211 2483 396 2525 tradidit
423 2484 600 2526 auribus
627 2486 736 2527 meis
763 2487 1040 2530 inaestimabi—

211 2539 277 2582 les
293 2543 561 2591 margaritas.

265 2600 362 2639 Ant.
422 2598 562 2639 l'osuit
599 2598 769 2649 signum
805 2599 847 2640 in
884 2600 1041 2642 faciem

212 2666 364 2704 meam,
384 2659 432 2695 ut
450 2654 616 2696 nullum
634 2662 795 2708 praeter
814 2669 913 2697 eum
928 2670 1040 2699 ama-

212 2711 354 2751 torem
373 2708 611 2752 admittam.

647 196 712 229 Ui(-
737 197 787 229 21.
813 197 895 229 dnn.
945 200 977 230 S.
1007 198 1166 233 Agnetis
1195 197 1295 237 Vim.
1322 204 1354 230 ct
1385 198 1489 231 Mart.

1380 293 1574 331 l’salmus
1602 294 1636 331 3.

1182 348 1327 390 omine
1362 347 1468 400 quid
1503 347 1780 401 multiplicati
1814 353 1916 390 sunt

1194 405 1268 457 qui
1296 404 1506 446 tribulant
1532 404 1623 446 me?
1650 405 1675 431 *
1700 405 1827 447 multi
1853 405 1915 446 in-

1090 464 1273 512 surgunt
1293 460 1526 503 adversum
1544 474 1626 502 me.

1141 518 1267 559 Multi
1283 517 1434 559 dicunt
1454 518 1611 559 animae
1626 530 1752 560 meae:
1769 518 1794 544 *
1811 517 1915 559 Non

1090 579 1157 615 est
1176 574 1292 615 salus
1311 575 1396 627 ipsi
1415 574 1459 615 in
1479 574 1576 615 Deo
1597 575 1698 626 ejus.

1140 631 1209 672 Tu
1253 636 1400 672 autem
1446 630 1635 672 Domine
1685 631 1915 684 susceptor

1090 701 1213 729 meus
1234 700 1291 738 es,
1311 688 1334 713 *
1353 687 1493 738 gloria
1517 699 1625 738 mea,
1650 692 1694 729 et
1718 687 1915 728 exaltans

1090 749 1223 797 caput
1241 757 1397 786 meum.

1140 801 1266 843 Voce
1281 813 1378 842 mea
1394 800 1450 842 ad
1465 801 1703 842 Dominum
1718 799 1916 842 clamavi:

1089 857 1112 883 *
1141 862 1186 899 et
1213 857 1435 899 exaudivit
1462 870 1533 899 me
1561 857 1616 899 de
1643 861 1793 898 monte
1821 869 1915 898 san-

1090 918 1162 955 eto
1191 926 1282 955 suo.

1140 971 1235 1022 Ego
1256 970 1460 1021 dormivi,
1487 976 1530 1013 et
1549 972 1783 1024 soporatus
1803 983 1917 1011 sum:

1089 1027 1112 1053 *
1137 1032 1180 1068 et
1204 1027 1445 1078 exsurrexi,
1469 1028 1571 1080 quia
1589 1027 1805 1069 Dominus
1825 1040 1915 1068 sus-

1091 1083 1208 1136 cepit
1227 1096 1308 1125 me.

1141 1140 1243 1181 Non
1279 1139 1444 1181 timebo
1480 1139 1616 1181 millia
1650 1140 1805 1193 populi
1837 1139 1914 1182 cir-

1091 1196 1337 1238 cumdantis
1362 1209 1446 1238 me:
1465 1197 1488 1222 *
1510 1200 1696 1248 exsurge
1715 1197 1916 1246 Domine,

1092 1253 1261 1295 salvum
1279 1266 1350 1294 me
1369 1253 1438 1294 fac
1458 1253 1579 1295 Deus
1597 1266 1732 1295 meus.

1144 1310 1360 1360 Quoniam
1396 1314 1444 1351 tu
1474 1310 1732 1363 percussisti
1763 1323 1916 1352 omnes

1092 1365 1376 1408 adversantes
1391 1366 1497 1407 mihi
1513 1367 1606 1408 sine
1621 1379 1767 1408 causa:
1777 1366 1801 1393 *
1816 1366 1917 1408 den-

1090 1428 1157 1464 tes
1176 1425 1462 1476 peccatorum
1481 1423 1737 1465 contrivisti.

1143 1480 1323 1521 Domini
1343 1484 1410 1521 est
1429 1480 1562 1521 salus:
1580 1480 1604 1506 *
1629 1485 1673 1522 et
1691 1493 1823 1533 super
1841 1483 1918 1533 po-

1091 1536 1243 1589 pulum
1262 1541 1386 1578 tuum
1405 1536 1656 1579 benedictio
1676 1542 1762 1579 tua.

1150 1602 1245 1639 Ant.
1289 1597 1437 1639 Posuit
1479 1598 1650 1649 signum
1683 1598 1727 1638 in
1763 1598 1919 1640 faciem

1090 1666 1243 1703 meam,
1262 1659 1310 1696 ut
1328 1654 1493 1696 nullum
1511 1659 1674 1708 praeter
1690 1667 1791 1696 eum
1805 1668 1918 1697 ama-

1091 1713 1233 1752 torem
1252 1709 1489 1753 admittam.

1148 1767 1197 1819 V.
1228 1771 1384 1824 Specie
1415 1777 1491 1814 tua
1524 1777 1568 1814 et
1595 1771 1919 1825 pulchritudine

1091 1833 1176 1869 tua.
1207 1829 1254 1880 Rg.
1271 1827 1466 1879 Intende,
1485 1831 1699 1882 prospere
1714 1827 1919 1882 procede,

1092 1890 1135 1926 et
1154 1897 1299 1936 regna.

1247 1965 1311 2004 De
1330 1962 1442 2005 libro
1461 1962 1771 2006 Ecclesiastici.

1164 2065 1166 2067 .
1198 2033 1347 2073 Lectio
1367 2033 1390 2071 i.
1578 2032 1580 2034 ’
1635 2033 1736 2085 Cap.
1757 2034 1815 2072 51.
1870 2077 1872 2079 ,

1101 2104 1124 2129 r
1144 2093 1434 2156 onfitebor
1472 2094 1552 2136 tibi
1586 2093 1774 2135 Domine
1811 2093 1919 2144 Rex,

1130 2171 1184 2210 Q>
1202 2146 1205 2195 ἶ,
1231 2155 1274 2191 et
1302 2149 1563 2192 collaudabo
1591 2155 1636 2192 te
1661 2151 1805 2192 Deum
1830 2150 1919 2192 Sal-

1103 2216 1199 2232 Λ
1229 2209 1426 2248 vatorem
1462 2219 1618 2248 meum.
1664 2206 1921 2249 Confitebor

1092 2262 1255 2304 nomini
1291 2267 1384 2304 tuo:
1426 2263 1631 2315 quoniam
1654 2263 1841 2316 adjutor
1878 2269 1920 2306 et

1092 2320 1319 2372 protector
1336 2319 1477 2361 factus
1496 2332 1543 2361 es
1561 2320 1681 2371 mihi,
1703 2326 1746 2362 et
1764 2320 1920 2362 libera-

1094 2375 1148 2418 sti
1181 2388 1342 2428 corpus
1376 2389 1521 2418 meum
1549 2390 1574 2418 a
1600 2376 1862 2430 perditione,
1896 2390 1921 2419 a

1093 2432 1253 2484 laqueo
1278 2431 1438 2484 linguae
1461 2433 1640 2485 iniquae,
1675 2439 1718 2476 et
1744 2447 1768 2475 a
1794 2433 1920 2475 labiis

1095 2489 1369 2542 operantium
1388 2489 1673 2540 mendacium,
1698 2496 1741 2533 et
1758 2491 1802 2532 in
1822 2504 1920 2533 con·

1094 2547 1249 2598 spectu
1285 2547 1518 2588 astantium
1554 2547 1695 2589 factus
1733 2561 1780 2590 es
1815 2548 1920 2590 mihi

1094 2601 1277 2654 adjutor.
1305 2603 1360 2644 Et
1379 2602 1574 2645 liberasti
1592 2617 1661 2646 me
1679 2604 1920 2647 secundum

1094 2657 1416 2700 multitudinem
1443 2660 1755 2703 misericordiae
1785 2661 1918 2704 nomi-

1096 2715 1162 2756 nis
1179 2715 1244 2757 tui
1262 2728 1288 2756 a
1305 2716 1574 2767 rugientibus
1589 2719 1849 2771 praeparatis
1863 2718 1920 2760 ad
