2040 2990
163 215 334 252 imprimendi
353 213 498 245 concessis,
519 218 581 246 quse
604 218 653 245 per
670 211 819 244 praesentes
837 213 964 240 expresse

162 262 333 286 revocamus,
355 257 382 279 et
399 255 524 278 revocata
542 258 601 277 esse
620 249 759 279 volumus,
781 254 884 274 necnon
903 252 965 271 con-

162 293 348 322 stitutionibus
370 295 397 318 et
419 289 637 317 ordinationibus
654 285 820 321 Apostolicis
837 283 965 319 generali-

163 334 215 360 bus
232 336 258 359 et
275 330 443 366 specialibus,
462 329 489 354 in
502 327 669 354 contrarium
683 325 886 360 praemissorum
901 330 965 356 quo-

163 371 361 403 modocumque
383 367 531 399 concessis,
559 365 727 393 confirmatis
750 367 777 390 et
800 361 967 396 approbatis,

164 410 263 444 quibus
286 407 426 439 omnibus,
449 405 555 432 etiamsi
579 405 613 431 de
637 403 703 436 illis,
730 408 879 435 eorumque
903 399 968 425 totis

165 448 303 475 tenoribus
320 445 453 480 specialis,
470 444 595 478 specifica
613 447 640 470 et
657 449 785 476 expressa
806 438 907 466 mentio
922 438 966 464 ha-

165 486 252 513 benda
270 489 348 518 esset,
366 489 474 510 tenores
493 482 647 516 hujusmodi
661 479 842 516 praesentibus
861 485 911 511 pro
924 484 968 502 ex-

165 525 264 560 pressis
282 525 424 554 habentes,
448 522 499 548 hac
522 521 580 547 vice
603 521 744 547 dumtaxat
767 516 920 551 specialiter
942 518 968 540 et

165 570 291 597 expresse
314 562 490 594 derogamus,
516 559 666 593 ceterisque
689 556 835 585 contrariis
858 555 969 588 quibus-

165 609 287 635 cumque
316 600 450 627 Volumus
464 602 563 630 autem,
581 602 611 625 ut
624 597 799 632 praesentium
813 597 969 621 nostrarum

180 1072 188 1082 ³
221 1086 267 1109 ,ιη
287 1079 295 1089 ⁸
308 1074 407 1101 ivinam
427 1074 609 1100 Psalmodiam
628 1080 736 1106 sponsae
758 1071 923 1099 consolantis
946 1071 973 1097 in

243 1110 250 1143 ,⁴
265 1113 271 1115 “
288 1143 295 1153 f
320 1114 372 1139 hoc
387 1112 468 1139 exilio
486 1112 635 1138 absentiam
654 1119 730 1138 suam
750 1120 765 1138 a
783 1118 884 1144 sponso
898 1111 975 1136 coele-

184 1150 199 1173 ’ὲ
230 1147 240 1182 J
269 1158 295 1173 ι*
321 1152 363 1183 sti,
381 1151 457 1177 decet
471 1158 530 1177 esse
544 1158 597 1176 non
612 1151 755 1176 habentem
770 1157 873 1182 rugam,
887 1157 975 1182 neque

171 1191 316 1218 maculam:
335 1190 435 1223 quippe
453 1197 513 1215 cum
533 1189 568 1215 sit
585 1190 642 1221 ejus
655 1189 812 1223 hymnodia}
831 1188 894 1219 filia,
912 1195 974 1220 quae

170 1230 276 1256 canitur
289 1228 397 1255 assidue
410 1233 473 1254 ante
485 1227 576 1254 sedem
593 1227 643 1254 Dei
662 1232 688 1254 et
703 1227 782 1260 Agni,
801 1231 830 1253 ut
849 1226 885 1253 illi
904 1227 976 1252 simi-

170 1269 223 1295 lior
239 1267 365 1302 prodeat,
389 1267 468 1299 nihil,
491 1271 623 1300 quantum
643 1267 700 1293 fieri
718 1270 821 1301 potest,
845 1266 976 1299 praeferre

171 1307 259 1339 debet,
271 1306 345 1340 quod
355 1305 525 1339 psallentium
536 1306 648 1338 animos,
663 1306 723 1332 Deo
736 1313 767 1332 ac
777 1304 876 1331 divinis
887 1305 976 1337 rebus,

172 1349 201 1372 ut
214 1345 348 1377 convenit,
365 1348 491 1377 attentos,
508 1352 623 1371 avocare
639 1344 692 1371 alio
707 1352 738 1371 ac
752 1344 904 1370 distrahere
917 1351 977 1377 pos-

171 1384 219 1410 sit:
243 1383 334 1417 qualia
352 1387 429 1415 sunt,
450 1383 473 1409 si
491 1391 553 1417 quoe
571 1383 707 1410 interdum
726 1383 752 1409 in
771 1382 912 1408 sententiis
930 1386 978 1408 aut

173 1422 263 1449 verbis
276 1426 420 1448 occurrant
432 1429 486 1448 non
501 1426 554 1448 tam
570 1426 632 1455 apte
643 1422 827 1455 concinneque
837 1421 978 1454 disposita,

173 1465 203 1487 ut
221 1464 325 1487 tantum
344 1461 465 1494 tantique
483 1461 607 1494 obsequii
625 1468 656 1487 ac
673 1460 816 1486 ministerii
839 1468 909 1493 opus
933 1467 978 1485 ex-

174 1500 264 1533 igeret„
287 1499 355 1531 Quae
368 1507 457 1526 causat
471 1500 609 1533 quondam
623 1499 755 1533 impulere
766 1498 894 1525 Summos
909 1499 979 1524 Pon-

174 1538 259 1564 tifices
277 1538 490 1571 praedecessores
508 1538 624 1565 Nostros
642 1538 727 1564 felicis
746 1538 884 1564 memoriae
898 1537 979 1564 Pium

175 1577 285 1609 hujusce
303 1577 420 1603 nominis
437 1577 571 1610 quintum,
590 1580 619 1603 ut
638 1576 809 1603 Breviarium
824 1576 979 1602 Romanum

175 1615 284 1641 incertis
301 1623 351 1649 per
367 1622 426 1641 eam
445 1619 552 1642 oetatem
570 1615 675 1648 legibus
688 1622 795 1648 vagum,
813 1618 887 1641 certa
901 1617 982 1640 stata—

175 1661 228 1687 que
247 1653 342 1680 orandi
361 1654 488 1680 methodo
510 1653 645 1686 inligaret,
667 1657 694 1679 et
711 1653 877 1680 Clementem
895 1653 982 1686 Villi,

177 1696 206 1719 ut
229 1693 296 1719 illud
319 1693 408 1726 ipsum
432 1692 510 1726 lapsu
535 1692 665 1726 temporis
693 1699 725 1718 ac
748 1693 980 1726 typographorum

177 1732 280 1758 incuria
293 1731 481 1765 depravatum,
499 1731 591 1758 decori
605 1732 720 1765 pristino
735 1731 897 1758 restitueret⁴
924 1731 982 1758 Nos

178 1778 286 1804 quoque
304 1770 332 1796 in
349 1770 471 1797 eamdem
490 1770 679 1804 cogitationem
698 1775 819 1803 traxere,
841 1774 868 1796 et
885 1769 983 1796 sollici-

177 1810 244 1836 tudo
262 1810 362 1836 Nostra
379 1816 443 1842 erga
460 1817 504 1835 res
522 1816 626 1842 sacras,
648 1817 717 1843 quas
736 1810 851 1843 prImam
870 1812 897 1835 et
915 1809 983 1842 opti-

179 1856 251 1875 mam
273 1852 377 1882 partem
400 1848 519 1875 muneris
542 1848 635 1875 Nostri
659 1855 802 1875 censemus
824 1852 851 1875 et
874 1848 983 1881 piorum

181 1887 377 1920 doctorumque
388 1887 509 1913 virorum
523 1886 621 1920 judicia
634 1891 661 1913 et
674 1891 746 1921 vota,
759 1886 984 1921 conquerentium

181 1927 209 1952 in
226 1934 259 1952 eo
276 1925 407 1952 contineri
425 1933 479 1951 non
497 1933 592 1959 pauca,
609 1933 671 1959 quae
689 1926 746 1952 sive
765 1934 781 1952 a
794 1926 883 1960 primo
897 1925 986 1952 nitore

181 1964 358 1992 institutionis
375 1963 550 1997 excidissent,
573 1965 631 1990 sive
648 1965 774 1991 inchoata
793 1965 884 1999 potius
902 1971 985 1998 quam

181 2003 302 2039 perfecta
326 2002 415 2029 forent
438 2003 473 2029 ab
496 2003 570 2036 aliis,
592 2006 666 2030 certe
688 2011 703 2030 a
722 2003 808 2030 Nobis
829 2008 985 2037 supremam

182 2042 284 2077 imponi
306 2049 416 2068 manum
437 2041 631 2068 desiderarent.
671 2042 728 2069 Nos
749 2042 841 2076 itaque
862 2043 926 2069 huic
947 2042 986 2068 rei

183 2081 304 2108 sedulam
323 2087 434 2115 operam
448 2081 617 2114 navavimus,
634 2085 661 2107 et
679 2082 753 2115 iussu
767 2081 868 2108 Nostro
884 2081 987 2114 aliquot

183 2119 282 2147 eruditi
300 2123 327 2146 et
344 2119 479 2153 sapientes
497 2119 548 2145 viri
566 2126 644 2146 suam
665 2120 738 2147 serio
758 2127 852 2146 curam
870 2119 988 2146 contule-

183 2161 260 2190 runt,
284 2165 402 2191 quorum
421 2157 558 2192 diligentia
581 2159 727 2192 studioque
744 2158 894 2193 perfectum
919 2167 989 2193 opus

184 2201 234 2230 est,
251 2196 325 2231 quod
342 2200 449 2230 gratum
467 2197 602 2230 omnibus,
620 2197 733 2231 Deoque
746 2201 773 2224 et
786 2201 887 2224 sanetae
902 2198 989 2224 Eccle-

185 2236 234 2263 sias
242 2235 420 2262 honorificum
431 2235 491 2262 tore
499 2243 653 2269 speramus:
663 2236 797 2270 siquidem
807 2236 834 2262 in
844 2244 877 2263 eo
886 2237 989 2271 Hymni

187 2274 292 2309 (paucis
303 2274 434 2308 exceptis)
451 2273 499 2308 qui
513 2281 567 2301 non
581 2279 676 2307 metro,
693 2275 742 2301 sed
754 2275 844 2302 soluta
858 2275 990 2310 oratione,

186 2316 234 2340 aut
250 2312 332 2339 etiam
345 2312 455 2346 rhytmo
467 2316 601 2346 constant,
618 2313 660 2339 vel
674 2313 905 2340 emendatioribus
918 2314 990 2341 codi-

186 2351 264 2378 cibus
281 2350 422 2383 adhibitis,
444 2350 487 2377 vel
508 2351 598 2385 aliqua
622 2352 693 2378 tacta
711 2351 861 2378 mutatione
882 2352 917 2379 ad
935 2360 991 2379 car·

186 2389 268 2416 minis
285 2392 312 2415 et
329 2389 469 2416 latinitatis
487 2389 570 2423 leges,
592 2390 638 2416 ubi
658 2390 715 2417 fieri
733 2391 833 2424 potuit,
857 2391 990 2425 revocati,

188 2427 236 2454 ubi
250 2435 315 2454 vero
333 2435 387 2455 non
405 2428 501 2461 potuit,
517 2428 552 2455 de
569 2429 674 2462 integro
686 2429 788 2456 conditi
802 2434 877 2456 sunt:
895 2430 989 2456 eadem

188 2471 288 2499 tamen,
304 2466 395 2500 quoad
413 2466 496 2499 licuit,
513 2471 620 2494 servata
638 2469 778 2494 sententia.
810 2469 946 2495 Restituta
963 2468 991 2495 in

189 2504 306 2532 Psalmis
326 2508 354 2531 et
370 2504 490 2531 Canticis
511 2505 692 2540 interpunctio
716 2506 842 2533 editionis
861 2507 992 2540 Vulgatae,

189 2546 216 2570 et
234 2543 388 2569 canentium
410 2543 607 2575 commoditati,
631 2545 666 2571 ob
689 2552 771 2578 quam
795 2545 890 2571 eadem
912 2545 992 2571 inter-

189 2582 300 2616 punctio
322 2586 426 2608 mutata
447 2582 582 2608 interdum
607 2583 708 2615 iuerat,
729 2583 830 2610 additis
848 2583 994 2610 Asteriscis

190 2620 352 2647 consultum.
388 2620 500 2647 Petrum
522 2620 667 2647 Sermones
690 2625 717 2648 et
739 2621 866 2648 Homiliae
889 2622 994 2648 collatae

191 2667 252 2686 cum
279 2659 403 2693 pluribus
429 2658 568 2692 impressis
594 2659 772 2693 editionibus,
804 2665 831 2686 et
856 2661 995 2687 veteribus

191 2697 396 2731 manuscriptis,
418 2698 455 2724 ita
479 2698 563 2724 multa
585 2698 722 2732 suppleta,
745 2699 829 2725 multa
853 2699 995 2726 emendata

192 2740 274 2770 atque
295 2741 424 2764 correcta.
458 2736 620 2763 Sanctorum
641 2737 771 2764 Historiae
794 2745 827 2764 ex
849 2738 945 2772 priscis
969 2742 995 2764 et

791 687 1200 713 ——ssmok—

657 813 976 865 URBANUS
1007 810 1183 860 PAPA
1204 809 1340 857 VIII.

565 917 629 944 AD
662 913 991 942 PERPETUAM
1023 912 1111 938 REI
1143 910 1442 938 MEMORIAM.

896 992 1096 1009 „—„.-„-

1014 204 1169 230 litterarum
1195 198 1398 234 exemplaribus
1424 197 1507 224 etiam
1533 195 1561 222 in
1588 195 1656 230 ipsis
1681 193 1832 221 Breviariis

1016 241 1165 276 impressis,
1183 239 1227 266 vel
1244 246 1326 265 manu
1346 237 1460 270 alicuius
1473 234 1579 263 Notarii
1594 233 1696 268 publici
1714 232 1832 259 subscri-

1017 281 1079 315 ptis,
1097 283 1123 305 et
1143 278 1231 312 sigillo
1245 277 1359 310 alicujus
1371 282 1497 310 personae
1513 274 1540 300 in
1554 272 1686 306 dignitate
1700 271 1832 298 Ecclesia-

1017 320 1083 346 stica
1097 318 1252 345 constitutae
1267 314 1388 347 munitis,
1405 314 1501 340 eadem
1514 319 1630 347 prorsus
1649 310 1718 337 fides
1733 310 1832 337 habea-

1018 363 1071 390 tur,
1089 364 1151 391 quae
1169 356 1236 390 ipsis
1254 354 1437 389 praesentibus
1454 353 1614 384 haberetur,
1637 350 1660 377 si
1677 352 1770 377 essent
1788 356 1833 375 ex-

1018 397 1112 423 hibitae
1130 395 1173 422 vel
1191 398 1316 421 ostensae.

1071 449 1171 474 Datum
1182 447 1279 474 Romae
1293 445 1366 479 apud
1380 447 1505 470 sanctum
1520 443 1643 469 Marcum
1656 442 1709 468 sub
1722 439 1835 467 Annulo

1020 487 1181 518 piscatoris,
1205 485 1250 512 die
1273 493 1298 511 x.
1318 484 1379 517 Maji
1398 482 1514 510 MDCII.
1537 481 1718 508 Pontificatus
1739 478 1835 507 Nostri

1020 534 1092 553 anno
1110 525 1261 552 undecimo.

1166 584 1221 618 M.
1244 581 1436 617 Vestrius
1462 577 1710 613 Barbianus.

1025 1069 1148 1103 probatis
1173 1067 1332 1095 auctoribus
1355 1065 1508 1099 recognitae.
1545 1064 1689 1097 Rubricae,
1711 1062 1842 1089 densetis
1868 1081 1871 1083 -

1027 1108 1172 1139 nonnullis,
1190 1106 1355 1140 quibusdam
1375 1104 1495 1138 adjectis,
1514 1103 1616 1130 clarius
1630 1106 1657 1129 et
1671 1101 1843 1128 commodius

1026 1147 1175 1180 explicatae.
1212 1145 1339 1178 Denique
1361 1144 1452 1170 omnia
1478 1150 1576 1176 magno
1599 1146 1627 1168 et
1649 1141 1731 1174 longo
1747 1139 1844 1167 labore

1026 1185 1170 1218 diligenter
1192 1188 1373 1217 accurateque
1395 1183 1432 1209 ita
1454 1181 1589 1216 disposita
1612 1184 1639 1207 et
1657 1179 1791 1214 expolita,
1813 1181 1844 1205 ut

1027 1224 1102 1258 quod
1120 1227 1179 1249 erat
1201 1223 1229 1249 in
1248 1223 1331 1255 votis,
1354 1223 1389 1249 ad
1408 1224 1532 1255 optatum
1552 1220 1657 1246 exitum
1678 1218 1842 1253 perductum

1027 1264 1070 1290 sit.
1106 1263 1175 1289 Cum
1195 1262 1277 1295 igitur
1294 1265 1369 1288 tanta
1389 1265 1501 1294 tamque
1520 1263 1615 1286 exacta
1635 1258 1780 1284 doctorum
1797 1256 1844 1283 ho·

1028 1302 1131 1328 minum
1146 1301 1290 1333 industria,
1307 1308 1342 1326 ne
1359 1300 1439 1334 plane
1458 1299 1486 1325 in
1500 1298 1609 1325 irritum
1623 1297 1736 1329 recidat,
1754 1294 1844 1329 requi-

1029 1345 1071 1367 rat
1090 1340 1323 1374 typographorum
1343 1339 1440 1371 fidem,
1458 1337 1651 1364 mandavimus
1669 1335 1770 1362 dilecto
1787 1334 1845 1361 filio

1028 1379 1149 1407 Andreae
1168 1378 1318 1411 Brogiotm,
1337 1376 1527 1411 typographiae
1549 1376 1659 1402 Nostrae
1676 1373 1846 1408 Apostolicae

1030 1418 1178 1451 Praefecto,
1202 1417 1423 1451 procurationem
1447 1415 1528 1449 hujus
1547 1413 1682 1442 Breviarii
1706 1413 1735 1440 in
1755 1412 1845 1440 lucem

1029 1457 1118 1491 primo
1128 1455 1239 1489 edendi,
1254 1455 1329 1488 quod
1339 1453 1488 1488 exemplar,
1502 1454 1550 1488 qui
1564 1453 1680 1487 posthac
1688 1452 1847 1478 Romanum

1030 1495 1201 1523 Breviarium
1229 1493 1432 1528 impresserint,
1465 1493 1543 1526 sequi
1570 1499 1667 1518 omnes
1693 1493 1847 1518 teneantur.

1031 1535 1117 1561 Extra
1131 1534 1235 1561 Urbem
1250 1540 1316 1559 vero
1334 1532 1436 1559 nemini
1454 1531 1536 1558 licere
1550 1531 1679 1558 volumus
1696 1530 1771 1556 idem
1784 1529 1849 1556 Bre-

1031 1573 1147 1600 viarium
1167 1573 1194 1598 in
1212 1576 1353 1606 posterum
1372 1571 1447 1605 typis
1469 1570 1618 1604 excudere,
1640 1573 1688 1597 aut
1711 1568 1849 1603 evulgare,

1031 1612 1084 1639 nisi
1107 1611 1236 1638 facultate
1258 1611 1286 1636 in
1308 1610 1419 1644 scriptis
1441 1612 1553 1643 accepta
1575 1609 1611 1635 ab
1634 1606 1849 1642 inquisitoribus

1031 1651 1167 1677 hoereticae
1177 1649 1330 1683 pravitatis,
1343 1649 1480 1683 siquidem
1490 1647 1558 1674 inibi
1568 1647 1685 1682 fuerint3
1696 1647 1739 1674 sin
1749 1645 1850 1679 minus,

1033 1690 1069 1717 ab
1090 1690 1213 1716 locorum
1237 1688 1399 1715 Ordinariis.
1440 1686 1521 1719 Quod
1543 1687 1567 1713 si
1590 1686 1653 1720 quis
1674 1691 1850 1720 quacumque

1034 1729 1123 1756 forma
1151 1732 1247 1754 contra
1275 1727 1466 1761 praescriptam
1493 1725 1668 1752 Breviarium
1691 1725 1850 1752 Romanum

1034 1772 1080 1795 aut
1099 1767 1287 1802 typographus
1305 1765 1487 1800 impresserit,
1506 1769 1554 1792 aut
1571 1765 1738 1799 impressum
1755 1763 1852 1790 biblio-

1034 1808 1098 1842 pola
1115 1807 1270 1834 vendiderit
1287 1810 1365 1833 extra
1383 1805 1516 1832 ditionem
1534 1805 1665 1832 Nostram
1681 1802 1852 1830 Ecclesiasti-

1035 1854 1094 1874 cam
1113 1845 1402 1873 excommunicationis
1422 1845 1487 1872 latae
1510 1844 1653 1871 sententiae
1674 1850 1766 1878 poenae
1789 1842 1854 1869 sub·

1036 1886 1128 1921 jaceat,
1147 1893 1162 1912 a
1181 1893 1235 1919 qua
1254 1884 1306 1910 nisi
1323 1892 1340 1911 a
1360 1884 1487 1911 Romano
1502 1883 1636 1910 Pontifice
1655 1884 1852 1917 (praeterquam

1036 1925 1063 1951 in
1083 1924 1179 1950 mortis
1202 1923 1318 1950 articulo
1339 1923 1516 1955 constitutus)
1540 1921 1646 1949 absolvi
1669 1923 1803 1955 nequeat3
1825 1919 1854 1947 in

1038 1964 1108 1991 alma
1127 1971 1192 1989 vero
1212 1963 1289 1990 Urbe
1307 1970 1340 1989 ac
1357 1962 1463 1996 reliquo
1477 1961 1556 1988 Statu
1570 1960 1763 1988 Ecclesiastico
1781 1966 1854 1987 com-

1038 2007 1184 2036 morantes,
1202 2002 1413 2036 quingentorum
1428 2001 1592 2027 ducatorum
1606 2000 1666 2026 auri
1681 2000 1716 2026 de
1729 1999 1855 2031 Camers,

1039 2050 1070 2069 ac
1088 2041 1243 2068 amissionis
1260 2041 1409 2073 librorum,
1429 2043 1456 2066 et
1474 2043 1603 2074 typorum
1623 2038 1746 2066 omnium
1764 2037 1853 2064 eidem

1039 2081 1162 2108 Camerae
1180 2079 1406 2114 applicandorum
1425 2086 1523 2112 poenas
1541 2078 1646 2112 absque
1664 2077 1717 2104 alia
1735 2075 1856 2103 declara—

1040 2120 1113 2146 tione
1131 2118 1343 2146 irremisibiliter
1365 2118 1520 2151 incurrant;
1544 2121 1571 2143 et
1593 2116 1772 2143 nihilominus
1790 2116 1856 2142 Bre-

1040 2158 1126 2185 viaria
1140 2158 1199 2184 sine
1211 2157 1342 2191 praedicta
1358 2157 1487 2183 facultate
1501 2156 1644 2190 impressa,
1659 2158 1707 2182 aut
1720 2154 1856 2189 evulgata,

1040 2206 1072 2224 eo
1090 2197 1150 2231 ipso
1169 2196 1307 2230 prohibita
1325 2199 1496 2222 censeantur.
1528 2194 1710 2228 Inquisitores
1725 2201 1800 2227 vero,
1818 2193 1856 2220 lo-

1040 2243 1190 2269 corumque
1204 2234 1343 2261 Ordinarii
1358 2234 1514 2260 facultatem
1534 2233 1691 2267 hujusmodi
1710 2240 1764 2260 non
1779 2232 1857 2267 prius

1041 2275 1205 2307 concedant,
1223 2281 1305 2307 quam
1326 2272 1498 2299 Breviarium
1517 2275 1572 2299 tam
1591 2276 1667 2306 ante,
1690 2279 1774 2306 quarn
1794 2275 1857 2305 post

1041 2313 1248 2348 impressionem
1272 2319 1334 2338 cum
1359 2312 1411 2337 hoc
1435 2311 1495 2345 ipso
1519 2311 1669 2345 exemplari
1693 2311 1857 2338 auctoritate

1043 2353 1144 2379 Nostra
1159 2352 1277 2384 vulgato,
1294 2350 1438 2384 diligenter
1455 2350 1629 2383 contulerint,
1646 2354 1673 2376 et
1691 2350 1758 2376 nihil
1777 2349 1804 2376 in
1823 2350 1858 2377 iis

1042 2391 1164 2417 additum
1184 2390 1392 2423 detractumque
1410 2389 1595 2422 cognoverint.
1632 2389 1663 2415 In
1687 2389 1746 2423 ipsa
1765 2393 1857 2416 autem

1044 2429 1180 2461 facultate,
1198 2429 1274 2462 cujus
1288 2429 1443 2462 exemplum
1463 2428 1490 2454 in
1506 2427 1559 2454 fine
1573 2431 1620 2454 aut
1633 2428 1711 2454 initio
1725 2428 1858 2462 cujusque

1043 2467 1176 2494 Breviarii
1203 2467 1366 2501 impressum
1394 2474 1503 2500 semper
1528 2467 1660 2498 addatur,
1692 2467 1858 2493 mentionem

1043 2514 1125 2533 manu
1140 2506 1252 2539 propria
1267 2505 1368 2532 faciant
1383 2506 1516 2532 absolutae
1531 2505 1686 2539 hujusmodi
1696 2505 1858 2539 collationis,

1044 2549 1214 2578 repertaeque
1224 2544 1295 2571 inter
1304 2549 1452 2577 utrumque
1463 2544 1635 2570 Breviarium
1647 2543 1859 2577 conformitatis,

1044 2584 1096 2609 sub
1115 2591 1196 2617 poena
1211 2583 1424 2616 Inquisitoribus
1442 2582 1605 2616 privationis
1623 2590 1737 2608 suorum
1757 2582 1859 2609 officio—

1045 2629 1114 2655 rum,
1133 2629 1164 2648 ac
1179 2621 1357 2648 inhabilitatis
1376 2621 1411 2648 ad
1430 2621 1485 2654 illa,
1503 2625 1530 2647 et
1544 2621 1596 2647 alia
1616 2621 1643 2647 in
1657 2623 1799 2655 posterum
1813 2621 1860 2647 ob-

1045 2661 1170 2695 tinenda3
1198 2660 1352 2687 Ordinariis
1380 2668 1445 2686 vero
1471 2660 1596 2686 lomrum
1622 2659 1812 2693 suspensionis
1842 2667 1859 2687 a

1046 2699 1159 2732 divinia,
1183 2707 1214 2726 ac
1239 2699 1375 2725 interdicti
1399 2699 1435 2725 ab
1454 2699 1578 2731 ingressu
1598 2698 1738 2732 Ecclesiae3
1763 2705 1859 2725 eorum

1047 2746 1112 2765 vero
1130 2738 1247 2766 vicariis
1265 2738 1427 2773 privationis
1444 2738 1598 2765 officiorum
1617 2741 1644 2764 et
1664 2737 1859 2764 beneficiorum
