2040 2990
179 205 225 240 10

230 300 320 348 Ego
341 294 534 339 clamavi,
557 293 759 345 quoniam
781 288 993 332 exaudisti

176 368 244 395 me
276 354 412 394 Deus:
443 352 466 374 *
498 349 655 390 inclina
696 359 844 388 aurem
876 351 994 386 tuam

176 409 288 453 mihi,
308 414 350 448 et
370 404 527 447 exaudi
547 404 680 445 verba
699 415 805 444 mea.

227 464 404 505 Mirifica
424 459 746 503 misericordias
760 464 867 504 tuas,
883 458 905 482 *
922 456 994 508 qui

175 521 318 561 salvos
338 519 444 560 facis
463 519 689 570 sperantes
708 516 750 555 in
770 519 823 555 te.

225 577 263 616 A
284 573 586 617 resistentibus
605 571 797 613 dexterae
817 575 903 610 tuae
924 581 993 608 cu-

174 631 288 672 stodi
308 644 388 678 me,
408 631 430 654 *
451 635 498 670 ut
516 627 724 681 pupillam
745 625 870 666 oculi.

225 687 314 728 Sub
339 685 491 727 umbra
516 684 680 725 alarum
704 684 876 723 tuarum
896 682 993 732 pro-

174 749 271 793 tege
304 755 387 783 me:
410 742 433 766 *
457 753 481 781 a
515 740 623 780 facie
657 738 887 790 impiorum
922 736 993 787 qui

174 811 243 839 me
263 798 518 839 afflixerunt.

226 854 391 894 Inimici
420 852 503 892 mei
533 851 719 891 animam
747 862 887 890 meam
917 848 993 889 cir-

175 908 503 955 cumdederunt‚
538 906 711 958 adipem
740 918 864 946 suum
894 916 993 945 con-

175 965 408 1005 cluserunt:
428 965 450 988 *
470 975 520 1003 os
545 965 694 1003 eorum
715 961 909 1002 locutum
929 965 995 1000 est

175 1020 435 1073 superbiam.

227 1076 504 1127 Projicie'ntes
529 1086 598 1115 me
621 1086 734 1114 nunc
759 1072 994 1113 circumde-

175 1131 331 1173 derunt
361 1143 444 1172 me:
468 1132 490 1155 *
519 1130 669 1170 oculos
702 1141 805 1170 suos
838 1129 994 1169 statue-

176 1193 274 1228 runt
293 1187 511 1228 declinare
531 1186 574 1226 in
593 1191 764 1226 terram.

225 1244 518 1294 Susceperunt
541 1254 611 1282 me
636 1242 748 1282 sicut
774 1240 844 1281 leo
873 1241 1018 1291 para-·

174 1305 244 1340 tus
269 1298 324 1339 ad
349 1297 560 1350 praedam:
578 1298 601 1322 *
621 1302 664 1338 et
693 1297 803 1337 sicut
827 1295 996 1337 catulus

175 1354 312 1395 leonis
331 1353 531 1395 habitans
550 1353 593 1393 in
613 1352 782 1394 abditis.

227 1411 424 1460 Exsurge
442 1409 644 1456 D6mine‚
668 1407 862 1460 praeveni
887 1419 996 1453 eum‚

177 1472 219 1507 et
239 1466 471 1517 supplanta
490 1478 604 1506 eum:
622 1466 645 1488 *
665 1464 784 1515 eripe
810 1463 996 1504 animam

177 1534 318 1562 meam
337 1521 391 1561 ab
411 1521 556 1572 impio,
576 1520 784 1561 frameam
802 1525 922 1560 tuam
942 1518 996 1560 ab

178 1577 360 1617 inimicis
379 1589 531 1617 manus
549 1581 647 1617 tuae.

230 1633 417 1673 Demine
436 1645 459 1672 a
480 1632 630 1683 paucis
651 1630 706 1672 de
721 1637 837 1672 terra
852 1629 998 1671 divide

179 1700 255 1729 eos
289 1688 329 1728 in
364 1688 452 1728 vita
485 1689 651 1728 ebrum:
679 1687 701 1711 *
730 1685 785 1727 de
818 1685 997 1727 abscon-

181 1743 281 1784 ditis
321 1743 406 1784 tuis
447 1742 709 1794 adimpletus
745 1747 811 1782 est
848 1747 999 1783 venter

179 1811 340 1840 eorum.

230 1855 418 1895 Saturati
443 1860 542 1895 sunt
568 1854 680 1894 filiis:
705 1855 727 1878 *
754 1860 797 1895 et
827 1853 997 1895 dimise-

181 1915 278 1950 runt
298 1909 501 1961 reliquias
518 1922 618 1950 suas
637 1910 829 1962 parvulis
849 1911 947 1951 suis.

232 1965 325 2014 Ego
354 1970 498 2006 autem
526 1966 568 2005 in
594 1966 752 2015 justitia
777 1965 999 2018 apparebo

181 2021 433 2072 conspectui
451 2026 541 2062 tuo:
559 2022 582 2045 *
599 2020 790 2062 satiabor
810 2034 906 2062 cum
926 2035 998 2074 ap-

181 2076 372 2128 paruerit
391 2076 529 2126 gloria
548 2082 631 2118 tua.

238 2128 284 2167 ln
322 2128 533 2169 Adventu.
582 2131 678 2170 Ant.
728 2131 817 2173 Rex
852 2139 1000 2175 noster

181 2186 382 2228 adveniet
409 2186 623 2234 Christus,
657 2200 783 2239 quem
811 2189 1001 2230 Joannes

182 2242 439 2293 praedicavit
455 2243 625 2293 Agnum
646 2256 741 2285 esse
762 2248 1000 2286 venturum.

241 2304 336 2343 Ant.
360 2304 474 2348 Ecce
495 2308 630 2348 venio.

240 2362 320 2402 Per
337 2364 518 2403 Annum.
544 2366 642 2404 Ant.
665 2364 853 2419 Propter
869 2368 1000 2409 verba

185 2420 396 2462 labidrum
441 2423 613 2462 tuorum
659 2435 740 2472 ego
787 2423 998 2464 custodivi

185 2476 277 2517 vias
297 2475 438 2517 duras.

242 2534 337 2572 Ant.
366 2533 549 2586 Diligam
568 2542 621 2577 te.

244 2597 286 2630 Et
317 2607 390 2629 non
421 2598 603 2639 repetitur
636 2599 670 2631 in
703 2599 868 2633 Psalmo:
903 2602 1005 2643 quod

190 2653 339 2686 semper
365 2645 417 2678 iit.
444 2645 597 2686 quando
616 2646 701 2678 Ant.
729 2647 861 2689 incipit
887 2660 906 2681 a
933 2650 1005 2690 pri-

190 2700 250 2722 mo
270 2690 389 2724 vex-su
411 2691 565 2727 Psalmi:
592 2699 625 2725 ct
645 2693 702 2725 l‘s.
723 2700 808 2727 tune
830 2695 1007 2737 incipitur

758 195 955 228 Dominica
983 193 1028 226 ad
1055 191 1288 226 Matutinuni.

1050 290 1097 322 ab
1122 298 1166 321 eo
1185 287 1319 325 verbo,
1345 285 1381 317 in
1405 293 1481 326 quo
1505 282 1647 315 desinit
1664 282 1767 322 Ant„
1791 280 1874 314 sive

1053 337 1195 377 integra
1215 334 1379 367 dicatur.
1405 331 1487 364 sive
1511 334 1657 364 tanturn
1676 328 1874 369 inchoata:

1050 385 1081 416 si
1101 390 1224 416 tamen
1244 380 1377 414 eadem
1395 379 1471 412 sint
1485 378 1614 413 verba.
1633 382 1669 411 et
1680 376 1875 410 continue-

1049 438 1108 465 tur
1126 431 1212 463 Ant.
1231 439 1314 463 eum
1333 428 1499 461 Psalmo.

1328 500 1522 539 l'salmus
1545 497 1599 537 17.

1049 563 1279 667 Diligam
1287 573 1329 608 te
1341 566 1528 607 Demine
1541 563 1753 606 fortitudo
1763 577 1876 605 mea:

1133 625 1156 649 *
1164 623 1377 664 Dominus
1388 622 1710 662 firmamentum
1719 633 1876 665 meum,

1048 686 1091 721 et
1128 679 1341 729 refugium
1377 691 1538 726 meum,
1583 682 1627 718 et
1667 675 1877 717 liberator

1048 749 1182 777 meus.

1101 793 1220 833 Deus
1252 803 1375 832 meus
1409 789 1582 841 adjutor
1601 792 1753 837 'meuS,
1782 788 1805 813 *
1834 792 1878 828 et

1049 847 1237 900 sperabo
1258 848 1301 887 in
1321 860 1431 888 eum.

1099 905 1330 944 Protector
1349 915 1483 950 meus,
1505 906 1548 942 et
1567 913 1704 942 cornu
1723 899 1876 941 salutis

1048 974 1169 1009 meae,
1189 961 1212 984 *
1233 964 1275 1000 et
1295 960 1527 1010 susceptor
1545 969 1680 998 meus.

1100 1015 1304 1057 Laudans
1332 1013 1549 1055 invocabo
1577 1013 1831 1053 D6minum:
1854 1011 1878 1036 *

1049 1078 1092 1113 et
1112 1072 1166 1113 ab
1186 1071 1370 1112 inimicis
1389 1070 1500 1111 meis
1519 1069 1666 1110 salvus
1687 1081 1774 1110 ero.

1100 1126 1490 1169 Circumdederunt
1499 1124 1877 1166 medoloresmor-

1048 1185 1118 1225 tis:
1143 1185 1165 1209 *
1191 1189 1234 1224 et
1261 1185 1480 1224 torrentes
1509 1181 1750 1233 iniquitatis
1779 1193 1878 1222 con-

1048 1239 1335 1281 turbaverunt
1353 1252 1434 1280 me.

1101 1295 1291 1336 DolOres
1319 1294 1475 1335 inferni
1500 1292 1881 1335 circumdederunt

1049 1365 1133 1392 me:
1152 1352 1175 1376 *
1194 1351 1618 1403 praeoccupaverunt
1640 1362 1711 1391 me
1733 1348 1880 1401 laquei

1049 1408 1215 1448 mortis.

1101 1464 1151 1503 In
1166 1462 1446 1504 tribulati6ne
1461 1475 1560 1502 mea
1574 1461 1777 1503 invocavi
1791 1461 1879 1502 Do-

1049 1519 1233 1566 minum,
1251 1519 1274 1543 *
1295 1523 1338 1559 et
1367 1517 1423 1559 ad
1450 1518 1594 1558 Deum
1622 1530 1769 1558 meum
1797 1515 1880 1558 ela-

1050 1575 1180 1615 mavi:

1103 1631 1159 1671 Et
1191 1629 1413 1671 exaudivit
1444 1629 1500 1671 de
1532 1629 1699 1682 templo
1727 1634 1880 1670 sancto

1051 1699 1131 1727 suo
1147 1699 1301 1727 vocem
1315 1699 1472 1727 meam:
1483 1687 1507 1711 *
1518 1691 1562 1727 et
1577 1686 1743 1727 clamor
1756 1697 1881 1726 meus

1051 1742 1093 1782 in
1119 1744 1357 1794 conspectu
1384 1743 1490 1793 ejus,
1519 1742 1715 1784 introivit
1741 1741 1786 1782 in
1809 1754 1880 1782 au-

1052 1811 1122 1839 res
1142 1799 1242 1850 ejus.

1105 1854 1335 1895 Commota
1354 1860 1436 1903 est,
1456 1860 1499 1896 et
1519 1853 1781 1896 contremuit
1797 1857 1879 1895 ter-

1053 1923 1113 1950 ra:
1132 1911 1155 1935 *
1176 1909 1456 1951 fundamenta
1474 1911 1689 1952 mdntium
1708 1914 1880 1952 contur-

1052 1965 1154 2007 bata
1174 1971 1289 2014 sunt,
1314 1971 1358 2007 et
1383 1968 1605 2008 commota
1629 1971 1745 2014 sunt,
1776 1966 1880 2018 quo-

1053 2022 1166 2062 niam
1186 2022 1323 2063 iratus
1343 2027 1410 2063 est
1429 2023 1503 2063 eis.

1104 2077 1317 2119 Ascendit
1350 2078 1493 2119 fumus
1524 2079 1567 2118 in
1599 2078 1664 2119 ira
1696 2078 1805 2129 ejus:
1838 2082 1882 2118 et

1053 2133 1164 2183 ignis
1188 2146 1213 2174 a
1239 2133 1347 2175 facie
1373 2135 1463 2185 ejus
1489 2134 1667 2175 exarsit:
1685 2134 1709 2159 *
1729 2132 1880 2175 carbo-

1054 2202 1129 2231 nes
1150 2190 1345 2230 succensi
1366 2196 1466 2231 sunt
1485 2189 1540 2231 ab
1562 2203 1625 2232 eo.

1105 2245 1332 2286 Inclinavit
1352 2245 1505 2294 coelos,
1530 2252 1573 2287 et
1597 2244 1838 2288 descendit:
1857 2245 1880 2270 *

1054 2307 1096 2342 et
1116 2300 1256 2350 caligo
1277 2300 1357 2342 sub
1376 2301 1563 2354 pe‘dibus
1584 2303 1685 2353 ejus.

1107 2357 1160 2397 Et
1185 2356 1381 2398 ascendit
1405 2370 1536 2410 super
1562 2357 1813 2405 Cherubim,
1838 2361 1881 2398 et

1054 2412 1235 2453 volavit:
1272 2414 1294 2436 ¹⁸¹
1338 2413 1500 2454 volavit
1542 2427 1675 2466 super
1714 2425 1880 2465 pennas

1054 2470 1294 2509 ventorum.

1107 2525 1160 2565 Et
1180 2524 1327 2575 posuit
1347 2524 1550 2566 tenebras
1570 2523 1798 2566 latibulum
1813 2536 1880 2564 su·

1054 2592 1140 2622 um.
1165 2579 1208 2619 in
1233 2580 1417 2621 circuitu
1441 2582 1531 2631 ejus
1551 2579 1881 2622 tabernaculum

1054 2635 1158 2730 ejgis:
1181 2635 1204 2659 *
1228 2635 1461 2677 tenebrosa
1486 2649 1600 2688 aqua
1622 2636 1666 2677 in
1690 2635 1880 2677 nubibus

1055 2702 1078 2730 a
1109 2703 1177 2730 ris.
