2040 2990
710 210 753 243 In
774 210 919 245 Octava
943 211 999 245 Ss.
1024 211 1297 247 Innocentium.

164 306 246 349 bus
265 320 352 349 non
369 313 469 350 sunt
483 309 762 362 coinquinati:
780 309 983 361 Virgines

165 363 278 405 enim
310 370 418 406 sunt.
471 365 779 407 Ambulabunt.
831 365 984 407 Gloria

163 419 292 462 Patri.
332 421 642 464 Ambulabunt.

370 501 419 539 In
445 502 515 541 III.
543 502 763 542 Nocturno.

214 562 311 602 Ant.
348 562 372 601 J
374 560 460 601 usti
485 564 630 602 autem
654 559 697 601 in
723 562 982 613 perpotuum

162 615 320 665 vivent,
341 620 383 657 et
402 616 520 670 apud
534 617 770 658 Dominum
790 622 856 658 est
873 630 981 659 mer-

163 684 236 713 ces
258 674 418 713 eorum.

212 733 278 773 Ps.
298 734 361 774 32.
389 734 619 776 Exsultate
637 733 746 786 justi.
765 734 840 787 [41]

212 794 310 835 Ant.
345 794 423 836 Isti
447 800 547 837 sunt
592 796 665 848 qui
690 798 900 842 venerunt
927 809 980 837 ex

160 862 316 901 magna
356 850 652 902 tribulatione,
700 858 743 895 et
782 853 980 894 laverunt

161 905 296 947 stolas
315 920 417 949 suas
436 908 479 949 in
499 909 707 960 sanguine
726 910 852 960 Agni.

210 967 277 1008 Ps.
297 970 361 1009 33.
392 969 654 1011 Benedicam
671 970 796 1011 Dfim.
816 971 897 1023 [42]

212 1028 308 1070 Ant.
330 1030 443 1072 Ecce
459 1043 628 1071 merces
643 1033 893 1072 sanctorum
909 1043 977 1072 co-

159 1085 287 1137 piosa
318 1091 385 1128 est
417 1085 534 1139 apud
564 1087 722 1129 Deum:
758 1087 842 1140 ipsi
873 1100 978 1129 vero

158 1142 320 1184 mortui
338 1147 438 1184 sunt
457 1155 539 1196 pro
560 1143 749 1194 Christo,
771 1148 815 1186 et
833 1144 979 1186 vivent

157 1197 201 1239 in
219 1200 440 1241 aeternum.

211 1260 277 1300 Ps.
288 1262 353 1301 45.
370 1262 489 1302 Deus
499 1266 647 1303 noster
658 1261 882 1313 refugium.
897 1261 978 1314 [42]

210 1314 260 1366 V.
284 1321 310 1362 J
310 1321 397 1363 usti
418 1326 562 1363 autem
578 1322 622 1362 in
641 1324 901 1375 perpetuum
920 1323 978 1363 vi-

158 1382 270 1419 vent.
316 1378 366 1429 R.
402 1378 458 1419 Et
495 1378 612 1431 apud
644 1379 880 1420 Dominum
913 1383 978 1420 est

157 1447 325 1476 merces
346 1436 507 1476 eorum.

160 1506 312 1549 Le'ctio
334 1507 473 1549 sancti
490 1507 714 1560 Evangelii
737 1509 977 1552 secundum

433 1563 700 1606 Matthaeum.

233 1623 384 1666 Lectio
406 1626 473 1666 vii.
700 1629 801 1680 Cap.
816 1630 851 1669 2.
868 1642 901 1670 c.

155 1678 231 1786 In
253 1684 328 1727 illo
350 1686 560 1739 tempore:
586 1687 780 1739 Angelus
798 1689 976 1731 Domini

221 1742 423 1794 apparuit
449 1743 492 1784 in
519 1745 682 1785 somnis
709 1745 888 1799 Joseph,
917 1746 975 1788 di-

157 1809 275 1838 cens:
301 1798 453 1851 Surge,
479 1803 523 1841 et
542 1800 691 1853 accipe
711 1804 911 1854 mierum,
933 1808 977 1845 et

156 1858 339 1896 matrem
357 1855 457 1907 ejus,
477 1860 521 1897 et
541 1856 640 1908 fuge
659 1857 702 1898 in
722 1859 975 1911 AEgyptum:

157 1914 200 1952 et
224 1915 319 1952 esto
344 1910 405 1953 ibi
430 1925 569 1965 usque
594 1912 698 1957 dum
722 1913 863 1956 dicam
886 1915 975 1957 tibi.

155 1966 212 2008 Et
229 1966 406 2020 reliqua.

285 2044 476 2086 Homilia
503 2046 641 2088 sancti
667 2047 690 2087 J
694 2047 846 2089 oannis

413 2102 721 2154 Chrysostomi.

214 2164 272 2199 Ex
294 2166 403 2201 Hom.
427 2167 459 2201 8.
483 2167 520 2200 in
546 2167 686 2207 Matth„
712 2171 797 2201 ante
822 2167 918 2201 med.

161 2226 198 2285 ἦ,
279 2236 348 2264 uae
367 2236 466 2265 cum
485 2224 678 2266 audisset
695 2226 719 2265 J
723 2226 876 2279 oseph,
902 2239 972 2268 ne-

192 2272 243 2311 '³5⁶²
299 2282 515 2333 quaquam
534 2294 690 2334 passus
710 2287 777 2324 est
795 2282 972 2324 scanda-

159 2332 232 2356 *R‘
295 2335 394 2385 lum,
408 2350 550 2389 neque
564 2337 686 2379 dixit:
705 2339 875 2380 Incerta
890 2339 973 2380 ista

155 2403 225 2432 res
253 2396 335 2441 est,
363 2405 414 2434 ac
440 2406 621 2446 prorsus
648 2394 860 2446 ambigua.
905 2395 972 2435 Tu

155 2447 285 2499 paulo
312 2454 411 2490 ante
437 2449 632 2499 dicebas,
663 2451 762 2503 quia
788 2451 973 2492 salvabit

155 2503 365 2555 populum
391 2518 532 2555 suum,
565 2510 608 2547 et
639 2519 752 2548 nunc
782 2509 972 2559 seipsum

158 2558 331 2610 quidem
354 2574 440 2602 non
465 2567 611 2614 potest
630 2562 684 2604 de
704 2563 908 2615 periculis
926 2563 971 2603 li-

156 2613 325 2656 berare:
357 2617 436 2658 sed
459 2618 561 2670 fuga
586 2618 711 2660 nobis
737 2624 803 2660 est
826 2631 971 2660 neces-

156 2670 285 2720 saria,
312 2676 355 2713 et
372 2674 681 2726 peregrinatio,
707 2688 758 2716 ac
776 2675 971 2717 transmi-

155 2727 296 2778 gratio
315 2727 562 2782 longinqua.
591 2731 817 2773 Contraria
838 2733 970 2772 omni·
998 2705 1004 2775 Ι

1794 219 1859 254 243

1036 322 1093 350 no
1122 315 1220 352 sunt
1247 311 1363 353 facta
1390 313 1624 364 promissis.
1663 314 1750 355 Sed
1781 314 1855 356 ho-

1035 379 1132 407 rum
1176 367 1281 408 nihil
1324 381 1504 420 prorsus
1550 370 1746 422 opponit:
1791 372 1856 413 vir

1036 423 1150 464 enim
1178 429 1271 465 erat
1298 424 1452 466 fidelis:
1480 438 1620 478 neque
1646 428 1855 469 reversio-

1035 479 1102 520 nis
1125 485 1298 533 tempus
1325 482 1495 523 curiose
1517 482 1708 534 inquirit,
1737 485 1855 535 quod

1035 536 1185 588 utique
1211 537 1266 578 ab
1292 537 1462 589 Angelo
1490 551 1577 580 non
1603 539 1769 591 signate
1793 541 1854 582 fu-

1035 597 1128 634 erat
1148 595 1416 646 expressum:
1445 594 1536 635 sed:
1564 595 1670 637 Esto
1690 596 1765 646 ibi,
1795 597 1854 637 in-

1036 649 1139 701 quit,
1158 652 1387 703 usquequo
1409 650 1550 692 dicam
1568 651 1658 693 tibi.

1085 714 1134 765 R.
1181 715 1424 757 Cantabant
1467 717 1604 758 sancti
1641 718 1853 760 canticum

1033 782 1194 812 novum
1219 777 1318 813 ante
1342 772 1491 814 sedem
1513 773 1596 814 Dei
1620 778 1663 814 et
1681 774 1810 825 Agni:
1828 772 1849 794 *

1033 826 1089 868 Et
1108 828 1342 870 resonabat
1357 833 1474 870 terra
1488 830 1532 870 in
1546 842 1677 871 voees
1693 833 1853 873 eorum.

1032 877 1083 928 V.
1101 884 1160 924 Hi
1177 885 1311 937 empti
1326 890 1426 926 sunt
1441 898 1494 927 ex
1509 885 1756 928 hominibus
1770 889 1852 940 pri-

1031 940 1164 981 mitiae
1183 941 1279 983 Deo
1299 946 1343 983 et
1358 942 1497 993 Agno,
1518 947 1560 984 et
1580 943 1623 983 in
1643 956 1718 984 ore
1739 944 1852 996 ipso-

1032 1008 1128 1037 rum
1146 1010 1233 1038 non
1254 1003 1320 1039 est
1335 998 1556 1040 inventum
1570 1000 1852 1042 mendacium.

1032 1052 1089 1094 Et
1107 1054 1352 1096 resonabat.

1316 1121 1466 1161 Lectio
1487 1121 1568 1161 viii.

1121 1196 1242 1224 erum
1265 1183 1338 1225 ille
1361 1197 1441 1226 nec
1467 1198 1545 1237 per
1569 1186 1652 1227 ista
1678 1187 1851 1239 quidem

1134 1240 1273 1281 factus
1300 1245 1367 1282 est
1385 1242 1573 1293 segnior,
1601 1243 1681 1284 sed
1705 1243 1851 1285 obedi-

1031 1296 1092 1337 vit
1132 1296 1332 1348 libenter,
1379 1303 1422 1339 et
1457 1298 1657 1349 credidit,
1702 1312 1852 1341 omnes

1030 1366 1209 1405 prorsus
1233 1353 1536 1396 tribulationes
1566 1368 1664 1396 cum
1690 1356 1850 1407 gaudio

1030 1409 1294 1451 sustinendo.
1339 1410 1572 1452 Enimvero
1604 1412 1851 1453 misericors

1029 1465 1149 1507 Deus
1167 1466 1337 1507 moestis
1357 1467 1487 1508 rebus
1504 1467 1705 1519 quaedam
1721 1468 1852 1510 etiam

1029 1522 1215 1573 jucunda
1231 1523 1494 1575 permiscuit.
1523 1524 1653 1573 Quod
1672 1529 1790 1566 certe
1809 1525 1851 1565 in

1029 1579 1191 1620 sanctis
1209 1579 1408 1621 omnibus
1427 1580 1545 1630 facit,
1574 1594 1684 1633 quos
1710 1594 1851 1633 neque

1029 1635 1346 1686 tribulationes,
1386 1649 1528 1689 neque
1563 1637 1849 1689 jucunditates

1029 1691 1132 1733 sinit
1151 1691 1312 1733 habere
1331 1694 1570 1734 continuas:
1590 1693 1669 1735 sed
1685 1699 1776 1735 turn
1796 1693 1850 1734 de

1029 1747 1242 1798 adversis,
1270 1753 1363 1789 tum
1389 1762 1442 1790 ex
1469 1750 1692 1802 prosperis
1719 1750 1847 1801 justo-

1027 1817 1124 1845 rum
1142 1805 1275 1845 vitam
1300 1805 1423 1857 quasi
1446 1805 1690 1846 admirabili
1714 1805 1847 1846 varie-

1028 1862 1118 1902 tate
1151 1861 1353 1902 contexit.
1409 1861 1537 1911 Quod
1570 1861 1640 1902 hic
1673 1874 1847 1913 quoque

1029 1929 1127 1958 eum
1144 1916 1298 1958 fecisse
1319 1917 1556 1959 considera.

1082 1981 1132 2032 Rz.
1163 1980 1267 2022 Vidi
1296 1981 1375 2023 sub
1408 1982 1543 2024 altare
1570 1982 1653 2023 Dei
1682 1982 1846 2023 animas

1025 2037 1352 2079 interfectorum
1370 2043 1553 2091 propter
1572 2037 1754 2079 verbum
1764 2038 1846 2079 Dei

1027 2092 1145 2145 quod
1160 2092 1390 2144 habebant,
1411 2099 1454 2136 et
1474 2094 1591 2136 clara
1609 2107 1718 2136 voce
1734 2094 1845 2135 dice-

1026 2148 1145 2190 bant:
1181 2147 1203 2171 *
1230 2148 1418 2191 Vindica
1452 2150 1640 2192 Domine
1677 2150 1845 2201 sangui-

1025 2218 1123 2246 nem
1149 2208 1398 2265 sanctorum
1424 2209 1616 2256 tuorum,
1646 2206 1719 2258 qui
1745 2205 1844 2247 effu-

1025 2274 1098 2302 sus
1117 2266 1194 2302 est.
1232 2259 1281 2304 Y-
1302 2262 1390 2304 Sub
1415 2262 1573 2305 throno
1592 2262 1675 2303 Dei
1695 2274 1845 2303 omnes

1025 2318 1164 2359 sancti
1192 2318 1389 2360 clamant.
1442 2318 1638 2361 Vindica.
1696 2317 1845 2358 Gloria

1023 2373 1153 2414 Patri.
1181 2374 1378 2416 Vindica.

1329 2441 1477 2482 Lectio
1496 2442 1548 2481 ix.

1028 2499 1276 2604 Videndo
1303 2508 1464 2560 quippe
1488 2513 1661 2548 sanctus
1679 2507 1703 2547 J
1706 2507 1842 2559 oseph

1117 2564 1343 2615 gravidam
1359 2564 1592 2614 Virginem,
1611 2563 1654 2603 in
1673 2567 1841 2604 contur-

1023 2618 1244 2661 bationem
1284 2619 1435 2661 incidit
1471 2619 1719 2660 maximam:
1763 2616 1840 2658 sed

1024 2675 1161 2717 adfuit
1188 2678 1370 2728 repente
1396 2675 1606 2727 Angelus,
1641 2675 1839 2736 timorem

1022 2743 1202 2782 prorsus
1240 2734 1528 2782 exstinguens.
1577 2728 1746 2771 Deinde
1782 2741 1838 2768 v1-
