2040 2990
753 190 856 222 Furiae
886 189 991 221 tertia
1021 188 1064 220 ad
1096 186 1327 219 Matutinum.

187 300 278 328 rem
297 292 427 327 tuam:
438 285 460 309 *
473 290 515 343 et
526 283 783 325 obliviscere
797 281 1007 335 populum

188 350 318 390 tuum,
347 346 390 383 et
417 340 593 382 domum
621 339 757 392 patris
785 339 857 380 tui.

237 399 292 440 Et
307 399 586 450 concupiscet
604 397 701 437 Rex
721 395 924 436 decorem
944 399 1006 435 tu—

186 468 270 496 um:
298 455 320 479 *
351 454 553 506 quoniam
582 453 674 505 ipse
702 456 768 493 est
795 451 1006 492 Dominus

186 511 304 552 Deus
332 517 442 559 tuuS,
471 515 514 551 et
542 508 786 550 adorabunt
815 520 922 549 eum.

236 568 292 609 Et
310 567 409 607 ffliae
429 566 534 619 Tyri
555 566 597 607 in
617 564 865 606 muneribus
879 565 902 589 '⁸‘
918 563 1005 604 vul-

184 630 275 665 tum
308 630 429 665 tuum
459 622 822 675 deprecabantur:
856 633 1006 662 omnes

186 680 341 722 divites
371 679 520 732 plebis.

238 736 388 778 Omnis
407 736 544 786 gloria
566 736 654 786 ejus
680 734 779 775 filiae
799 733 931 784 Regis
951 732 1006 774 ab

184 793 309 842 intus,
336 794 358 817 *
384 793 425 833 in
453 791 632 833 fimbriis
657 791 798 832 aureis
828 790 1005 831 circum-

185 852 341 890 amicta
370 847 661 890 varietatibus.

237 904 520 946 Adducentur
549 904 659 954 Regi
686 904 873 954 virgines
906 907 1007 955 post

186 974 295 1002 eam:
307 963 328 986 *
340 961 550 1014 proximae
568 961 656 1011 ejus
673 960 905 1001 afferentur
917 958 1006 1000 tibi.

238 1017 485 1059 Afferentur
514 1017 555 1057 in
575 1017 725 1058 laetitia
754 1021 797 1057 et
822 1015 1005 1057 exsulta-

185 1074 316 1115 tione:
351 1075 373 1099 *
409 1073 677 1115 adducentur
717 1073 759 1113 in
796 1072 1005 1125 templum

185 1130 328 1180 Regis.

238 1187 323 1228 Pro
351 1186 547 1238 patribus
576 1186 659 1228 tuis
685 1186 774 1227 nati
802 1191 902 1227 sunt
929 1184 1007 1227 tibi

185 1242 277 1283 filii:
295 1243 318 1267 *
339 1244 575 1284 constitues
597 1254 673 1284 eos
698 1243 916 1295 principes
940 1254 1006 1282 su-

186 1311 264 1351 per
293 1310 465 1340 omnem
493 1304 664 1340 terram.

237 1354 454 1396 Memores
475 1360 601 1397 erunt
620 1355 804 1396 nominis
828 1355 904 1396 tui:
922 1355 944 1379 *
964 1354 1006 1394 in

187 1411 302 1452 omni
317 1412 595 1461 generatione
614 1417 657 1453 et
673 1411 1006 1462 generationem.

238 1467 478 1520 Propterea
506 1467 657 1520 populi
685 1467 1006 1509 confitebuntur

186 1523 263 1564 tibi
291 1523 334 1563 in
363 1526 587 1565 aeternum:
610 1525 633 1549 *
659 1529 701 1565 et
728 1524 771 1564 in
799 1523 1007 1565 saeculum

187 1579 344 1620 saeculi.

245 1639 340 1678 Ant.
373 1637 596 1678 Eructavit
630 1650 706 1677 cor
739 1650 883 1678 meum
916 1649 1007 1678 ver-

187 1692 291 1734 bum
317 1692 490 1734 bonum.

246 1752 340 1791 Ant.
373 1748 561 1800 Adiutor.

459 1809 651 1849 I'salmus
679 1810 744 1847 45.

194 1859 353 1963 Deus
379 1867 528 1904 noster
549 1862 773 1912 refugium,
796 1867 839 1904 et
859 1862 1009 1903 virtus:

291 1919 314 1943 *
322 1917 491 1969 adjutor
500 1919 542 1959 in
552 1918 902 1960 tribulationibus
912 1932 1009 1971 quae

190 1974 444 2015 invenerunt
470 1987 551 2015 nos
578 1974 715 2015 nimis.

242 2030 480 2083 Propterea
513 2044 599 2072 non
632 2030 878 2072 timebimus
906 2031 1009 2073 dum

190 2086 434 2128 turbabitur
451 2092 582 2127 terra:
599 2087 621 2112 *
638 2092 681 2128 et
699 2087 1009 2130 transferentur

191 2148 361 2184 montes
388 2142 431 2183 in
459 2155 534 2183 cor
562 2143 703 2184 maris.

242 2199 498 2247 Sonuerunt‚
515 2204 558 2240 et
572 2198 759 2241 turbatae
776 2206 874 2241 sunt
885 2213 1010 2253 aquae

192 2256 358 2295 eorum:
385 2256 408 2279 *
437 2255 683 2297 conturbati
716 2262 814 2297 sunt
841 2262 1010 2298 montes

192 2310 234 2351 in
263 2310 514 2352 fortitudine
543 2311 642 2361 ejus.

246 2366 451 2407 Fluminis
479 2368 666 2419 impetus
694 2367 886 2409 laetificat
914 2369 1010 2410 civi-

192 2423 327 2463 tAtem
361 2422 457 2464 Dei:
491 2424 514 2447 *
552 2424 838 2465 sanctificavit
872 2425 1011 2466 taber-

193 2478 393 2519 nAculum
422 2491 546 2519 suum
574 2479 830 2521 Altissimus.

244 2538 363 2580 Deus
396 2538 438 2579 in
466 2538 610 2580 medio
640 2541 744 2591 ejus,
779 2553 865 2582 non
900 2554 1012 2582 com-

192 2594 452 2636 movebitur:
477 2596 500 2620 *
525 2594 745 2646 adjuvabit
773 2609 867 2638 eam
895 2597 1013 2639 Deus

194 2663 319 2692 mane
349 2650 549 2691 diluculo.

247 2706 529 2748 Conturbatae
560 2713 659 2748 sunt
683 2708 856 2757 Gentes,
889 2715 931 2750 et
956 2710 1013 2749 in-

1059 280 1216 321 clinata
1245 284 1345 320 sunt
1372 290 1520 328 regna:
1537 277 1561 301 *
1580 275 1703 320 dedit
1730 288 1883 318 vocem

1058 349 1191 385 suam,
1218 341 1338 377 mota
1366 340 1434 376 est
1460 339 1588 375 terra.

1109 392 1322 433 Dominus
1354 391 1562 432 virtutum
1589 389 1832 430 nobiscum:
1860 389 1883 414 *

1058 451 1286 502 susceptor
1314 453 1464 489 noster
1491 446 1612 487 Deus
1639 445 1788 487 Jacob.

1110 506 1278 554 Venite,
1299 510 1342 546 et
1357 503 1502 545 videte
1519 505 1654 555 opera
1668 502 1765 552 Dffi,
1786 514 1885 554 quae

1058 562 1204 615 posuit
1220 561 1421 614 prodigia
1435 572 1567 612 super
1582 564 1759 601 terram:
1773 561 1798 586 *
1811 561 1884 600 au-

1059 619 1200 660 ferens
1220 617 1334 659 bella
1354 629 1492 669 usque
1511 615 1569 657 ad
1588 616 1719 657 finem
1743 620 1884 657 terrae.

1110 676 1275 716 Arcum
1312 676 1526 722 conteret,
1564 678 1608 714 et
1642 672 1886 723 confringet

1059 745 1192 773 arma:
1220 733 1242 757 *
1271 737 1314 773 et
1342 735 1466 772 scuta
1494 729 1723 771 comburet
1749 728 1849 780 igni.

1110 789 1294 836 Vacate,
1324 793 1366 829 et
1395 786 1540 828 videte
1570 786 1774 839 quoniam
1803 797 1884 836 ego

1059 859 1154 886 sum
1170 845 1304 886 Deus:
1319 845 1341 870 *
1358 843 1585 885 exaltabor
1600 843 1644 883 in
1659 842 1885 891 Gentibus,

1059 907 1102 944 et
1130 901 1357 943 exaltabor
1384 900 1428 941 in
1455 905 1582 942 terra.

1110 959 1322 999 Dominus
1354 957 1564 998 virtutum
1590 955 1834 998 nobiscum:
1861 954 1885 979 *

1058 1017 1286 1068 susceptor
1315 1018 1464 1055 noster
1491 1013 1612 1054 Deus
1639 1011 1788 1054 Jacob.

1332 1073 1526 1114 Psalmus
1554 1074 1620 1113 46.

1066 1125 1263 1232 Omnes
1279 1129 1444 1170 Gentes
1460 1125 1656 1180 plaudite
1671 1123 1886 1166 manibus:

1162 1187 1184 1211 *
1202 1185 1378 1237 jubilate
1395 1184 1492 1226 Deo
1509 1183 1554 1224 in
1569 1195 1679 1224 voce
1700 1180 1885 1223 exsulta-

1058 1243 1198 1284 tionis.

1111 1299 1326 1350 Quoniam
1340 1298 1554 1339 Dominus
1571 1295 1780 1346 excelsus,
1801 1300 1885 1338 ter-

1059 1355 1209 1397 ribilis:
1220 1357 1243 1381 *
1255 1356 1351 1397 Rex
1369 1367 1552 1406 magnus
1567 1365 1700 1406 super
1712 1364 1886 1394 omnem

1058 1418 1231 1454 terram.

1110 1469 1301 1521 Subiecit
1315 1469 1504 1522 populos
1520 1467 1662 1510 nobis:
1674 1467 1698 1492 *
1710 1471 1754 1508 et
1773 1465 1886 1507 Gen-

1059 1531 1125 1567 tes
1153 1525 1233 1567 sub
1263 1525 1449 1579 pedibus
1477 1525 1650 1566 nostris.

1112 1583 1253 1634 Elegit
1272 1582 1399 1624 nobis
1421 1581 1726 1623 haereditatem
1746 1591 1886 1621 suam:

1059 1640 1082 1664 *
1111 1640 1302 1692 speciem
1329 1638 1478 1688 Jacob,
1507 1651 1638 1691 quam
1666 1636 1827 1678 dilexit.

1112 1695 1324 1738 Ascendit
1338 1696 1459 1737 Deus
1473 1695 1518 1736 in
1534 1693 1683 1747 jubilo:
1698 1694 1722 1719 *
1739 1698 1784 1734 et
1799 1691 1887 1733 Do·

1060 1753 1200 1794 minus
1228 1753 1270 1793 in
1299 1765 1409 1794 voce
1435 1751 1566 1794 tubae.

1111 1809 1289 1851 Psa11ite
1317 1809 1414 1850 Deo
1446 1813 1614 1857 nostro,
1647 1806 1836 1860 psallite:
1863 1806 1888 1831 *

1060 1865 1233 1917 psallite
1263 1866 1374 1916 Regi
1401 1870 1565 1914 nostro,
1592 1863 1778 1917 psallite.

1113 1922 1328 1972 Quoniam
1343 1922 1441 1963 Rex
1455 1921 1595 1963 omnis
1609 1926 1741 1962 terrae
1753 1919 1888 1961 Deus:

1061 1979 1084 2003 *
1112 1978 1287 2031 psallite
1312 1978 1544 2031 sapienter.

1114 2034 1333 2087 Regnabit
1360 2035 1481 2076 Deus
1510 2047 1642 2087 super
1662 2033 1845 2075 Gentes:
1864 2032 1888 2058 *

1061 2092 1181 2133 Deus
1206 2090 1331 2133 sedet
1354 2104 1486 2144 super
1515 2090 1667 2132 sedem
1692 2093 1889 2131 sanctam

1062 2161 1196 2189 suam.

1112 2204 1338 2257 Principes
1354 2204 1621 2257 populorum
1635 2200 1889 2253 congregati

1063 2265 1163 2302 sunt
1198 2273 1297 2301 cum
1329 2261 1426 2302 Deo
1460 2261 1699 2302 Abraham:
1731 2260 1754 2284 *
1785 2259 1888 2311 quo-

1063 2317 1179 2357 niam
1198 2316 1257 2358 dii
1282 2317 1417 2358 fortes
1442 2323 1583 2366 terrae,
1607 2316 1888 2359 vehementer

1064 2372 1221 2414 elevati
1251 2379 1360 2414 sunt.

1120 2431 1218 2471 Ant.
1249 2429 1430 2481 Adiutor
1455 2430 1499 2470 in
1522 2427 1888 2472 tribulationibus.

1120 2488 1217 2527 Ant.
1247 2487 1426 2536 Magnus
1455 2486 1680 2527 Dominus.

1336 2544 1529 2584 psalmus
1558 2546 1621 2585 47.

1068 2594 1308 2698 Magnus
1335 2598 1560 2649 Dominus,
1588 2605 1631 2641 et
1658 2596 1890 2640 laudabilis

1194 2655 1320 2695 nimis
1342 2656 1423 2695 *in
1443 2655 1620 2697 civitate
1638 2655 1722 2696 Dei
1739 2653 1890 2702 nostri,

1067 2711 1109 2751 in
1137 2716 1286 2752 monte
1314 2716 1465 2753 sancto
1495 2712 1595 2763 ejus.
