2040 2990
735 189 905 224 Sabbato
932 190 981 223 ad
1003 189 1239 225 Matutinum.

198 288 402 329 Exaltate
441 288 679 329 Deminum
715 288 857 330 Deum
900 300 973 329 no-

147 350 303 394 strum,
341 349 384 386 et
418 344 598 386 adorate
633 344 874 386 scabellum
901 357 973 397 pe-

147 401 251 443 dum
272 402 380 453 ejus:
400 401 423 426 *
441 401 648 452 queniam
672 406 873 442 sanctum
897 405 974 442 est.

198 458 375 510 Moyses
410 462 453 498 et
479 457 630 498 Aaron
663 458 708 498 in
736 457 973 499 sacerdeti-

145 515 227 556 bus
262 515 368 566 ejus:
396 514 419 539 *
449 518 492 555 et
526 513 702 555 Samuel
735 514 850 556 inter
886 527 974 564 eos,

147 571 221 623 qui
242 573 448 612 invocant
468 583 630 611 nomen
650 571 758 622 ejus:

197 627 469 669 Invocabant
504 627 761 675 Dominum,
799 631 842 668 et
878 627 974 679 ipse

148 683 410 726 exaudiebat
439 696 534 725 eos:
552 684 576 709 *
595 684 640 724 in
669 683 872 724 columna
899 697 973 724 nu-

146 740 215 782 bis
233 740 498 792 loquebatur
516 739 573 781 ad
593 753 679 781 eos.

199 795 519 838 Custodiebant
568 796 822 838 testimenia
873 797 974 847 ejus,

146 855 170 881 *
190 857 234 894 et
252 855 525 906 praeceptum
544 852 663 904 quod
683 852 806 894 dedit
826 852 922 893 illis.

198 909 387 951 Demine
402 910 522 951 Deus
543 914 693 950 noster
708 914 756 950 tu
773 908 973 950 exaudie-

145 966 226 1007 bas
247 979 339 1007 eos:
358 966 382 991 *
401 967 522 1007 Deus
542 971 590 1007 tu
615 966 835 1018 propitius
855 965 975 1006 fuisti

148 1023 222 1073 eis,
242 1027 286 1064 et
304 1023 520 1064 ulciscens
539 1023 583 1063 in
602 1035 754 1064 omnes
769 1022 974 1063 adinven-

82 1132 84 1134 η
146 1079 291 1121 tiones
312 1081 474 1120 eerum.

199 1135 402 1177 Exaltate
443 1136 682 1177 Deminum
717 1136 861 1176 Deum
901 1148 974 1176 no-

147 1197 297 1241 strum,
322 1197 365 1233 et
382 1192 566 1234 adorate
585 1193 629 1232 in
650 1197 800 1233 monte
821 1197 973 1233 sancto

148 1249 253 1300 ejus:
273 1249 296 1274 *
317 1249 523 1300 quoniam
552 1253 729 1290 sanctus
758 1249 974 1289 Dominus

146 1306 267 1347 Deus
286 1310 448 1347 noster.

196 1374 300 1434 :Ant
345 1371 454 1420 Quia
493 1370 709 1411 mirabilia
746 1370 849 1411 fecit
886 1370 974 1410 De-

146 1439 301 1466 minus.

190 1495 362 1538 Sequens
402 1494 488 1526 Ant.
535 1496 571 1527 et
607 1492 668 1526 Ps.
706 1491 875 1526 Jubilate
918 1493 979 1527 hic

146 1541 461 1586 praetermittitur,
481 1540 636 1584 quando
652 1540 791 1574 dicitur
805 1541 843 1574 in
858 1541 977 1575 Laud.

147 1595 187 1625 ut
213 1591 251 1624 in
274 1589 472 1629 Sabbatis,
508 1589 545 1622 in
572 1588 712 1632 quibus
735 1589 774 1623 fit
800 1588 904 1623 Offie.
931 1589 978 1623 de

148 1639 184 1674 S.
202 1638 335 1673 Maria.
357 1642 393 1671 et
415 1637 453 1670 in
470 1637 585 1679 vigil.
610 1636 738 1670 Nativ.
764 1636 920 1670 Domini
940 1638 979 1670 in

150 1686 319 1721 Sabbato
343 1695 498 1727 occurr„
524 1690 559 1719 et
584 1686 664 1726 eius
692 1685 778 1718 loeo
805 1684 946 1719 dicitur

201 1742 301 1783 Ant.
318 1746 360 1782 et
374 1741 443 1782 Ps.
461 1741 635 1783 Bonum
651 1747 718 1784 est
732 1742 756 1768 *
772 1743 974 1784 confiteri

146 1798 351 1839 Demino.
371 1802 418 1838 ut
436 1798 557 1838 infra.

200 1863 300 1904 Ant.
332 1862 530 1904 Jubilate.

423 1924 621 1966 Psalmus
642 1926 708 1966 99.

152 1975 386 2082 Jubilate
404 1986 500 2027 Deo
526 1986 667 2027 omnis
692 1991 824 2027 terra:
844 1986 866 2011 *
887 1999 974 2027 ser-

234 2044 323 2084 vite
340 2042 533 2084 Demino
553 2043 597 2083 in
616 2042 780 2084 laetitia.

199 2098 386 2140 Introite
415 2099 459 2139 in
487 2101 729 2152 conspectu
758 2099 863 2150 ejus,
887 2099 975 2139 *in

149 2154 452 2196 exsultatione.

199 2210 367 2253 Scitete
396 2212 604 2263 quoniam
630 2212 846 2253 Deminus
880 2211 976 2264 ipse

149 2267 374 2331 est-Deus:
393 2269 416 2294 *
436 2269 532 2320 ipse
559 2268 663 2309 fecit
690 2280 786 2317 nos,
816 2273 859 2309 et
887 2280 975 2308 non

148 2336 233 2375 lpsl
251 2336 349 2365 nos:
934 2330 940 2335 ’

198 2380 395 2432 Pepulus
433 2382 543 2432 ejus,
582 2386 625 2422 et
663 2393 769 2422 oves
798 2383 975 2432 pascuae

150 2437 254 2487 ejus:
273 2437 296 2462 *
315 2437 493 2478 introite
517 2442 671 2490 portas
695 2438 785 2489 ejus
812 2437 855 2477 in
876 2449 975 2477 con-

149 2491 349 2542 fessi6ne,
370 2493 479 2534 atria
500 2494 591 2545 ejus
611 2493 655 2533 in
670 2493 856 2545 hymnis:
877 2505 974 2533 con-

149 2547 330 2589 fitemini
350 2549 424 2589 illi.

201 2603 400 2646 Laudate
433 2618 592 2646 nomen
628 2607 733 2658 ejus:
769 2605 975 2656 queniam

149 2660 295 2701 suavis
324 2666 391 2702 est
418 2662 650 2711 Dominus,
685 2662 729 2702 in
762 2663 995 2712 aeternum·

148 2716 451 2759 misericordia
466 2718 567 2769 ejus,
582 2718 605 2743 *
620 2722 663 2759 et
685 2731 823 2770 usque
843 2718 887 2758 in
906 2730 975 2769 ge-

1026 287 1301 329 nerationem
1325 292 1368 328 et
1392 288 1720 339 generatienem
1744 287 1852 327 veri-

1026 349 1095 385 tas
1118 345 1218 396 ejus.

1254 398 1336 438 Vel
1358 399 1557 439 Psalmus
1578 402 1634 439 91.

1028 451 1242 556 Bonum
1272 462 1338 498 est
1367 457 1566 498 confiteri
1593 457 1802 497 Deminoz
1830 457 1853 482 *

1129 519 1172 555 et
1198 513 1389 566 psallere
1423 513 1589 554 nemini
1616 518 1692 554 tuo
1722 513 1853 554 Altis-

1027 570 1146 612 sime.

1078 627 1151 668 Ad
1171 626 1517 668 annuntiandum
1542 640 1668 668 mane
1688 628 1852 668 miseri-

1028 684 1225 725 cerdiam
1240 689 1375 725 tuam:
1392 684 1414 708 *
1432 688 1475 725 et
1490 684 1719 725 veritatem
1734 689 1854 725 tuam

1026 753 1107 793 per
1126 745 1313 782 noctem.

1079 798 1130 837 In
1150 796 1447 846 decachordo,
1466 797 1693 849 psalterio:
1713 798 1735 823 *
1755 810 1854 838 cum

1028 854 1211 903 cantico,
1231 854 1275 894 in
1293 853 1470 895 cithara.

1080 910 1192 960 Quia
1225 910 1455 952 delectasti
1490 923 1560 950 me
1587 910 1777 951 Domine
1812 911 1854 950 in

1027 967 1196 1008 factura
1223 972 1314 1008 tua:
1342 967 1365 992 *
1393 971 1437 1008 et
1462 966 1740 1018 insoperibus
1768 969 1854 1007 ma-

1027 1037 1162 1065 nuum
1179 1026 1354 1065 tuarum
1375 1022 1616 1065 exsultabo.

1080 1082 1220 1131 Quam
1260 1080 1536 1131 magnificata
1578 1085 1679 1121 sunt
1722 1082 1857 1132 epera

1027 1142 1103 1178 tua
1122 1136 1325 1178 Demine!
1347 1138 1370 1162 *
1390 1137 1519 1177 nimis
1545 1136 1777 1188 profi'indae
1798 1137 1854 1177 fa-

1028 1199 1112 1235 ctae
1132 1199 1233 1235 sunt
1253 1194 1545 1245 cogitatianes
1566 1198 1669 1233 tuae:
1894 1203 1898 1206 ’

1078 1251 1160 1292 Vir
1190 1251 1400 1303 insipiens
1429 1263 1518 1291 non
1550 1252 1803 1301 cognescet:
1832 1251 1854 1275 *

1029 1312 1072 1349 et
1091 1307 1252 1349 stultus
1272 1320 1359 1348 non
1379 1306 1592 1357 intelliget
1611 1306 1716 1347 haec.

1080 1364 1190 1405 Cum
1224 1364 1366 1405 exerti
1402 1363 1562 1404 fuerint
1596 1365 1853 1415 peccateres

1028 1421 1141 1462 sicut
1169 1421 1348 1461 foenum:
1377 1421 1399 1445 *
1428 1425 1471 1461 et
1498 1420 1783 1472 apparuerint
1810 1432 1853 1460 o-

1027 1490 1170 1527 mnes‚
1199 1478 1273 1529 qui
1300 1478 1540 1529 operantur
1563 1477 1853 1527 iniquitatem:

1080 1535 1138 1576 Ut
1157 1534 1375 1575 intereant
1394 1533 1438 1573 in
1459 1533 1668 1574 saeculum
1690 1533 1854 1574 saeculi:

1027 1593 1050 1617 *
1070 1596 1117 1632 tu
1139 1595 1285 1632 autem
1307 1590 1560 1631 Altissimus
1580 1590 1624 1630 in
1642 1591 1854 1630 aeternum

1027 1647 1227 1703 Demine.

1080 1704 1297 1754 Quoniam
1317 1715 1419 1744 ecce
1439 1702 1602 1743 inimici
1622 1702 1685 1743 tui
1705 1702 1852 1742 Demi—

1027 1775 1099 1811 ne,
1130 1761 1337 1812 queniam
1362 1772 1465 1801 ecce
1488 1759 1650 1799 inimici
1670 1758 1734 1799 tui
1757 1770 1852 1810 per-

1019 1818 1168 1860 ibunt:
1207 1818 1230 1842 *
1265 1822 1308 1857 et
1341 1815 1647 1868 dispergentur
1684 1826 1852 1863 omnes,

1029 1875 1103 1926 qui
1123 1875 1361 1926 operantur
1380 1872 1666 1923 iniquitatem.

1079 1931 1136 1972 Et
1172 1929 1437 1971 exaltabitur
1481 1928 1593 1969 sicut
1629 1927 1852 1968 unicOrnis

1028 2000 1165 2029 cornu
1183 1999 1344 2027 meum:
1363 1986 1386 2010 *
1408 1990 1451 2026 et
1471 1986 1672 2026 senectus
1691 1997 1789 2025 mea
1808 1983 1852 2024 in

1027 2042 1330 2084 misericerdia
1348 2041 1483 2083 uberi.

1078 2100 1135 2141 Et
1163 2099 1364 2151 despexit
1392 2098 1544 2139 oculus
1571 2110 1694 2138 meus
1716 2097 1851 2136 inimi-

1029 2169 1105 2197 cos
1128 2168 1266 2197 meos:
1284 2156 1307 2182 *
1328 2160 1371 2196 et
1395 2155 1439 2195 in
1462 2152 1786 2205 insurgentibus
1808 2153 1851 2192 in

1027 2225 1097 2254 me
1107 2211 1447 2264 malignantibus
1458 2210 1608 2252 andiet
1619 2209 1735 2250 auris
1745 2221 1851 2249 mea.

1078 2269 1102 2309 J
1104 2274 1239 2318 ustus,
1259 2274 1306 2310 ut
1325 2267 1471 2320 palma
1491 2266 1680 2308 florebit:
1698 2267 1721 2292 *
1740 2265 1852 2305 sicut

1027 2325 1185 2367 cedrus
1205 2325 1360 2366 Libani
1379 2323 1752 2375 multiplicabitur.

1078 2382 1271 2423 Plantati
1298 2382 1341 2421 in
1370 2380 1502 2422 domo
1530 2379 1729 2428 Demini,
1756 2379 1779 2404 *
1807 2377 1850 2417 in

1027 2438 1149 2479 atriis
1170 2437 1327 2479 domus
1349 2437 1430 2478 Dei
1455 2435 1596 2477 nostri
1622 2434 1849 2475 florebunt.

1078 2494 1237 2535 Adhuc
1267 2492 1674 2546 multiplicabuntur
1706 2491 1750 2530 in
1786 2502 1848 2529 se-

1026 2552 1152 2592 necta
1188 2550 1330 2591 aberi:
1358 2551 1382 2576 *
1412 2554 1455 2590 et
1486 2548 1598 2590 bene
1633 2547 1848 2599 patientes

1027 2611 1164 2656 erunt,
1183 2612 1231 2647 ut
1251 2606 1522 2647 annuntient:

1078 2663 1295 2712 Quoniam
1323 2667 1469 2703 rectus
1494 2660 1707 2701 Deminus
1728 2658 1847 2697 Deus

1024 2724 1193 2760 noster:
1208 2721 1231 2746 *
1247 2724 1290 2759 et
1310 2730 1399 2758 non
1418 2723 1485 2760 est
1505 2716 1710 2768 iniquitas
1725 2714 1767 2754 in
1784 2724 1847 2754 eo.
