2040 2990
640 191 744 225 Infra
768 191 1064 225 Hebdomadam
1088 191 1132 225 II.

154 283 261 334 lum,
285 284 441 326 urbem
459 285 618 326 fortem
636 285 680 325 in
699 287 884 335 ruinam,
910 285 985 326 do-

154 353 273 381 mum
292 340 546 382 alienorum:
571 345 619 382 ut
637 353 726 382 non
746 341 803 382 sit
822 341 985 390 civitas,

155 399 199 436 et
221 396 266 436 in
290 397 603 449 sempiternum
626 410 714 438 non
734 396 986 438 aedificetur.

155 452 296 504 Super
315 451 401 493 hoc
419 452 617 494 laudabit
635 458 679 494 te
695 452 886 505 populus
901 453 985 494 for-

153 507 224 557 tis,
247 508 400 549 civitas
423 509 618 560 gentium
637 508 918 550 robustarum
935 509 985 550 ti-

153 562 290 605 mebit
308 568 363 605 te.
400 564 512 614 Quia
534 565 675 605 factus
700 577 747 605 es
771 564 985 606 fortitudo

154 620 355 672 pauperi,
383 619 598 661 fortitudo
625 622 763 670 egeno
787 620 831 660 in
850 620 985 662 tribu-

153 674 316 716 latione
335 689 429 717 sua:
447 689 551 729 spes
571 689 597 717 a
609 676 795 726 turbine,
814 676 985 718 umbra-

155 731 301 772 culum
319 731 375 773 ab
395 738 518 774 aestu.

202 789 253 840 Rz.
281 787 543 838 Egredietur
561 788 791 829 Dominus.
811 789 898 828 145.

460 846 612 887 Lectio
633 847 671 886 ii.

221 900 378 952 piritus
406 900 522 942 enim
548 899 833 941 robustorum
862 901 986 952 quasi

235 956 368 998 turbo
387 955 618 1008 impellens
642 958 866 1008 parietem.
898 956 985 997 Sic-

152 1016 201 1053 ut
225 1017 360 1053 aestus
385 1013 430 1052 in
457 1012 544 1061 siti,
572 1012 807 1053 tumultum
826 1012 984 1053 alieno-

152 1080 250 1109 rum
262 1068 527 1110 humiliabis:
543 1073 586 1109 et
602 1068 727 1119 quasi
742 1068 888 1109 calore
903 1068 984 1110 sub

152 1124 268 1166 nube
281 1126 487 1174 torrente,
502 1124 792 1176 propaginem
806 1124 985 1165 fortium

152 1182 426 1222 marcescere
444 1180 591 1221 facies.
617 1180 675 1221 Et
689 1180 822 1222 faciet
834 1181 984 1221 Demi-

149 1249 232 1277 nus
269 1238 540 1278 exercituum
573 1236 775 1277 emnibus
806 1237 983 1289 populis

149 1291 195 1332 in
213 1298 362 1334 monte
381 1292 467 1334 hoc
483 1292 732 1333 convivium
746 1293 983 1344 pinguium,

151 1349 399 1390 convivium
452 1348 702 1398 vindemiae,
756 1349 982 1400 pinguium

149 1404 505 1454 medullatorum,
537 1404 770 1446 vindemiae
797 1404 980 1446 defaeca-

148 1464 218 1501 tae.
259 1461 316 1502 Et
338 1459 635 1513 praecipitabit
658 1461 703 1500 in
725 1465 875 1502 monte
894 1461 980 1502 isto

149 1515 307 1557 faciem
342 1516 505 1558 vinculi
542 1515 737 1566 colligati
771 1529 904 1568 super
937 1529 980 1558 o-

148 1585 272 1614 mnes
294 1572 503 1625 pupuIOS‚
533 1577 577 1613 et
600 1572 734 1613 telam
759 1585 890 1624 quam
914 1585 979 1613 or-

149 1627 266 1670 ditus
286 1633 354 1670 est
372 1640 507 1680 super
526 1640 678 1669 omnes
697 1629 908 1669 nationes.

199 1684 252 1735 Rz.
277 1685 466 1734 Festina,
483 1697 539 1725 ne
557 1683 811 1725 tardaveris.
831 1686 920 1725 146.

450 1739 603 1781 Lectio
624 1741 679 1781 iii.

230 1796 495 1849 raecipitabit
524 1801 714 1837 mortem
747 1795 792 1836 in
823 1797 979 1848 sempi-

241 1854 430 1894 ternum:
479 1857 524 1893 et
559 1851 727 1893 auferet
764 1851 980 1893 Deminus

148 1907 269 1948 Deus
294 1907 521 1949 lacrimam
548 1907 603 1949 ab
633 1907 751 1949 omni
777 1907 908 1958 facie,
937 1912 981 1949 et

149 1963 439 2016 opprobrium
462 1963 616 2016 pupuli
641 1963 709 2004 sui
732 1963 901 2004 auferet
925 1963 980 2005 de

148 2020 352 2061 universa
379 2024 513 2061 terra:
547 2019 649 2071 quia
675 2019 891 2060 Deminus
918 2019 979 2060 lo-

150 2078 277 2116 cutus
297 2080 374 2117 est.
407 2076 466 2116 Et
485 2075 602 2116 dicet
620 2075 665 2115 in
686 2074 757 2116 die
775 2074 867 2115 illa:
900 2075 980 2115 Ec-

151 2143 201 2172 ce
232 2131 354 2172 Deus
385 2135 538 2173 noster
568 2131 669 2180 iste,
711 2131 979 2182 exspectavi-

149 2199 246 2227 mus
267 2199 381 2237 eum,
401 2192 445 2229 et
464 2186 651 2228 salvabit
669 2198 767 2227 nos:
790 2187 873 2227 1516
891 2186 979 2226 Do-

150 2242 309 2293 minus,
337 2243 623 2284 sustinuimus
650 2255 765 2291 eum,
794 2241 980 2283 exsulta-

150 2297 310 2348 bimus,
356 2303 400 2340 et
434 2298 685 2340 laetabimur
718 2298 764 2338 in
801 2297 981 2338 salutari

152 2354 253 2418 ejus.
294 2355 406 2404 Quia
437 2354 684 2406 requiescet
710 2366 865 2394 manus
892 2353 981 2393 Do-

149 2410 263 2450 mini·
278 2410 322 2450 in
346 2415 496 2452 monte
515 2411 616 2451 isto:
642 2414 686 2451 et
707 2409 980 2450 triturabitur

150 2465 283 2507 Moab
298 2466 379 2508 sub
396 2479 460 2516 eo,
480 2466 608 2507 sicuti
626 2469 826 2507 teruntur
840 2464 980 2517 paleae

151 2521 196 2561 in
231 2521 441 2573 plaustro.
489 2523 547 2563 Et
585 2521 792 2563 extendet
827 2533 981 2561 manus

152 2589 253 2617 suas
278 2577 360 2620 sub
384 2590 454 2628 eo,
480 2578 592 2619 sicut
611 2577 808 2619 extendit
826 2581 981 2617 natans

153 2631 210 2673 ad
241 2633 496 2675 natandum:
542 2638 586 2675 et
616 2632 861 2674 humiliabit
891 2632 980 2682 gle-

151 2688 262 2729 riam
294 2689 384 2740 ejus
417 2702 516 2731 cum
548 2689 744 2731 allisione
775 2690 982 2729 manuum

1158 192 1372 226 Adventus.

1040 287 1141 338 ejus.
1206 288 1263 329 Et
1307 289 1574 331 munimenta
1619 291 1868 333 sublimium

1038 345 1264 384 murorum
1282 346 1458 385 tuorum
1474 347 1715 397 concident,
1735 353 1779 389 et
1792 347 1868 389 hu-

1038 399 1337 450 miliabuntur,
1357 405 1401 442 et
1420 401 1702 444 detrahentur
1721 405 1765 444 in
1783 409 1867 445 ter-

1039 467 1133 496 ram
1153 468 1292 508 usque
1312 456 1369 497 ad
1387 458 1625 509 pulverem.

1086 513 1136 564 R.
1167 512 1284 553 Ecce
1302 513 1528 555 Dominus.
1547 516 1635 555 146.

1087 575 1158 616 Ad
1183 576 1345 616 Bened.
1380 578 1480 616 Ant.
1509 579 1694 621 Levabit
1717 580 1865 621 Demi-

1038 643 1119 671 nus
1163 632 1334 682 signum
1374 634 1398 660 *
1430 634 1474 674 in
1512 633 1780 686 nationibus,
1824 642 1868 678 et

1040 688 1326 739 congregabit
1346 689 1571 742 dispersos
1589 692 1736 732 Israel.

1272 769 1352 810 Ad
1370 770 1637 821 Vesperas.

1139 830 1398 881 Capitulum.
1521 830 1705 881 Philipp.
1721 832 1757 870 4.

1034 883 1273 988 Fratres:
1291 891 1492 933 Gaudete
1506 892 1550 932 in
1563 893 1755 934 Domino
1767 907 1869 935 sem-

1131 958 1225 997 per:
1244 949 1402 988 iterum
1421 947 1531 997 dico,
1550 948 1749 999 gaudete.
1777 950 1867 991 Mo-

1039 1000 1180 1042 destia
1198 1007 1347 1044 vestra
1369 1008 1475 1044 nota
1494 1005 1550 1045 sit
1574 1005 1774 1046 Omnibus
1793 1005 1867 1047 ho-

1037 1057 1242 1099 minibus:
1260 1059 1476 1100 Dominus
1496 1060 1611 1101 enim
1629 1073 1770 1113 prope
1791 1067 1867 1103 est.

1344 1122 1554 1173 Hymnus.

1131 1184 1278 1224 reator
1297 1184 1410 1225 alme
1430 1184 1633 1234 siderum,

1148 1239 1334 1280 AEterna
1351 1240 1427 1281 lux
1446 1240 1726 1290 credentium,

1113 1294 1138 1334 J
1140 1307 1219 1335 esu
1237 1295 1510 1348 Redemptor
1529 1297 1732 1346 omnium,

1113 1350 1298 1392 Intende
1317 1352 1431 1393 votis
1451 1352 1709 1404 supplicum.

1059 1413 1144 1461 Qui
1163 1414 1376 1457 daemonis
1393 1429 1448 1457 ne
1467 1417 1694 1459 fraudibus

1111 1471 1282 1513 Periret
1300 1472 1431 1522 orbis,
1450 1474 1618 1525 impetu

1112 1526 1289 1568 Amoris
1309 1533 1444 1578 361115,
1462 1528 1656 1580 languidi

1110 1583 1265 1625 Mundi
1282 1584 1455 1625 medela
1474 1584 1616 1626 factus
1638 1597 1696 1626 es.

1061 1645 1302 1689 Commune
1323 1649 1397 1700 qui
1414 1648 1566 1690 mundi
1585 1649 1707 1690 nefas

1109 1704 1169 1745 Ut
1188 1705 1404 1757 expiares3
1424 1704 1481 1746 ad.
1499 1717 1674 1746 crucem

1110 1760 1147 1800 E
1165 1761 1359 1811 Virginis
1378 1761 1570 1801 sacrario

1110 1816 1280 1857 Intacta
1298 1816 1451 1868 prodis
1471 1817 1659 1857 victima.

1062 1877 1192 1931 Cujus
1210 1883 1410 1932 potestas
1428 1880 1593 1931 gloriae,

1108 1935 1370 1988 Nomenque
1391 1949 1491 1977 cum
1510 1937 1700 1988 primum
1719 1942 1861 1987 sonat;

1109 1991 1166 2032 Et
1185 1992 1354 2034 co'elites
1375 1997 1419 2033 et
1438 1992 1564 2033 inferi

1110 2047 1345 2089 Tremente
1365 2051 1603 2090 curvantur
1623 2061 1748 2100 genu.

1060 2107 1121 2151 Te
1142 2111 1431 2164 deprecamur
1450 2111 1615 2153 ultimae

1109 2166 1318 2218 Magnum
1339 2167 1425 2209 diei
1443 2168 1468 2208 J
1469 2167 1654 2217 udicem,

1113 2223 1261 2264 Armis
1280 2225 1482 2276 supernae
1502 2224 1655 2274 gratiae

1109 2279 1308 2321 Defende
1327 2292 1408 2320 nos
1427 2279 1483 2321 ab
1503 2279 1715 2321 hestibus.

1059 2338 1222 2393 Virtus,
1241 2343 1394 2393 honor,
1413 2343 1519 2392 laus,
1536 2342 1677 2393 gloria

1109 2399 1207 2440 Deo
1226 2400 1347 2440 Patri
1365 2412 1465 2440 611111
1483 2398 1605 2448 Filio,

1110 2455 1271 2496 Sancto
1291 2455 1418 2495 simul
1437 2454 1668 2504 Paraclito,

1110 2512 1161 2551 In
1180 2510 1443 2552 saeculorum
1462 2509 1634 2550 saecula.
1664 2509 1816 2549 Amen.

1084 2567 1135 2615 V
1162 2577 1328 2617 Rorate
1357 2574 1459 2616 coeli
1486 2573 1686 2626 desuper,
1715 2577 1759 2614 61
1786 2585 1859 2612 1111-

1032 2631 1112 2673 bes
1144 2631 1298 2684 pluant
1328 2631 1499 2682 justum.
1539 2625 1590 2675 R·
1623 2628 1859 2680 Aperiatur

1033 2691 1160 2737 terra,
1181 2692 1224 2728 et
1242 2687 1456 2737 germinet
1474 2685 1755 2727 Salvaterem.
