2080 2990
219 197 287 231 384
627 202 691 234 Im
717 206 747 235 Η.
778 202 859 235 [lec.

486 297 678 336 lis-umus
707 298 769 336 (ΓΙ.

221 347 442 453 Cantate
472 348 661 390 Domino
703 348 918 390 canticum
956 361 1029 390 no-

311 416 426 443 vum·
453 404 476 430 *
506 404 606 456 quia
635 404 848 446 mirabilia
875 405 986 446 fecit.

267 459 460 501 Salvavit
487 460 569 501 sibi
597 460 776 502 dextera
804 462 910 513 ejus:
939 462 962 488 *
990 465 1033 502 et

216 514 441 556 brachium
461 521 657 558 sanctum
677 517 776 568 ejus.

267 571 432 612 Notum
466 572 566 613 fecit
597 572 809 613 Dominus
845 572 1032 614 salutare

217 639 356 668 suum:
381 628 437 655 *
426 642 470 669 1n
489 630 727 680 conspectu
747 628 950 669 Gentium
969 640 1030 669 re-

216 682 375 725 velavit
392 684 598 735 justitiam
618 696 750 725 suam.

265 740 540 781 Recordatus
598 744 664 781 est
721 738 1030 781 misericordiae

215 808 321 846 suae,
349 797 372 823 *
400 801 443 838 et
466 796 659 837 veritatis
683 808 773 836 suae
799 795 947 837 domui
969 796 1029 837 Is-

214 852 314 892 rael

266 909 482 951 Viderunt
502 921 651 950 omnes
671 907 841 949 termini
859 912 988 949 terrae
1006 907 1030 934 *

215 964 402 1007 salutare
421 965 503 1006 Dei
522 965 671 1006 nostri.

264 1021 289 1061 J
291 1021 452 1063 ubilate
471 1022 567 1062 Deo
588 1021 726 1062 omnis
744 1026 872 1063 terra:
891 1021 914 1047 *
933 1033 1028 1062 can-

213 1079 314 1127 tate,
335 1082 378 1118 et
396 1077 619 1126 exsultate,
639 1083 682 1119 et
702 1077 885 1130 psallite.

263 1133 442 1175 PsaHite
468 1134 656 1175 Domino
691 1134 734 1174 in
770 1133 953 1183 cithara,
987 1134 1030 1174 in

214 1188 378 1231 cithara
403 1194 445 1231 et
469 1202 578 1231 voce
602 1190 772 1242 psalmi:
797 1190 820 1216 *
846 1190 890 1231 in
914 1190 1030 1231 tubis

214 1245 457 1295 ductilibus
477 1250 520 1287 et
538 1259 646 1288 voce
664 1246 782 1288 tubae
802 1249 984 1288 corneae.

262 1301 452 1343 Jubilate
476 1302 520 1342 in
546 1305 784 1355 conspectu
809 1303 924 1354 regis
943 1303 1030 1344 Do-

211 1357 332 1398 mini:
360 1358 383 1383 *
408 1361 635 1400 moveatur
661 1371 798 1408 mare,
827 1363 871 1400 et
896 1359 1028 1411 pleni-

211 1413 319 1454 tudo
348 1416 452 1466 ejus:
485 1414 603 1456 orbis
630 1417 857 1466 terrarum,
887 1420 930 1457 et
957 1416 1030 1467 qui

211 1468 407 1512 habitant
426 1470 469 1511 in
489 1483 553 1512 eo.

262 1525 458 1567 Flamina
489 1527 697 1578 plaudent
724 1539 872 1577 manu,
903 1526 1030 1568 simul

212 1587 381 1624 montes
418 1583 695 1625 exsultabunt
729 1596 754 1624 a
790 1585 1029 1636 conspectu

212 1638 401 1679 Domini:
425 1640 448 1666 *
472 1640 677 1691 quoniam
699 1639 817 1681 venit
837 1639 1028 1691 judicare

211 1699 381 1736 terram.

261 1750 481 1793 Judicabit
504 1751 654 1793 orbem
677 1754 890 1794 terrarum
910 1752 952 1792 in
971 1753 1027 1804 ju-

211 1807 336 1858 stitia,
356 1809 379 1835 *
399 1813 442 1849 et
460 1808 650 1860 populos
667 1808 711 1849 in
730 1809 947 1861 aequitate.

264 1864 358 1903 Ant.
386 1863 547 1905 Notum
565 1864 666 1905 fecit
684 1865 896 1905 Dominus
917 1877 1028 1917 opus

211 1931 348 1960 suum:
366 1920 409 1960 in
430 1921 667 1972 conspectu
687 1921 891 1962 Gentium
909 1933 1027 1963 reve-

211 1974 315 2017 lavit
333 1976 515 2026 gloriam
534 1976 766 2018 Genitricis
786 1990 887 2018 suae.

264 2034 310 2078 N.
349 2032 563 2074 Exaltabo
599 2037 644 2074 te
679 2033 883 2083 Domine,
921 2035 1023 2085 quo-

212 2087 326 2127 niam
351 2089 580 2141 suscepisti
601 2102 681 2130 me.
723 2093 767 2143 Ιςι,
795 2090 889 2131 Nec
912 2089 1026 2132 dele-

211 2144 336 2185 ctasti
354 2144 548 2186 inimicos
567 2158 688 2187 meos
707 2158 838 2199 super
856 2159 937 2188 me.

211 2204 362 2246 Lectio
383 2206 521 2247 sancti
538 2206 763 2257 Evangelii
786 2207 1027 2249 secundum

530 2261 703 2303 Lucam.

283 2309 427 2350 Lectio
449 2311 513 2349 vii.
752 2316 853 2365 Cap.
873 2316 897 2354 l.
914 2328 946 2355 c.

208 2362 284 2469 In
311 2367 386 2409 illo
414 2370 627 2422 tempore·
659 2371 817 2412 Missus
846 2376 912 2413 est
939 2372 1024 2412 An-

277 2424 400 2474 gelus
428 2426 606 2468 Gabriel
633 2439 658 2467 a
684 2427 779 2468 Deo
807 2427 851 2467 in
879 2440 946 2469 cu
948 2429 1024 2470 1ta

207 2484 297 2521 tem
313 2480 516 2529 Galilaeae,
536 2482 604 2524 cui
622 2494 779 2524 nomen
795 2483 1024 2536 Nazareth,

209 2536 265 2577 ad
275 2536 497 2588 Virginem
512 2537 821 2591 desponsatam
836 2541 941 2590 viro,
957 2542 1025 2583 cui

207 2604 364 2633 nomen
389 2598 481 2635 erat
503 2594 527 2634 J
530 2594 681 2646 oseph
707 2594 761 2636 de
785 2594 916 2637 domo
940 2597 1024 2638 Da-

207 2647 297 2698 vid,
326 2653 369 2690 et
393 2662 550 2691 nomen
573 2651 764 2701 Virginis
787 2652 933 2693 Maria.
968 2653 1024 2695 Et

207 2704 384 2757 reliqua.

909 203 1095 235 immacul.
1122 203 1300 244 ‹mm-opt.
1329 202 1364 235 13.
1392 202 1436 235 M.
1465 202 1502 235 V.

1089 291 1277 334 llomilia
1300 294 1437 336 sancti
1457 293 1663 335 Germani
1679 292 1900 346 Episcopi.

1208 355 1247 388 In
1274 355 1572 390 Iraescntatione
1598 357 1739 401 Deipar
1742 369 1783 392 ze.

1095 419 1164 466 fef
1162 415 1164 418 ·
1172 417 1217 454 7
1236 418 1287 446 ve
1306 405 1457 455 Maria,
1480 404 1619 456 gratia
1636 404 1777 457 plena,
1797 404 1899 446 San-

1094 456 1188 535 s
1252 462 1332 503 ctis
1347 461 1548 510 sanctior,
1568 465 1611 502 et
1626 460 1748 502 coelis
1763 459 1900 502 excel-

1252 518 1350 567 sior,
1364 523 1407 559 et
1418 516 1651 559 Cherubim
1659 516 1900 567 gloriosior,

1085 578 1128 615 et
1141 542 1368 626 Seraphim
1384 572 1691 622 honorabilior,
1710 577 1753 614 et
1770 584 1901 625 super

1085 642 1257 671 omnem
1311 633 1553 671 creaturam
1604 627 1900 670 venerabilior.

1083 686 1179 728 Ave
1212 686 1430 736 columba,
1465 698 1563 737 quae
1594 684 1719 727 nobis
1747 688 1791 725 et
1817 684 1899 726 fru—

1084 747 1201 784 ctum
1226 743 1311 784 fers
1340 742 1483 792 olivae,
1511 747 1554 783 et
1582 742 1851 783 servatorem
1875 753 1899 781 a

1083 798 1266 851 spiritali
1285 798 1463 848 dilavio,
1484 811 1535 839 ac
1553 801 1730 850 portum
1749 796 1900 838 sallitis

1083 855 1329 904 annuntias,
1361 855 1480 906 cujus
1511 866 1666 907 pennae
1695 852 1899 904 deargen-

1083 913 1199 961 tatae,
1219 916 1261 953 et
1278 911 1523 964 posteriora
1537 910 1656 952 dorsi
1675 910 1719 950 in
1731 909 1899 962 pallore

1083 968 1175 1008 auri
1223 967 1482 1009 sanctissimi
1530 971 1573 1008 et
1621 965 1900 1007 illuminantis

1082 1023 1267 1075 Spiritus
1294 1022 1460 1074 fulgore
1488 1022 1760 1073 irradiantur.
1804 1022 1899 1063 Ave

1082 1079 1400 1121 amoenissimus
1422 1084 1465 1120 et
1487 1078 1708 1120 rationalis
1726 1077 1810 1119 Dei
1826 1090 1899 1130 pa-

1082 1135 1262 1185 radisus,
1280 1134 1690 1177 benevolentissima
1707 1139 1750 1176 et
1769 1134 1900 1175 omni-

1082 1192 1251 1244 potenti
1283 1190 1477 1244 ejusdem
1505 1190 1660 1233 dextra
1686 1189 1818 1231 hodie
1846 1189 1903 1232 ad

1084 1248 1306 1289 Orientem
1329 1247 1563 1300 plantatus,
1591 1252 1635 1288 et
1659 1246 1744 1299 ipsi
1768 1248 1902 1288 suave

1083 1303 1204 1345 olens
1222 1304 1369 1353 lilium,
1390 1307 1433 1345 et
1451 1316 1596 1344 rosam
1614 1303 1901 1347 immarcesci-

1082 1359 1213 1401 bilem
1239 1360 1484 1411 germinans
1510 1359 1554 1400 in
1581 1361 1732 1400 eorum
1757 1358 1900 1401 mede-

1082 1415 1178 1466 lam,
1197 1416 1270 1468 qui
1285 1416 1536 1469 pestiferam
1555 1415 1796 1467 animaeque
1816 1415 1900 1457 exi-

1082 1472 1229 1514 tialem
1242 1470 1573 1514 amaritudinem
1585 1471 1738 1513 mortis
1752 1470 1809 1512 ad
1820 1471 1900 1513 Oc-

1082 1528 1298 1571 cidentem
1321 1528 1562 1571 ebiberant:
1589 1527 1834 1580 paradisus,
1857 1528 1901 1569 in

1082 1598 1169 1637 quo
1185 1584 1241 1626 ad
1255 1585 1449 1627 veritatis
1465 1584 1726 1635 agnitionem
1739 1583 1901 1635 lignum

1080 1641 1299 1683 vivificum
1318 1641 1562 1690 efflorescit,
1583 1653 1606 1682 e
1627 1652 1713 1692 quo
1735 1641 1808 1692 qui
1825 1653 1899 1691 gu-

1081 1698 1308 1748 staverint,
1346 1696 1715 1738 immortalitatem
1751 1709 1899 1739 conse-

1082 1757 1281 1806 quantur.
1308 1755 1404 1795 Ave
1422 1754 1698 1795 sacrosancte
1713 1752 1899 1794 aedifica-

1080 1815 1188 1861 tum,
1214 1810 1509 1859 imaculatum,
1533 1809 1899 1862 purissimumque

1080 1866 1163 1908 Dei
1190 1867 1345 1907 summi
1371 1866 1505 1917 Regis
1532 1865 1761 1918 palatium,
1791 1866 1898 1917 ejas-

1081 1922 1181 1964 dem
1206 1923 1290 1964 Dei
1316 1923 1450 1973 Regis
1476 1921 1795 1972 magnificentia
1821 1922 1898 1963 cir-

1082 1982 1400 2030 cumornatum,
1437 1980 1675 2030 omnesque
1707 1977 1898 2030 hospitio

1080 2035 1306 2100 recipiens,
1327 2048 1378 2076 ac
1395 2035 1589 2087 mysticis
1609 2034 1807 2075 reficiens
1826 2034 1897 2077 de-

1079 2091 1207 2141 liciis3
1240 2092 1284 2132 in
1316 2104 1402 2143 quo
1434 2104 1522 2132 non
1550 2090 1822 2132 manufactus
1855 2097 1899 2133 et

1079 2148 1200 2189 vario
1220 2146 1378 2190 decore
1400 2148 1542 2189 nitens
1565 2147 1672 2188 situs
1691 2152 1758 2188 est
1776 2148 1897 2199 spiri-

1077 2204 1206 2245 tualis
1222 2204 1372 2257 sponsi
1385 2203 1644 2253 thalamus3‘
1632 2216 1676 2243 1n
1691 2215 1778 2255 quo
1789 2204 1896 2245 Ver-

1077 2259 1181 2302 bum
1212 2263 1430 2302 errantem
1455 2259 1687 2301 humanam
1717 2260 1897 2313 stirpem

1077 2318 1285 2358 revocare
1312 2316 1480 2366 volens,
1512 2328 1686 2357 carnem
1713 2315 1796 2358 sibi
1824 2316 1894 2358 de-

1077 2373 1322 2425 sponsavit,
1357 2377 1405 2414 ut
1437 2385 1531 2420 eos,
1567 2372 1640 2424 qui
1671 2372 1895 2415 voluntate

1076 2428 1256 2481 propria
1275 2430 1471 2470 extorres
1490 2428 1593 2470 facti
1611 2428 1796 2479 flierant,
1816 2430 1894 2471 Pa-

1077 2485 1133 2527 tri
1149 2484 1459 2526 reconciliaret.

1130 2541 1178 2591 Ru
1204 2541 1370 2582 Hortus
1397 2540 1627 2582 conclusus
1651 2554 1776 2582 soror
1798 2554 1895 2583 mea

1077 2609 1252 2649 sponsa,
1277 2596 1429 2638 hortus
1452 2596 1696 2647 conclusus,
1722 2597 1818 2638 fons
1842 2597 1894 2638 si-

1076 2655 1244 2704 gnatus:
1271 2654 1293 2677 *
1319 2653 1586 2695 Emissiones
1612 2658 1699 2695 tuae
1725 2652 1893 2706 paradi-

1077 2722 1161 2759 suS‚
1182 2722 1208 2751 o
1228 2709 1374 2750 Maria.
1403 2705 1450 2754 l
1479 2710 1615 2762 Aperi
1632 2710 1748 2761 mihi,
1766 2722 1893 2752 soror
