2040 2990
788 182 828 215 In
855 182 1067 215 Nativitatc
1092 181 1259 215 Domini.

167 278 335 321 videbit
366 282 569 318 mortem:
596 279 620 302 *
653 279 776 318 eruet
808 275 998 316 {mimam

166 348 290 376 suam
311 333 366 374 de
383 345 516 374 manu
534 332 683 374 inferi?

219 390 303 432 Ubi
322 394 423 431 sunt
446 388 761 430 misericerdiae
784 392 873 429 tuae
893 389 999 429 anti-

166 459 265 498 quae
284 445 489 494 Domine,
508 446 533 471 *
552 445 665 486 sicut
684 444 836 496 jurasti
854 442 999 484 David

165 503 207 542 in
227 501 412 543 veritate
431 500 530 542 tua?

216 558 389 599 Memor
421 562 518 598 esto
546 556 736 597 Domine
769 555 1000 608 opprobrii

165 616 394 656 servorum
409 615 587 654 tuorum
605 613 628 638 *
648 611 784 664 (quod
804 611 998 652 continui

164 671 207 711 in
227 669 324 711 sinu
342 669 457 720 meo)
475 668 713 710 multarum
733 667 952 709 Gentium.

217 725 347 776 Quod
367 724 745 778 exprobraverunt
759 723 922 764 inimici
935 722 999 764 tui

163 782 372 830 D6mine,
404 781 428 806 *
462 780 582 833 quod
619 779 999 832 exprobraverunt

164 837 556 880 commutatienem
576 836 728 878 christi
746 835 821 876 tui.

215 893 483 935 Benedictus
521 892 737 933 Deminus
782 891 827 932 in
873 892 997 933 aeter-

163 963 283 991 num:
302 951 326 977 *
345 949 438 998 fiat,
461 948 550 989 fiat.

217 1006 317 1046 Ant.
346 1006 449 1058 Ipse
467 1003 691 1046 invocabit
709 1016 791 1053 me,
811 1003 998 1055 alleluja:

163 1062 297 1104 Pater
315 1074 440 1103 meus
461 1074 508 1102 es
527 1065 586 1110 tu,
606 1059 790 1111 alleluja.

216 1121 316 1159 Ant.
344 1118 569 1159 Laetentur
595 1115 714 1165 coeli,
738 1117 762 1143 *
788 1120 831 1157 et
857 1116 997 1157 exsul-

163 1179 229 1216 tet
246 1179 365 1216 terra
385 1178 486 1214 ante
506 1173 663 1214 faciem
681 1172 872 1222 Demini,
894 1174 998 1224 quo-

161 1231 279 1271 niam
298 1230 429 1272 venit.

437 1286 635 1326 Psalmus
655 1286 722 1326 95.

163 1336 386 1444 Cantete
423 1341 616 1382 Domino
662 1340 881 1382 canticum
922 1353 998 1382 no-

254 1412 372 1440 vum:
390 1398 414 1424 *
435 1399 611 1439 cantate
633 1397 826 1438 Demino
856 1397 1000 1438 omnis

162 1460 292 1496 terra.

215 1515 402 1556 Caritate
429 1514 639 1562 Domino,
674 1518 718 1554 et
751 1513 999 1556 benedicite

165 1570 330 1612 nomini
358 1571 466 1622 ejus:
494 1571 518 1596 *
545 1569 800 1611 annuntiate
834 1570 890 1611 de
927 1569 998 1611 die

163 1627 207 1667 in
228 1626 344 1667 diem
363 1625 555 1666 salutare
575 1626 678 1676 ejus.

215 1681 486 1723 Annuntiate
504 1681 617 1722 inter
633 1680 799 1722 Gentes
813 1681 999 1732 gloriam

165 1739 273 1790 ejus,
301 1740 324 1764 *
352 1738 397 1778 in
429 1736 634 1778 omnibus
666 1736 844 1790 populis
872 1737 998 1778 mira-

165 1794 269 1836 bflia
289 1795 392 1846 ejus.

220 1851 438 1901 Quoniam
467 1862 654 1901 magnus
685 1849 920 1899 Dominus,
956 1853 1000 1890 et

165 1906 399 1947 laudabilis
435 1906 580 1946 nimis:
621 1906 645 1931 *
688 1904 895 1947 terribilis
933 1910 1000 1947 est

165 1974 298 2014 super
317 1974 471 2003 omnes
491 1961 611 2003 deos.

218 2018 435 2067 Queniam
453 2029 606 2059 omnes
622 2016 682 2058 dii
697 2017 905 2058 Gentium
920 2016 999 2059 dae-

164 2074 329 2170 {neniaz
361 2074 385 2100 *
419 2074 637 2114 Deminus
674 2077 822 2114 autem
859 2073 999 2114 coelos

183 2130 279 2171 ecit.

218 2185 459 2233 Confessio,
479 2190 523 2226 et
537 2183 821 2237 pulchritudo
836 2184 880 2224 in
896 2196 995 2225 con·

165 2241 320 2292 spectu
350 2241 454 2292 ejus:
474 2241 498 2266 *
522 2240 811 2281 sanctimenia
838 2244 883 2281 et
909 2253 997 2281 ma-

163 2296 415 2347 gnificentia
444 2296 487 2336 in
521 2295 867 2337 sanctificatione
895 2297 997 2347 ejus.

215 2351 384 2393 Afferte
397 2352 590 2392 Domino
606 2351 763 2403 patriae
779 2351 996 2401 Gentium,

163 2408 318 2449 afferte
345 2408 537 2448 Domino
571 2406 756 2457 gleriam
789 2411 833 2447 et
859 2406 995 2448 hone-

162 2476 272 2504 rem:
291 2465 314 2490 *
333 2463 488 2504 afferte
505 2462 698 2503 Domino
717 2462 903 2512 gloriam
922 2465 996 2504 no-

162 2519 268 2560 mini
288 2520 390 2570 ejus.

213 2574 378 2615 Tollite
419 2574 604 2623 hestias‚
648 2578 692 2615 et
733 2573 910 2615 introite
952 2574 993 2614 in

162 2631 272 2672 atria
300 2631 406 2681 ejus:
425 2631 449 2655 *
473 2629 659 2671 adorate
686 2630 925 2670 Dominum
951 2630 994 2670 in

161 2687 275 2728 atrio
296 2690 449 2728 sancto
470 2686 572 2737 ejus.

1103 275 1445 315 Commoveatur
1476 286 1503 314 a
1533 273 1645 315 fecie
1673 274 1764 326 ejus
1791 274 1882 315 uni-

1049 332 1177 371 versa
1209 334 1343 371 terra:
1370 330 1395 355 *
1421 329 1554 371 dicite
1585 330 1631 370 in
1664 329 1882 372 Gentibus

1051 386 1153 439 quia
1171 386 1388 427 Dominus
1406 386 1618 437 regnavit.

1100 443 1275 484 Etenim
1320 442 1513 484 correxit
1557 441 1712 484 orbem
1751 446 1883 484 terrae

1050 499 1125 551 qui
1156 511 1245 540 non
1279 498 1645 540 commovebitur:
1672 499 1697 525 *
1724 498 1884 551 judica-

1048 555 1114 597 bit
1132 555 1326 608 p6pulos
1345 555 1389 595 in
1408 555 1628 607 aequitate.

1101 611 1328 652 Laetentur
1348 611 1460 661 coeli,
1479 615 1524 653 et
1542 610 1734 652 exsultet
1751 614 1885 652 terra:

1051 669 1382 710 commoveatur
1409 680 1546 718 mare,
1583 671 1628 708 et
1654 665 1883 720 plenitudo

1052 725 1156 776 ejus:
1176 725 1200 750 *
1219 723 1476 776 gaudebunt
1494 723 1655 776 campi,
1675 727 1720 765 et
1738 723 1886 764 omnia

1053 793 1152 832 quae
1170 780 1214 821 in
1233 780 1296 822 eis
1315 785 1426 822 sunt.

1103 836 1230 878 Tunc
1266 836 1550 878 exsultabunt
1586 835 1733 877 omnia
1767 835 1886 887 ligna

1051 893 1260 935 silvarum
1285 905 1311 934 a
1336 893 1448 934 facie
1466 892 1661 942 Dem'mi,
1690 891 1793 945 quia
1815 904 1885 934 ve-

1050 950 1130 991 nit:
1151 950 1175 976 *
1200 949 1409 1002 queniam
1432 949 1553 991 venit
1579 948 1774 1001 judicare
1800 951 1885 990 ter-

1051 1018 1156 1047 ram.

1103 1062 1128 1102 J
1129 1061 1325 1103 udicabit
1352 1061 1508 1103 orbem
1535 1065 1667 1103 terrae
1686 1061 1731 1102 in
1753 1059 1885 1113 aequi-

1051 1120 1158 1168 tete,
1181 1118 1205 1144 *
1229 1123 1273 1160 et
1297 1118 1491 1171 populos
1516 1118 1560 1158 in
1584 1117 1770 1159 veritate
1795 1129 1886 1158 sua.

1105 1172 1204 1213 Ant.
1234 1172 1462 1216 Laetentur
1486 1173 1603 1223 coeli,
1631 1178 1676 1215 et
1695 1173 1887 1216 exsultet

1052 1235 1171 1272 terra
1185 1235 1286 1272 ante
1300 1230 1459 1272 faciem
1472 1229 1662 1280 Domini,
1677 1229 1887 1282 queniam

1052 1287 1183 1328 venit.

1110 1339 1211 1381 Ant.
1231 1340 1397 1384 Notum
1414 1342 1519 1384 fecit
1541 1343 1565 1370 *
1582 1341 1810 1392 Deminus‚
1829 1340 1887 1383 al-

1051 1400 1192 1452 leluja,
1212 1399 1405 1441 salutare
1425 1411 1562 1449 suum,
1581 1398 1765 1450 alleluja.

1325 1452 1527 1494 Psalmus
1545 1451 1611 1492 97.

1126 1515 1274 1555 antate
1313 1513 1506 1554 Demino
1551 1511 1771 1553 canticum
1809 1522 1886 1552 no·

1139 1583 1258 1611 vum:
1276 1569 1301 1595 *
1321 1569 1424 1621 quia
1442 1567 1661 1609 mirabilia
1678 1566 1793 1609 fecit.

1103 1625 1299 1666 Salvavit
1327 1623 1412 1665 sibi
1444 1624 1628 1665 dextera
1656 1623 1763 1674 ejus:
1789 1623 1815 1650 *
1842 1626 1888 1663 et

1053 1680 1281 1721 brachium
1301 1684 1501 1721 sanctum
1520 1679 1622 1731 ejus.

1102 1736 1273 1778 Notum
1306 1736 1411 1778 fecit
1442 1735 1660 1777 Dominus
1694 1734 1887 1776 salutere

1052 1805 1194 1833 suum:
1212 1793 1237 1817 *
1256 1792 1300 1832 in
1324 1793 1567 1844 conspectu
1590 1791 1799 1833 Gentium
1822 1802 1887 1832 re-

1052 1848 1215 1889 velavit
1233 1848 1444 1900 justitiam
1466 1860 1601 1888 suam.

1103 1903 1385 1946 Recordatus
1444 1908 1513 1945 est
1569 1901 1887 1944 misericordiae

1053 1973 1160 2010 suae,
1179 1961 1203 1988 *
1227 1964 1271 2002 et
1298 1960 1498 2002 veritatis
1527 1972 1620 2001 suae
1648 1958 1800 2000 domui
1825 1958 1886 1999 Is-

1053 2016 1156 2057 raeL

1105 2071 1325 2114 Viderunt
1344 2084 1497 2113 omnes
1516 2070 1693 2113 termini
1710 2075 1843 2112 terrae
1861 2069 1886 2095 *

1053 2127 1245 2169 salutare
1264 2127 1349 2169 Dei
1366 2127 1520 2169 nostri.

1103 2183 1128 2224 J
1130 2183 1296 2225 ubilate
1313 2183 1412 2225 Deo
1433 2183 1574 2224 omnis
1593 2186 1726 2224 terra:
1744 2182 1769 2208 *
1788 2194 1886 2223 can-

1051 2242 1152 2289 tate,
1173 2244 1217 2281 et
1236 2239 1466 2288 exsultate,
1485 2243 1530 2280 et
1546 2238 1736 2290 psallite.

1103 2295 1283 2336 Psallite
1314 2295 1507 2336 Demino
1542 2294 1587 2334 in
1620 2293 1805 2343 cithara,
1840 2293 1885 2334 in

1052 2350 1220 2392 cithara
1248 2355 1292 2392 et
1319 2362 1430 2391 voce
1457 2349 1633 2403 psalmi:
1652 2349 1676 2375 *
1694 2349 1739 2390 in
1766 2348 1885 2390 tubis

1053 2406 1302 2456 ductilibus,
1323 2410 1366 2447 et
1384 2418 1495 2447 voce
1513 2404 1634 2446 tubae
1654 2406 1841 2446 corneae.

1102 2461 1295 2503 Jubilate
1318 2461 1363 2501 in
1388 2461 1631 2513 conspectu
1655 2460 1773 2510 regis
1796 2461 1884 2501 Do-

1050 2518 1170 2559 mini:
1188 2519 1212 2544 *
1230 2519 1461 2558 moveatur
1479 2528 1613 2565 mare,
1633 2520 1677 2557 et
1696 2516 1883 2568 plenitu-

1051 2574 1109 2615 do
1130 2574 1235 2625 ejus:
1260 2572 1382 2614 orbis
1400 2573 1634 2621 terrerum,
1654 2576 1698 2613 et
1716 2572 1792 2624 qui
1810 2571 1883 2612 he-

1049 2629 1193 2671 bitant
1211 2629 1255 2669 in
1275 2640 1340 2669 eo.

1100 2685 1303 2727 Flumina
1330 2682 1544 2736 plaudent
1572 2696 1720 2735 manu,
1752 2682 1882 2725 simul
