2080 2990
204 197 277 234 390

575 196 701 229 'l‘crtia
728 196 788 229 dic
817 197 908 229 infra:
937 196 1013 229 Oct.
1044 196 1187 228 immac.
1214 196 1327 229 Cone.
1354 195 1392 228 13.
1420 195 1463 228 M.
1489 195 1528 228 V.

540 291 700 330 Oratio.

253 348 529 390 nfirmitatem
562 353 756 390 nostram
787 348 955 400 respice
984 361 1026 389 o-

266 407 513 457 mnipotens
528 405 662 446 Deus:
682 410 727 446 et
742 405 841 457 quia
855 403 1028 457 pondus

208 461 399 514 propriae
415 461 597 502 actionis
611 466 774 512 gravat,
792 461 910 502 beati
926 459 1027 500 Mel-

209 517 374 558 chiadis
404 517 605 569 Martyris
632 518 694 559 tui
725 524 856 569 atque
883 517 1027 557 Ponti-

207 573 303 615 ficis
329 574 584 616 intercessio
610 574 800 625 gloriosa
826 586 905 614 nos
931 574 1028 625 pro-

207 635 337 681 tegat.
365 630 449 672 Per
467 631 713 672 Dominum.

394 718 476 759 Die
497 718 560 758 10.
577 716 844 759 Decembris.

318 782 461 823 Tertia
485 781 554 822 dic
579 782 683 821 infra
705 780 913 821 Octavam

208 841 553 883 Immaculatae
575 841 803 891 concept.
822 842 874 882 B.
893 841 956 881 M.
972 841 1028 882 V.

261 906 297 938 11]
334 906 355 938 Ι.
389 905 582 937 Noenu-no
618 905 817 937 Lectiones
852 904 896 937 dc
929 904 1026 938 Seri-

208 961 315 996 ptura
342 959 571 986 occurrente.

436 1009 484 1047 In
503 1009 551 1047 II.
573 1009 793 1047 Noeturno.

211 1073 274 1111 lix
286 1069 412 1111 Bulla
428 1068 677 1119 dogmatica
688 1067 753 1108 Pii
767 1067 901 1120 Papae
916 1067 1029 1109 noni.

508 1134 655 1174 Lectio
678 1134 726 1173 iv.

218 1210 256 1250 ῃ
284 1195 530 1249 psissima
544 1194 689 1244 verba,
703 1193 859 1246 quibus
872 1193 1030 1235 divinae

280 1244 323 1307 ἑ
345 1252 582 1304 Scripturae
613 1250 667 1292 de
695 1251 887 1292 increata
911 1251 1030 1303 Sapi-

230 1310 238 1324 “’
347 1309 461 1350 entia
475 1308 723 1360 loquuntur,
739 1308 915 1358 ejusque
930 1320 1032 1348 sem-

208 1366 401 1418 piternas
456 1365 646 1416 origines
700 1366 1031 1417 repraesentant,

210 1423 435 1463 consuevit
459 1421 684 1472 (Ecclesia)
711 1426 803 1462 tum
827 1421 870 1461 in
896 1420 1030 1462 eccle-

210 1479 395 1519 siasticis
410 1478 574 1527 officiis,
588 1483 681 1519 tum
694 1477 738 1517 in
754 1479 1031 1518 sacrosancta

210 1534 382 1585 liturgia
402 1534 609 1576 adhibere
630 1539 672 1575 et
689 1533 745 1575 ad
763 1533 876 1574 illius
891 1533 1030 1584 Virgi-

209 1591 276 1631 nis
295 1590 535 1643 primordia
553 1590 802 1639 transferre,
827 1602 924 1641 quae
944 1603 1030 1631 uno

210 1646 453 1700 eodemque
473 1647 650 1688 decreto
671 1659 770 1687 cum
788 1645 945 1687 divinae
959 1646 1030 1687 Sa-

210 1704 386 1756 pientiae
410 1703 703 1744 incarnatione
728 1702 898 1744 fuerant
920 1715 1029 1755 prae-

209 1760 371 1801 stituta.
393 1760 601 1810 Quamvis
617 1765 763 1801 autem
777 1758 872 1800 haec
887 1760 1031 1800 omnia

208 1829 343 1868 penes
357 1816 509 1858 fideles
524 1816 686 1868 ubique
699 1828 840 1868 prope
854 1817 1032 1868 recepta

210 1872 451 1922 ostendant,
473 1886 558 1925 quo
579 1871 725 1914 studio
746 1871 958 1923 ejusmodi
976 1872 1030 1913 de

208 1929 493 1970 Immaculata
515 1930 706 1981 Virginis
732 1929 1028 1981 Conceptione

210 1985 453 2026 doctrinam
489 1986 584 2038 ipsa
622 1998 795 2038 quoque
829 1986 1030 2026 Romana

210 2041 407 2082 Ecclesia
430 2043 620 2083 omnium
643 2042 926 2084 ecclesiarum
944 2055 1030 2083 ma-

209 2103 276 2139 ter
310 2103 353 2139 et
386 2101 593 2149 magistra
625 2099 754 2140 fuerit
786 2102 1030 2151 prosecuta,

209 2158 354 2195 tamen
368 2154 549 2196 illustria
562 2155 685 2207 hujus
696 2155 903 2196 Ecclesiae
916 2155 1028 2197 facta

211 2209 341 2260 digna
362 2210 491 2263 plane
515 2216 629 2261 sunt,
655 2225 751 2263 quae
774 2212 1030 2253 nominatim

211 2268 534 2316 recenseantur,
566 2280 663 2308 cum
691 2273 812 2309 tanta
840 2268 896 2309 sit
924 2269 1030 2319 ejus-

211 2322 311 2364 dem
339 2323 548 2365 Ecclesiae
582 2323 769 2374 dignitas
801 2330 931 2376 atque
960 2337 1030 2366 au-

211 2380 407 2429 ctoritas,
436 2386 594 2432 quanta
618 2380 678 2421 illi
703 2383 878 2422 omnino
903 2381 1030 2423 debe-

209 2441 294 2485 tur,
319 2449 417 2488 quae
437 2442 503 2478 est
524 2437 750 2478 catholicae
772 2438 968 2478 veritatis
988 2443 1031 2480 et

209 2492 387 2533 unitatis
407 2498 618 2542 centrum,
641 2494 683 2533 in
705 2506 789 2545 qua
811 2493 951 2535 solum
970 2495 1029 2534 in-

209 2548 471 2590 violabiliter
503 2550 582 2591 fuit
616 2549 835 2591 custodita
868 2550 1030 2601 religio,

211 2610 253 2646 et
281 2617 334 2646 ex
360 2618 444 2657 qua
471 2605 696 2647 traducem
722 2605 823 2647 fidei
852 2606 1030 2658 reliquae

211 2675 361 2703 omnes
374 2662 570 2703 ecclesiae
583 2664 832 2703 mutuentur
844 2665 1030 2714 oportet.

267 2721 310 2770 lq„
338 2718 431 2770 Ego
461 2732 515 2760 ex
545 2731 631 2760 ore.
658 2719 744 2759 381.

1387 290 1536 331 Lectio
1558 304 1594 330 v,

1126 352 1258 400 taque
1292 347 1445 390 eadem
1473 349 1673 390 Romana
1704 349 1902 391 Ecclesia

1143 404 1247 445 nihil
1278 405 1425 457 potius
1452 404 1623 454 habuit,
1656 417 1785 456 quam
1816 406 1901 447 elo-

1082 461 1373 513 quentissimis
1394 461 1640 513 quibusque
1658 461 1800 503 modis
1820 463 1901 503 Im-

1080 517 1902 570 maculatamVirginisConceptionem,

1082 575 1260 626 ejusque
1283 574 1445 616 cultum
1464 579 1507 615 et
1526 573 1770 615 doctrinam
1789 577 1902 616 asse-

1081 644 1188 680 rere,
1202 631 1323 680 tueri,
1337 632 1600 683 promovere
1614 635 1658 671 et
1670 630 1903 673 vindicare.

1081 687 1208 727 Enim
1239 699 1345 728 vero
1382 686 1733 739 praedecessores
1764 688 1904 729 nostri

1083 743 1361 785 vehementer
1383 743 1558 793 gloriati
1581 748 1680 784 sunt
1699 743 1904 796 apostoli-

1083 813 1134 841 ca
1162 813 1240 840 sua
1267 800 1530 841 auctoritate
1558 799 1717 841 festum
1744 799 1904 841 Conce-

1081 856 1243 909 ptionis
1271 856 1315 896 in
1340 856 1540 896 Romana
1567 855 1763 897 Ecclesia
1788 856 1905 898 insti-

1082 916 1216 962 tuere,
1241 925 1292 953 ac
1312 912 1494 965 proprio
1516 912 1684 962 Officio,
1708 913 1903 965 propria-

1083 982 1168 1021 que
1182 969 1327 1018 Missa,
1348 968 1504 1020 quibus
1524 971 1817 1021 praerogativa
1830 969 1904 1010 im-

1082 1026 1305 1067 munitatis
1327 1025 1380 1067 ab
1400 1025 1678 1067 haereditaria
1701 1025 1800 1067 labe
1818 1038 1904 1067 ma-

1082 1082 1358 1124 nifestissime
1398 1082 1694 1131 asserebatur,
1736 1084 1905 1133 augere,

1082 1139 1316 1180 honestare
1330 1143 1374 1180 et
1388 1138 1553 1180 cultum
1563 1139 1647 1190 jam
1661 1138 1906 1180 institutum

1083 1196 1201 1236 omni
1220 1208 1318 1251 ope·
1328 1197 1604 1247 promovere,
1628 1194 1906 1247 amplificare,

1083 1252 1175 1293 sive
1199 1252 1387 1301 erogatis
1411 1250 1705 1307 indulgentiis,
1733 1251 1826 1292 sive
1848 1250 1906 1292 fa-

1083 1307 1245 1349 cultate
1264 1308 1430 1349 tributa
1450 1307 1712 1356 civitatibus,
1734 1310 1906 1360 provin-

1083 1365 1160 1405 ciis
1194 1366 1446 1416 regnisque,
1481 1369 1530 1405 ut
1556 1364 1794 1416 Deiparam
1825 1363 1905 1405 sub

1082 1421 1208 1462 titulo
1254 1420 1550 1462 Immaculatae
1597 1420 1906 1473 Conceptionis

1082 1479 1312 1530 patronam
1327 1477 1411 1518 sibi
1425 1476 1676 1527 deligerent,
1693 1477 1785 1518 sive
1800 1489 1907 1518 com-

1083 1534 1280 1587 probatis
1315 1533 1640 1583 sodalitatibus,
1673 1546 1905 1585 congrega-

1082 1590 1291 1640 tionibus,
1319 1590 1621 1642 religiosisque
1649 1590 1822 1631 familiis
1850 1590 1906 1632 ad

1083 1647 1381 1688 Immaculatae
1423 1646 1732 1699 Conceptionis
1770 1645 1906 1688 hono—

1083 1716 1175 1745 rem
1193 1704 1411 1754 institutis,
1431 1704 1523 1744 sive
1538 1702 1740 1744 laudibus
1756 1704 1906 1744 eorum

1083 1761 1237 1813 pietati
1257 1759 1424 1809 delatis,
1448 1760 1521 1812 qui
1539 1759 1814 1808 monasteria,
1835 1772 1906 1801 xe-

1083 1816 1316 1865 nodochia,
1341 1816 1507 1866 altaria,
1533 1816 1697 1868 templa
1720 1815 1800 1857 sub
1824 1816 1905 1857 Im·

1082 1873 1286 1915 maculati
1319 1872 1568 1925 Conceptus
1599 1872 1727 1913 titulo
1761 1873 1905 1913 erexe-

1083 1930 1179 1979 rint,
1195 1935 1269 1971 aut
1283 1930 1542 1971 sacramenti
1555 1928 1763 1980 religione
1778 1928 1905 1970 inter-

1082 1986 1227 2038 posita
1252 1985 1537 2027 Imaculatam
1565 1982 1769 2038 Deiparae
1796 1985 1905 2026 Con-

1083 2042 1331 2095 ceptionem
1393 2043 1566 2083 strenue
1626 2043 1906 2094 propugnare

1084 2098 1413 2152 spoponderint.

1135 2156 1183 2207 R.
1211 2154 1329 2196 Nihil
1357 2154 1640 2207 inquinatum.
1667 2154 1759 2194 382.

1383 2210 1532 2250 Lectio
1554 2210 1605 2249 vi.

1130 2279 1292 2320 nsuper
1324 2269 1602 2319 summopere
1635 2266 1772 2308 laetati
1806 2272 1906 2309 sunt

1148 2323 1382 2365 decernere
1411 2323 1719 2375 Conceptionis
1747 2323 1905 2365 festum

1083 2380 1137 2422 ab
1170 2379 1287 2421 omni
1320 2379 1502 2421 ecclesia
1534 2392 1630 2421 esse
1658 2379 1905 2422 habendum

1084 2436 1239 2479 eodem
1272 2448 1405 2477 censu
1437 2449 1487 2477 ac
1519 2439 1700 2477 numero
1732 2449 1819 2488 quo
1848 2437 1904 2478 fe-

1083 2499 1198 2535 stum
1234 2492 1506 2541 Nativitatis,
1551 2491 1755 2544 idemque
1795 2493 1904 2534 Con-

1083 2549 1297 2602 ceptionis
1333 2548 1491 2589 festum
1528 2561 1625 2589 cum
1663 2552 1817 2590 octava
1849 2549 1904 2591 ab

1082 2606 1283 2647 universa
1301 2604 1496 2646 Ecclesia
1517 2604 1841 2655 celebrandum,
1863 2610 1905 2647 et

1082 2662 1137 2704 ab
1158 2661 1357 2703 omnibus
1375 2661 1487 2702 inter
1503 2674 1553 2702 ea
1570 2674 1667 2713 quae
1682 2663 1904 2714 praecepta

1083 2723 1196 2768 sunt,
1221 2723 1370 2759 sancte
1394 2717 1639 2768 colendum,
1663 2730 1713 2759 ac
1732 2717 1903 2771 pontifi-
