2040 2990
649 189 753 222 Infra
777 189 1074 222 Hebdomadam
1098 189 1123 223 I.
1149 190 1364 223 Adventus,

153 279 306 330 Jacob,
326 284 371 321 et
390 279 567 321 docebit
585 292 667 321 nos
686 280 780 320 vias
799 293 916 330 suas,
941 285 985 321 et
1019 268 1021 270 ’

154 335 473 377 ambulabimus
495 336 540 376 in
564 336 729 377 semitis
754 337 858 387 ejus:
885 336 986 388 quia

156 391 211 433 de
230 391 335 433 Sion
359 391 495 434 exibit
517 392 605 442 lex,
632 397 677 434 et
694 391 879 434 verbum
896 392 984 434 Do-

154 447 261 488 mini
280 447 335 489 de
353 447 607 489 Jerusalem.

206 505 365 556 Hymn.
385 505 453 544 En
468 504 586 545 clara
600 516 699 545 vox.
714 504 801 544 136.
821 501 871 552 V.
882 504 986 545 Vox

157 559 398 601 clamantis.
415 561 501 601 137.

208 616 279 657 Ad
295 617 456 658 Bened.
477 618 577 657 Ant.
598 615 791 666 Angelus
808 615 987 655 Domini

154 671 180 698 *
197 671 414 713 nuntiavit
436 671 603 722 Mariae,
632 676 676 713 et
700 671 906 723 concepit
931 670 986 712 de

155 727 319 780 Spiritu
338 732 502 777 sancto,
521 727 703 779 alleluia.

207 790 252 823 In
276 789 401 823 feriali
426 789 563 823 Officio
591 799 661 832 per
685 789 907 823 Adventum
933 790 987 823 di-

158 842 295 871 cuntur
316 837 458 871 Preces
482 841 524 870 ut
547 837 586 870 in
610 837 812 871 Psalterio.
838 834 909 870 112.

496 889 658 930 Oratio.

238 942 370 992 xcita,
402 945 653 995 quaesumus
675 942 880 992 Domine,
910 955 987 994 po-

251 999 434 1040 tentiam
463 1003 600 1048 tuam,
634 1003 678 1039 et
705 998 819 1039 veni:
852 1003 900 1039 ut
932 997 987 1039 ab

157 1054 481 1096 imminentibus
507 1056 792 1107 peccatorum
817 1056 987 1095 nostro-

158 1123 255 1151 rum
272 1110 495 1162 periculis‚
515 1115 559 1152 te
578 1112 825 1151 mereamur
842 1114 988 1162 prote-

156 1167 287 1216 gente
326 1167 449 1218 eripi,
486 1171 531 1208 te
565 1166 779 1207 liberante
814 1166 988 1207 salvari:

158 1222 243 1272 Qui
261 1222 371 1264 vivis
390 1227 434 1265 et
450 1235 620 1274 regnas.

210 1283 312 1318 Orat.
337 1283 447 1318 Dom.
476 1284 685 1327 praeteritae
715 1295 868 1327 semper
897 1285 989 1318 dici-

158 1335 219 1366 tur
256 1342 326 1374 per
357 1331 656 1366 Hebdomadum
691 1332 730 1365 in
767 1332 833 1365 fer.
871 1332 989 1375 Offic.‚

159 1379 316 1423 quando
339 1379 501 1422 propria
525 1390 603 1413 non
629 1379 859 1422 assignatur.

211 1426 341 1461 Hodie
364 1427 505 1460 dicitur
531 1426 637 1461 Offic.
662 1427 838 1460 Defunct.
890 1459 893 1461 .

211 1474 275 1508 Ad
291 1474 420 1508 Horas
436 1474 596 1517 Antiph.
621 1474 668 1508 de
691 1474 854 1507 Laudib.
879 1474 989 1508 Dom.

159 1522 428 1565 praecedentis,
454 1521 589 1565 Capit„
614 1522 694 1565 RB.
720 1522 774 1555 br.
801 1526 837 1555 et
855 1522 931 1555 alia
950 1526 991 1555 ut

161 1570 201 1603 in
223 1569 358 1611 Psalt„
391 1569 469 1603 nisi
493 1570 599 1612 quod
623 1570 662 1603 in
686 1569 730 1612 R.
756 1570 811 1603 br.
837 1569 887 1602 ad
910 1569 990 1603 Pri—

160 1627 263 1651 mam
279 1617 367 1651 loco
383 1612 429 1658 V.
452 1619 527 1660 Qui
551 1618 666 1653 sedes
688 1617 829 1651 dicitur
846 1612 891 1657 V.
916 1618 991 1660 Qui

160 1670 345 1704 venturus
370 1678 412 1703 es
436 1667 478 1702 in
499 1667 695 1702 mundum.

395 1735 475 1776 Ad
491 1735 757 1785 vesperas.

215 1797 303 1832 Ant.
329 1801 367 1831 et
388 1797 450 1831 Ps.
476 1798 523 1832 de
547 1798 665 1832 Psalt.
691 1799 763 1834 111.

267 1849 527 1900 Capitulum.
644 1850 751 1891 Gen.
767 1852 834 1891 49.
849 1851 887 1891 b.

258 1921 317 1950 on
345 1908 565 1950 auferetur
592 1910 815 1958 sceptrum
844 1904 899 1946 de
922 1905 992 1946 Ju—

270 1964 338 2014 da,
358 1968 402 2006 et
421 1963 511 2006 dux
531 1962 586 2004 de
605 1962 772 2003 femore
792 1961 894 2012 eiuS,
918 1960 992 2002 do-

162 2033 244 2062 nec
280 2021 428 2062 veniat
459 2019 534 2072 qui
563 2017 801 2059 mittendus
836 2021 916 2058 est:
951 2021 995 2058 et

162 2077 259 2129 ipse
278 2077 360 2118 erit
379 2075 650 2128 exspectatio
670 2073 887 2114 Gentium.

215 2127 425 2177 Hymnus·
463 2131 650 2172 Creator
674 2129 798 2170 alme.
831 2124 882 2176 V.
908 2128 994 2169 Ro-

163 2190 267 2230 rate.
285 2189 372 2229 132.

218 2240 290 2281 Ad
315 2241 489 2291 Magnis.
531 2242 630 2282 Ant.
675 2242 795 2281 Leva
825 2239 995 2280 Jerasa-

165 2298 254 2340 lem
270 2298 295 2324 *
320 2299 473 2340 oculos
498 2303 617 2346 tuOS,
646 2301 690 2338 et
715 2295 818 2337 vide
844 2297 995 2348 poten-

165 2355 272 2395 tiam
289 2355 420 2406 regis:
440 2366 543 2395 ecce
559 2353 761 2394 Salvator
776 2351 895 2393 venit
914 2351 995 2391 sol-

165 2422 269 2451 vere
287 2414 332 2451 te
351 2423 378 2451 a
395 2409 582 2451 vinculo.

218 2467 368 2501 Deinde
393 2467 549 2509 Preces,
573 2470 614 2499 ut
640 2467 678 2499 in
696 2466 897 2499 Psalterio.
923 2466 995 2501 112.

167 2518 204 2548 et
228 2514 360 2548 Oratio
384 2514 493 2548 Dom.
519 2514 683 2556 praeced.

219 2561 399 2604 Capitula
431 2562 621 2604 praedicta
655 2561 834 2594 dicuntur
872 2559 910 2592 in
944 2559 993 2592 fe-

167 2608 255 2641 riali
278 2608 415 2643 Officio
445 2619 568 2652 usque
602 2608 652 2642 ad
675 2608 861 2651 Vigiliam
887 2606 994 2639 Nati-

167 2656 301 2689 vitatis
326 2656 482 2690 Domini
507 2656 715 2690 exclusive.

1244 281 1416 317 Feria
1445 281 1659 318 Tertia.

1213 336 1278 375 De
1312 333 1428 374 Isaia
1460 333 1695 386 Propheta.

1141 396 1292 436 Lectio
1313 397 1336 436 i.
1608 399 1710 450 Cap.
1728 401 1763 439 2.

1156 449 1320 498 erbum,
1336 449 1456 500 quod
1466 449 1575 491 vidit
1589 451 1737 500 Isaias,
1753 450 1867 492 filius

1053 460 1132 491 &4³:2⁷¹

1051 476 1127 539 “s
1138 506 1142 549 5
1178 505 1328 554 Amos,
1350 518 1481 557 super
1501 506 1525 546 J
1528 506 1615 547 uda
1635 511 1678 547 et
1696 507 1721 547 J
1724 510 1867 548 erusa-

1037 561 1134 602 lem.
1170 561 1228 602 Et
1256 561 1337 602 erit
1363 561 1409 601 in
1436 562 1685 602 novissimis
1714 562 1868 603 diebus

1037 618 1314 669 praeparatus
1346 629 1473 658 mons
1506 617 1661 659 domus
1693 618 1869 659 Domini

1038 673 1082 713 in
1107 673 1271 714 vertice
1298 673 1526 723 montium,
1556 678 1599 714 et
1628 673 1868 715 elevabitur

1040 741 1171 780 super
1200 728 1351 778 colles,
1380 733 1423 770 et
1451 729 1587 770 fluent
1615 729 1671 770 ad
1699 742 1798 770 eum
1826 742 1869 771 o—

1039 797 1161 825 mnes
1176 789 1340 835 gentes.
1359 784 1416 825 Et
1429 783 1554 825 ibunt
1568 784 1721 837 populi
1735 785 1869 835 multi,

1041 845 1084 881 et
1116 839 1277 881 dicent:
1313 840 1475 881 Venite
1506 845 1549 882 et
1582 840 1869 882 ascendamus

1040 895 1098 937 ad
1115 900 1311 937 montem
1328 896 1520 946 Domini,
1548 901 1591 938 et
1614 896 1672 938 ad
1692 896 1870 938 domum

1039 952 1125 993 Dei
1140 951 1289 1000 Jacob,
1305 956 1349 993 et
1364 951 1541 994 docebit
1554 965 1636 993 nos
1651 953 1743 993 vias
1759 965 1870 1002 suas,

1042 1012 1085 1049 et
1122 1007 1441 1049 ambulabimus
1482 1008 1526 1048 in
1565 1009 1730 1049 semitis
1768 1009 1870 1060 ejus:

1043 1064 1146 1115 quia
1165 1063 1220 1105 de
1239 1063 1345 1104 Sion
1362 1063 1498 1105 exibit
1516 1063 1599 1114 leX,
1626 1068 1670 1105 et
1687 1063 1871 1105 verbum

1041 1119 1219 1160 Domini
1239 1118 1294 1160 de
1313 1119 1568 1160 Jerusalem.

1094 1181 1146 1231 R.
1164 1175 1338 1216 Montes
1357 1175 1510 1224 Israel,
1530 1188 1678 1216 ramos
1697 1179 1871 1216 vestros

1043 1231 1296 1283 expandite,
1334 1235 1377 1272 et
1413 1231 1582 1280 florete,
1624 1236 1669 1272 et
1704 1231 1871 1272 fructus

1042 1287 1189 1329 facite:
1217 1292 1239 1316 *
1267 1288 1414 1338 Prope
1443 1291 1510 1328 est
1536 1292 1584 1328 ut
1609 1287 1754 1327 veniat
1778 1286 1871 1328 dies

1042 1343 1230 1384 Domini.
1274 1341 1323 1390 V.
1348 1343 1516 1383 Rorate
1543 1342 1643 1383 coeli
1670 1342 1871 1394 desuper,

1044 1403 1088 1440 et
1122 1398 1262 1439 nubes
1298 1398 1451 1450 pluant
1487 1398 1664 1449 justum:
1706 1398 1870 1450 aperia-

1042 1459 1114 1495 tur
1138 1459 1267 1503 terra,
1292 1458 1335 1495 et
1357 1454 1573 1504 germinet
1591 1453 1873 1495 Salvatorem.

1043 1510 1189 1562 Prope
1210 1514 1288 1551 est.

1350 1562 1500 1602 Lectio
1522 1562 1560 1600 ii.

1129 1622 1148 1659 t
1179 1616 1389 1669 judicabit
1422 1616 1598 1666 Gentes,
1640 1621 1684 1657 et
1721 1618 1876 1667 arguet

1146 1672 1340 1725 populos
1356 1672 1534 1713 multos:
1560 1676 1603 1713 et
1623 1671 1876 1713 conflabunt

1044 1728 1218 1780 gladios
1231 1740 1336 1769 suos
1350 1728 1394 1768 in
1409 1730 1622 1776 vomereS,
1642 1732 1686 1768 et
1700 1727 1875 1768 lanceas

1046 1797 1146 1826 suas
1182 1784 1227 1824 in
1262 1783 1411 1824 falces:
1447 1796 1536 1824 non
1573 1782 1737 1824 levabit
1768 1795 1875 1834 gens

1048 1845 1201 1882 contra
1219 1844 1396 1890 gentem
1415 1838 1626 1890 gladium,
1649 1851 1730 1879 nec
1755 1851 1874 1879 exer-

1048 1896 1262 1938 cebantur
1276 1895 1392 1936 ultra
1407 1894 1464 1936 ad
1476 1894 1688 1946 praelium.
1706 1894 1875 1935 Domus

1047 1951 1185 1994 Jacob
1204 1953 1364 2000 venite,
1389 1955 1433 1992 et
1458 1949 1729 1991 ambulemus
1752 1950 1797 1990 in
1814 1950 1876 1990 lu-

1047 2009 1163 2049 mine
1182 2007 1372 2048 Domini.
1407 2005 1637 2058 Projecisti
1661 2005 1776 2046 enim
1799 2007 1875 2058 po-

1047 2063 1199 2116 pulum
1222 2067 1360 2113 tuum,
1389 2061 1569 2103 domum
1592 2061 1745 2103 Jacob:
1776 2061 1877 2113 quia

1049 2119 1207 2172 repleti
1225 2123 1326 2160 sunt
1342 2122 1391 2159 ut
1410 2117 1524 2166 olim,
1544 2121 1588 2158 et
1606 2120 1794 2168 aagures
1804 2117 1876 2157 ha-

1049 2175 1239 2217 buerunt
1269 2179 1319 2215 ut
1346 2173 1625 2223 Phfflsthiim,
1660 2177 1703 2214 et
1729 2172 1877 2225 pueris

1050 2230 1202 2271 alienis
1224 2229 1515 2271 adhaeserunt.

1099 2288 1150 2339 R.
1179 2286 1423 2337 Eriimpant
1444 2288 1617 2325 montes
1640 2281 1877 2334 jucundita-

1050 2346 1150 2391 tem,
1170 2345 1214 2382 et
1237 2340 1373 2382 colles
1392 2339 1647 2391 justitiamz*
1675 2338 1786 2388 Quia
1804 2337 1879 2377 lux

1050 2396 1202 2438 mundi
1219 2396 1434 2437 Dominus
1461 2407 1561 2436 cum
1585 2393 1783 2446 potentia
1807 2405 1877 2433 ve-

1051 2453 1124 2493 nit.
1156 2448 1206 2499 V.
1234 2453 1303 2493 De
1322 2451 1427 2492 Sion
1449 2449 1584 2491 exibit
1607 2449 1694 2498 lex,
1724 2453 1767 2490 et
1786 2459 1877 2488 ver-

1050 2508 1156 2550 bum
1174 2507 1353 2549 Domini
1373 2506 1428 2547 de
1446 2501 1700 2547 Jerusalem.
1728 2503 1848 2554 Quia.

1348 2566 1499 2605 Lectio
1521 2565 1575 2604 iii.

1048 2619 1283 2723 Repleta
1307 2626 1375 2663 est
1396 2626 1515 2663 terra
1538 2621 1719 2670 argento
1745 2621 1789 2659 et
1806 2628 1877 2657 au-

1151 2691 1219 2728 ro,
1247 2682 1291 2720 et
1317 2689 1406 2718 non
1434 2681 1500 2718 est
1529 2675 1628 2716 finis
1655 2672 1878 2716 thesauro-
