2080 2990
682 201 780 234 Infru
808 200 990 234 Octavam
1021 198 1285 233 medicationis
1313 197 1506 231 Ecclesiae.

234 300 386 341 lancea
401 301 669 352 persecutor,
685 303 729 341 et
744 298 856 341 fudit
871 299 1061 352 pretium

234 361 433 398 nostrum
452 355 738 408 Redemptor.

292 414 340 465 R.
363 412 401 454 O
423 425 554 465 quam
572 411 841 454 metuendus.
869 411 966 464 [118]

537 478 688 518 Lectio
710 478 762 517 vi.

312 543 432 580 antet
455 538 654 580 Christus
677 538 966 590 Redemptor,
993 549 1062 588 ge-

323 600 414 637 mat
432 595 456 636 J
458 595 568 637 udas
587 594 806 644 venditor,
834 593 1064 636 erubescat

233 653 257 694 J
261 652 415 694 udaeus
440 657 624 705 emptor.
665 652 779 693 Ecce
803 650 940 692 Judas
963 651 1064 692 ven-

234 708 363 759 didit,
390 709 415 750 J
418 708 572 750 udaeus
598 708 719 757 emit,
747 706 910 748 malum
934 709 1063 758 nego-

233 766 342 807 tium
362 767 561 817 egerunt,
587 764 716 806 ambo
741 763 932 805 damnati
953 769 1063 812 sunt,

235 825 406 875 seipsos
446 821 733 875 perdiderunt
775 819 979 861 venditor
1021 825 1064 861 et

235 884 419 932 emptor.
441 878 573 920 Dicat
589 891 693 929 ergo
708 881 842 930 caput
855 881 1064 926 nostrum,

234 935 354 978 dicat
371 947 453 988 pro
473 937 660 988 corpore
681 936 845 984 occiso,
869 945 951 986 pro
971 935 1063 975 cor-

234 1005 344 1045 pore
375 991 591 1033 dedicato.
640 991 788 1040 Dicat,
820 989 1064 1031 audiamus:

236 1048 501 1090 Conscidisti
528 1061 705 1090 saccum
732 1060 897 1096 meum,
926 1051 969 1088 et
996 1059 1063 1088 ac-

237 1105 411 1147 cinxisti
427 1118 498 1147 me
517 1105 684 1146 laetitia:
715 1103 760 1145 id
784 1108 867 1150 est,
898 1103 1064 1145 consci-

237 1161 339 1204 disti
357 1161 673 1205 mortalitatem
692 1173 846 1210 meam,
867 1165 910 1202 et
924 1159 1064 1202 accin-

236 1219 339 1260 xisti
359 1232 430 1260 me
457 1218 786 1259 immortalitate
811 1222 855 1259 et
872 1217 1063 1258 incorru-

236 1275 397 1328 pti6ne.
433 1275 493 1317 Ut
521 1279 667 1316 cantet
690 1274 770 1317 tibi
793 1273 933 1325 gleria
957 1286 1065 1323 mea,

237 1337 281 1374 et
299 1345 388 1373 non
408 1335 689 1384 compungar.
723 1330 840 1381 Quid
859 1334 941 1379 est,
963 1329 1066 1371 Non

237 1387 532 1442 compungar?
565 1388 663 1429 Jam
695 1392 848 1429 contra
879 1399 950 1428 me
978 1399 1066 1427 non

237 1445 349 1487 ferat
374 1445 573 1487 lanceam
596 1447 874 1498 persecutor,
901 1443 961 1485 Ut
978 1455 1066 1484 non

238 1505 520 1555 compungar.
542 1502 740 1544 Christus
755 1501 870 1543 enim
885 1512 1066 1551 surgens

239 1571 264 1599 3
278 1559 473 1608 m6rtuis,
488 1560 572 1610 jam
583 1572 671 1600 non
680 1558 876 1607 meritur,
893 1561 937 1598 et
948 1569 1067 1598 mors

238 1615 301 1656 illi
319 1615 435 1657 ultra
452 1628 541 1656 non
561 1614 869 1657 dominabitur.

294 1674 344 1725 R*-
368 1672 497 1714 Mane
517 1684 710 1723 surgens.
737 1670 834 1723 [118]

466 1752 515 1790 In
535 1751 606 1790 111.
628 1751 662 1790 N
666 1751 851 1790 octurno.

243 1811 394 1854 Lectio
420 1811 559 1853 sancti
577 1810 803 1861 Evangelii
829 1808 1069 1851 secundum

566 1867 742 1909 Lucam.

345 1929 496 1970 Lectio
520 1929 586 1969 vii.
788 1929 890 1980 Cap.
908 1929 964 1967 19.

239 1980 315 2087 In
343 1985 416 2026 illo
444 1986 659 2037 tempore:
689 1985 918 2036 Ingressus
942 1985 1069 2027 Jesus

307 2041 643 2094 perambulabat
668 2042 692 2082 J
695 2041 855 2083 ericho.
883 2042 940 2083 Et
966 2054 1068 2083 0000

242 2099 307 2139 vir
331 2098 507 2139 nomine
531 2098 760 2139 Zachaeus:
793 2103 837 2140 et
861 2098 932 2140 hic
955 2099 1069 2151 prin-

241 2167 348 2208 ceps
381 2158 475 2196 erat
504 2154 856 2206 publicanorum,
900 2160 944 2197 et
974 2155 1070 2208 ipse

242 2211 378 2253 dives.
418 2211 475 2252 Et
494 2210 672 2263 reliqua.

345 2277 537 2320 Homilia
555 2279 815 2322 venerabilis
834 2280 970 2323 Bedae

524 2335 788 2388 Presbyteri.

371 2397 451 2431 Lib.
476 2398 506 2431 5.
532 2396 625 2439 Cap.
649 2396 701 2430 77.
728 2396 765 2430 in
790 2396 878 2430 Luc.
903 2396 952 2430 19,

399 2460 436 2488 ae
455 2447 744 2500 impossibilia
758 2453 859 2489 sunt
868 2449 987 2502 apud
996 2449 1071 2492 ho-

242 2448 396 2597 &a
385 2504 541 2554 mines,
571 2504 799 2557 possibilia
826 2511 926 2546 sunt
953 2506 1072 2559 apud

385 2560 541 2602 Deum.
582 2561 698 2602 Ecce
726 2560 841 2602 enim
869 2563 1072 2613 camelus,

245 2616 448 2670 deposita
475 2616 597 2667 gibbi
625 2617 815 2667 sarcina,
852 2631 932 2670 per
960 2619 1071 2660 fora-

244 2686 344 2715 men
364 2685 469 2715 acus
487 2674 652 2724 transit,
675 2673 761 2715 hoc
780 2679 861 2724 est,
886 2674 1009 2716 dives
1029 2681 1073 2718 et

245 2729 521 2782 publicanus,
552 2730 705 2772 relicto
740 2732 873 2772 onere
905 2731 1071 2773 divitia-

1113 309 1225 345 rum,
1265 296 1519 348 contempto
1557 308 1692 337 censu
1727 294 1941 344 fraudum,

1113 355 1343 403 angustam
1353 357 1538 405 portam,
1552 354 1805 404 arctamque
1816 351 1942 400 viam,

1115 421 1214 460 quae
1233 408 1291 450 ad
1308 409 1442 450 vitam
1462 408 1593 459 ducit,
1613 407 1820 450 ascendit.
1857 407 1941 457 Qui

1113 465 1223 506 mira
1247 464 1483 507 devotione
1508 464 1613 507 fidei
1631 464 1689 506 ad
1705 463 1942 506 videndum

1113 521 1402 572 SalvatOrem,
1453 521 1573 574 quod
1609 524 1765 563 natura
1799 521 1942 562 minus

1115 577 1339 628 habuerat,
1359 580 1543 620 ascensu
1564 577 1743 631 supplet
1762 576 1944 619 arboris:

1116 639 1247 687 atque
1267 634 1367 676 ideo
1387 636 1516 687 juste,
1545 634 1744 688 quamvis
1761 634 1857 687 ipse
1875 645 1944 675 ro-

1115 693 1219 742 gare
1255 704 1343 732 non
1380 691 1556 742 audeat,
1591 690 1944 734 benedictienem

1115 748 1359 790 Dominicae
1379 748 1688 801 susceptienis,
1717 759 1848 799 quam
1871 745 1942 788 de-

1117 804 1349 855 siderabat,
1368 806 1550 858 accepit.

1172 863 1222 914 R.
1246 861 1415 903 Domus
1435 875 1543 904 mea.
1572 860 1681 913 [120]

1403 922 1555 962 Lectio
1576 921 1658 962 viii.

1223 979 1362 1030 ystice
1381 984 1527 1021 autem
1546 978 1771 1028 Zachaeus,
1791 977 1865 1029 qui
1883 976 1943 1018 in-

1237 1038 1503 1088 terpretatur
1539 1035 1813 1088 justificatus,
1854 1045 1943 1075 cre-

1118 1091 1295 1133 dentem
1322 1105 1376 1134 ex
1403 1092 1620 1134 Gentibus
1650 1091 1864 1145 populum
1891 1089 1944 1131 si·

1116 1148 1304 1199 gnificat.
1341 1150 1425 1200 Qui
1450 1154 1612 1202 quanto
1633 1149 1748 1190 curis
1767 1146 1944 1189 saecula-

1117 1204 1237 1246 ribus
1254 1206 1521 1259 occupatior,
1540 1210 1664 1248 tanto
1680 1204 1857 1256 flagitiis
1873 1202 1945 1245 de-

1117 1261 1406 1313 primentibus
1438 1267 1532 1304 erat
1562 1262 1703 1303 factus
1731 1259 1946 1302 humilior.

1117 1317 1205 1360 Sed
1224 1318 1399 1360 ablutus
1423 1323 1505 1369 est,
1533 1317 1614 1360 sed
1638 1316 1946 1365 sanctificatus,

1119 1374 1198 1416 sed
1222 1375 1482 1427 justificatus
1505 1376 1549 1417 in
1573 1374 1749 1417 nomine
1767 1372 1947 1416 Domini

1118 1432 1258 1472 nostri
1270 1432 1294 1472 J
1298 1445 1376 1473 esu
1390 1432 1561 1482 Christi,
1581 1437 1624 1474 et
1638 1432 1682 1472 in
1696 1430 1852 1484 spiritu
1863 1428 1947 1470 Dei

1118 1488 1271 1529 nostri.
1307 1489 1391 1539 Qui
1411 1489 1645 1530 intrantem
1663 1488 1687 1529 J
1691 1486 1838 1529 ericho
1858 1484 1947 1527 Sal-

1120 1546 1318 1586 vatorem
1332 1559 1359 1586 v
1361 1545 1483 1587 idere
1504 1544 1741 1598 quaerebat,
1760 1541 1840 1585 sed
1853 1554 1947 1596 prae

1119 1601 1250 1643 turba
1271 1614 1360 1643 non
1382 1604 1572 1655 poterat.
1600 1601 1703 1654 quia
1725 1599 1877 1653 gratiae
1900 1598 1947 1640 fi-

1120 1656 1207 1708 dei,
1233 1671 1363 1710 quam
1387 1658 1551 1701 mundo
1571 1658 1773 1700 Salvator
1793 1654 1948 1705 attulit,

1119 1715 1386 1768 participare
1423 1715 1642 1769 cupiebat:
1682 1712 1763 1756 sed
1797 1711 1949 1753 inolita

1120 1771 1326 1813 vitierum
1345 1771 1629 1824 consuetudo,
1649 1783 1703 1813 ne
1722 1769 1779 1813 ad
1796 1773 1950 1812 votum

1120 1831 1380 1880 perveniret,
1399 1804 1641 1871 obstiterai.

1175 1885 1226 1936 R
1251 1885 1444 1938 Lapides
1464 1885 1659 1946 pretiosi.
1688 1883 1785 1937 [121]

1423 1938 1608 1980 Lectio
1598 1951 1652 1979 ix

1123 1993 1331 2099 Eadem
1346 2012 1535 2052 namque
1549 1999 1679 2042 turba
1692 1998 1838 2041 noxiae
1849 2010 1948 2040 con-

1219 2055 1475 2106 suetudinis,
1505 2069 1603 2110 quae
1627 2068 1760 2109 supra
1783 2067 1949 2097 caecum

1123 2111 1399 2163 clamantem,
1426 2126 1480 2155 ne
1505 2112 1652 2155 lumen
1675 2114 1861 2165 peteret,
1889 2111 1948 2152 in-

1123 2168 1351 2222 crepabat3
1377 2169 1508 2211 etiam
1535 2169 1847 2222 suspicientem
1872 2181 1948 2221 pu-

1122 2224 1356 2276 blicanum,
1372 2238 1427 2268 ne
1446 2226 1470 2267 J
1474 2238 1596 2267 esum
1615 2225 1773 2276 videat,
1791 2223 1949 2267 tardat.

1125 2281 1213 2324 Sed
1244 2282 1363 2324 sicut·
1388 2294 1532 2324 caecus
1562 2282 1789 2324 turbarum
1818 2293 1950 2324 voces

1123 2338 1262 2389 magis
1286 2351 1338 2380 30
1361 2339 1500 2389 magis
1521 2338 1753 2381 clamando
1774 2338 1950 2381 devicit:

1123 2395 1185 2436 ita
1207 2394 1394 2448 pusillus
1418 2396 1598 2437 necesse
1624 2400 1691 2437 est
1714 2395 1857 2438 turbae
1875 2408 1949 2438 no-

1125 2452 1263 2493 centis
1288 2451 1565 2493 obstaculum
1583 2451 1739 2494 altiora
1756 2451 1949 2505 petendo

1124 2507 1416 2558 transcendat,
1440 2510 1614 2549 terrena
1632 2508 1859 2562 relinquat,
1885 2510 1949 2550 ar-

1124 2564 1278 2606 borem
1310 2564 1451 2606 crucis
1485 2564 1704 2607 ascendat.
1744 2566 1949 2617 Sycomo-

1125 2634 1198 2662 rus
1225 2633 1413 2673 namque
1441 2622 1554 2672 (quae
1581 2627 1649 2663 est
1677 2621 1808 2663 arbor
1834 2621 1950 2663 feliis

1124 2690 1249 2719 moro
1278 2677 1448 2727 similis,
1478 2677 1557 2719 sed
1585 2677 1812 2720 altitudine
1840 2690 1949 2731 prae-

1125 2739 1257 2784 stans,
1285 2733 1400 2776 unde
1420 2739 1463 2776 et
1482 2747 1507 2775 a
1525 2734 1692 2776 Latinis
1710 2734 1829 2776 celsa
1846 2747 1949 2776 nun-
