2040 2990
603 207 654 241 27.
678 207 767 241 Dec.
814 207 848 241 S.
874 208 1037 242 ι1011111113
1062 208 1198 252 Apost.
1225 215 1260 243 ct
1284 210 1428 251 Evang.

161 299 334 339 xerunt:
375 297 602 350 Magister,
647 312 781 352 quare
818 313 991 352 semper

161 353 247 395 hoc
282 354 503 407 loqueris?
548 356 632 406 Qui
667 356 896 410 respondit
932 356 991 398 di-

161 423 291 463 gnam
335 411 360 452 J
362 414 503 454 oanne
555 414 828 455 sententiam:
882 414 992 464 Quia

161 469 437 521 praeceptum
464 469 643 510 Demini
671 475 753 512 est:
784 475 827 512 et
860 471 896 511 si
925 483 991 512 so-

161 523 252 565 lum
270 524 358 575 fiat,
381 525 553 567 sufficit.

216 583 267 635 R.
291 582 343 622 In
362 581 508 624 medio
523 583 737 625 Ecclesiae
753 584 926 636 aperuit
942 596 992 625 os

163 639 263 690 ejus,
286 638 375 680 *Et
392 638 592 692 implevit
612 653 713 681 eum
726 640 822 681 Dfis
836 640 993 693 spiritu

162 695 389 748 sapientiae
406 700 451 737 et
470 695 730 738 intellectus.
762 691 810 742 Y
834 697 859 737 J
861 709 991 738 ucun-

164 751 347 794 ditatem
366 757 410 794 et
426 752 763 795 exsultationem
782 753 992 795 thesauri-

163 809 281 851 zavit
299 821 431 862 super
450 822 560 851 eum.
591 810 658 852 Et.
694 809 855 851 Gloria.
882 811 948 852 Et.

379 886 428 926 In
455 887 526 926 III.
554 887 776 927 Nocturno.

165 956 315 999 Lectio
341 959 480 999 sancti
499 958 727 1010 Evangelii
751 959 993 1001 secundum

466 1015 491 1056 J
494 1017 690 1058 oannem.

271 1076 422 1116 Lectio
444 1076 511 1116 vii.
651 1076 754 1127 Cap.
774 1076 831 1115 21.
852 1075 891 1115 d.

210 1149 240 1176 n
266 1135 343 1177 illo
371 1138 586 1190 tempore:
613 1137 737 1179 Dixit
761 1138 786 1178 J
789 1150 889 1179 esus
915 1138 992 1180 Pe-

227 1197 314 1234 tro:
332 1192 527 1245 sequere
540 1207 622 1236 me.
651 1194 900 1236 Conversus
914 1195 992 1237 Pe-

163 1253 273 1299 trus,
292 1248 401 1291 vidit
418 1249 541 1292 illum
563 1250 843 1304 discipulum,
863 1265 994 1304 quem

164 1304 373 1403 giligebat
391 1306 417 1347 J
418 1319 534 1358 esus,
555 1309 823 1361 sequentem.
854 1309 911 1350 Et
930 1310 993 1350 re-

198 1374 294 1415 qua.

169 1428 359 1470 Homih'a
373 1429 514 1470 sancti
523 1429 759 1481 Augustini
771 1430 993 1484 Episcopi.

247 1488 373 1523 Tract.
393 1490 463 1524 124.
485 1490 524 1523 in
541 1489 565 1523 J
568 1499 690 1532 oann.‚
708 1493 798 1533 post
814 1488 912 1523 med.

401 1542 514 1584 vitas
539 1542 623 1585 sibi
652 1543 859 1586 divinitus
883 1557 993 1597 prae-

203 1597 248 1652 ’ἐξῇ
289 1629 291 1635 .
317 1597 497 1649 dicatas,
517 1604 560 1641 et
576 1600 905 1642 commendatas
921 1614 994 1642 no—

179 1654 180 1658 ’
249 1653 286 1679 —2'2'
315 1655 378 1696 vit
391 1655 605 1698 Ecclesia:
625 1669 809 1709 quarum
829 1662 896 1699 est
909 1671 996 1699 una

164 1711 210 1752 in
240 1711 344 1762 fide,
387 1712 526 1754 altera
558 1714 603 1754 in
636 1714 800 1766 specie:
835 1727 921 1756 una
951 1715 995 1755 in

165 1770 367 1821 tempore
386 1770 768 1822 peregrinationis,
792 1771 930 1813 altera
951 1772 995 1812 in

167 1825 412 1867 aeternitate
450 1827 704 1868 mansionis:
743 1840 830 1868 una
860 1827 905 1868 in
936 1828 994 1869 la-

166 1881 290 1932 bere,
320 1881 458 1924 altera
482 1883 526 1923 in
545 1884 710 1935 requie:
738 1896 825 1924 una
845 1884 890 1924 in
913 1884 995 1934 via,

168 1937 306 1980 altera
318 1939 363 1979 in
377 1939 533 1991 patria:
552 1952 639 1981 una
651 1940 696 1980 in
712 1941 847 1992 opere
862 1940 995 1982 actio-

167 1994 250 2044 nis,
279 1995 417 2037 altera
439 1995 484 2037 in
507 1995 711 2038 mercede
730 1996 995 2050 contempla-

167 2051 311 2092 tionis.
344 2051 442 2094 Una
461 2052 652 2094 declinat
671 2066 697 2094 a
715 2053 850 2103 malo,
876 2057 920 2094 et
936 2053 995 2094 fa-

168 2107 228 2149 cit
250 2107 429 2150 bonum:
454 2108 591 2151 altera
612 2109 778 2151 nullum
797 2109 946 2160 habet,
971 2122 997 2150 a

169 2177 257 2216 quo
284 2164 488 2216 declinet,
519 2166 696 2218 malum;
730 2171 773 2208 et
791 2179 997 2217 magnum

168 2219 316 2271 habet,
351 2235 440 2274 quo
469 2222 652 2273 fruatur,
683 2223 859 2265 bonum.
899 2223 997 2265 Una

169 2290 269 2318 cum
286 2277 415 2320 hoste
433 2284 615 2331 pugnat,
642 2279 779 2321 altera
804 2279 898 2321 sine
920 2278 996 2320 ho-

170 2338 237 2375 ste
254 2339 418 2385 regnat.

224 2391 276 2442 R2.
306 2391 358 2431 In
389 2391 511 2433 illum
544 2392 662 2434 diem
689 2393 924 2446 suscipiam
952 2397 996 2434 te

171 2459 346 2488 servum
369 2461 532 2499 meum,
562 2453 606 2491 et
628 2462 791 2502 ponam
815 2455 860 2491 te
885 2450 997 2490 sicut

172 2503 443 2553 signeculum
474 2506 519 2546 in
552 2508 794 2559 conspectu
825 2519 941 2548 meo:
975 2498 998 2524 *

172 2559 389 2609 Queniam
408 2573 490 2612 ego
511 2562 622 2614 elegi
639 2567 699 2613 te,
727 2563 832 2605 dicit
849 2562 998 2604 Domi-

172 2628 264 2656 nus.
295 2607 346 2659 V.
362 2617 471 2659 Esto
491 2618 632 2660 fidelis
650 2633 791 2672 usque
811 2619 868 2661 ad
886 2632 998 2660 mor-

172 2676 279 2778 ‘31113
307 2677 360 2736 ‘et
390 2673 507 2716 dabo
539 2675 620 2717 tibi
648 2678 858 2717 coronam
886 2676 1003 2717 vitae..

213 2741 401 2770 uomam.

327 2870 391 2895 Pars
406 2871 539 2896 Hiemalis.

1331 304 1480 345 Lectio
1504 304 1586 344 viii.

1046 359 1190 466 Una
1227 363 1430 405 subvenit
1465 364 1690 416 indigenti,
1734 364 1871 406 altera

1145 419 1207 460 ibi
1230 425 1314 470 est,
1342 420 1417 462 ubi
1440 421 1605 462 nullum
1628 421 1792 463 invenit
1810 421 1870 461 in-

1045 475 1277 527 digentem.
1312 477 1410 518 Una
1434 477 1573 519 aliena
1597 480 1796 530 peccata,
1823 482 1872 519 ut

1045 545 1124 573 sua
1150 532 1232 574 sibi
1255 533 1554 584 ignoscantur,
1581 534 1785 585 ignoscit:
1814 534 1871 574 al-

1044 594 1139 630 tera
1174 602 1256 631 nec
1296 590 1462 642 patitur
1505 591 1623 643 quod
1659 592 1871 642 ignoscat,

1045 658 1126 687 nec
1145 645 1250 687 facit
1271 646 1391 699 quod
1416 647 1499 689 sibi
1517 652 1674 700 poscat
1692 647 1871 698 ignosci.

1044 702 1142 744 Una
1166 703 1411 754 flagellatur
1435 704 1577 754 malis,
1615 717 1669 746 ne
1694 704 1871 746 extolla-

1045 763 1115 800 tur
1140 759 1184 799 in
1208 759 1350 801 bonis:
1379 760 1517 802 altera
1543 765 1664 803 tanta
1691 761 1871 814 plenitu-

1046 815 1146 857 dine
1174 817 1328 868 gratiae
1361 822 1481 859 caret
1512 818 1630 859 omni
1656 818 1790 868 malo,
1825 822 1873 859 ut

1046 872 1137 914 sine
1164 872 1254 914 ulla
1280 874 1521 916 tentatione
1552 874 1771 927 superbiae
1801 887 1869 916 co-

1044 928 1211 971 haereat
1228 943 1399 972 summo
1418 930 1547 973 bono.

1102 991 1153 1041 Rv.
1179 991 1269 1033 Iste
1298 996 1364 1033 est
1391 992 1598 1042 Joannes‚
1637 992 1711 1045 qui
1740 1005 1871 1045 supra

1046 1052 1201 1099 pectus
1223 1048 1403 1089 Domini
1431 1049 1475 1089 in
1503 1062 1629 1091 coena
1661 1049 1874 1091 recubuit:

1051 1104 1073 1127 *
1097 1104 1262 1146 Beatus
1288 1106 1551 1158 Apostolus,
1582 1106 1651 1165 cui
1680 1106 1874 1147 revelata

1047 1166 1147 1202 sunt
1174 1163 1345 1203 secreta
1368 1162 1573 1204 coelestia.
1619 1159 1665 1204 Υ-
1690 1162 1874 1204 Fluenta

1045 1217 1273 1269 Evangelii
1298 1218 1352 1260 de
1377 1219 1475 1272 ipso
1503 1232 1628 1260 sacro
1654 1219 1872 1261 Dominici

1045 1275 1239 1326 pectoris
1288 1275 1409 1317 fonte
1456 1277 1637 1329 potavit.
1698 1276 1871 1318 Beatus.

1052 1330 1203 1372 Gloria
1220 1332 1350 1373 Patri.
1380 1332 1555 1374 Beatus.

1352 1399 1501 1440 Lectio
1522 1399 1574 1438 ix.

1132 1475 1210 1513 rgo
1246 1475 1331 1504 una
1362 1463 1479 1505 bona
1511 1469 1592 1515 est,
1625 1465 1704 1507 sed
1730 1466 1872 1508 adhuc

1136 1521 1310 1560 misera:
1330 1519 1468 1562 altera
1486 1521 1650 1572 melior,
1670 1527 1713 1564 et
1731 1523 1871 1565 beata.

1047 1576 1139 1617 Ista
1158 1575 1402 1627 significata
1426 1582 1492 1619 est
1510 1591 1589 1630 per
1607 1579 1872 1631 Apestolum

1046 1632 1242 1682 Petrum,
1274 1631 1348 1674 illa
1379 1646 1458 1686 per
1490 1635 1714 1677 Joannem.
1758 1636 1874 1677 Tota

1047 1688 1117 1729 hic
1141 1688 1284 1739 agitur
1308 1689 1392 1730 ista
1415 1703 1555 1743 usque
1579 1691 1622 1732 in
1646 1691 1771 1744 hujus
1795 1694 1872 1733 sae-

1049 1744 1134 1786 culi
1160 1745 1308 1795 finem,
1347 1751 1389 1787 et
1421 1747 1508 1789 illic
1536 1748 1700 1789 invenit
1727 1749 1872 1790 finem:

1049 1801 1247 1842 differtur
1265 1801 1339 1842 illa
1358 1803 1618 1855 complenda
1629 1808 1732 1856 post
1746 1805 1871 1857 hujus

1049 1857 1198 1898 saeculi
1217 1857 1363 1908 finem,
1383 1858 1462 1900 sed
1480 1859 1524 1900 in
1540 1860 1687 1902 futuro
1708 1861 1871 1903 saeculo

1048 1926 1137 1954 non
1152 1913 1285 1955 habet
1299 1914 1441 1956 finem.
1461 1915 1569 1957 Ideo
1585 1916 1744 1958 dicitur
1758 1917 1873 1960 huic:

1048 1971 1240 2022 sequere
1273 1983 1353 2012 me.
1407 1971 1474 2013 De
1506 1971 1582 2014 illo
1613 1978 1772 2015 autem:
1804 1975 1874 2016 Sic

1050 2039 1149 2068 eum
1173 2026 1275 2068 volo
1300 2029 1494 2078 manere,
1520 2028 1662 2071 donec
1686 2031 1874 2072 veniam:

1051 2082 1156 2135 quid
1180 2082 1236 2124 ad
1260 2082 1331 2125 te?
1359 2088 1408 2125 tu
1432 2097 1503 2126 me
1527 2087 1723 2138 sequere.
1761 2087 1875 2138 Quid

1050 2139 1164 2181 enim
1207 2144 1274 2181 est
1318 2139 1426 2182 hoc?
1482 2142 1702 2192 Quantum
1739 2145 1874 2197 sapi0‚

1051 2200 1262 2248 quantum
1281 2197 1424 2250 capio,
1446 2197 1551 2250 quid
1570 2204 1637 2241 est
1654 2199 1765 2242 hoc?
1793 2201 1874 2241 nisi

1049 2257 1098 2293 tu
1137 2265 1206 2294 me
1247 2254 1431 2305 sequere
1472 2268 1552 2307 per
1587 2256 1875 2298 imitationem

1048 2308 1299 2362 perferendi
1333 2311 1595 2363 temporalia
1634 2313 1761 2354 mala:
1803 2313 1875 2354 ille

1050 2367 1240 2416 maneat,
1280 2365 1422 2408 donec
1454 2369 1717 2421 sempiterna
1748 2369 1875 2410 venio

1050 2421 1301 2464 redditurus
1320 2422 1447 2464 bona.
1498 2425 1557 2466 Te
1575 2425 1729 2467 Deum.
1748 2427 1806 2466 14.

1313 2503 1392 2544 Ad
1417 2503 1614 2547 Laudes

1273 2566 1320 2595 et
1355 2571 1446 2604 per
1480 2561 1663 2594 Horas.

1106 2620 1206 2661 Ant.
1231 2622 1261 2660 1.
1298 2621 1431 2666 Valde
1456 2624 1736 2667 honorandus
1761 2630 1827 2667 est
1850 2625 1874 2652 *

1050 2675 1206 2719 beatus
1229 2678 1254 2718 J
1256 2681 1435 2730 oannes,
1470 2682 1543 2732 qui
1566 2695 1698 2734 supra
1719 2686 1874 2734 pectus

1050 2732 1229 2774 Domini
1247 2735 1291 2775 in
1311 2748 1437 2778 coena
1455 2737 1664 2779 recubuit.

1634 2869 1674 2900 14
