2080 2990
676 193 774 226 Infra
802 197 985 227 octavum
1015 194 1278 228 lmdicatismis
1306 195 1499 229 Ecclesiae.

427 287 470 332 Q
487 299 523 329 u
541 298 572 329 a
589 300 617 330 1·
636 289 658 329 t
676 299 708 329 a
750 290 792 330 D
812 289 830 330 i
848 300 875 331 e

477 346 582 386 infra
605 348 827 387 Octavam.

292 411 330 443 ln
361 411 386 444 Ι.
420 411 618 445 Nocturno
655 414 855 448 Lectiones
889 415 935 448 de
966 414 1062 448 Scri-

238 465 348 501 ptura
373 466 605 494 occurrente.

463 516 511 554 In
539 517 589 554 II.
617 517 838 557 Nocturno.

285 575 346 613 De
374 573 584 614 Sermene
614 572 752 614 sancti
780 572 1013 623 Augustini

541 629 762 682 Episcopi.

354 693 411 727 Ex
436 696 551 728 Serm.
575 696 649 729 25⁴5.
675 696 721 729 de
747 696 946 739 Tempore.

538 748 688 788 Lectio
710 749 761 788 iv.

247 813 282 847 ες
308 810 372 850 ·-.ῑΤ
390 797 574 839 ttendite
606 797 649 837 in
685 798 857 850 psalmo
892 798 1063 839 dedica-

246 850 257 888 «V
408 854 550 904 tionis,
571 867 701 906 quem
720 854 854 897 modo
873 855 1063 896 cantavi—

406 924 518 959 mus,
545 923 599 952 ex
621 913 747 952 ruina
766 911 1064 953 aedificierum.

235 966 499 1009 Conscidisti
545 980 721 1009 saccum
765 982 925 1010 meum:
979 969 1064 1010 hoc

234 1024 425 1075 pertinet
450 1023 507 1065 ad
530 1026 710 1065 ruinam.
747 1024 862 1075 Quid
883 1037 988 1076 ergo
1007 1025 1063 1067 ad

235 1079 492 1121 aedificium?
530 1081 587 1122 Et
612 1081 839 1123 accinxisti
862 1094 933 1122 me
957 1081 1062 1123 laeti-

234 1136 305 1177 tia.
351 1137 453 1178 Vox
486 1136 794 1178 dedicatiOnis:
826 1138 885 1180 Ut
918 1143 1064 1180 cantet

234 1192 314 1234 tibi
334 1193 474 1244 gleria
492 1207 600 1243 mea,
621 1199 665 1235 et
679 1207 767 1235 non
783 1198 1062 1247 compungar.

235 1250 342 1299 Quis
367 1255 450 1299 est,
485 1251 559 1303 qui
586 1250 801 1303 lo'quitur?
843 1252 894 1292 In
918 1251 1062 1293 verbis

234 1307 324 1358 ejus
345 1307 580 1358 agnoscite.
620 1307 665 1348 Si
689 1310 880 1361 expeno,
907 1308 1061 1350 obscu-

233 1376 329 1403 rum
362 1369 439 1405 est.
480 1365 597 1415 Ergo
626 1364 762 1406 verba
790 1365 880 1417 ejus
909 1365 1062 1414 dicam,

235 1422 441 1461 continuo
462 1421 710 1472 agnoscetis
729 1421 995 1473 loquentem,
1015 1427 1062 1463 ut

234 1477 389 1518 ametis
406 1477 714 1530 alloquentem.
751 1479 858 1529 Quis
879 1484 959 1529 est,
989 1479 1062 1530 qui

234 1532 380 1575 dicere
407 1534 566 1586 petuit:
599 1535 763 1575 Eruisti
790 1535 978 1577 Demine
1006 1535 1061 1576 ab

232 1590 380 1631 inferis
400 1590 588 1631 animam
607 1589 772 1632 meam?

287 1650 335 1700 Rg.
364 1646 602 1689 Orantibus
620 1647 664 1688 in
683 1647 794 1689 loco.
822 1647 919 1700 [118]

540 1706 692 1748 Lectio
714 1722 749 1747 v.

235 1739 403 1864 Cujus
427 1760 572 1801 anima
589 1761 673 1812 jam
693 1760 748 1802 ab
770 1761 918 1803 inferis
939 1763 1061 1803 eruta

324 1821 401 1866 est,
422 1817 504 1857 nisi
524 1816 579 1858 de
600 1830 686 1869 qua
703 1817 868 1859 dictum
888 1823 955 1860 est
974 1817 1060 1859 alio

232 1871 347 1914 loco:
401 1873 503 1915 Non
549 1872 826 1926 derelinques
873 1874 1060 1915 animam

232 1942 374 1971 meam
402 1929 445 1971 in
472 1928 664 1972 inferno?
694 1930 963 1983 Propenitur
989 1930 1060 1973 de-

233 1985 410 2035 dicatio,
437 1991 481 2028 et
500 1989 700 2029 cantatur
718 1986 938 2037 liberatio,
963 1990 1060 2030 can-

231 2042 366 2083 ticum
385 2043 673 2085 dedicationis
693 2043 866 2095 domus,
894 2050 938 2086 et
958 2045 1059 2086 dici-

231 2104 314 2140 tur:
333 2099 551 2142 Exaltabo
571 2106 614 2142 te
633 2102 833 2151 Domine,
853 2102 1060 2154 queniam

233 2157 465 2209 suscepisti
495 2170 581 2198 me:
619 2163 662 2199 et
693 2171 781 2200 non
815 2157 1060 2210 jucundasti

232 2212 430 2254 inimicos
461 2226 585 2254 meos
618 2227 750 2267 super
781 2227 861 2256 me.
906 2217 1059 2257 Atten-

233 2268 323 2311 dite
342 2268 519 2311 Judaeos
538 2270 751 2321 inimicos,
777 2272 850 2324 qui
870 2285 917 2313 se
933 2274 1060 2332 puta-

231 2320 338 2363 bant
374 2321 588 2364 occidisse
627 2322 865 2373 Christum,
902 2327 1059 2366 vlcisse

231 2383 454 2430 tamquam
512 2379 753 2429 inimicum,
811 2380 1059 2432 perdidisse

232 2436 358 2487 quasi
376 2434 597 2477 heminem
617 2436 775 2477 ceteris
795 2437 980 2479 similem
999 2442 1059 2480 at-

232 2503 317 2543 que
335 2491 576 2534 mortalem.
622 2494 672 2545 R.
701 2492 738 2534 Ο
760 2505 902 2544 quam.
921 2493 1018 2546 [118]

530 2550 680 2591 Lectio
702 2552 754 2590 vi.

233 2600 533 2707 Resurrexit
551 2606 681 2647 tertia
699 2605 780 2655 die,
799 2611 843 2648 et
862 2607 952 2658 ejus
972 2620 1058 2648 vox

335 2667 416 2703 est:
434 2661 651 2704 Exaltabo
671 2666 715 2704 te
734 2662 933 2711 Domine,
954 2666 1057 2715 quo-

231 2719 346 2760 niam
357 2719 590 2772 suscepisti
601 2732 681 2760 me.
702 2718 928 2761 Attendite
939 2719 1057 2773 Apo-

1116 285 1277 327 stolum
1324 285 1555 328 dicentem:
1597 286 1787 340 Propter
1825 287 1944 339 quod

1116 355 1215 383 eum
1244 341 1464 383 exaltavit.
1500 343 1557 384 Et
1583 355 1671 384 non
1698 343 1944 395 jucundasti

1116 398 1314 440 inimicos
1333 411 1456 440 meos
1474 411 1608 452 super
1626 412 1706 441 me.
1742 400 1833 453 Ipsi
1854 401 1943 453 qui-

1117 455 1218 496 dem
1237 455 1280 495 in
1301 454 1460 496 Christi
1483 460 1626 497 morte
1652 456 1943 508 jucundaban-

1116 516 1202 562 tur,
1257 511 1336 553 sed
1381 512 1425 552 in
1476 512 1567 564 ejus
1611 513 1943 562 resurrectione,

1117 568 1387 618 ascensiOne,
1448 568 1764 621 praedicatiOne
1809 569 1943 622 aliqui

1117 624 1536 678 compungebantur.
1596 626 1646 666 In
1697 627 1787 678 eius
1838 639 1943 678 ergo

1117 681 1443 735 praedicatiene,
1466 686 1509 723 et
1526 695 1606 735 per
1626 682 1944 736 Apostolorum

1117 738 1376 780 constantiae
1422 737 1764 781 diffamatienem
1811 739 1943 792 aliqui

1116 794 1536 847 compungebantur,
1564 800 1607 837 et
1632 795 1944 838 converteban-

1115 856 1200 893 tur:
1231 851 1366 904 aliqui
1391 851 1739 903 obdurabantur,
1772 858 1816 894 et
1845 865 1944 895 con-

1116 908 1425 959 fundebantur,
1454 908 1559 950 nulli
1577 913 1724 951 tamen
1742 908 1944 961 jucunda-

1117 964 1286 1007 bantur.
1323 969 1372 1020 R.
1407 965 1536 1007 Mane
1557 978 1749 1017 surgens.
1777 965 1874 1019 [118]

1329 1046 1377 1085 In
1404 1047 1474 1085 111.
1503 1047 1724 1086 Nooturno.

1118 1105 1270 1147 Lectio
1297 1105 1434 1147 sancti
1457 1105 1681 1156 Evangelii
1705 1105 1944 1148 secundum

1442 1161 1616 1203 Lucam.

1217 1228 1369 1270 Lectio
1390 1229 1459 1269 vii.
1657 1229 1759 1282 Cap.
1779 1230 1837 1270 19.

1115 1277 1190 1384 In
1219 1282 1294 1325 illo
1322 1285 1536 1336 tempore:
1563 1284 1791 1334 Ingressus
1816 1285 1943 1326 Jesus

1179 1339 1514 1391 perambulabat
1537 1341 1562 1381 J
1565 1339 1723 1382 ericho.
1758 1341 1815 1382 Et
1841 1353 1942 1383 ecce

1115 1396 1181 1436 vir
1205 1397 1380 1438 nemine
1407 1396 1635 1438 Zachaeus:
1664 1402 1707 1439 et
1731 1397 1802 1439 hic
1827 1398 1942 1451 prin-

1115 1464 1220 1505 ceps
1254 1458 1348 1495 erat
1376 1453 1727 1506 publicanerum,
1767 1459 1811 1496 et
1846 1454 1942 1508 ipse

1116 1508 1248 1550 dives.
1284 1509 1342 1551 Et
1360 1509 1537 1562 reliqua.

1160 1587 1350 1630 Homilia
1369 1588 1508 1629 sancti
1528 1588 1731 1639 Gregorii
1748 1589 1893 1642 Papae.

1171 1655 1252 1689 Lib.
1277 1655 1329 1689 27.
1354 1654 1568 1694 Moralium,
1594 1666 1675 1699 cap.
1700 1655 1751 1689 27.
1776 1659 1867 1699 post

1440 1704 1616 1738 medium.

1119 1763 1229 1819 (Fffli
1252 1757 1468 1798 veraciter
1494 1757 1714 1810 sapientes
1740 1770 1854 1808 esse,
1881 1763 1941 1801 at-

1124 1801 1210 1879 ᾓῷὲ
1230 1826 1314 1866 que
1329 1813 1470 1866 ipsam
1486 1814 1744 1867 sapientiam
1760 1819 1944 1856 contem-

1166 1879 1176 1884 ‘
1199 1891 1204 1893 >
1231 1870 1345 1924 plari
1375 1871 1639 1924 appetimus,
1670 1871 1827 1914 stultos
1860 1884 1942 1913 nos

1113 1927 1333 1970 humiliter
1353 1930 1681 1979 cognoscamus.
1708 1927 1941 1980 Relinqua-

1113 1998 1211 2025 mus
1230 1984 1406 2025 noxiam
1426 1984 1699 2037 sapientiam,
1723 1984 1942 2026 discamus

1113 2040 1379 2083 laudabilem
1397 2041 1652 2083 fatuitatem.
1683 2041 1798 2082 Hinc
1819 2041 1941 2095 quip-

1112 2111 1169 2151 pe
1189 2097 1402 2150 scriptum
1421 2102 1502 2139 est:
1529 2097 1671 2139 Stulta
1689 2097 1839 2139 mundi
1859 2097 1941 2140 ele-

1112 2155 1176 2206 git
1203 2154 1340 2204 Deus,
1367 2159 1416 2196 ut
1441 2153 1681 2196 confundat
1708 2154 1941 2206 sapientes.

1112 2211 1227 2253 Hinc
1249 2223 1422 2252 rursum
1441 2209 1614 2252 dicitur:
1641 2210 1685 2251 Si
1712 2210 1809 2263 quis
1825 2210 1941 2252 vide-

1112 2272 1183 2309 tur
1209 2268 1322 2309 inter
1351 2279 1431 2308 vos
1459 2267 1634 2319 sapiens
1662 2279 1759 2308 esse
1787 2267 1830 2307 in
1856 2266 1941 2309 hoc

1114 2323 1292 2374 saeculo,
1316 2323 1476 2365 stultus
1494 2323 1585 2373 fiat,
1610 2328 1658 2365 ut
1678 2323 1734 2365 sit
1753 2324 1941 2376 sapiens.

1113 2381 1227 2421 Hinc
1264 2379 1526 2431 evangelicae
1566 2379 1762 2421 historiae
1805 2379 1941 2422 verba

1113 2439 1343 2479 testantur:
1377 2436 1478 2488 quia
1503 2435 1717 2478 Zachaeus
1750 2450 1850 2478 cum
1882 2437 1940 2478 vi-

1114 2493 1218 2535 dere
1236 2506 1329 2546 prae
1349 2491 1477 2534 turba
1496 2492 1603 2533 nihil
1622 2498 1789 2545 posset,
1818 2496 1940 2546 syce-

1112 2550 1224 2591 mori
1253 2549 1456 2591 arborem
1482 2549 1699 2600 ascendit,
1728 2554 1776 2592 ut
1803 2554 1939 2592 trans-

1113 2610 1288 2649 euntem
1306 2606 1544 2647 Deminum
1564 2608 1772 2648 cerneret.
1808 2607 1938 2660 Syce·

1112 2676 1260 2705 morus
1281 2663 1443 2715 quippe
1463 2663 1571 2704 ficus
1591 2663 1710 2705 fatua
1729 2663 1897 2706 dicitur.

1164 2719 1214 2770 R.
1241 2720 1410 2761 Domus
1428 2733 1535 2761 mea.
1563 2720 1672 2773 [120]
