2080 2990
672 240 867 274 orationis
896 240 935 273 l).
962 239 1005 273 N.
1031 240 1063 271 J.
1090 240 1129 271 (ἶ.
1158 239 1192 270 in
1220 238 1347 271 Monte
1374 237 1525 270 oliveti.

299 341 394 379 Ant.
423 338 520 378 Non
539 335 793 389 impediaris
813 337 940 377 orare
960 348 1068 376 sem-

238 406 331 447 per,
359 398 403 434 et
426 405 479 433 ne
503 392 695 433 verearis
720 404 859 443 usque
879 390 936 432 ad
955 403 1067 431 mor-

237 456 326 492 tem
345 449 578 500 justificari.

521 544 715 583 l’salmus
736 544 797 582 21.

309 617 338 658 d
370 621 413 657 te
454 615 642 657 Domine
683 614 902 663 clamabo,
948 614 1068 654 Deus

339 685 463 714 meus
485 684 538 712 ne
559 671 688 712 sileas
705 684 730 712 a
745 683 829 711 me:
843 670 1067 720 *nequan-

238 728 296 770 do
315 731 464 770 taceas
484 741 509 769 a
526 740 612 777 me,
637 732 682 768 et
700 725 975 767 assimilabor
996 724 1067 766 de-

239 783 548 825 scendentibus
567 783 611 823 in
629 782 782 824 lacum.

290 839 462 881 Exaudi
499 839 687 880 Domine
723 850 879 879 vocem
916 835 1068 888 depre-

237 896 421 937 cationis
440 907 551 935 meae
566 893 671 936 dum
686 907 765 935 oro
781 893 838 935 ad
852 899 910 934 te:
925 893 948 918 *
965 892 1070 934 dum

238 951 402 992 extollo
435 964 587 991 manus
621 963 741 991 meas
772 948 829 990 ad
856 948 1069 1001 templum

239 1012 437 1048 sanctum
455 1012 588 1047 tuum.

290 1062 358 1103 Ne
381 1061 509 1102 simul
531 1061 680 1103 trahas
703 1074 772 1102 me
797 1073 896 1102 cum
914 1073 1067 1113 pecca-

238 1118 425 1159 toribus:
444 1118 468 1143 *
488 1123 532 1159 et
556 1130 656 1158 cum
681 1115 967 1169 operantibus
992 1115 1067 1156 ini-

239 1173 452 1225 quitatem
470 1185 524 1214 ne
544 1173 707 1226 perdas
725 1185 810 1214 me:

290 1230 374 1279 Qui
402 1229 642 1280 loquuntur
668 1241 824 1281 pacem
849 1241 947 1269 cum
968 1228 1068 1280 pro-

237 1285 356 1326 ximo
373 1298 464 1334 suo,
475 1286 499 1311 *
512 1284 627 1326 mala
642 1289 787 1326 autem
802 1284 845 1324 in
861 1282 1069 1325 cordibus

238 1343 401 1382 eorum.

289 1397 359 1437 Da
382 1395 466 1437 illis
489 1394 730 1438 secundum
750 1398 887 1448 opera
907 1397 1069 1445 eorum,

237 1453 261 1478 *
280 1458 323 1494 et
343 1452 584 1494 secundum
604 1452 845 1503 nequitiam
863 1450 1068 1492 adinven-

236 1508 404 1550 tionum
421 1509 628 1560 ipsorum.

288 1565 538 1605 Secundum
553 1566 689 1617 opera
698 1565 906 1604 manuum
918 1564 1070 1604 eorum

237 1619 380 1661 tribue
404 1619 504 1660 illis:
527 1620 551 1645 *
576 1618 713 1661 redde
737 1618 1070 1661 retributionem

239 1677 390 1716 eorum
409 1676 527 1728 ipsis.

292 1732 508 1781 Quoniam
518 1743 605 1772 non
616 1730 923 1773 intellexerunt
933 1733 1070 1784 opera

237 1787 425 1836 Domini,
445 1792 489 1828 et
508 1786 551 1827 in
567 1789 703 1839 opera
716 1789 924 1828 manuum
940 1788 1031 1839 ejus
1045 1787 1069 1812 *

239 1842 439 1884 destrues
475 1842 590 1892 illos,
628 1848 672 1884 et
703 1856 792 1884 non
826 1842 1069 1885 aedificabis

237 1911 325 1940 eos.

289 1954 556 1996 Benedictus
570 1955 800 1996 Dominus:
817 1956 842 1982 *
863 1954 1070 2007 quoniam

238 2009 461 2052 exaudivit
525 2023 682 2053 vocem
745 2011 1069 2064 deprecationis

237 2079 359 2108 meae.

289 2122 503 2164 Dominus
517 2122 690 2175 adjutor
709 2136 843 2174 meuS,
863 2129 907 2165 et
922 2124 1067 2176 prote-

239 2182 335 2219 ctor
362 2191 500 2219 meus:
524 2180 547 2204 *
571 2180 615 2219 in
642 2180 740 2232 ipso
770 2180 964 2232 speravit
992 2191 1069 2220 cor

238 2247 394 2284 meum,
414 2240 457 2275 et
476 2234 648 2285 adjutus
668 2249 775 2276 sum.

289 2290 347 2331 Et
379 2290 579 2331 refloruit
612 2303 714 2332 caro
747 2304 859 2332 mea:
886 2292 910 2318 *
939 2295 983 2332 et
1015 2303 1069 2332 ex

239 2345 465 2387 voluntate
483 2359 581 2387 mea
601 2347 845 2389 confitebor
865 2347 915 2388 ei.

290 2401 506 2442 Dominus
525 2402 737 2444 fortitudo
757 2403 901 2455 plebis
920 2416 1026 2445 suae:
1045 2405 1069 2431 *

240 2463 283 2499 et
318 2459 545 2510 protector
586 2458 874 2500 salvationum
908 2459 1070 2501 Christi

241 2513 308 2554 sui
327 2518 404 2554 est.

292 2568 469 2609 Salvum
497 2569 565 2610 fac
594 2569 807 2622 populum
834 2575 957 2611 tuum
979 2571 1067 2612 Do-

240 2623 369 2673 mine,
390 2629 433 2665 et
452 2624 638 2666 benedic
657 2625 906 2667 haereditati
923 2632 1026 2668 tuae:
1045 2628 1069 2654 *

241 2685 284 2720 et
307 2693 410 2730 rege
434 2693 527 2729 eOS‚
556 2686 599 2722 et
623 2681 784 2722 extolle
806 2681 905 2722 illos
930 2695 1069 2734 usque

241 2734 283 2775 in
304 2737 527 2776 aeternum.

1181 333 1278 371 Ant.
1302 331 1402 372 Non
1420 331 1675 383 impediaris
1694 334 1822 373 orare
1843 344 1953 373 sem-

1121 400 1217 440 per,
1246 392 1290 428 et
1310 399 1365 428 ne
1384 387 1577 428 verearis
1602 399 1743 439 usque
1762 387 1819 429 ad
1838 400 1952 429 mor-

1121 448 1210 484 tem
1229 442 1466 494 justificari.

1179 501 1276 538 Ant.
1298 499 1454 540 Omnia
1473 502 1763 551 quaecumque
1781 498 1955 551 petieri-

1121 555 1178 597 tis
1220 554 1264 595 in
1307 555 1506 597 oratioue
1553 554 1800 605 credentes,
1845 554 1954 596 acci-

1122 612 1266 664 pletl&
1391 653 1591 693 Psalmus
1612 653 1690 692 141.

1126 704 1294 809 Voce
1314 723 1412 752 mea
1430 709 1488 752 ad
1502 710 1740 751 Dominum
1755 709 1956 751 clamavi:

1226 767 1250 792 *
1269 779 1380 807 voce
1407 779 1506 807 mea
1533 766 1854 822 aid-Dominum
1883 764 1954 807 de-

1122 824 1329 874 precatus
1349 835 1459 863 sum:

1173 877 1365 919 Effundo
1395 878 1438 918 in
1471 879 1713 930 conspectu
1740 877 1831 929 ejus
1859 890 1954 919 ora-

1122 933 1289 975 tionem
1316 946 1475 984 meam,
1503 935 1526 959 *
1556 939 1600 975 et
1627 933 1955 975 tribulationem

1122 1002 1266 1030 meam
1286 995 1387 1031 ante
1406 990 1550 1042 ipsum
1569 989 1821 1042 pronuntio.

1174 1046 1226 1086 In
1262 1045 1509 1087 deficiendo
1548 1058 1602 1087 ex
1642 1058 1712 1086 me
1751 1045 1954 1098 spiritum

1122 1114 1284 1151 meum,
1308 1102 1332 1127 *
1356 1107 1400 1143 et
1426 1106 1475 1143 tu
1503 1101 1750 1152 cognovisti
1776 1101 1955 1143 semitas

1122 1169 1254 1199 meas.

1175 1214 1226 1254 In
1258 1214 1330 1255 via
1359 1213 1459 1263 hac,
1492 1225 1579 1266 qua
1607 1213 1904 1262 ambulabam,
1931 1213 1956 1239 *

1123 1268 1449 1311 absconderunt
1467 1269 1674 1322 laqueum
1691 1269 1807 1310 mihi.

1177 1324 1524 1367 Considerabam
1551 1324 1608 1367 ad
1635 1323 1880 1375 dexteram,
1913 1328 1957 1366 et

1123 1380 1345 1424 videbam:
1363 1383 1388 1409 *
1407 1387 1452 1423 et
1475 1394 1563 1423 non
1588 1387 1682 1423 erat
1701 1382 1777 1434 qui
1795 1383 1955 1432 cogno-

1124 1443 1267 1480 sceret
1284 1452 1366 1480 me.

1172 1495 1308 1536 Periit
1339 1495 1442 1546 fuga
1473 1508 1499 1536 a
1529 1508 1615 1546 me,
1640 1495 1664 1521 *
1690 1499 1735 1536 et
1766 1506 1856 1535 non
1889 1498 1957 1535 est

1125 1551 1199 1603 qui
1219 1554 1414 1604 requirat
1433 1552 1624 1593 animam
1641 1563 1796 1592 meam.

1177 1607 1374 1649 Clamavi
1407 1606 1464 1649 ad
1491 1612 1536 1649 te
1562 1607 1770 1656 Domine,
1796 1607 1821 1632 *
1849 1604 1957 1648 dixi:

1124 1663 1193 1704 Tu
1213 1676 1259 1705 es
1280 1676 1383 1716 spes
1402 1676 1510 1714 mea,
1529 1663 1677 1717 portio
1696 1675 1795 1704 mea
1812 1661 1858 1704 in
1872 1666 1957 1703 ter-

1123 1731 1172 1760 ra
1190 1720 1442 1761 viventium.

1174 1774 1360 1817 Intende
1392 1774 1450 1817 ad
1482 1774 1840 1828 deprecationem
1869 1786 1956 1815 me-

1123 1844 1208 1872 am:
1226 1832 1250 1857 *
1271 1832 1373 1884 quia
1389 1831 1643 1873 humiliatus
1662 1844 1760 1873 sum
1776 1830 1916 1872 nimis.

1174 1887 1335 1929 Libera
1352 1900 1424 1929 me
1443 1900 1468 1929 a
1486 1887 1854 1941 persequentibus
1869 1898 1955 1927 me:

1123 1944 1146 1970 *
1167 1944 1269 1996 quia
1288 1944 1523 1985 confortati
1543 1949 1644 1985 sunt
1663 1956 1796 1996 super
1813 1955 1896 1984 me.

1175 1998 1301 2041 Educ
1321 2000 1376 2041 de
1391 1998 1593 2041 custodia
1608 2000 1798 2040 animam
1811 2011 1956 2040 meam

1123 2055 1181 2097 ad
1209 2056 1507 2098 confitendum
1532 2055 1698 2097 nomini
1720 2060 1813 2097 tuo:
1835 2055 1860 2082 *
1883 2067 1955 2096 me

1123 2114 1382 2209 ensilpectant
1408 2112 1524 2164 justi,
1561 2110 1704 2153 donec
1736 2110 1955 2153 retribuas

1121 2181 1182 2209 mi
1230 2199 1238 2207 .

1174 2223 1274 2264 Ant.
1295 2223 1453 2266 Omnia
1471 2226 1762 2276 quaecumque
1780 2221 1953 2276 petieri-

1121 2279 1178 2321 tis
1222 2279 1265 2320 in
1306 2279 1504 2321 oratione
1544 2278 1793 2329 credentes,
1843 2279 1953 2321 acci-

1122 2335 1264 2388 pietis.

1176 2387 1223 2438 V
1242 2391 1402 2432 Tristis
1422 2396 1490 2432 est
1509 2391 1652 2432 anima
1668 2404 1777 2433 mea.
1799 2393 1851 2444 R.
1874 2392 1953 2434 Us-

1123 2461 1208 2500 que
1228 2447 1285 2489 ad
1303 2452 1500 2489 mortem.

1339 2516 1408 2557 De
1432 2515 1545 2557 libro
1569 2516 1737 2558 Tobiae.

1217 2571 1398 2613 Lectio‘
1388 2586 1411 2611 1.
1623 2574 1726 2625 Cap.
1743 2574 1798 2613 12.
1814 2572 1853 2614 b.

1135 2662 1143 2676 ,
1195 2634 1321 2669 ona
1341 2632 1407 2669 est
1427 2628 1568 2669 oratio
1590 2640 1688 2669 cum
1707 2628 1880 2680 jejunio,
1907 2633 1952 2670 et

1136 2677 1202 2741 ξ
1202 2695 1229 2722 ι
1252 2683 1530 2735 eleemosyna
1552 2685 1690 2735 magis
1711 2697 1842 2736 quam
1860 2683 1951 2726 the-

1227 2742 1405 2781 sauros
1437 2740 1530 2781 auri
1558 2739 1813 2782 recondere:
1845 2742 1951 2793 quo-
