2040 2990
631 203 830 237 Dominica
858 203 954 236 infra
982 203 1165 236 Octavam
1192 202 1431 245 Epiphaniae.

517 299 678 340 Oratio.

182 352 362 458 DeuS,
384 358 457 411 qui
475 357 685 399 hodierna
709 356 779 398 die
799 354 1001 406 Unigeni-

280 421 373 458 tum
399 420 522 456 tuum
542 412 757 455 Gentibus
778 411 904 454 stella
927 411 1001 453 du-

179 486 228 515 ce
248 472 467 515 revelasti:
488 470 681 513 concede
699 469 933 523 propitius3
955 472 1003 508 ut

180 531 252 582 qui
272 531 356 582 jam
374 534 417 571 te
438 541 492 570 ex
512 527 599 569 fide
619 526 916 578 cognovimus,
936 537 1003 565 us—

180 599 263 638 que
300 585 357 628 ad
393 582 774 637 contemplandam
811 581 1003 634 speciem

178 649 265 684 tuae
288 641 559 684 celsitudinis
581 639 884 693 perducamur.
920 638 1004 679 Per

179 699 380 742 eumdem
399 698 647 740 Deminum.

476 770 664 799 “7‘’‘ffiw

452 840 727 889 Domlnlca

273 915 379 955 infra
412 916 623 954 Octavam
652 912 922 964 Epiphaniae.

232 986 371 1019 Totum
400 983 575 1017 Officium
602 982 741 1015 dicitur
767 982 813 1015 de
838 982 1008 1025 Epipha-

180 1034 259 1068 nia.
290 1038 429 1076 praeter
457 1030 671 1066 Lectiones.
698 1030 895 1073 Cupitum,
922 1031 1007 1064 Ant.

182 1082 229 1115 ad
252 1081 389 1115 liened.
416 1084 451 1113 ct
470 1079 518 1113 ad
537 1078 702 1121 Magnis„
724 1083 759 1111 et
777 1078 1008 1113 Orationem.

234 1134 274 1167 ln
305 1134 330 1167 l.
363 1133 470 1167 Noet.
504 1132 661 1175 ponitur
694 1131 871 1174 Epistola
900 1131 926 1165 1.
961 1132 1008 1165 ad

183 1182 423 1218 Corinthios⁴
466 1191 552 1223 quae
584 1180 743 1213 inferius
781 1185 870 1222 post
901 1180 1009 1214 Octa-

182 1242 269 1266 vam
291 1231 462 1264 habetur.
480 1230 571 1273 280;
595 1235 630 1262 ct
653 1228 792 1271 legitur
816 1228 862 1262 de
888 1239 931 1262 ea
956 1239 1010 1262 se-

183 1280 389 1323 quentibus
440 1278 587 1312 diebus.
656 1276 857 1310 Lectiones
902 1287 1010 1315 vcro,

183 1340 268 1372 qua:
296 1327 505 1370 aliquando
532 1330 739 1369 supersunt
765 1325 810 1359 de
834 1325 1010 1368 Epistola

184 1377 232 1410 acl
251 1377 456 1410 Romanos.
476 1385 520 1408 eo
540 1384 640 1408 anno
658 1373 1010 1416 praetermittuntur.

238 1428 399 1469 Quando
418 1426 638 1471 Epiphania
664 1426 700 1460 in
720 1425 923 1460 Dominica
949 1436 1010 1459 ve-

183 1478 291 1512 nerit.
311 1477 481 1510 Sabbato
502 1476 677 1519 sequenti
702 1476 742 1509 fit
764 1474 940 1509 Officium
964 1474 1010 1507 de

184 1526 404 1561 Dominiea.
445 1530 480 1558 et
520 1524 632 1558 Feria
669 1523 732 1557 Vi.
766 1523 952 1566 Vesperae
990 1533 1010 1556 a

184 1574 308 1617 Capit.
331 1574 376 1607 de
395 1573 503 1606 Doni.
523 1583 607 1606 cum
625 1572 821 1606 Commem
843 1571 1010 1605 Octava».

236 1627 277 1660 In
310 1626 334 1659 I.
366 1626 475 1659 Noct.
509 1626 686 1666 leguntur
715 1624 816 1657 Lect.
847 1624 893 1656 de
923 1623 1012 1666 Epi-

185 1675 284 1709 stola
309 1674 356 1708 ad
382 1674 592 1709 Romanos,
625 1679 665 1706 ut
687 1672 802 1706 infra:
835 1671 1012 1714 Epistola

185 1733 276 1757 vcro
304 1722 351 1756 ad
377 1722 600 1755 Corinthios
632 1726 720 1754 tunc
746 1720 902 1763 ponitur
926 1719 1011 1762 ipsa

186 1772 247 1806 die
274 1771 477 1805 Dominiea
503 1770 538 1803 in
566 1769 702 1803 Officio
729 1768 896 1802 Oetavae.

429 1849 478 1887 In
498 1848 527 1886 Ι.
549 1847 583 1886 N
586 1848 771 1887 octurno.

280 1923 345 1962 De
373 1918 572 1972 Epistola
600 1917 657 1960 ad
684 1918 933 1966 Romanos„

308 1989 458 2030 Lectio
480 1990 503 2028 i.
713 1986 815 2038 Cap.
837 1987 893 2026 16.

197 2064 214 2083 *⁴²
231 2054 541 2115 '2140mmendo
567 2058 713 2095 autem
735 2053 864 2095 vobis
886 2053 1013 2095 Phoe-

194 2145 196 2152 .
265 2139 268 2167 3
323 2110 408 2153 ben
439 2113 637 2153 sorerem
668 2114 882 2160 nostram,
916 2123 1014 2163 quae

235 2190 266 2193 -—
325 2172 392 2209 est
433 2167 476 2207 in
511 2167 751 2209 ministerio
786 2166 1014 2218 Ecclesiae,

192 2237 290 2277 quae
310 2229 377 2266 est
394 2224 437 2264 in
458 2223 680 2265 Cenchris:
703 2228 751 2265 ut
770 2236 865 2265 eam
884 2224 1015 2265 susci-

190 2281 321 2334 piatis
340 2281 383 2321 in
402 2280 592 2321 Domino
616 2279 745 2331 digne
771 2281 947 2322 sanctis:
972 2285 1016 2322 et

191 2337 408 2379 assistatis
428 2337 466 2379 ei
486 2337 528 2377 in
544 2340 821 2389 quocumque
836 2337 1015 2388 negotio

192 2394 327 2436 vestri
346 2393 597 2445 indiguerit:
617 2393 778 2434 etenim
799 2393 893 2445 ipsa
912 2406 1015 2445 quo-

194 2463 278 2504 que
297 2450 436 2492 astitit
454 2449 613 2500 multis,
633 2454 677 2491 et
695 2449 800 2490 mihi
819 2450 914 2501 ipsi.
944 2450 1016 2491 Sa-

192 2507 329 2549 lutate
348 2507 542 2547 Priscam
564 2504 607 2548 e't
627 2506 832 2557 Aquilam
852 2505 1016 2557 adjuto-

194 2577 264 2606 res
282 2576 405 2605 meos
425 2563 468 2604 in
489 2562 662 2604 Christo
680 2562 703 2602 J
707 2574 797 2611 esu3
823 2562 910 2614 (qui
935 2575 1016 2614 pro

194 2621 337 2662 anima
355 2632 453 2661 mea
472 2632 573 2660 suas
593 2620 785 2660 cervices
805 2630 1017 2670 supposu—

195 2679 335 2719 erunt:
367 2675 523 2728 quibus
551 2688 639 2716 non
667 2674 786 2716 solus
815 2687 898 2724 ego
925 2677 1017 2724 gra-

194 2734 277 2776 tias
305 2746 404 2786 agO,
433 2732 512 2775 sed
540 2737 583 2774 et
612 2736 782 2773 cunctae
807 2730 1017 2772 Ecclesiae

1056 296 1278 347 Gentium)
1319 300 1363 338 et
1403 295 1690 339 domesticam
1729 297 1878 339 Eccle-

1054 354 1163 395 siam
1182 355 1345 394 eorum.

1113 414 1163 466 R.
1190 409 1337 451 Hedie
1363 409 1407 450 in
1430 410 1454 450 J
1458 409 1625 451 ordane
1651 410 1878 463 baptizato

1055 466 1247 508 Domino
1274 466 1415 518 aperti
1438 470 1539 508 sunt
1562 466 1677 516 coeli,
1706 471 1750 508 et
1769 467 1881 508 sicut

1057 522 1261 565 columba
1285 535 1417 575 super
1441 535 1540 564 eum
1558 522 1746 576 Spiritus
1763 535 1880 564 man-

1057 581 1128 629 sit,
1160 584 1204 621 et
1231 591 1317 620 vox
1344 579 1487 620 Patris
1514 579 1719 621 intenuit:
1749 581 1773 605 *
1796 580 1882 621 Hic

1057 641 1124 679 est
1156 636 1291 677 Filius
1323 649 1446 678 meus
1479 635 1681 686 dilectus,
1717 636 1762 677 in
1794 648 1881 688 quo

1056 693 1162 734 mihi
1185 692 1297 734 bene
1325 692 1582 746 complacui.
1620 689 1673 742 V,
1692 692 1882 734 Descen-

1058 749 1121 792 dit
1138 749 1326 802 Spiritus
1351 754 1529 791 sanctus
1549 749 1769 802 corporali
1788 751 1882 802 spe-

1058 807 1124 848 cie
1143 806 1257 848 sicut
1276 806 1479 848 columba
1498 806 1543 846 in
1561 806 1718 858 ipsum,
1737 810 1782 847 et
1796 817 1884 847 vox

1058 862 1113 905 de
1142 862 1256 904 coelo
1285 863 1399 905 facta
1429 868 1505 904 est.
1541 862 1626 903 Hic
1655 866 1721 903 est
1747 862 1884 903 Filius

1058 932 1192 961 meus.

1373 971 1526 1012 Lectio
1546 971 1586 1010 ii.

1064 1022 1228 1128 Rogo
1256 1033 1403 1070 autem
1428 1040 1508 1069 vos
1535 1027 1710 1078 fratreS,
1738 1031 1786 1069 ut
1811 1027 1885 1069 ob-

1154 1085 1339 1128 servetis
1365 1097 1458 1134 eOS,
1487 1085 1561 1136 qui
1589 1083 1886 1126 dissensidnes

1061 1149 1104 1186 et
1135 1141 1399 1185 offendicula
1434 1145 1596 1194 praeter
1632 1140 1886 1190 doctrinam,

1062 1212 1193 1253 quam
1211 1211 1292 1240 vos
1313 1197 1538 1247 didicistis,
1556 1197 1731 1247 faciunt,
1751 1201 1794 1239 et
1814 1196 1886 1241 de-

1061 1256 1220 1298 clinate
1240 1255 1296 1296 ab
1315 1254 1411 1295 illis.
1438 1253 1754 1306 Huiuscemodi
1771 1253 1888 1295 enim

1063 1313 1237 1355 Christo
1270 1311 1462 1353 Demino
1493 1315 1646 1352 nostro
1681 1322 1768 1352 non
1801 1312 1887 1351 ser-

1061 1372 1199 1419 viunt,
1228 1368 1308 1410 sed
1333 1381 1413 1410 suo
1437 1367 1593 1409 ventri:
1621 1371 1665 1410 et
1689 1379 1771 1419 per
1795 1366 1887 1408 dul-

1062 1440 1136 1470 ces
1155 1427 1391 1474 sermones,
1412 1429 1455 1466 et
1473 1423 1804 1466 benedictiOnes
1824 1435 1888 1465 se-

1063 1484 1227 1526 ducunt
1247 1481 1383 1524 corda
1401 1480 1708 1522 innocentium.
1725 1479 1888 1522 Vestra

1063 1541 1177 1583 enim
1203 1538 1452 1581 obedientia
1475 1538 1520 1578 in
1545 1549 1719 1579 omnem
1742 1536 1889 1578 locum

1063 1596 1288 1647 divulgata
1324 1599 1402 1636 est.
1456 1593 1642 1636 Gaudeo
1677 1593 1809 1644 igitur
1845 1593 1889 1634 in

1063 1653 1200 1695 vobis.
1227 1651 1315 1694 Sed
1332 1650 1435 1692 volo
1452 1663 1533 1691 vos
1552 1649 1772 1702 sapientes
1791 1661 1889 1692 esse

1062 1710 1106 1751 in
1124 1709 1254 1759 bono,
1272 1713 1316 1750 et
1336 1706 1556 1760 simplices
1572 1707 1617 1747 in
1636 1705 1764 1748 malo.

1119 1768 1170 1819 R.
1200 1766 1251 1806 In
1280 1763 1498 1806 columbae
1526 1763 1676 1816 specie
1702 1762 1890 1815 Spiritus

1065 1827 1242 1865 sanctus
1261 1822 1381 1864 visus
1404 1825 1482 1872 est,
1505 1820 1694 1862 Paterna
1711 1831 1800 1861 vox
1819 1832 1890 1861 au-

1065 1880 1157 1922 dita
1181 1884 1262 1921 est:
1284 1880 1306 1903 *
1323 1877 1408 1919 Hic
1432 1881 1499 1919 est
1522 1876 1657 1918 Filius
1681 1889 1806 1918 meus
1830 1875 1890 1918 di-

1065 1936 1222 1985 lectus,
1251 1935 1296 1976 in
1322 1947 1408 1987 quo
1434 1933 1540 1975 mihi
1561 1933 1675 1975 bene
1700 1932 1890 1986 compla-

1067 1993 1146 2035 cui.
1173 1987 1221 2040 Ys.
1236 1991 1347 2033 Coeli
1361 1990 1503 2044 aperti
1517 1994 1619 2032 sunt
1633 2002 1765 2042 super
1781 2001 1890 2039 eum,

1066 2054 1111 2092 et
1129 2062 1216 2091 vox
1235 2048 1377 2090 Patris
1397 2047 1598 2089 intenuit.
1625 2046 1711 2088 Hic
1730 2050 1807 2089 est.

1364 2108 1516 2150 Lectio
1540 2108 1595 2148 iii.

1140 2166 1277 2207 alutat
1314 2177 1393 2206 vos
1424 2164 1681 2206 Timotheus
1718 2162 1891 2214 adjutor

1151 2235 1289 2272 meus,
1322 2226 1366 2264 et
1387 2221 1566 2271 Lucius,
1599 2225 1643 2262 et
1666 2221 1815 2270 Jason,
1847 2224 1891 2262 et

1066 2280 1292 2332 Sosipater
1315 2277 1490 2329 cognati
1512 2277 1608 2319 mei.
1640 2276 1791 2318 Saluto
1811 2287 1890 2318 vos

1067 2348 1148 2387 ego
1168 2334 1354 2384 Tertius,
1382 2333 1455 2386 qui
1474 2333 1630 2386 scripsi
1649 2331 1891 2385 epistolam,

1067 2393 1110 2433 in
1129 2391 1330 2433 Domino.
1366 2389 1535 2431 Salutat
1562 2401 1642 2430 vos
1665 2388 1792 2440 Caius
1817 2388 1891 2430 ho-

1068 2461 1169 2502 spes
1201 2460 1339 2496 meus,
1374 2451 1418 2488 et
1450 2446 1653 2487 universa
1683 2444 1891 2486 Ecclesia.

1067 2505 1235 2548 Salutat
1261 2515 1341 2544 vos
1365 2503 1546 2544 Erastus
1572 2501 1764 2543 arcarius
1791 2501 1891 2543 civi-

1067 2562 1183 2611 tatiS,
1203 2565 1246 2602 et
1260 2560 1451 2610 Quartus
1466 2558 1611 2600 frater.
1635 2558 1790 2600 Gratia
1803 2557 1891 2598 Do-

1067 2618 1173 2660 mini
1191 2615 1329 2658 nostri
1343 2615 1366 2655 J
1371 2628 1447 2656 esu
1463 2615 1624 2657 Christi
1640 2628 1738 2657 cum
1758 2614 1891 2656 emni-

1067 2675 1150 2717 bus
1169 2673 1305 2715 vobis.
1334 2672 1485 2713 Amen.

1123 2730 1173 2781 R.
1196 2730 1342 2781 Reges
1361 2728 1553 2770 Tharsis.
1570 2728 1663 2769 252.
