2080 2990
660 216 836 250 Officium
862 216 901 250 B.
928 216 1061 250 Mari-00
1085 216 1123 249 in
1149 217 1329 250 Sabbata).

135 322 226 351 non
249 308 374 359 virgo
401 307 640 358 generavit.
683 306 832 348 Potuit
861 319 965 358 ergo

136 366 260 416 virgo
287 366 534 417 concipere,
560 376 651 404 non
674 363 820 416 potuit
842 363 965 413 virgo

136 423 366 472 generare,
399 433 499 462 cum
525 432 699 472 semper
726 421 966 471 conceptus

136 476 372 530 praecedat,
390 480 542 529 partus
562 473 794 527 sequatur?
823 474 912 516 Sed
931 475 967 516 si

137 533 350 575 doctrinis
363 544 453 574 non
468 530 661 573 creditur
676 530 967 580 sacerdetum,

138 588 344 631 credatur
380 587 571 630 oraculis
601 586 781 636 Christi,
818 586 967 628 creda-

136 650 207 686 tur
230 644 406 686 menitis
426 642 698 694 Angelerum
717 641 968 684 dicentium:

138 701 249 751 Quia
262 713 351 742 non
364 704 431 741 est
443 698 717 752 impossibile
728 698 824 739 Deo
839 711 967 740 omne

138 756 331 798 verbum.
377 754 594 797 Credatur
621 753 823 806 symbolo
847 754 966 807 Apo-

138 812 370 862 stolorum,
400 810 521 864 quod
544 810 743 852 Ecclesia
766 811 969 851 Romana

137 869 444 910 intemeratum
483 879 657 919 semper
698 866 890 908 cust6dit
925 872 968 908 et

138 929 296 966 servat.
337 923 518 965 Audivit
539 923 678 963 Maria
702 935 859 964 vocem
881 923 967 964 An-

138 980 240 1031 geli,
264 985 308 1022 et
328 992 426 1032 quae
447 984 546 1021 ante
567 978 753 1020 dixerat:
779 979 968 1028 Quemc-

140 1035 198 1078 do
222 1036 299 1078 fiet
321 1035 460 1078 istud?
486 1048 576 1076 non
601 1034 656 1076 de
679 1034 766 1076 fide
790 1047 967 1085 genera-

138 1092 270 1134 tionis
289 1092 579 1142 interrogans,
601 1090 831 1143 respondit
850 1093 968 1143 post-

140 1160 206 1190 ea:
229 1148 346 1189 Ecce
364 1147 520 1188 ancilla
538 1147 726 1196 Domini,
746 1149 970 1197 contingat

137 1204 244 1246 mihi
263 1203 505 1245 secundum
523 1202 707 1244 verbum
725 1208 858 1244 tuum.

195 1266 254 1306 Te
273 1265 417 1306 Deum
435 1263 675 1305 laudamus.
695 1264 754 1303 14.

298 1351 474 1391 Mense
503 1349 807 1390 Februario.

142 1418 208 1457 Ex
234 1415 347 1457 libro
375 1416 414 1456 S.
437 1415 696 1481 Hierenymi
716 1413 970 1465 Presbyteri

294 1471 505 1513 adversus
525 1471 549 1512 J
553 1482 813 1512 ovinlanum

143 1537 199 1570 Ex
218 1536 331 1578 &pol
350 1535 442 1568 2'1dl
446 1533 630 1567 ammach
650 1542 719 1575 pro
739 1532 801 1565 lib.
821 1532 895 1565 ιἰὼ
900 1542 970 1564 cis,

402 1582 541 1621 «Iovin.‚
567 1581 606 1614 in
632 1580 714 1613 linc.

442 1642 477 1681 Ι
481 1642 595 1681 ectio
616 1640 670 1679 iii.

162 1704 387 1745 &ihristus
424 1703 569 1754 virgo,
615 1707 756 1743 mater
792 1701 970 1751 virginis

142 1753 219 1801 &A
241 1759 381 1801 nostri
409 1759 532 1810 virgo
561 1760 796 1823 perpetua,
831 1762 971 1798 mater

140 1821 184 1858 et
199 1817 335 1867 virgo.
360 1815 385 1856 J
387 1828 487 1857 esus
505 1815 620 1856 enim
635 1814 794 1855 clausis
808 1814 970 1864 ingres-

140 1884 214 1913 sus
233 1875 300 1913 est
321 1871 460 1913 estiis:
487 1870 560 1911 et
549 1884 593 1911 ιιι
613 1869 847 1921 sepulchro
870 1870 970 1920 ejus,

141 1927 262 1980 quod
279 1940 444 1969 novum
466 1931 510 1968 et
530 1927 575 1966 in
592 1931 720 1992 petra
739 1925 971 1967 durissima

139 1985 281 2026 fuerat
299 1985 504 2032 excisum,
525 1994 607 2023 nec
621 1982 748 2023 antea
764 1981 871 2032 quis,
889 1993 971 2021 nec

138 2042 297 2093 pestea
314 2039 486 2091 positus
506 2042 584 2079 est.
611 2038 779 2078 Hortus
798 2036 970 2078 conclu-

141 2109 226 2146 sus,
245 2096 343 2137 fons
362 2095 571 2145 signatus:
591 2093 646 2134 de
662 2105 750 2144 quo
766 2092 886 2133 fonte
898 2091 972 2133 ille

141 2152 300 2193 fluvius
322 2155 484 2200 manat,
508 2151 628 2201 juxta
646 2149 671 2189 J
674 2148 759 2198 oel
786 2148 859 2199 qui
879 2147 970 2188 irri-

141 2211 216 2258 gat
237 2209 480 2249 torrentem
498 2205 569 2247 vel
589 2204 769 2254 funium,
793 2203 863 2245 vel
886 2203 970 2255 spi-

140 2266 310 2305 narum:
339 2262 523 2311 funium,
550 2262 852 2314 peccatorum,
882 2259 970 2311 qui-

140 2320 225 2362 bus
259 2323 360 2360 ante
396 2316 700 2368 alligabamur:
737 2316 971 2368 spinarum,

144 2387 242 2427 quae
268 2374 484 2416 suffocant
509 2374 750 2414 sementem
773 2371 971 2424 patrisfa-

142 2431 294 2472 milias.
339 2430 450 2470 Haec
478 2428 544 2470 est
570 2432 700 2480 porta
728 2426 972 2476 Orientalis‚

142 2491 192 2528 ut
218 2486 278 2527 ait
302 2484 525 2534 Ezechiel,
553 2496 727 2536 semper
755 2483 904 2524 clausa
929 2487 973 2523 et

1018 307 1183 357 lucida,
1216 307 1420 361 operiens
1448 307 1493 347 in
1520 319 1587 357 se,
1618 306 1689 348 vel
1718 319 1772 348 ex
1801 320 1847 348 se

1018 363 1247 415 preferens
1275 364 1435 405 Sancta
1465 364 1733 404 sanctorum:
1768 375 1848 415 per

1021 431 1152 470 quam
1176 419 1244 460 sol
1267 419 1457 471 justitiae,
1484 423 1527 460 et
1548 418 1751 460 Pentifex
1774 431 1848 459 no-

1021 480 1110 516 ster
1135 474 1376 516 secundum
1402 474 1599 516 Ordinem
1621 474 1847 516 Melchise-

1020 529 1134 572 dech
1152 529 1404 581 ingreditur,
1424 534 1467 571 et
1486 529 1716 580 egreditur.

1077 596 1138 635 Te
1156 591 1300 632 Deum
1318 590 1558 632 laudamus.
1576 591 1636 631 14.

1233 672 1408 712 Mense
1436 671 1639 711 Martio.

1197 738 1296 771 Ante
1322 736 1675 779 Quadragesinmm.

1022 796 1087 835 Ex
1123 793 1237 835 libro
1275 791 1414 833 sancti
1447 791 1605 832 Irenaei
1639 791 1849 843 Episcopi

1074 853 1117 890 et
1135 847 1342 900 Martyris
1364 846 1575 888 adversus
1595 846 1797 888 haereses.

1102 915 1252 955 Lectio
1275 914 1327 953 iii.
1505 912 1596 953 Lib.
1612 914 1649 951 ἶ).
1666 928 1698 952 c.
1719 914 1772 951 19.

1027 975 1137 1027 ‘aff-{n
1166 985 1243 1014 sua
1268 972 1450 1024 prepria
1477 972 1678 1013 veniente
1702 971 1849 1012 Demi-

1028 1029 1056 1063 :55
1126 1042 1202 1079 no,
1230 1034 1273 1070 et
1299 1041 1378 1069 sua
1402 1028 1583 1080 prepria
1609 1040 1708 1069 eum
1733 1027 1849 1079 baju-

1020 1071 1138 1127 lante
1159 1084 1420 1133 conditione,
1443 1097 1540 1136 quae
1560 1083 1776 1135 bajulatur
1795 1083 1850 1125 ab

1021 1142 1132 1194 ipso,
1152 1147 1196 1182 et
1213 1116 1621 1192 recapitulationem
1640 1141 1731 1191 ejus
1752 1152 1851 1191 quae

1021 1198 1065 1238 in
1083 1197 1201 1248 ligno
1222 1197 1301 1237 fuit
1319 1195 1641 1245 inobedientiae,
1660 1208 1739 1247 per
1755 1208 1851 1237 eam

1024 1266 1122 1305 quae
1148 1253 1192 1292 in
1216 1252 1334 1302 ligno
1361 1257 1444 1300 est,
1473 1250 1767 1292 obedientiam
1792 1251 1850 1292 fa-

1023 1310 1182 1358 ciente,
1219 1313 1263 1349 et
1299 1307 1554 1349 seductione
1589 1307 1663 1347 illa
1696 1307 1850 1357 soluta,

1024 1378 1110 1417 qua
1129 1363 1311 1406 seducta
1330 1368 1397 1404 est
1415 1363 1528 1403 male
1546 1362 1630 1413 illa,
1651 1375 1749 1414 quae
1768 1364 1852 1414 jam

1022 1421 1116 1462 viro
1154 1420 1374 1462 destinata
1414 1423 1507 1460 erat
1548 1419 1672 1469 virgo
1709 1420 1852 1469 Heva3

1022 1489 1102 1529 per
1123 1477 1354 1518 veritatem
1377 1475 1674 1525 evangelizata
1695 1480 1761 1516 est
1780 1475 1851 1516 be-

1022 1545 1077 1574 ne
1102 1532 1157 1574 ab
1180 1531 1352 1582 Angelo
1379 1532 1463 1582 jam
1489 1531 1570 1572 sub
1595 1531 1690 1572 viro
1713 1531 1852 1581 Virgo

1022 1588 1172 1629 Maria.
1226 1586 1607 1638 Quemadmodum
1638 1587 1752 1628 enim
1780 1586 1854 1627 illa

1022 1657 1102 1697 per
1128 1644 1374 1694 angelicum
1401 1644 1647 1684 sermonem
1672 1641 1854 1684 seducta

1024 1706 1111 1750 est,
1138 1705 1187 1742 ut
1216 1699 1428 1749 effugeret
1456 1699 1618 1748 Deum,
1648 1699 1852 1751 praevari-

1025 1759 1124 1798 cata
1148 1755 1331 1797 verbum
1357 1756 1464 1806 ejus:
1495 1755 1555 1795 ita
1581 1759 1624 1795 et
1651 1754 1748 1795 haec
1774 1767 1854 1806 per

1025 1812 1268 1862 angelicum
1291 1812 1538 1852 sermenem
1557 1810 1854 1860 evangelizata

1026 1874 1111 1917 est,
1146 1873 1194 1909 ut
1221 1868 1419 1919 portaret
1445 1867 1608 1915 Deum,
1643 1865 1853 1907 obediens

1025 1925 1115 1975 ejus
1143 1923 1292 1965 verbo.
1345 1922 1402 1963 Et
1431 1922 1543 1963 sicut
1570 1922 1643 1962 illa
1671 1921 1854 1963 seducta

1026 1985 1110 2029 est,
1146 1984 1194 2020 ut
1228 1978 1439 2029 effugeret
1465 1978 1627 2028 Deum3
1664 1978 1726 2019 sic
1757 1977 1854 2019 haec

1025 2037 1155 2076 suasa
1180 2040 1246 2076 est
1266 2034 1446 2076 obedire
1467 2034 1580 2083 Deo,
1607 2038 1656 2075 ut
1675 2034 1852 2084 virginis

1024 2092 1164 2132 Hevae
1177 2091 1316 2140 Virgo
1332 2090 1470 2131 Maria
1485 2090 1611 2131 fieret
1626 2089 1854 2131 advocata.

1024 2147 1081 2188 Et
1107 2145 1481 2199 quemadmodum
1505 2145 1764 2187 adstrictum
1788 2151 1854 2187 est

1024 2208 1166 2244 morte
1194 2215 1331 2253 genus
1357 2201 1594 2242 humanum
1621 2214 1700 2254 per
1727 2202 1853 2252 virgi-

1024 2271 1139 2309 nem,
1164 2258 1360 2300 solvatur
1378 2270 1459 2310 per
1477 2258 1702 2308 virginem:
1727 2270 1854 2309 aequa

1024 2315 1148 2356 lance
1190 2313 1406 2366 disposita
1445 2314 1666 2364 virginalis
1705 2312 1851 2355 inobe-

1027 2371 1208 2420 dientia,
1244 2382 1325 2422 per
1358 2370 1614 2421 virginalem
1648 2367 1852 2445 obedien-

1025 2427 1141 2469 tiam.

1084 2483 1143 2524 Te
1162 2482 1305 2523 Deum
1323 2481 1562 2523 laudamus
1581 2482 1640 2521 14.
