2080 2990
251 218 343 261 [286]

305 315 350 364 X'.
376 314 605 356 Laetamini
628 315 670 355 in
694 315 901 366 Demino‚
930 320 973 357 et
997 328 1067 357 ex-

251 370 408 412 sultate
452 371 560 422 justi.
627 375 672 424 Ra
725 372 781 413 Et
826 372 1069 423 gloriamini

251 439 400 469 omnes
423 428 531 469 recti
553 426 697 469 corde.

398 493 460 530 l)e
483 488 595 530 libro
613 488 920 531 Ecclesiastici.

356 549 501 589 Lectio
524 549 543 587 i.
779 550 879 599 Cap.
900 550 963 587 44.

293 600 574 653 gaudemus
608 601 726 642 viros
759 601 991 652 gloriosos,
1026 605 1070 642 et

292 648 354 717 κζ’
383 659 588 710 parentes
616 662 789 699 nostros
822 658 866 697 in
893 669 1068 707 genera-

277 712 340 739 42
382 714 500 755 tione
532 727 620 755 sua.
673 714 853 755 Multam
884 712 1068 764 gloriam

251 770 352 811 fecit
370 770 582 811 Deminus
604 770 926 821 magnificentia
947 782 1025 811 sua
1044 782 1069 810 a

250 826 425 867 saeculo.
461 826 747 867 Dominantes
772 826 815 866 in
842 825 1068 879 potestati-

250 882 331 924 bus
359 882 466 932 suis,
502 882 699 924 hemines
726 883 870 934 magni
896 882 1068 932 virtute,

250 944 294 980 et
312 938 543 991 prudentia
562 952 639 980 sua
658 938 849 991 praediti,
875 939 1069 980 nuntian-

250 1001 315 1037 tes
348 995 391 1035 in
419 995 650 1047 Prophetis
680 995 935 1046 dignitatem
966 996 1069 1036 Pro-

250 1051 495 1104 phetarum,
528 1057 571 1093 et
597 1052 860 1104 imperantes
889 1051 933 1092 in
960 1064 1068 1104 prae-

250 1108 360 1149 senti
379 1107 558 1160 populo,
585 1113 628 1149 et
647 1108 806 1150 virtute
825 1107 1068 1161 prudentiae

248 1163 423 1217 populis
447 1164 718 1206 sanctissima
741 1164 886 1206 verba.
922 1165 973 1205 In
996 1177 1068 1217 pe-

247 1221 344 1262 ritia
369 1233 445 1261 sua
470 1221 739 1273 requirentes
765 1220 922 1263 modos
942 1221 1070 1261 musi-

250 1290 341 1327 COS,
368 1282 411 1318 et
434 1279 658 1319 narrantes
679 1278 868 1319 carmina
887 1278 1068 1331 seriptu-

249 1346 404 1375 rarum.

304 1394 349 1443 Ιςι.
366 1389 607 1431 Laetabitur
627 1389 800 1432 deserta
819 1396 862 1433 et
880 1390 1006 1440 invia,
1026 1395 1069 1432 et

249 1446 483 1488 exsultabit
515 1446 722 1488 solitudo:
751 1454 771 1474 *
805 1447 861 1488 Et
895 1447 1070 1488 florebit

250 1503 375 1554 quasi
393 1502 538 1543 lilium.
570 1498 617 1549 V.
641 1504 899 1545 Germinans
917 1504 1068 1555 germi-

249 1558 386 1608 nabit,
419 1564 462 1600 et
490 1560 724 1602 exsultabit
750 1560 1002 1602 laetabunda
1027 1565 1070 1601 et

249 1614 439 1656 laudans.
466 1615 533 1657 Et.

557 1671 706 1711 Lectio
726 1671 764 1710 ii.

251 1721 505 1826 Hemines
529 1722 687 1765 divites
711 1724 755 1765 in
774 1724 949 1774 virtute,
976 1724 1068 1777 pul-

352 1778 608 1821 chritudinis
631 1780 824 1822 studium
842 1780 1068 1823 habentes:

251 1835 529 1887 pacificantes
557 1837 600 1877 in
627 1837 831 1879 demibus
859 1838 959 1878 suis.
1014 1838 1068 1879 O-

250 1904 371 1933 mnes
395 1891 466 1933 isti
491 1892 534 1932 in
556 1894 908 1943 generationibus
927 1894 1069 1945 gentis

251 1960 341 1988 suae
360 1947 541 1999 gloriam
561 1949 708 2002 adepti
727 1955 837 2000 sunt,
859 1956 902 1992 et
922 1951 964 1991 in
983 1950 1069 1992 die-

251 2003 332 2044 bus
352 2004 440 2045 suis
460 2004 672 2047 habentur
690 2007 733 2047 in
751 2006 965 2048 laudibus.
988 2007 1071 2057 Qui

252 2059 306 2101 de
334 2060 416 2101 illis
443 2062 533 2103 nati
560 2067 676 2112 sunt,
704 2062 970 2116 reliquerunt
997 2076 1069 2104 no-

252 2129 350 2157 men
390 2118 593 2159 narrandi
632 2118 782 2161 laudes
820 2121 987 2161 eorum:
1029 2125 1072 2161 et

253 2177 352 2213 sunt
393 2185 577 2224 quorum
616 2188 703 2216 non
745 2180 811 2217 est
846 2177 1071 2217 memoria:

252 2228 472 2280 perierunt
510 2231 632 2282 quasi
670 2232 743 2283 qui
775 2244 862 2273 non
899 2232 1071 2274 fuerint:

253 2289 296 2325 et
316 2284 404 2326 nati
424 2290 537 2335 sunt,
559 2287 681 2338 quasi
701 2301 786 2329 non
807 2289 911 2338 nati,
932 2293 976 2330 et
995 2289 1071 2329 filii

254 2341 451 2393 ipsorum
470 2354 568 2382 cum
587 2342 703 2395 ipsis.

309 2400 354 2450 152
371 2396 506 2439 Saliet
524 2398 635 2440 sicut
650 2411 804 2440 cervus
819 2400 1008 2451 clauduS,
1028 2406 1072 2443 et

253 2454 402 2505 aperta
422 2454 504 2495 erit
518 2454 664 2505 lingua
677 2458 910 2497 mutorum:
925 2461 944 2482 *
963 2458 1073 2508 Quia

253 2509 402 2550 seissae
434 2515 534 2551 sunt
566 2511 609 2551 in
642 2510 816 2553 deserto
850 2525 992 2564 aquae,
1029 2519 1073 2556 et

253 2567 468 2607 torrentes
487 2566 529 2606 in
549 2567 793 2609 solitudine.
819 2566 864 2615 Ns.
887 2570 937 2609 In
957 2570 1071 2611 cubi-

252 2620 376 2670 libus,
395 2621 438 2662 in
459 2621 616 2674 quibus
634 2624 754 2676 prius
772 2624 984 2667 dracenes
999 2626 1070 2667 ha-

253 2676 469 2727 bitabant,
501 2679 663 2720 orietur
693 2680 810 2721 viror
843 2681 997 2722 culami
1029 2687 1071 2724 et

255 2735 375 2784 junci.
403 2734 522 2784 Quia.

560 223 627 256 Dic
656 224 701 256 ll.
731 222 837 257 Febr.
884 223 950 257 Bb.
976 224 1043 258 VII
1073 224 1188 257 Fund.
1216 222 1303 257 Orci.
1328 223 1431 257 Serv.
1458 223 1496 257 Β.
1519 222 1564 257 Μ.
1588 223 1630 258 V.

1422 316 1573 358 Lectio
1593 318 1646 358 iii.

1193 372 1248 413 ed
1280 372 1341 413 illi
1372 373 1455 415 viri
1485 374 1797 418 misericerdiae
1830 381 1941 427 sunt,

1209 441 1394 480 quorum
1434 430 1624 483 pietates
1666 444 1753 483 non
1795 432 1939 475 defue-

1118 490 1231 526 runt:
1266 498 1365 527 cum
1396 486 1558 528 semine
1592 489 1743 529 eurum
1771 487 1939 542 perma-

1118 546 1222 583 nent
1253 541 1384 592 bona,
1419 542 1653 585 haereditas
1686 550 1837 588 saneta
1868 559 1939 588 ne-

1118 600 1246 651 petes
1295 600 1445 640 eerum
1494 604 1537 642 et
1580 601 1624 642 in
1667 602 1941 644 testamentis

1119 654 1239 696 stetit
1258 667 1405 697 semen
1432 659 1598 698 eorum:
1622 662 1666 699 et
1688 657 1766 699 filii
1789 660 1940 700 eorum

1118 716 1301 763 propter
1335 711 1434 754 illos
1470 726 1611 765 usque
1650 714 1694 755 in
1730 715 1940 756 aeternum

1118 773 1309 809 manent:
1350 781 1498 811 semen
1535 771 1687 811 eorum
1723 775 1767 812 et
1802 770 1940 821 gloria

1120 825 1270 865 eurum
1311 837 1399 866 non
1445 825 1778 879 derelinquetur.
1839 826 1941 868 Cer-

1119 892 1229 932 pora
1247 881 1443 933 ipsorum
1462 882 1506 922 in
1520 895 1629 934 pace
1644 883 1816 936 sepulta
1830 887 1941 934 sunt,

1120 941 1163 978 et
1190 949 1348 979 nomen
1377 940 1527 980 eorum
1554 939 1661 980 vivit
1690 939 1734 981 in
1766 952 1942 991 genera-

1119 993 1283 1035 tionem
1311 998 1354 1035 et
1381 995 1718 1045 generationem.
1767 996 1942 1049 Sapien-

1119 1050 1225 1091 tiam
1258 1050 1453 1102 ipsorum
1486 1057 1661 1094 narrent
1691 1051 1862 1106 pepuli,
1900 1057 1944 1095 et

1119 1106 1293 1148 laudem
1312 1109 1463 1149 eerum
1480 1108 1650 1150 nuntiet
1667 1108 1874 1150 Ecclesia.

1172 1170 1222 1220 15«.
1241 1167 1350 1209 Haec
1366 1172 1433 1210 est
1446 1181 1551 1210 vera
1566 1169 1824 1220 fraternitas,
1843 1182 1942 1222 quae

1119 1236 1300 1274 regnum
1318 1223 1468 1266 mundi
1487 1229 1531 1266 et
1550 1237 1723 1267 omnem
1743 1228 1943 1268 ornatum

1121 1280 1269 1321 saeculi
1289 1281 1568 1333 contempsit,
1586 1287 1607 1310 *
1622 1282 1808 1335 Propter
1827 1283 1943 1324 ame·

1120 1350 1212 1378 rem
1230 1337 1407 1378 Domini
1425 1337 1450 1378 J
1452 1350 1530 1379 esu
1547 1338 1716 1380 Christi.
1756 1334 1805 1385 W.
1828 1338 1944 1380 Ecce

1122 1406 1251 1445 quam
1275 1392 1440 1435 bonum
1475 1399 1518 1436 et
1550 1407 1681 1447 quam
1710 1394 1944 1447 jucundum

1119 1449 1315 1491 habitare
1333 1449 1490 1491 fratres
1509 1451 1553 1492 in
1571 1450 1719 1493 unum!
1745 1451 1944 1504 Propter.

1124 1506 1271 1547 Gloria
1288 1506 1419 1548 Patri.
1449 1507 1648 1560 Propter.

1355 1587 1402 1625 111
1421 1586 1471 1625 ΙΙ.
1491 1586 1711 1625 Nocturno.

1176 1655 1273 1695 Ant.
1310 1654 1410 1695 Non
1439 1653 1668 1706 diligentes
1695 1656 1945 1707 vanitatem,

1121 1723 1202 1752 nec
1216 1710 1486 1762 requirentes
1500 1711 1785 1763 mendacium,
1801 1712 1946 1754 emnia

1123 1767 1271 1808 saeculi
1287 1767 1404 1808 bona
1417 1766 1740 1819 abdicaverunt,
1759 1774 1803 1811 et
1817 1782 1843 1810 a
1855 1769 1943 1811 De-

1122 1824 1240 1865 mino
1259 1823 1476 1864 'mirificeti
1495 1829 1606 1866 sunt.

1176 1884 1210 1923 A
1218 1889 1272 1923 nt.
1313 1885 1363 1924 In
1394 1884 1671 1928 multitudine
1706 1886 1948 1928 misericer-

1125 1941 1208 1982 diae
1227 1941 1429 1982 Dominae
1449 1954 1540 1982 suae
1560 1945 1797 1995 sperantes,
1816 1943 1948 1985 intro-

1122 1998 1263 2039 ierunt
1281 1998 1325 2038 in
1344 1997 1524 2039 domum
1543 1999 1648 2051 ejus,
1673 2004 1717 2042 et
1741 1999 1947 2042 adorave-

1123 2059 1223 2096 runt
1242 2053 1298 2095 ad
1316 2054 1530 2106 templum
1549 2060 1749 2098 sanctum
1768 2056 1870 2108 eius.

1176 2116 1274 2154 Ant.
1302 2115 1369 2155 Ex
1388 2127 1464 2156 ore
1482 2115 1709 2158 infantium
1728 2121 1772 2158 et
1788 2115 1947 2158 lacten-

1123 2170 1231 2211 tium
1262 2183 1414 2212 servos
1446 2175 1548 2213 tuos
1580 2171 1679 2213 illos
1712 2171 1947 2214 dicentium

1123 2226 1345 2279 perfecisti
1369 2227 1558 2270 Demina
1583 2227 1758 2270 laudem
1786 2231 1947 2271 eerum.

1125 2283 1265 2333 Quam
1285 2283 1539 2326 admirabile
1556 2290 1623 2326 est
1636 2297 1795 2327 nomen
1809 2285 1947 2327 tuum!

1178 2334 1225 2386 Y.
1252 2339 1484 2381 Exsultent
1514 2341 1613 2392 justi
1638 2342 1682 2382 in
1706 2343 1946 2394 conspectu

1123 2396 1216 2437 Dei.
1252 2397 1296 2447 RV.
1316 2395 1373 2437 Et
1392 2395 1661 2439 delectentur
1679 2398 1722 2439 in
1740 2398 1902 2440 laetitia.

1424 2458 1574 2499 Lectio
1597 2459 1646 2498 iv.

1137 2520 1233 2567 ,⁷133
1256 2513 1395 2554 ecimo
1417 2514 1547 2555 tertio
1572 2514 1794 2557 christiani
1813 2516 1947 2557 nemi-

1136 2556 1225 2619 {lLf'j-'J
1272 2569 1338 2611 nis
1364 2570 1544 2621 saeculo,
1578 2571 1690 2612 inter
1717 2572 1826 2614 alios
1850 2572 1947 2614 Flo-

1274 2629 1467 2668 rentinos
1525 2629 1726 2679 patritios
1778 2633 1947 2681 septem

1125 2687 1247 2724 erant
1266 2685 1446 2724 avorum
1463 2684 1682 2734 sunguine,
1702 2684 1947 2737 opibusque

1124 2739 1331 2789 illustres,
1376 2744 1421 2782 at
1461 2739 1695 2782 virtutibus
1735 2741 1946 2794 spectetis
