2080 2990
215 199 309 242 [158]

572 202 747 235 (⁷)fticium
774 213 936 245 parvum
963 203 1001 236 Β,
1030 203 1161 236 Maria:
1188 202 1291 242 Virg.
1319 202 1356 235 in
1383 202 1572 235 Adventu.

215 294 447 343 aeternum,
484 299 528 336 et
561 295 686 345 regni
719 295 809 346 ejus
842 307 931 335 non
963 294 1046 336 erit

213 348 324 390 finis.
361 351 427 391 Tu
447 355 594 392 autem
612 351 812 392 Demine.

273 412 317 463 K».
343 410 440 451 Ave
459 410 608 459 Maria,
627 410 769 462 gratia
787 410 932 463 plena:
955 411 1044 451 Do·

212 465 355 507 minus
389 470 554 507 tecum:
590 472 611 495 *
646 466 834 519 Spiritus
869 470 1045 507 sanctus

213 522 494 574 superveniet
505 523 549 563 in
559 527 614 572 te,
627 527 670 564 et
679 522 819 563 virtus
830 522 1047 563 Altissimi

214 577 495 619 obumbrabit
518 578 612 620 tibi:
641 578 762 631 quod
786 579 901 620 enim
925 591 979 620 ex
1001 583 1046 620 te

213 636 417 675 nascetur
433 634 650 684 Sanctum,
667 634 896 676 vocabitur
909 634 1045 675 Filius

213 690 307 731 Dei.
348 689 395 740 Y.
422 690 658 741 Quomodo
682 691 758 732 fiet
781 690 913 741 istud,
940 692 1045 742 quo-

213 747 330 787 niam
354 746 495 787 virum
513 760 602 788 non
626 745 871 798 cognosco?
905 747 963 788 Et
981 759 1045 788 re-

214 802 437 854 spondens
450 803 645 854 Angelus
659 803 769 845 dixit
781 803 832 844 ei.
848 803 1046 855 Spiritus.

271 862 318 915 δ”.
334 863 445 905 Jube
466 863 637 905 domne.
671 865 831 905 Bcned.
855 865 935 905 I'er
948 864 1046 905 Vir-

212 931 368 969 gmem.
518 965 671 1005 Lectio
692 966 745 1005 iii.

304 1020 384 1061 ixit
407 1024 554 1061 autem
574 1020 715 1061 Maria
737 1019 794 1061 ad
813 1019 1045 1071 Angelum:

323 1076 557 1126 Quemodo
580 1076 658 1118 fiet
679 1075 814 1125 istud,
838 1076 1047 1127 queniam

134 1157 138 1160 -
214 1133 356 1173 virum
380 1145 469 1174 non
496 1130 742 1184 cognesco?
787 1133 845 1173 Et
866 1134 1046 1184 respon-

214 1188 324 1230 dens
335 1188 533 1239 Angelus
548 1188 659 1230 dixit
674 1189 728 1230 ei:
747 1189 935 1241 Spiritus
950 1201 1045 1229 san-

214 1249 311 1286 ctus
343 1245 626 1298 superveniet
657 1245 702 1286 in
732 1250 797 1295 te,
832 1250 875 1286 et
908 1245 1047 1286 virtus

214 1301 429 1343 Altissimi
443 1301 725 1343 obumbrabit
739 1301 830 1343 tibi.
848 1300 1047 1353 Ideoque

215 1362 259 1399 et
289 1358 410 1410 quod
437 1359 643 1399 nascetur
675 1371 729 1399 ex
755 1362 800 1399 te
829 1357 1047 1407 Sanctum,

213 1414 444 1455 vocabitur
463 1414 601 1455 Filius
619 1414 715 1455 Dei.
755 1414 814 1455 Et
839 1426 942 1455 ecce
961 1413 1045 1454 Eli-

214 1470 370 1512 sabeth
391 1472 579 1521 cognata
596 1475 683 1521 tua,
708 1475 751 1512 et
775 1471 872 1523 ipsa
893 1471 1047 1511 conce-

214 1527 282 1578 pit
304 1526 442 1567 filium
466 1527 510 1567 in
536 1530 763 1569 senectute
787 1539 881 1567 sua:
910 1531 954 1567 et
976 1525 1049 1568 hic

214 1583 376 1623 mensis
397 1588 547 1624 sextus
567 1588 635 1625 est
652 1583 726 1632 illi,
745 1596 844 1635 quae
861 1584 1048 1623 vocatur

216 1638 393 1679 sterilis:
422 1639 523 1691 quia
547 1652 635 1680 non
664 1640 746 1680 erit
771 1638 1047 1691 impossibile

215 1693 334 1746 apud
359 1694 503 1736 Deum
531 1707 661 1737 omne
687 1695 883 1737 verbum.
925 1695 1048 1736 Dixit

215 1755 362 1792 autem
379 1751 532 1792 Maria:
550 1752 667 1793 Ecce
686 1751 843 1793 ancilla
858 1751 1047 1802 Domini,

214 1806 293 1848 fiat
310 1807 417 1848 mihi
441 1808 685 1849 secundum
708 1807 894 1849 verbum
911 1812 1047 1849 tuum.

217 1864 283 1903 Tu
303 1868 450 1905 autem
468 1864 669 1905 Demine.

270 1920 320 1970 Rg.
334 1919 519 1973 Suscipe
538 1920 722 1962 verbum
737 1921 877 1971 Virgo
897 1920 1046 1970 Maria,

216 1976 337 2029 quod
359 1976 438 2018 tibi
462 1989 488 2017 a
510 1977 702 2018 Demino
726 1990 807 2030 per
828 1976 1047 2028 Angelum

213 2035 519 2074 transmissum
545 2038 628 2075 est:
657 2034 879 2086 concipies
905 2037 949 2074 et
971 2035 1046 2085 pa-

214 2089 300 2130 ries
325 2089 469 2130 Deum
496 2090 662 2141 pariter
690 2095 734 2131 et
758 2090 997 2131 hominem:
1025 2092 1047 2115 *

214 2144 275 2186 Ut
302 2144 536 2186 benedicta
564 2145 725 2187 dicaris
752 2146 866 2187 inter
893 2158 1045 2187 omnes

214 2200 431 2242 mulieres.
466 2196 514 2247 Y.
535 2202 686 2243 Paries
703 2202 883 2254 quidem
898 2202 1046 2252 filium,

216 2262 260 2299 et
291 2257 553 2308 virginitatis
584 2270 671 2298 non
703 2259 885 2311 patieris
916 2258 1046 2300 detri-

214 2315 424 2355 mentum:
449 2313 651 2355 efficieris
675 2314 867 2365 gravida,
894 2320 937 2356 et
961 2315 1047 2356 eris

213 2374 357 2411 mater
380 2382 557 2422 semper
580 2370 757 2411 intacta.
792 2371 860 2412 Ut.
897 2371 1047 2413 Gloria

213 2426 345 2468 Patri.
372 2426 442 2467 Ut.

479 2489 559 2530 Ad
584 2489 780 2531 Laudes

426 2550 474 2577 ct
514 2554 610 2586 per
648 2543 840 2577 Horas,

273 2600 369 2638 Ant.
398 2600 423 2637 l.
453 2599 610 2639 Missus
631 2602 698 2640 est
716 2599 740 2625 *
761 2598 940 2641 Gabriel
960 2601 1046 2641 An-

214 2653 340 2705 gelus
355 2653 412 2695 ad
421 2653 605 2694 Mariam
615 2655 845 2706 Virginem
860 2655 1046 2708 despon-

214 2712 357 2752 satam
375 2710 400 2751 J
402 2709 551 2762 oseph.

1157 297 1220 335 Ps.
1251 295 1465 336 Dominus
1484 295 1695 345 regnavit.
1715 296 1775 336 15.

1152 355 1188 393 2.
1210 354 1305 393 Ave
1319 350 1469 399 Maria,
1486 351 1511 376 *
1530 351 1672 401 gratia
1687 351 1829 404 plena,
1842 352 1931 394 De-

1098 407 1241 447 minus
1263 411 1424 449 tecum:
1450 405 1686 448 benedicta
1705 413 1754 449 tu
1775 408 1820 448 in
1839 421 1930 450 mu-

1098 462 1286 512 lieribus,
1315 461 1517 514 alleluja:

1153 523 1187 561 3.
1219 521 1284 561 Ne
1310 521 1467 560 timeas
1494 518 1649 560 Maria:
1676 520 1701 547 *
1726 519 1931 563 invenisti

1099 576 1287 626 gratiam
1304 574 1423 628 apud
1437 575 1690 617 Dominum:
1710 588 1814 618 ecce
1831 589 1931 618 con-

1100 632 1236 685 cipies
1257 636 1301 673 et
1318 631 1469 684 paries
1485 631 1633 682 filium,
1654 631 1838 685 alleluia.

1154 694 1191 732 4.
1226 687 1359 730 Dabit
1383 687 1424 728 ei
1445 687 1539 729 Dfis
1563 689 1588 715 *
1611 687 1763 730 sedem
1785 689 1933 731 David

1101 744 1238 796 patris
1255 745 1356 796 ejus,
1372 748 1417 785 et
1433 743 1633 794 regnabit
1647 744 1691 785 in
1706 746 1932 786 aeternum.

1152 806 1190 845 5.
1229 803 1345 843 Ecce
1378 799 1535 841 ancilla
1565 800 1764 851 Demini‚
1799 803 1824 829 *
1855 801 1932 844 fiat

1098 856 1205 897 mihi
1224 856 1467 899 secundum
1486 856 1670 898 verbum
1688 862 1823 898 tuum.

1180 920 1440 972 Capitulum.
1728 919 1784 959 Is.
1804 920 1855 959 11.

1101 972 1405 1079 Egredietur
1423 977 1547 1029 virga
1562 977 1617 1019 de
1634 978 1782 1020 radice
1797 979 1822 1019 J
1824 991 1933 1030 esse,

1200 1040 1243 1076 et
1257 1034 1341 1076 flos
1360 1034 1415 1076 de
1434 1034 1582 1076 radice
1602 1035 1693 1086 ejus
1712 1035 1933 1078 ascendet.

1101 1090 1158 1132 Et
1184 1091 1433 1142 requiescet
1460 1103 1593 1143 super
1621 1103 1722 1132 eum
1744 1091 1933 1144 Spiritus

1100 1146 1291 1188 Domini.
1342 1149 1392 1199 lx‘g.
1422 1147 1519 1188 Deo
1538 1147 1713 1198 gratias.

1155 1209 1366 1260 Hymnus.
1397 1209 1434 1249 O
1461 1207 1664 1258 gloriosa.
1692 1207 1790 1260 [151]

1155 1261 1205 1312 V.
1238 1264 1480 1306 Benedicta
1510 1268 1560 1305 tu
1591 1264 1638 1305 in
1667 1264 1933 1307 mulieribus.

1102 1323 1152 1374 R.
1165 1322 1222 1362 Et
1231 1320 1492 1363 benedictus
1503 1320 1671 1362 fructus
1681 1321 1848 1362 ventris
1858 1321 1933 1363 tui.

1154 1381 1215 1414 Ad
1252 1380 1394 1414 Bened.
1431 1382 1519 1415 Ant.
1560 1381 1725 1425 Spiritus
1763 1386 1933 1426 sanctus,

1103 1439 1187 1462 cum
1212 1428 1393 1462 Oratione
1425 1434 1461 1463 ct
1493 1429 1654 1471 reliquis
1679 1435 1718 1462 ut
1743 1439 1860 1472 supra
1885 1428 1933 1463 ad

1105 1477 1308 1519 Vespcras.
1332 1477 1423 1521 [156]

1156 1524 1218 1557 Ad
1240 1523 1379 1561 Horas,
1405 1524 1548 1568 Hymni
1574 1530 1610 1559 et
1634 1524 1778 1558 Psalmi
1803 1524 1934 1559 dicun-

1103 1579 1163 1606 tur
1187 1572 1286 1605 sicut
1312 1577 1419 1606 extra
1446 1572 1676 1607 Adventum.
1700 1573 1792 1617 [152]

1374 1637 1442 1674 Ad
1465 1637 1668 1674 Primam.

1155 1692 1253 1730 Ant.
1282 1690 1442 1731 Missus
1462 1694 1540 1732 est.

1182 1750 1442 1801 Capitulum.
1694 1752 1747 1791 Is.
1767 1751 1802 1791 7.
1823 1763 1856 1791 c.

1181 1823 1258 1852 cce
1277 1811 1401 1862 virgo
1421 1811 1643 1863 concipiet
1661 1816 1706 1853 et
1723 1811 1868 1864 pariet
1885 1812 1933 1853 fi-

1195 1866 1313 1917 lium,
1336 1872 1380 1909 et
1402 1866 1635 1909 vocabitur
1655 1880 1818 1910 nomen
1842 1869 1932 1920 ejus

1099 1923 1367 1965 Emmanuel.
1408 1924 1624 1976 Butyrum
1644 1929 1689 1966 et
1710 1924 1799 1966 mel
1817 1926 1933 1966 cem-

1101 1979 1213 2030 edet,
1234 1985 1283 2022 ut
1301 1980 1412 2022 sciat
1430 1979 1673 2033 reprobare
1691 1980 1865 2032 malum,
1889 1985 1934 2023 et

1100 2036 1263 2088 eligere
1281 2036 1457 2078 bonum.

1157 2088 1206 2141 V.
1229 2093 1424 2144 Dignare
1449 2106 1520 2135 me
1545 2092 1726 2134 laudare
1749 2097 1810 2143 te,
1833 2092 1931 2135 Vir-

1098 2162 1156 2200 go
1185 2151 1368 2191 sacrata.
1420 2148 1471 2199 R·-
1496 2149 1567 2190 Da
1593 2148 1699 2190 mihi
1725 2149 1931 2191 virtutem

1101 2210 1255 2247 contra
1273 2204 1426 2246 hostes
1443 2210 1556 2247 tuos.

1157 2261 1289 2313 Kyrie
1322 2260 1499 2303 eleison.
1535 2265 1578 2300 et
1607 2258 1758 2299 Oratio
1787 2263 1834 2298 ut
1866 2271 1933 2298 su-

1103 2333 1191 2372 pra.
1216 2317 1322 2371 [156]

1372 2368 1439 2405 Ad
1464 2368 1666 2406 Tertiam.

1157 2428 1254 2468 Ant.
1287 2428 1376 2468 Ave
1395 2425 1545 2466 Maria.

1159 2492 1260 2540 Cap.
1283 2485 1544 2538 Egredietur
1566 2485 1700 2536 virga.
1723 2491 1769 2524 ut
1789 2497 1932 2536 supra.

1157 2542 1205 2592 V.
1237 2543 1410 2583 Diffusa
1447 2546 1514 2583 est
1549 2541 1689 2593 gratia
1726 2542 1771 2582 in
1801 2541 1932 2583 labiis

1099 2599 1199 2640 tuis.
1260 2602 1308 2652 Rg.
1342 2599 1588 2650 Propterea
1624 2597 1851 2640 benedixit
1886 2602 1931 2639 te

1099 2656 1221 2697 Deus
1243 2655 1287 2695 in
1312 2656 1536 2695 aeternum.

1159 2711 1289 2764 Kyrie
1317 2710 1493 2752 eleison.
1525 2715 1567 2749 ct
1596 2710 1759 2751 Oratio.
1786 2709 1892 2763 [156]
1914 2742 1926 2750 Α
