2040 2990
177 189 222 224 22
789 193 986 227 Dominica
1013 192 1059 225 ad
1085 191 1260 224 Primam.

180 299 257 326 vus
281 291 423 326 autem
446 290 546 325 tuus
571 284 856 325 exercebatur
880 283 922 323 in
942 283 998 332 ju-

179 339 510 381 stificaticmibus
529 340 626 380 tuis.

229 396 340 436 Nam
361 401 403 436 et
420 395 668 436 testimoma
683 401 756 435 tua
772 394 998 435 meditatio

178 463 271 491 mea
298 456 378 491 est:
403 452 425 476 *
451 456 494 491 et
522 450 749 491 consilium
774 463 917 491 meum
942 450 999 499 ju-

178 506 461 547 stificatismes
481 511 578 547 tuae.

229 561 429 602 Adhaesit
452 562 702 614 pavimento
728 561 869 601 anima
888 573 999 601 mea:

177 619 199 642 *
232 618 401 658 vivifiea
436 631 505 658 me
543 616 781 657 secundum
818 616 998 657 verbum

176 678 308 713 tuum.

229 728 336 768 Vias
356 741 474 769 meas
495 728 730 775 enuntiavi,
758 732 801 768 et
825 727 997 768 exaudi-

177 784 232 824 sti
260 796 344 824 me:
372 786 394 808 *
423 783 532 824 doce
566 797 635 824 me
670 783 998 832 justificationes

177 844 284 879 tuas.

228 894 355 934 Viam
376 894 726 945 justifieatic'mum
748 897 920 935 tuarum
940 897 998 934 in-

177 955 295 990 strue
323 962 406 991 me:
426 951 448 974 ²⁸¹
469 955 512 990 et
540 950 777 991 exercebor
804 950 846 990 in
874 950 998 990 mira-

177 1004 335 1045 bilibus
355 1004 451 1046 tuis.

229 1060 491 1101 Dormitzivit
515 1061 655 1101 anima
680 1074 776 1102 mea
804 1074 895 1113 prae
924 1064 998 1102 tae'-

176 1115 264 1156 dio:
283 1116 305 1140 *
326 1116 535 1156 confirma
555 1130 623 1157 me
644 1120 686 1157 in
707 1116 852 1158 verbis
871 1118 968 1157 tuis.

228 1171 356 1211 Viam
380 1172 622 1223 iniquitatis
647 1174 802 1213 amove
826 1186 850 1213 a
874 1186 957 1214 me:
976 1174 998 1198 *

176 1231 219 1267 et
239 1226 293 1267 de
312 1226 407 1277 lege
425 1233 500 1267 tua
518 1228 725 1269 miserere
744 1229 840 1269 mei.

226 1282 354 1322 Viam
370 1283 566 1323 veritatis
583 1283 706 1332 elegi:
717 1285 739 1308 *
752 1283 909 1334 judicia
924 1289 999 1325 tua

175 1350 261 1377 non
281 1351 376 1377 sum
397 1338 569 1379 oblitus.

227 1392 408 1434 Adhaesi
418 1395 677 1435 testimoniis
688 1395 785 1443 tuis,
797 1396 998 1437 D6mine:

175 1450 197 1473 *
217 1448 305 1488 noli
324 1462 392 1489 me
412 1449 688 1491 confundere.

228 1504 355 1543 Viam
387 1505 692 1546 mandatomm
725 1508 898 1547 tu6rum
929 1520 997 1547 cu-

177 1559 302 1605 curri,
321 1561 343 1584 *
365 1572 462 1600 cum
483 1560 675 1601 dilatasti
696 1574 771 1602 cor
791 1575 945 1603 meum.

228 1622 399 1662 Sequens
425 1621 647 1663 Symbolum
682 1622 821 1655 dicitur
854 1622 891 1654 in
923 1622 996 1655 Do-

178 1668 326 1701 minicis
357 1673 518 1705 tantum,
557 1669 711 1710 quando
742 1669 781 1702 fit
811 1669 915 1702 Offie.
950 1670 996 1703 de

178 1715 284 1747 Dom.
311 1721 349 1748 ut
376 1715 410 1747 in
438 1715 552 1749 psalt.

305 1771 555 1820 Symbolum
576 1773 614 1810 S.
637 1772 871 1812 Athanasii.

179 1825 493 1945 Quicumque
527 1840 618 1881 vult
650 1841 795 1882 salvus
829 1856 942 1891 esse,
975 1845 997 1869 *

285 1901 383 1935 ante
399 1896 542 1936 Omnia
557 1908 668 1948 opus
689 1903 765 1946 est,
785 1903 833 1940 ut
851 1901 998 1941 teneat

178 1948 435 1990 cath61ieam
455 1950 599 1991 fidem:

229 2005 367 2053 Quam
392 2006 473 2045 nisi
500 2006 682 2058 quisque
708 2010 919 2059 integram
938 2011 996 2051 in-

178 2059 469 2111 violatamque
499 2063 753 2110 servaverit,
781 2065 803 2089 *
833 2065 996 2118 absque

179 2113 313 2155 dubio
332 2114 375 2154 in
395 2118 604 2157 aeternum
624 2118 791 2168 peribit.

230 2169 360 2210 Fides
388 2176 531 2211 autem
560 2172 774 2215 catholica
798 2174 892 2217 haee
917 2183 997 2218 est:

178 2225 201 2248 *
224 2229 272 2264 ut
299 2238 430 2265 unum
458 2226 600 2267 Deum
628 2228 671 2268 in
698 2229 926 2280 Trinitaste,
955 2239 997 2273 et

179 2278 435 2321 Trinitatem
456 2282 498 2321 in
519 2283 681 2324 unitate
702 2288 966 2327 veneremur.

229 2334 382 2386 Neque
402 2336 714 2380 confundentes
733 2343 958 2391 personas,
974 2346 996 2368 *

178 2402 318 2440 neque
339 2390 625 2433 substantiam
644 2398 906 2446 separantes.

231 2444 328 2485 Alia
343 2452 410 2486 est
424 2447 536 2487 enim
549 2451 736 2499 persona
746 2451 897 2501 Patris,
914 2454 995 2495 iilia

179 2499 287 2549 Filii,
306 2502 328 2525 ¹*
349 2501 431 2541 alia
450 2502 636 2554 Spiritus
657 2506 808 2546 saneti:

229 2555 314 2596 Sed
342 2556 498 2605 Patris,
527 2564 569 2598 et
597 2559 706 2608 Filii,
741 2567 783 2602 et
811 2563 996 2614 Spiritus

178 2611 316 2651 sancti
340 2624 423 2651 una
447 2618 513 2653 est
537 2612 753 2664 divinitas,
773 2618 795 2641 *
815 2620 995 2669 aequeilis

176 2665 324 2712 gloria,
345 2669 560 2708 eoaeterna
580 2670 791 2719 majestas.

1104 281 1254 331 Qualis
1274 281 1419 329 Pater,
1444 280 1544 321 talis
1564 280 1716 329 Filius,
1735 281 1758 306 *
1778 279 1879 321 talis

1051 337 1238 389 Spiritus
1259 341 1446 377 sanctus.

1104 394 1328 433 Increeitus
1338 392 1480 440 Pater,
1496 392 1717 433 increatus
1732 391 1880 441 Filius,

1052 450 1073 474 *
1094 449 1313 489 increatus
1333 448 1520 499 Spiritus
1541 452 1728 488 sanctus.

1103 505 1346 544 Immensus
1376 504 1522 551 Pater⁷
1551 503 1789 544 immensus
1814 503 1880 543 Fi-

1052 560 1149 608 lius,
1169 561 1191 584 *
1217 560 1453 599 immensus
1478 559 1667 611 Spiritus
1691 563 1880 600 sanetus.

1104 616 1312 656 AEternus
1343 616 1487 663 Pater,
1516 617 1707 655 aeternus
1735 614 1881 665 Filius,

1051 673 1073 695 *
1093 674 1283 712 aeternus
1301 671 1488 723 Spiritus
1508 676 1695 711 sanetus.

1102 727 1158 768 Et
1181 732 1327 768 tamen
1350 739 1437 766 non
1462 732 1552 767 tres
1572 726 1739 775 aeterni,
1759 727 1781 751 *
1802 726 1880 768 sed

1052 796 1161 823 unus
1181 784 1382 823 aeternus.

1102 838 1222 879 Sicut
1241 852 1328 879 non
1352 844 1442 879 tres
1462 838 1660 886 increati⁷
1685 850 1766 879 nec
1790 843 1880 879 tres

1050 894 1266 942 immensi,
1289 896 1312 919 *
1338 894 1416 935 sed
1442 907 1552 935 unus
1577 894 1812 943 increatuS,
1837 899 1881 935 et

1052 964 1162 991 unus
1181 951 1429 991 immensus.

1099 1006 1881 1058 SimiliteromnipotensPater‚omni-

1052 1066 1209 1113 potens
1234 1062 1384 1110 Filius,
1404 1063 1426 1087 *
1447 1064 1725 1114 omnipotens
1749 1062 1880 1114 Spiri-

1051 1122 1121 1158 tus
1143 1123 1329 1158 sanctus.

1103 1174 1160 1214 Et
1175 1178 1320 1214 tamen
1337 1186 1423 1214 non
1439 1179 1529 1214 tres
1545 1173 1880 1225 omnipotentes,

1051 1230 1074 1253 *
1095 1229 1173 1270 sed
1193 1242 1303 1270 unus
1324 1231 1612 1281 omnipotens.
1861 1258 1869 1268 .

1103 1286 1170 1325 Ita
1199 1285 1320 1326 Deus
1349 1286 1495 1333 Pater,
1527 1285 1649 1325 Deus
1678 1285 1829 1335 Filius,
1856 1286 1880 1311 *

1052 1340 1172 1381 Deus
1191 1341 1377 1392 Spiritus
1397 1346 1585 1381 sanctus.

1101 1396 1159 1436 Et
1198 1401 1344 1437 tamen
1381 1409 1469 1437 non
1505 1402 1596 1437 tres
1628 1396 1714 1437 Dii:
1745 1397 1769 1422 *
1801 1396 1881 1439 sed

1052 1464 1162 1492 unus
1182 1457 1250 1492 est
1268 1452 1400 1493 Deus.

1102 1508 1170 1548 Ita
1188 1508 1403 1548 D6minus
1418 1508 1560 1558 Pater,
1578 1508 1794 1549 Dominus
1813 1509 1880 1549 Fi-

1051 1563 1144 1611 lius,
1163 1564 1186 1588 *
1205 1563 1420 1604 D6minus
1439 1564 1626 1615 Spiritus
1646 1569 1834 1605 sanctus.

1102 1619 1158 1659 Et
1176 1624 1323 1660 tamen
1338 1632 1426 1660 non
1441 1624 1531 1660 tres
1546 1619 1738 1660 Domini:
1757 1620 1780 1647 *
1801 1620 1881 1662 sed

1051 1687 1162 1715 unus
1182 1680 1249 1716 est
1266 1675 1493 1715 Dominus.

1103 1731 1232 1780 Quia,
1282 1731 1394 1771 sicut
1438 1731 1688 1782 singillatim
1733 1744 1880 1773 unam-

1052 1788 1271 1839 ququue
1295 1789 1532 1839 personam
1553 1788 1698 1828 Deum
1722 1800 1773 1829 ac
1792 1788 1880 1829 Do-

1050 1842 1213 1883 minum
1233 1843 1431 1883 confiteri
1446 1843 1681 1884 christiana
1695 1844 1880 1886 veritAte

1051 1898 1366 1950 compellimur:
1394 1899 1417 1924 *
1444 1899 1505 1940 ita
1537 1904 1628 1940 tres
1655 1900 1776 1941 Deos
1805 1906 1880 1941 aut

1050 1954 1265 1995 D6minos
1281 1954 1427 1995 dicere
1443 1954 1659 1996 cath61ica
1670 1954 1879 2006 religione

1051 2009 1344 2061 prohibemur.

1101 2066 1231 2107 Pater
1259 2079 1284 2107 a
1312 2067 1432 2108 nullo
1466 2072 1533 2108 est
1565 2067 1719 2108 factus:
1747 2068 1770 2093 *
1797 2080 1878 2109 nec

1050 2123 1234 2171 creatus,
1253 2135 1333 2163 nec
1351 2123 1533 2173 genitus.

1102 2177 1236 2218 Filius
1256 2190 1281 2218 a
1299 2178 1429 2220 Patre
1449 2179 1546 2220 solo
1571 2184 1652 2220 est:
1671 2180 1694 2205 *
1713 2191 1802 2227 non
1820 2179 1877 2220 fa-

1051 2238 1156 2281 etus,
1176 2246 1256 2274 nee
1276 2236 1460 2283 creatus,
1481 2234 1560 2276 sed
1578 2235 1760 2285 genitus.

1101 2288 1288 2341 Spiritus
1309 2295 1485 2331 sanctus
1505 2303 1530 2331 a
1544 2291 1675 2332 Patre
1695 2295 1739 2332 et
1753 2290 1878 2331 Filio:

1050 2345 1072 2368 *
1092 2357 1178 2385 non
1198 2345 1354 2393 factus,
1384 2359 1464 2387 nee
1487 2348 1676 2394 creatus,
1703 2359 1784 2387 nec
1806 2348 1877 2397 ge-

1050 2400 1174 2449 nitus,
1195 2400 1274 2441 sed
1292 2401 1547 2452 procedens.

1102 2456 1222 2496 Unus
1238 2469 1342 2506 ergo
1354 2458 1494 2506 Pater,
1509 2470 1596 2498 non
1607 2462 1697 2499 tres
1708 2458 1875 2499 Patres:

1050 2524 1159 2551 unus
1184 2511 1334 2562 Filius⁷
1362 2525 1449 2554 non
1473 2519 1562 2555 tres
1587 2513 1697 2553 Filii:
1716 2514 1739 2538 *
1763 2526 1874 2554 unus

1048 2566 1233 2618 Spiritus
1254 2574 1444 2618 sanctus,
1469 2581 1555 2610 non
1579 2574 1668 2610 tres
1687 2569 1873 2621 Spiritus

1050 2623 1196 2663 saneti.

1098 2677 1155 2719 Et
1186 2679 1228 2718 in
1261 2678 1342 2720 hac
1370 2680 1584 2723 Trinitate
1615 2680 1719 2721 nihil
1751 2681 1872 2733 prius
