2040 2990
169 201 213 234 94
739 198 908 231 Sabbuto
935 197 981 230 ad
1010 197 1245 230 Matutinum.

221 296 413 345 Quaesita
433 294 515 342 jam
536 293 725 345 primum
746 291 855 332 fides

270 352 319 391 In
339 349 472 391 corde
493 349 663 390 radices
684 353 798 399 agat:

269 406 469 448 Secunda
489 419 590 459 spes
610 403 896 456 congaudeat,

270 464 364 513 Qua
384 464 522 514 major
542 467 684 504 exstat
703 461 875 503 caritas.

220 536 311 575 Deo
330 533 448 574 Patri
469 533 526 573 sit
545 532 694 583 gloria,

269 590 459 641 Eiusque
480 588 563 630 soli
584 588 706 637 Filio,

270 647 377 687 Cum
398 646 562 698 Spiritu
581 644 814 692 paraclito,

268 702 406 752 Nunc,
427 708 469 743 et
525 715 570 743 er
589 713 716 742 omne
737 699 955 741 saeculum.

518 767 628 795 men.

220 817 268 867 Y.
294 819 470 872 Repleti
497 832 645 860 sumus
671 831 797 859 mane
824 817 988 858 miseri-

166 875 316 917 cerdia
347 881 432 917 tua.
486 877 534 927 R'-
568 874 910 923 Exsultavimus,
946 878 989 914 et

166 931 372 973 delectati
394 946 552 973 sumus.

221 990 288 1030 Ad
307 990 581 1031 Benedictus.
604 991 700 1030 Ant.
729 989 804 1028 Per
821 988 989 1027 viscera

164 1044 186 1068 *
204 1045 518 1087 misericordiae
534 1044 617 1086 Dei
636 1044 774 1085 nostri
796 1043 989 1084 visitavit

165 1114 244 1142 nos
268 1102 423 1143 Oriens
444 1116 497 1143 ex
516 1102 617 1143 alto,

211 1167 365 1202 Preces.
399 1167 554 1210 quando
586 1167 761 1201 dicendae
793 1172 896 1201 sunt.
929 1167 992 1201 ha-

169 1215 303 1248 bentur
328 1226 442 1258 supra
471 1216 506 1248 in
532 1215 643 1249 Feria
669 1215 712 1249 ΙΙ,
734 1214 787 1249 52.

504 1297 642 1323 -0-4220

247 1381 470 1423 sabbato
499 1382 564 1423 ad.
590 1382 910 1423 Matutinum.

223 1450 341 1490 Invit.
374 1449 603 1490 Deminum
624 1450 765 1490 Deum
790 1454 989 1491 nostrum

167 1509 187 1530 *
207 1504 376 1554 Venite,
398 1504 640 1547 adoremus.

224 1572 286 1610 l's.
321 1572 482 1620 Venite,
502 1571 779 1613 exsultemus.
798 1573 834 1612 2.

479 1642 690 1693 Hymnus

286 1719 443 1747 ummae
460 1706 624 1748 Parens
645 1707 898 1755 clementiae,

294 1762 443 1803 Mundi
464 1764 579 1813 regis
600 1764 674 1815 qui
693 1763 950 1814 machinam,

268 1818 405 1859 Unius
425 1825 468 1860 et
488 1819 757 1870 substantiae,

269 1875 516 1928 Trimisque
536 1877 735 1929 persenis
755 1877 890 1918 Deus:

222 1945 404 1985 Nostros
422 1945 522 1997 pius
542 1958 640 1986 cum
660 1946 842 1987 canticis

269 2000 418 2042 Fletus
436 2001 622 2053 benigne
643 2004 831 2055 siiscipe:

270 2057 326 2098 Ut
346 2057 480 2099 corde
501 2071 611 2110 puro
635 2059 830 2100 serdium

269 2113 333 2154 Te
351 2114 624 2166 perfruamur
644 2114 818 2166 largius.

226 2182 426 2232 Lumbos,
443 2184 647 2235 jecurque
666 2185 913 2227 morbidum

270 2238 476 2280 Flammis
496 2240 631 2281 adure
652 2243 866 2292 congruis,

271 2295 467 2337 Accincti
487 2302 533 2337 ut
555 2302 675 2338 artus
693 2298 908 2341 excubent

270 2351 396 2392 Luxu
416 2354 587 2394 remeto
608 2354 812 2405 pessimo.

225 2420 497 2472 Quicumque
516 2426 563 2462 ut
582 2421 712 2463 horas
729 2425 923 2465 noctium

271 2476 397 2517 Nunc
417 2478 687 2519 concinendo
709 2481 960 2532 rumpimus,

271 2533 470 2574 Ditemur
491 2547 642 2575 omnes
662 2534 824 2576 affatim

271 2589 410 2630 Donis
428 2589 571 2631 beatae
590 2591 756 2643 patriae.

228 2660 399 2708 Praesta,
420 2659 549 2699 Pater
569 2659 774 2711 piissime,

271 2715 476 2767 Patrique
497 2728 677 2768 compar
698 2717 844 2766 Unice,

1149 291 1257 331 Cum
1277 290 1441 342 Spiritu
1460 289 1679 330 Paraclito

1149 347 1352 396 Regnans
1372 359 1452 399 per
1473 358 1602 387 omne
1623 344 1842 386 saeculum.

1354 403 1508 443 Amen.

1101 472 1201 512 Ant.
1222 468 1333 520 Quia
1351 466 1580 508 mirabilia.

1324 538 1523 580 Psalmus
1544 538 1608 579 97.

1165 605 1312 644 antate
1334 603 1526 644 Domino
1555 603 1774 644 canticum
1800 616 1873 645 no-

1182 673 1298 700 vum:
1318 660 1340 684 *
1363 660 1465 711 quia
1484 659 1702 701 mirabilia
1720 659 1835 702 fecit.

1048 727 1049 735 ¹
1077 742 1083 744 v
1137 728 1155 743 ν
1215 715 1410 757 Salvavit
1439 716 1523 757 sibi
1551 715 1735 758 dextera
1763 717 1874 769 ejus:

1042 773 1065 797 *
1085 778 1129 813 et
1145 771 1374 813 brachium
1395 777 1594 814 sanctum
1616 774 1717 825 ejus.

1093 829 1261 870 Notum
1294 829 1397 870 fecit
1426 829 1642 871 Deminus
1678 829 1871 872 salutare

1042 898 1182 926 suum:
1201 886 1224 911 *
1245 886 1288 926 in
1309 887 1552 938 conspectu
1573 886 1781 939 Gentium
1807 900 1872 928 re-

1041 942 1204 983 velavit
1223 943 1434 994 justitiam
1453 956 1587 984 suam.

1093 998 1370 1040 Recordatus
1432 1004 1498 1041 est
1552 999 1870 1041 misericerdiae

1042 1069 1147 1106 suae,
1169 1056 1192 1081 *
1213 1060 1256 1097 et
1284 1056 1483 1098 veritatis
1513 1070 1604 1097 suae
1634 1056 1785 1098 domui
1808 1057 1870 1098 Is-

1041 1112 1143 1153 rael

1093 1169 1314 1212 Viderunt
1333 1182 1485 1211 omnes
1509 1170 1682 1211 termini
1701 1174 1834 1211 terrae
1848 1170 1872 1195 *

1042 1226 1233 1267 salutare
1252 1227 1336 1268 Dei
1354 1226 1505 1267 nostri.

1092 1284 1114 1323 J
1118 1283 1284 1325 ubilate
1300 1284 1398 1324 Deo
1420 1283 1562 1324 omnis
1584 1287 1715 1324 terra:
1734 1283 1758 1308 *
1774 1295 1871 1324 can-

1040 1342 1143 1389 tate,
1165 1346 1208 1381 et
1231 1340 1459 1390 exsultate,
1479 1344 1522 1381 ct
1539 1339 1725 1392 psallite.

1093 1396 1273 1438 Psallite
1300 1397 1493 1438 Demino
1527 1396 1571 1437 in
1607 1396 1790 1446 cithara,
1828 1396 1873 1437 in

1041 1452 1209 1494 cithara
1238 1458 1281 1494 et
1308 1466 1418 1495 voce
1445 1453 1620 1506 psalmi:
1639 1453 1662 1479 *
1688 1453 1732 1494 in
1752 1452 1872 1494 tubis

1042 1509 1291 1560 ductilibus,
1312 1515 1356 1551 et
1375 1523 1486 1551 voce
1504 1509 1625 1551 tubae
1645 1511 1829 1551 corneae.

1092 1566 1284 1608 Jubilate
1309 1567 1354 1607 in
1378 1568 1621 1619 conspectu
1647 1566 1763 1617 regis
1782 1566 1871 1607 De-

1040 1624 1160 1664 mini:
1180 1624 1203 1649 *
1223 1625 1454 1664 moveatur
1471 1635 1603 1672 mare,
1624 1626 1667 1664 et
1686 1622 1872 1675 plenitu-

1042 1680 1099 1721 do
1119 1681 1224 1732 ejus:
1249 1679 1370 1721 orbis
1388 1681 1620 1729 terrarum,
1640 1683 1683 1721 et
1704 1679 1779 1731 qui
1798 1678 1871 1720 ha-

1040 1736 1183 1778 bitant
1203 1737 1248 1777 in
1269 1749 1333 1778 eo.

1092 1793 1295 1834 Flumina
1322 1792 1535 1846 plaudent
1562 1805 1704 1842 manu,
1743 1791 1873 1833 simul

1041 1855 1215 1891 montes
1250 1849 1533 1891 exsultabunt
1570 1862 1596 1890 a
1630 1850 1874 1902 conspectu

1041 1906 1237 1948 Demini:
1255 1907 1279 1932 *
1299 1906 1507 1958 queniam
1534 1905 1654 1947 venit
1680 1905 1874 1957 judicare

1042 1968 1214 2004 terram.

1093 2019 1317 2062 ,Iudicabit
1341 2019 1493 2061 orbem
1512 2021 1730 2061 terrarum
1749 2018 1793 2059 in
1816 2018 1873 2070 ju-

1043 2077 1173 2127 stitia,
1192 2077 1216 2102 *
1235 2081 1278 2118 et
1296 2076 1488 2129 pepulos
1508 2076 1552 2117 in
1571 2076 1791 2128 aequitate.

1324 2149 1524 2189 Psalmus
1546 2150 1611 2189 98.

1050 2211 1309 2316 Deminus
1319 2216 1530 2267 regnavit,
1541 2216 1784 2257 irascantur
1797 2217 1873 2268 po-

1146 2271 1253 2324 puli:
1274 2272 1297 2297 *
1318 2273 1393 2323 qui
1417 2272 1542 2313 sedet
1562 2284 1695 2325 super
1714 2271 1874 2313 Cheru-

1043 2328 1145 2378 bim,
1164 2330 1395 2369 moveatur
1415 2334 1544 2370 terra.

1096 2384 1311 2426 Deminus
1344 2384 1389 2425 in
1416 2385 1522 2426 Sion
1549 2398 1751 2437 magnus:
1779 2385 1802 2411 *
1831 2390 1874 2426 et

1045 2440 1244 2482 excelsus
1264 2454 1395 2493 super
1416 2454 1569 2482 omnes
1589 2441 1792 2494 pepulos.

1097 2497 1399 2539 Confiteantur
1419 2498 1584 2538 nemini
1604 2504 1681 2539 tuo
1700 2510 1874 2549 magno:

1046 2554 1252 2605 queniam
1271 2552 1484 2603 terribile,
1506 2559 1549 2595 et
1570 2559 1772 2595 sanctum
1791 2559 1875 2595 est:

1044 2611 1067 2634 *
1088 2615 1131 2651 et
1150 2610 1292 2650 honor
1310 2609 1426 2660 regis
1445 2609 1652 2661 judicium
1673 2610 1827 2662 diligit.

1095 2666 1164 2707 Tu
1199 2666 1367 2718 parasti
1403 2665 1689 2708 directiones:
1716 2667 1740 2692 *
1768 2667 1874 2719 judi-

1045 2723 1159 2763 cium
1171 2728 1214 2763 et
1224 2722 1433 2773 justitiam
1449 2722 1492 2762 in
1503 2722 1640 2764 Jacob
1657 2728 1706 2764 tu
1720 2714 1875 2765 fecisti.
