2080 2990
244 226 341 271 [288]
562 223 631 257 Die
660 224 706 256 11.
732 222 839 256 Febr.

886 222 951 256 Bb.
980 223 1047 256 VII
1073 222 1190 256 Fund.
1217 222 1303 256 Orci.
1329 222 1432 257 Serv.
1458 223 1498 257 Β.
1524 223 1569 257 M.
1588 223 1630 258 V.

246 321 334 363 mul
360 334 446 363 non
472 321 617 362 fucata
644 321 929 363 sanctimonia
952 322 1066 374 ipso-

247 391 357 427 rum,
396 378 456 419 ita
486 378 570 419 Dei
602 378 728 419 amici
761 379 987 430 coeperunt
1019 390 1066 419 80

245 437 396 475 mutuo
431 434 625 486 diligere,
657 439 705 476 ut
735 434 1065 475 familiarissime

246 492 522 532 versarentur
547 491 733 532 invicem
759 503 924 539 secum,
953 492 1065 532 sese-

247 559 330 599 que
350 546 514 588 alterne
537 547 745 589 foverent.
778 547 897 588 Inter
921 548 1066 587 cetera

245 616 377 655 porro
397 603 504 644 illud
523 603 697 653 accidit,
724 603 842 656 quod
861 605 1064 655 sperante

245 659 407 711 inclyto
424 659 615 712 Martyre
635 660 844 701 honorem
860 659 956 700 Deo
977 671 1064 700 non

244 715 482 765 modicum,
506 729 723 781 magnum·
730 716 857 758 terris
877 717 1064 756 commo-

245 771 349 813 dum
367 748 619 825 proditum
609 773 670 822 111,
690 772 736 821 81,
760 772 951 824 propitia
969 771 1064 812 Vir-

244 829 354 879 gine,
373 829 501 879 longe
519 829 693 880 lateque
707 829 1064 881 propagarentur,

246 898 331 926 una
367 898 464 926 cum
498 885 605 937 ipsis
637 885 832 937 impense
867 897 963 925 eam
994 897 1063 925 ex-

246 943 416 990 orante,
450 946 498 982 ut
531 943 785 992 argumento
814 940 961 1004 aliquo
990 953 1062 982 vo-

244 997 452 1038 luntatem
482 1010 604 1038 suam
631 997 919 1050 patefaceret,
945 997 1063 1038 invo-

244 1055 341 1095 cata
359 1054 496 1105 Virgo
520 1066 670 1095 amans
694 1054 737 1094 in
756 1054 923 1094 visione
942 1053 981 1094 ei
999 1066 1062 1095 re-

244 1110 423 1159 velavit,
454 1123 500 1151 se
526 1111 643 1151 viros
670 1110 767 1151 illos
796 1114 985 1162 septem,
1021 1114 1064 1151 et

246 1166 318 1218 qui
346 1167 515 1208 ventnri
544 1171 666 1208 erant
693 1171 794 1219 post
823 1179 916 1216 eos,
952 1166 1064 1208 inter

243 1222 393 1264 mundi
425 1222 621 1264 homines
655 1236 805 1264 omnes
837 1222 894 1264 ad
921 1223 1061 1273 singu-

242 1278 331 1321 lare
360 1279 585 1321 servitium
611 1292 737 1321 suum
765 1279 988 1331 selegisse,
1021 1284 1063 1320 et

242 1335 602 1377 commiserandis
648 1336 790 1388 poenis
834 1336 919 1387 jam
963 1335 1062 1376 latis

242 1392 330 1433 suis
379 1392 659 1433 amarissimis
711 1391 1062 1434 constituendum

242 1448 438 1490 ordinem
471 1461 568 1490 esse
601 1448 656 1490 ad
689 1450 755 1490 sui
781 1449 992 1490 honorem
1019 1454 1062 1491 et

240 1505 434 1555 gloriam.
467 1506 566 1547 Hoc
589 1506 846 1559 prodigioso
866 1506 1059 1556 virgineo

242 1560 418 1603 decreto
447 1562 624 1603 animati
648 1561 872 1603 humillimi
896 1563 1060 1612 Patres,

242 1630 329 1659 non
358 1618 458 1670 quia
485 1631 576 1660 81130
602 1619 759 1660 mentis
787 1619 940 1661 fuisset
967 1632 1059 1661 suc-

242 1677 439 1716 cessores
463 1677 666 1727 posteros
690 1677 883 1727 gignere,
910 1676 990 1718 sed
1013 1682 1061 1718 ut

241 1731 355 1782 jussa
391 1733 585 1773 reserata
620 1731 812 1773 facerent
846 1734 1059 1785 supremae

242 1789 392 1828 eorum
420 1787 618 1839 Reginae,
653 1802 750 1841 quae
777 1789 950 1830 nomine
979 1802 1058 1831 suo

241 1843 492 1885 duraturam
528 1844 611 1886 sibi
646 1844 852 1886 familiam
890 1845 1060 1887 fundari

240 1900 452 1950 voluerat,
487 1901 713 1943 instituere
750 1900 957 1955 deinceps
993 1914 1057 1943 sa-

240 1969 360 1998 crum
379 1957 611 1999 Servorum
635 1957 832 2000 ordinem
858 1958 1059 2000 decreve-

241 2018 353 2062 runt,
377 2025 464 2054 non
482 2019 572 2055 tam
591 2019 638 2056 ut
655 2014 783 2067 primi
803 2015 892 2067 ejus
911 2015 1059 2057 funda-

239 2070 374 2118 tores,
411 2082 540 2122 quam
564 2075 613 2112 ut
638 2071 828 2112 coelestis
853 2084 944 2113 suae
967 2072 1058 2113 fun-

242 2124 416 2167 datricis
430 2127 613 2168 ministri
625 2127 932 2180 obsequentes;
949 2142 1058 2181 quos

240 2181 422 2233 proinde
440 2183 663 2233 DominUS,
682 2189 730 2225 ut
747 2197 898 2226 servos
917 2184 1059 2227 bonos

241 2243 284 2279 et
307 2237 461 2280 fideles
487 2252 606 2289 suos,
635 2253 687 2281 30
706 2240 873 2291 Matris,
900 2242 943 2282 in
970 2242 1059 2283 vita

239 2293 385 2335 multis
409 2294 657 2345 virtutibus,
685 2297 727 2337 in
750 2303 890 2339 morte
912 2298 1058 2339 multis

240 2349 468 2402 prodigiis,
508 2356 610 2404 post
645 2354 876 2394 transitum
911 2354 1058 2396 multis

239 2406 456 2448 miraculis
477 2407 719 2458 adornavit3
738 2411 973 2452 novissime
987 2423 1056 2452 ve-

238 2474 288 2503 ro
303 2462 566 2505 Benedictus
582 2441 775 2506 (1001111118
789 2467 951 2516 tertius,
968 2469 1057 2519 ejus

238 2518 423 2560 instituti
456 2521 697 2572 professor,
730 2523 850 2574 cujus
882 2529 1057 2564 sanctus
1114 2536 1157 2574 ’ῖ

238 2574 393 2616 Petrus
425 2581 534 2626 erat,
576 2577 664 2628 ejus
703 2591 876 2630 quoque
906 2579 948 2619 in
981 2592 1057 2620 eos

238 2630 378 2673 1130108
406 2608 582 2682 amoris,
616 2634 816 2675 Pontifex
844 2635 1056 2676 renuntia-

238 2691 323 2737 tus,
363 2690 513 2730 eorum
546 2690 697 2731 miram
729 2691 1057 2741 institutionem,

238 2748 285 2784 ut
315 2744 618 2787 inclaresceret
649 2747 764 2797 orbi,
797 2747 1056 2789 lectionibus

1119 320 1185 361 his
1221 319 1437 361 recenseri
1475 321 1752 372 peramanter
1786 323 1939 362 0011811-

1119 376 1196 418 luit
1217 388 1267 417 ac
1286 375 1520 418 mandavit.

1177 440 1219 489 Ιζκ
1247 440 1353 482 Vidi
1373 441 1627 492 conjunctos
1646 441 1764 483 viros
1781 440 1939 483 haben-

1118 502 1184 539 tes
1221 497 1427 548 lugubres
1462 502 1624 547 vestes,
1667 502 1712 539 et
1746 497 1940 548 Angelus

1119 553 1294 595 Domini
1314 553 1486 594 locutus
1506 558 1573 595 est
1591 553 1648 595 ad
1666 566 1751 604 me,
1775 553 1940 596 dicens:

1119 608 1138 628 *
1169 610 1379 668 Istivsunt
1406 609 1486 650 viri
1519 610 1657 651 sancti
1683 610 1786 652 facti
1814 610 1940 651 amici

1119 666 1211 708 Dei.
1245 663 1291 707 Υ.
1316 665 1422 707 Vidi
1440 666 1656 717 Angelum
1674 666 1758 708 Dei
1782 666 1939 708 fortem

1118 722 1338 764 volantem
1357 735 1436 775 per
1454 722 1646 764 medium
1665 722 1841 773 coelum‚
1865 735 1938 764 vo-

1119 792 1169 820 ce
1186 792 1343 830 magna
1363 779 1633 830 clamantem,
1654 784 1697 821 et
1713 777 1940 821 dicentem.

1117 836 1206 878 Isti.
1234 836 1385 878 Gloria
1405 836 1534 878 Patri.
1559 837 1649 878 Isti.

1330 903 1377 942 In
1405 904 1475 943 ΙΙΙ.
1504 904 1724 944 Nocturno.

1171 966 1267 1004 Ant.
1308 966 1604 1018 Ingredientes
1636 967 1728 1009 sine
1759 966 1939 1018 macula,

1118 1028 1162 1065 et
1195 1025 1429 1076 operantes
1461 1024 1686 1075 justitiam,
1718 1022 1939 1065 habitave-

1117 1085 1217 1121 runt
1235 1080 1278 1120 in
1296 1079 1577 1122 tabernaculo
1594 1084 1686 1131 tuo,
1712 1085 1756 1122 et
1774 1079 1939 1133 requie-

1116 1139 1271 1178 verunt
1290 1137 1333 1177 in
1351 1141 1500 1178 monte
1519 1142 1671 1179 saneto
1690 1142 1779 1179 tuo.

1171 1193 1266 1231 Ant.
1297 1192 1491 1234 Gloriam
1515 1198 1559 1235 et
1579 1207 1783 1245 magnum
1808 1193 1935 1235 deco-

1115 1262 1207 1291 rem
1229 1250 1477 1303 imposuisti
1502 1263 1633 1304 super
1653 1263 1745 1301 eos,
1770 1250 1939 1302 Regina

1115 1307 1370 1359 Martyrum,
1399 1320 1498 1349 cum
1521 1307 1564 1348 in
1587 1307 1842 1349 memoriam
1863 1306 1936 1348 do-

1114 1363 1255 1405 lorum
1295 1366 1469 1406 tuorum
1507 1363 1738 1415 lugubrem
1771 1367 1938 1406 vestem

1116 1433 1191 1462 eos
1210 1420 1398 1462 induisti.

1166 1475 1263 1516 Ant.
1307 1475 1415 1519 Haec
1451 1477 1531 1519 fuit
1564 1476 1787 1530 generatio
1822 1489 1936 1530 quae-

1113 1534 1298 1575 rentium
1346 1534 1596 1586 Dominam,
1650 1533 1936 1587 quaerentium

1114 1590 1283 1631 stellam
1317 1604 1370 1633 ex
1398 1590 1546 1633 Jacob.
1601 1591 1666 1633 Te
1696 1589 1936 1640 laudamuS,

1114 1646 1210 1687 Rex
1228 1647 1390 1698 gloriae.

1167 1697 1214 1748 Y
1239 1704 1264 1744 J
1265 1705 1351 1746 usti
1370 1710 1516 1748 autem
1534 1705 1577 1746 in
1595 1705 1856 1757 perpetuum
1874 1702 1932 1744 vi-

1112 1765 1226 1801 vent.
1281 1760 1329 1811 Κ.
1363 1761 1420 1803 Et
1452 1761 1570 1815 apud
1600 1759 1837 1802 Dominum
1869 1763 1935 1802 est

1112 1829 1280 1858 merces
1300 1820 1461 1863 eorum.

1114 1884 1264 1927 Lectio
1288 1888 1429 1928 sancti
1446 1886 1671 1939 Evangelii
1695 1883 1934 1928 secundum

1431 1943 1607 1985 Lucam.

1216 2001 1250 2040 I
1254 2001 1366 2041 ectio
1387 2001 1453 2040 111.
1603 2001 1704 2052 Cap.
1721 2000 1776 2040 12.
1792 1998 1830 2040 d.

1111 2062 1185 2168 In
1204 2065 1278 2106 illo
1298 2067 1510 2129 tempore.
1528 2064 1649 2105 Dixit
1662 2063 1687 2104 J
1689 2075 1788 2104 esus
1808 2061 1933 2103 disci—

1176 2122 1290 2175 pulis
1315 2121 1419 2162 suis:
1445 2120 1595 2162 Nolite
1621 2120 1775 2161 timere
1801 2116 1932 2170 pusil-

1110 2180 1178 2221 lus
1196 2191 1313 2230 grex,
1333 2177 1432 2230 quia
1450 2176 1714 2230 complacuit
1726 2174 1846 2216 Patri
1861 2186 1930 2215 ve·
1959 2197 1962 2199 Δ

1110 2241 1202 2278 stro
1239 2234 1343 2276 dare
1377 2233 1502 2276 vobis
1538 2245 1728 2284 regnum.
1779 2231 1837 2272 Et
1868 2231 1930 2271 re-

1110 2292 1392 2397 liqu{lomilia
1418 2353 1677 2397 venerabilis
1705 2351 1840 2394 Bedae

1390 2411 1652 2463 Presbyteri.

1236 2468 1316 2502 lib
1340 2468 1735 2511 4.(33ρ.ἷ.111111110.
1764 2469 1811 2503 12.

1147 2534 1189 2562 s*
1204 2518 1395 2560 usillum
1409 2528 1587 2580 gregem
1601 2515 1850 2564 electorum,
1860 2514 1930 2556 vel

1118 2585 1127 2624 θ,
1146 2588 1266 2644 *44⁵1
1240 2575 1298 2617 ob
1338 2572 1711 2638 comparationem
1754 2571 1929 2624 majoris

1118 2625 1218 2657 '‘2³ss
1239 2630 1407 2672 numeri
1429 2627 1734 2681 reproborum,
1761 2627 1831 2669 vel
1854 2629 1929 2679 po-

1109 2689 1195 2730 tius
1215 2687 1272 2729 ob
1292 2685 1547 2728 humilitatis
1564 2684 1842 2726 devotionem
1855 2685 1929 2725 no-

1108 2746 1261 2786 minat:
1307 2743 1408 2795 quia
1447 2740 1650 2783 videlicet
1687 2740 1930 2783 Ecclesiam
