2040 2990
0 1493 14 1699 ,w
0 1351 11 1473 *cv-‘⁴⁷'
0 1289 3 1316 Α-

801 226 912 260 Feria
938 225 999 259 IV.
1024 226 1213 260 Cinerum.

462 321 612 362 Lectio
633 322 671 361 ii.

233 378 252 415 t
270 387 373 417 ecce
391 389 518 426 unus,
542 377 616 429 qui
635 380 849 428 evaserat,
875 391 978 420 nun-

246 431 372 473 tiavit
389 432 556 474 Abram
575 434 785 484 Hebraeo,
814 435 888 486 qui
907 435 978 476 ha·

153 485 322 528 bitabat
339 489 383 529 in
400 490 598 531 convalle
611 490 809 532 Mambre
823 491 978 532 Amor-

153 542 272 593 rhaei,
291 544 436 587 fratris
455 546 599 597 Escol,
619 551 663 588 et
680 547 826 588 fratris
844 547 979 589 Aner:

152 598 197 640 hi
213 600 328 641 enim
343 604 604 654 pepigerant
618 602 762 645 foedus
777 616 876 645 cum
890 604 978 645 Ab·

153 669 257 697 ram.
294 657 424 707 Quod
452 672 551 703 cum
579 659 774 701 audisset
801 660 978 710 Abram,

154 717 330 766 captum
356 715 561 758 videlicet
586 716 672 757 Lot
703 716 881 758 fratrem
911 730 978 757 su-

153 782 237 819 um,
257 772 503 814 numeravit
522 772 753 826 expeditos
771 775 978 814 vernacu-

152 824 220 867 los
244 839 349 870 suos
372 830 594 871 trecentos
619 829 774 871 decem
796 834 839 871 et
859 835 978 872 octo:

153 886 197 924 et
221 887 481 935 persecatus
510 890 578 927 est
603 899 743 939 usque
770 887 880 928 Dan.
922 888 979 929 Et

153 937 303 981 divisis
322 941 470 992 seciiS,
497 942 623 984 irruit
648 954 785 996 super·
803 956 880 985 eos
904 957 978 986 no-

152 998 237 1036 cte:
264 999 568 1051 percussitque
588 1011 682 1049 eos,
711 1004 754 1041 et
777 1004 978 1052 persecu-

151 1055 222 1092 tus
247 1057 315 1094 est
340 1066 417 1095 eos
444 1067 584 1107 usque
609 1055 758 1106 Hoba,
786 1069 884 1108 quae
912 1062 980 1099 est

151 1107 209 1150 ad
243 1108 401 1151 laevam
436 1111 654 1154 Damasci.
699 1112 978 1166 Reduxitque

152 1176 327 1207 omnem
358 1167 665 1219 substentiam,
705 1174 750 1212 et
780 1170 866 1212 Lot
897 1170 978 1212 fra-

150 1225 263 1263 trem
295 1235 422 1265 suum
455 1238 554 1266 cum
581 1225 825 1268 substantia
852 1226 978 1276 ilh'us,

150 1277 356 1320 mulieres
376 1293 552 1334 quoque
573 1287 617 1324 et
634 1282 857 1336 pepulum.

204 1338 254 1389 R.
279 1335 470 1379 Vocavit
488 1338 694 1389 Angelus.
710 1340 806 1380 344.

452 1407 601 1449 Lectio
622 1409 675 1448 iii.

151 1466 406 1572 Egressus
426 1477 494 1514 est
511 1478 658 1515 autem
676 1486 754 1515 rex
765 1473 978 1516 Sodome-

245 1540 343 1569 rum
373 1528 417 1569 in
449 1533 682 1571 occursum
715 1531 820 1582 ejuS,
858 1535 977 1584 post-

152 1596 283 1636 quam
301 1586 503 1627 reversus
522 1591 590 1628 est
605 1599 630 1628 a
645 1586 766 1628 caede
784 1586 978 1629 Chodor-

149 1639 366 1691 lahemor,
409 1646 454 1683 et
489 1655 642 1694 regum
677 1643 752 1695 qui
788 1657 887 1685 cum
924 1656 977 1685 eo

151 1702 275 1739 erant
292 1697 337 1738 in
355 1698 468 1740 valle
487 1699 615 1749 Save,
644 1712 742 1752 quae
767 1705 835 1742 est
852 1700 977 1742 vallis

150 1754 276 1805 regis.
315 1754 377 1796 At
407 1768 514 1797 vero
543 1755 868 1799 Melchisedech
900 1770 978 1799 rex

150 1810 310 1861 Salem,
328 1812 558 1864 preferens
578 1826 737 1866 panem
758 1818 801 1855 et
819 1814 977 1863 vinum,

151 1871 247 1909 erat
278 1868 392 1909 enim
424 1869 631 1911 sacerdos
656 1870 740 1911 Dei
768 1869 986 1919 altissimi,

149 1922 374 1966 benedixit
388 1925 438 1975 ei,
458 1930 502 1967 et
516 1925 591 1967 ait:
609 1925 875 1968 Benedictus
889 1926 978 1967 Ab·

150 1992 244 2021 ram
263 1981 360 2022 Deo
380 1981 572 2032 excelso,
604 1982 678 2035 qui
703 1982 868 2024 creavit
891 1995 977 2023 coe-

150 2035 240 2078 lum
259 2041 302 2078 et
320 2042 500 2079 terram:
520 2043 564 2080 et
581 2037 839 2080 benedictus
856 2038 977 2080 Deus

151 2093 360 2144 excelsus,
379 2107 466 2146 quo
481 2097 750 2148 protegente,
769 2094 918 2136 hostes
934 2094 977 2135 in

151 2149 352 2191 menibus
370 2151 456 2192 tuis
475 2156 586 2193 sunt.
619 2152 676 2192 Et
701 2151 822 2193 dedit
847 2151 886 2192 ei
906 2150 976 2193 de-

152 2205 285 2247 cimas
305 2219 360 2248 ex
380 2207 591 2249 Omnibus.

209 2264 260 2316 R.
279 2263 400 2304 Deus
420 2263 596 2306 domini.
614 2266 710 2307 345.

209 2331 280 2373 Ad
304 2332 477 2383 Magnif.
513 2333 611 2372 Ant.
649 2330 855 2372 Miserere
882 2331 977 2380 mei,

153 2382 177 2408 *
203 2383 287 2425 Fili
314 2385 469 2427 David.
512 2386 627 2437 Quid
653 2386 719 2427 vis
747 2391 795 2428 ut
822 2387 978 2428 faciam

339 2553 463 2591 Feria
485 2554 558 2591 IV.
583 2554 794 2591 Cinerum.

211 2610 250 2645 Si
281 2612 352 2646 hac
382 2613 442 2647 die
469 2619 642 2648 occurrat
670 2614 805 2647 festum
828 2612 979 2655 Duplex

161 2669 207 2693 ex
248 2661 458 2702 maioribus
497 2663 557 2696 vel
600 2662 761 2700 alieuius
802 2660 979 2695 Doctoris

160 2707 363 2746 Ecclesiae,
408 2711 636 2743 transfertur
679 2710 715 2742 in
760 2714 979 2751 sequentem

161 2756 261 2789 diem
279 2756 433 2799 Duplici
459 2758 519 2791 vel
539 2758 790 2800 Semiduplici
815 2767 889 2790 non
916 2757 980 2788 im-

311 2892 374 2917 Pars
391 2893 522 2919 Riemalis.

1036 326 1216 369 peditam.
1264 326 1319 359 De
1350 326 1579 368 Duplieibus
1615 338 1707 361 vero
1742 330 1860 362 mino—

1035 374 1142 408 ribus
1185 375 1246 408 vel
1278 375 1603 417 Semiduplicibus
1641 378 1679 409 iit
1714 381 1859 411 tantum

1036 422 1375 463 Commemoratio,
1404 428 1442 456 ut
1468 424 1606 458 dieitur
1631 425 1666 458 in
1695 426 1858 459 lx'ubrieu

1035 470 1081 504 de
1107 470 1378 505 Translatisme
1407 471 1617 506 Festorum.
1659 474 1757 506 Aliis
1784 474 1860 507 die-

1033 519 1106 552 bus
1126 518 1441 561 Quam-agesimae
1468 532 1587 563 usque
1612 520 1658 553 ud
1679 522 1860 561 majorem

1034 566 1341 605 Hebdomadam,
1368 568 1398 601 si
1426 573 1599 602 occurrat
1627 569 1761 602 festum
1786 570 1860 603 Du-

1033 615 1141 657 plex,
1178 616 1237 649 vel
1276 616 1499 659 semidupl..
1538 618 1575 650 fit
1612 617 1658 649 de
1695 626 1738 649 eo
1776 628 1860 650 cum

1034 662 1408 698 Commemoratione
1432 670 1467 698 et
1490 675 1589 699 nona
1611 665 1789 698 Lectione
1814 666 1859 698 de

1033 710 1203 745 Homiliu
1230 712 1363 746 Feriae.
1412 712 1465 746 De
1492 714 1740 756 simplicibus
1770 725 1859 755 quo-

1034 768 1106 801 quc
1136 760 1176 793 fit
1207 765 1352 794 tuntum
1379 761 1719 801 Commemomtio,
1755 767 1794 795 ut
1824 762 1858 794 in

1032 805 1212 841 Rubricis
1239 808 1507 843 Gener-diibus.

1085 855 1125 888 In
1153 855 1235 891 hae.
1262 862 1297 890 et
1322 858 1572 900 sequentibus
1592 858 1714 891 Feriis
1740 868 1859 900 usque

1034 903 1081 936 ad
1117 904 1229 947 vesp.
1264 906 1441 941 Sabbati.
1476 906 1636 950 llymni.
1670 906 1859 948 Capitulu.

1034 956 1068 984 ct
1104 953 1177 986 alia
1218 954 1345 987 omnia
1380 954 1559 987 dicuntur
1594 960 1633 988 ut
1674 955 1709 987 in
1746 954 1860 987 Psult.

1034 1010 1102 1042 per
1127 1011 1283 1045 annum,
1316 1003 1488 1046 exceptis
1514 1003 1602 1036 Ant.
1636 1003 1682 1036 ad
1709 1002 1861 1036 Bened..

1034 1052 1069 1081 et
1104 1049 1273 1092 MagniiI:
1315 1055 1351 1084 et
1391 1056 1480 1094 post
1516 1051 1683 1086 Laudes,
1722 1051 1860 1083 Horas.

1035 1095 1245 1140 Vesperam,
1279 1103 1315 1132 ct
1348 1099 1649 1143 Completorium
1684 1099 1862 1133 dicuntur

1034 1143 1171 1179 Preces
1192 1146 1301 1181 flexis
1320 1148 1493 1189 genibus,
1519 1152 1559 1181 ut
1582 1147 1670 1180 ibid.
1691 1147 1726 1179 in
1746 1146 1860 1179 l’snlt.

1086 1193 1212 1228 Hodie
1240 1200 1325 1230 ante
1344 1196 1570 1230 Matutinum
1599 1196 1633 1228 in
1655 1196 1784 1229 (Ilioro
1808 1194 1861 1227 di-

1034 1246 1170 1275 cuntur
1194 1242 1336 1277 Psalmi
1364 1244 1590 1280 (J‘raduales,
1616 1247 1655 1276 ut
1682 1243 1788 1276 infra.

1033 1315 1184 1358 Lectio
1210 1315 1350 1357 sancti
1368 1302 1594 1368 Eirangelii
1617 1315 1856 1358 secundum

1047 1375 1054 1379 ”
1313 1371 1579 1414 Matthaem.

1140 1435 1290 1476 Lectio
1312 1436 1347 1475 i.·
1549 1435 1649 1486 Cap.
1667 1435 1703 1473 6.
1719 1432 1758 1473 b.

1030 1488 1106 1595 In
1125 1494 1199 1535 illo
1219 1496 1435 1546 tempore:
1453 1494 1575 1536 Dixit
1589 1495 1613 1535 J
1617 1508 1715 1536 esus
1732 1494 1856 1536 disci-

1096 1550 1210 1603 pulis
1229 1551 1334 1591 suis:
1359 1551 1469 1592 Cum
1487 1551 1698 1602 jejunatis,
1721 1550 1857 1593 nolite

1031 1607 1126 1648 fieri
1160 1607 1272 1648 sicut
1302 1607 1562 1660 hypocritae,
1594 1608 1752 1649 tristes.
1800 1608 1858 1649 Et

1031 1663 1208 1716 reliqua.

1036 1740 1225 1783 Homilia
1240 1742 1377 1784 sancti
1388 1742 1621 1793 Augustini
1635 1743 1857 1795 Episcopi.

1066 1808 1148 1842 Lib.
1172 1808 1202 1841 2.
1229 1808 1275 1841 de
1301 1808 1417 1842 Serm.
1442 1807 1599 1841 Domini
1625 1808 1661 1840 in
1688 1811 1826 1849 monte,

1286 1866 1368 1898 cap.
1395 1856 1442 1889 12.
1467 1860 1555 1889 tom.
1580 1856 1609 1889 4.

1041 1909 1377 2001 [gai4anifestum
1411 1915 1494 1959 est,
1526 1910 1592 1951 his
1622 1912 1856 1964 praeceptis

1042 1966 1065 2000 1¹⁹
1087 1963 1112 1992 3¹³
1163 1979 1337 2007 omnem
1356 1971 1552 2007 nostram
1571 1967 1856 2009 intentionem

1032 2023 1076 2062 in
1094 2022 1300 2063 interiora
1323 2022 1482 2073 gaudia
1502 2022 1645 2073 dirigi:
1671 2036 1725 2064 ne
1750 2023 1856 2065 foris

1034 2080 1278 2131 quaerentes
1298 2078 1557 2129 mercedem,
1576 2078 1676 2120 huic
1694 2080 1856 2121 saeculo

1031 2134 1367 2185 conformemur,
1400 2140 1444 2177 et
1475 2136 1726 2177 amittamus
1757 2149 1856 2189 pro·

1030 2191 1284 2232 missienem
1314 2196 1438 2233 tanto
1471 2191 1691 2233 solidieris
1724 2197 1855 2245 atque

1030 2247 1252 2297 firmieris,
1286 2252 1449 2300 quanto
1476 2247 1696 2289 interieris
1722 2248 1855 2290 beati-

1031 2303 1211 2353 tudinis,
1242 2317 1326 2356 qua
1350 2317 1431 2346 nos
1457 2303 1588 2355 elegit
1611 2304 1731 2345 Deus
1757 2317 1855 2346 con-

1031 2360 1194 2401 fermes
1221 2360 1315 2402 fieri
1343 2361 1544 2411 imaginis
1568 2361 1664 2402 Filii
1688 2361 1764 2402 sui.
1804 2362 1855 2401 In

1031 2415 1116 2457 hoc
1135 2421 1280 2457 autem
1298 2417 1489 2469 capitulo
1503 2417 1691 2458 maxime
1705 2417 1859 2466 adver-⁴

1030 2472 1211 2513 tendum
1232 2478 1309 2523 est,
1329 2485 1416 2514 non
1434 2474 1478 2514 in
1493 2473 1588 2514 solo
1602 2485 1746 2514 rerum
1763 2486 1855 2515 cor-

1030 2531 1265 2580 porearum
1283 2530 1424 2571 nitere
1439 2534 1571 2582 atque
1585 2542 1758 2582 pompa,
1777 2528 1854 2570 sed

1032 2585 1163 2625 etiam
1194 2586 1239 2626 in
1274 2586 1381 2638 ipsis
1411 2585 1615 2627 serdibus
1646 2585 1854 2627 luctuesis

1032 2652 1129 2683 esse
1185 2653 1318 2694 posse
1375 2642 1644 2693 jactantiam,
1700 2645 1744 2682 et
1800 2652 1854 2681 eo

1030 2696 1406 2748 periculosiorem,
1443 2709 1531 2749 quo
1564 2697 1646 2738 sub
1679 2696 1853 2737 nemine

1031 2753 1255 2795 servitutis
1282 2752 1366 2794 Dei
1392 2752 1566 2805 decipit.

1581 2881 1648 2915 23*
