2080 2990
140 329 192 368 In
209 327 471 380 pontificatu
489 325 626 367 multa
641 324 971 366 successoribus

141 383 353 425 doctrinae
395 395 446 423 ac
487 381 733 422 sanctitatis
771 380 972 433 exempla

140 439 329 491 reliquit.
382 439 645 489 Peregrinos
684 437 882 488 quotidie
915 436 972 477 ad

139 508 337 536 mensam
369 493 620 535 adhibebat:
661 493 705 533 in
738 493 896 544 quibus
929 497 972 534 et

140 551 370 602 Angelum,
390 556 433 592 et
447 550 686 591 Deminum
699 548 972 599 Angelorum

140 608 363 660 peregrini
388 607 499 647 facie
526 606 707 657 accepit.
746 605 971 657 Paliperes

141 667 186 704 et
217 663 410 704 urbanos
445 667 488 703 et
521 663 746 709 externos,
784 673 973 712 quorum

140 722 370 760 numerum
390 717 656 769 descriptum
678 715 879 765 habebat,
899 716 971 758 be-

140 777 270 825 nigne
297 773 584 816 sustentabat.
626 772 899 814 Catholicam
926 773 972 812 fi-

141 830 243 872 dem
266 830 415 871 multis
440 830 549 870 locis
574 828 885 869 labefactatam
909 841 972 869 re-

141 887 293 928 stituit.
325 886 440 927 Nam
465 886 722 926 Donatistas
746 884 791 924 in
811 884 972 933 Africa,

139 942 330 983 Arianos
384 943 428 982 in
480 940 697 993 Hispania
747 942 972 992 repressit:

140 998 355 1049 Agnoitas
391 996 663 1039 Alexandria
695 997 831 1047 ejecit.
876 996 971 1037 Pal-

139 1053 247 1094 lium
265 1054 448 1106 Syagrio
469 1052 860 1104 Augustodunensi
886 1054 973 1104 epi-

141 1122 279 1162 scopo
301 1110 407 1151 dare
431 1109 588 1158 neluit,
616 1108 699 1148 nisi
722 1108 973 1160 neophytos

139 1165 375 1206 haereticos
427 1164 668 1218 expelleret
718 1177 773 1204 ex
818 1163 972 1204 Gallia.

143 1221 319 1263 Gothos
364 1221 570 1262 haeresim
614 1221 809 1261 arianam
845 1220 971 1261 relin-

143 1290 278 1329 quere
298 1278 453 1328 coegit.
480 1276 626 1317 Missis
642 1276 686 1315 in
700 1276 973 1316 Britanniam

143 1333 288 1374 doctis
321 1338 365 1374 et
398 1333 560 1374 sanctis
591 1332 697 1374 viris
724 1331 973 1381 Augustino

143 1394 187 1430 et
207 1389 303 1430 aliis
322 1388 565 1438 monachis,
588 1387 774 1428 insulam
794 1387 851 1428 ad
869 1387 894 1427 J
897 1399 974 1428 esu

143 1444 306 1486 Christi
323 1443 458 1486 fidem
478 1444 706 1492 convertit,
726 1455 828 1484 vere
848 1455 874 1483 a
891 1443 973 1484 Be-

143 1501 201 1542 da
248 1500 511 1552 presbytero
563 1499 735 1550 Angliae
787 1500 973 1540 vocatus

142 1556 398 1609 Apostolus.
427 1557 452 1596 J
455 1556 577 1597 oafiis
591 1554 854 1607 patriarchae
871 1555 974 1595 Con-

143 1612 523 1665 stantinopolitani
564 1610 794 1652 audaciam
828 1611 974 1661 fregit,

144 1669 219 1721 qui
247 1668 330 1710 sibi
356 1667 615 1709 universalis
642 1666 854 1707 Ecclesiae
886 1668 973 1718 epi—

143 1724 270 1777 scopi
302 1736 469 1765 nomen
512 1722 759 1773 arrogabat.
816 1722 973 1763 Mauri-

142 1780 253 1822 tium
272 1781 596 1833 imperatorem,
621 1791 698 1819 eos
720 1778 795 1829 qui
814 1778 974 1819 milites

142 1836 344 1886 fuissent,
367 1834 609 1876 menachos
628 1834 724 1875 fieri
742 1833 974 1886 prohiben-

142 1897 244 1943 tem,
264 1905 290 1933 a
309 1892 524 1933 sententia
543 1890 768 1932 deterruit.

195 1949 247 1999 R.
281 1947 416 1988 Posui
443 1946 709 1998 adjuterium
737 1957 869 1997 super
897 1957 974 1997 po-

143 2005 320 2053 tentem,
365 2008 410 2044 et
455 2002 646 2044 exaltavi
690 2001 878 2042 electum
920 2000 975 2041 de

142 2059 274 2113 plebe
310 2072 424 2100 mea:
463 2060 483 2081 *
522 2058 678 2099 Manus
721 2057 837 2098 enim
877 2069 976 2096 mea

145 2115 424 2157 auxiliabitur
459 2114 509 2156 ei.
551 2108 599 2158 V.
640 2113 794 2154 Inveni
828 2110 975 2152 David

145 2184 319 2213 servum
351 2184 512 2220 meum,
550 2169 649 2211 oleo
686 2173 839 2210 sancto
874 2179 974 2208 meo

144 2227 249 2269 unxi
276 2240 386 2269 eum.
428 2227 596 2267 Manus.

447 2281 598 2322 Lectio
620 2281 671 2319 vi.

228 2339 431 2381 eclesiam
476 2337 650 2379 ornavit
691 2333 975 2376 sanctissimis

234 2394 442 2436 institutis
463 2398 507 2435 et
524 2392 706 2444 legibus.
728 2389 862 2443 Apud
881 2402 975 2430 san-

145 2455 265 2492 ctum
277 2451 459 2492 Petrum
474 2451 629 2491 coacta
644 2446 826 2500 synodo,
840 2445 977 2485 multa

147 2506 387 2547 constituit:
405 2506 450 2546 in
467 2506 530 2555 iis,
549 2505 609 2546 Ut
626 2504 670 2544 in
688 2503 823 2543 Missa
839 2500 976 2552 Kyrie

147 2562 313 2603 eleison
336 2562 490 2603 novies
514 2561 804 2613 repeteretur:
831 2562 879 2598 ut
905 2569 975 2597 ex-

145 2673 423 2726 ptuagesima
442 2677 485 2714 et
504 2671 685 2721 Pascha,
708 2669 896 2719 Allehija
915 2667 975 2708 di—

475 236 543 268 Dic
565 237 611 268 12.
638 235 771 267 Martii,
804 236 837 267 δ’.
864 234 1039 275 Gregorii
1063 234 1178 275 Papa.-
1204 234 1309 266 (tout.
1335 242 1367 266 ct
1397 235 1499 266 lwcl.

145 2623 215 2659 tra
232 2617 278 2658 id
296 2622 482 2669 tempus,
503 2616 624 2668 quod
643 2615 888 2656 continetur
903 2613 975 2653 Se·
1031 2615 1138 2681 ,5424

147 2731 333 2770 ceretur:
363 2733 412 2770 ut
444 2727 682 2769 adderetur
714 2726 758 2766 in
789 2725 976 2772 Canone,
1035 2733 1130 2744 “

1780 226 1855 265 507

1024 324 1220 375 Diesque
1237 328 1415 365 nostros
1434 325 1477 364 in
1492 329 1568 365 tua
1582 337 1692 377 pace
1708 324 1852 376 dispo-

1023 393 1113 420 nas.
1148 380 1356 429 Litanias,
1384 381 1618 430 Stationes,
1647 386 1690 422 et
1716 381 1852 421 eccle-

1024 435 1248 476 siasticum
1273 436 1466 478 officium
1489 437 1620 477 auxit.
1654 437 1853 486 Quatuor

1024 492 1238 540 conciliis,
1263 492 1461 542 Nicaeno,
1488 493 1852 544 Constantinopo-

1023 547 1176 597 litano,
1211 547 1451 600 Ephesino,
1488 548 1850 597 Chalcedonensi,

1024 609 1249 655 tamquam
1280 606 1469 656 quatuor
1495 604 1745 655 Evangeliis
1778 604 1852 645 ho-

1024 662 1179 701 nerem
1198 660 1350 701 haberi
1368 660 1518 701 voluit.
1544 660 1778 712 Episcopis
1792 660 1853 700 Si-

1027 716 1157 765 ciliae,
1187 716 1261 768 qui
1287 729 1341 757 ex
1366 718 1546 768 antiqua
1570 716 1854 757 ecclesiarum

1026 772 1344 814 consuetudine
1364 772 1553 813 Romam
1577 773 1756 822 singulis
1780 773 1852 813 tri-

1026 829 1164 869 enniis
1194 828 1533 877 conveniebant,
1566 829 1718 879 quinto
1750 841 1853 880 quo-

1027 897 1112 936 que
1149 897 1262 925 anno
1302 885 1437 926 semel
1474 887 1622 925 venire
1662 884 1854 925 indiilsit.

1025 940 1189 981 Multos
1214 940 1351 981 libros
1377 940 1580 981 confecit:
1614 953 1725 992 quos
1754 953 1854 981 cum

1026 996 1223 1046 dictaret,
1243 999 1432 1037 testatus
1452 1002 1519 1037 est
1532 997 1690 1037 Petrus
1711 995 1855 1037 diaco-

1025 1066 1125 1102 nus,
1159 1065 1206 1093 se
1230 1053 1441 1104 Spiritum
1468 1058 1667 1094 sanctum
1692 1052 1854 1093 colam-

1026 1109 1095 1150 bae
1122 1109 1269 1161 specie
1294 1109 1338 1149 in
1363 1110 1454 1160 ejus
1480 1109 1625 1160 capite
1651 1121 1771 1160 saepe
1796 1109 1854 1148 vi-

1027 1164 1156 1206 disse.
1184 1164 1474 1205 Admirabilia
1494 1170 1593 1206 sunt
1614 1177 1713 1216 quae
1734 1164 1855 1214 dixit,

1026 1221 1145 1269 fecit,
1164 1221 1355 1272 scripsit,
1376 1220 1587 1269 decrevit,
1607 1221 1856 1272 praesertim

1025 1276 1197 1316 infirma
1213 1289 1387 1328 semper
1403 1281 1446 1317 et
1461 1289 1578 1327 aegra
1593 1275 1855 1317 valetadine.

1027 1333 1112 1382 Qui
1136 1332 1326 1384 denique
1351 1332 1499 1373 multis
1523 1331 1652 1373 editis
1674 1332 1854 1372 miracu-

1025 1388 1097 1437 lis,
1125 1388 1409 1440 pontificatus
1433 1400 1547 1428 anno
1574 1387 1745 1429 decimo
1770 1389 1854 1428 ter-

1025 1445 1100 1494 tio,
1118 1457 1269 1485 mense
1285 1449 1422 1493 sexto,
1443 1444 1514 1485 die
1529 1443 1712 1493 decimo,
1730 1456 1854 1495 quar-

1025 1505 1073 1541 to
1099 1500 1205 1541 Idus
1229 1500 1391 1549 Martii,
1432 1500 1506 1551 qui
1536 1499 1631 1540 dies
1664 1499 1802 1540 festus
1830 1512 1855 1540 a

1026 1556 1198 1597 Graecis
1245 1557 1375 1598 etiam
1419 1560 1605 1608 propter
1641 1555 1855 1606 insignem

1025 1612 1151 1663 hujus
1166 1612 1392 1653 Pontificis
1412 1611 1671 1663 sapientiam
1690 1623 1741 1651 ac
1760 1623 1855 1651 san-

1025 1668 1223 1709 ctitatem
1238 1670 1464 1720 praecipuo
1480 1667 1648 1708 honere
1663 1666 1855 1707 celebra-

1025 1728 1112 1773 tur,
1164 1724 1222 1765 ad
1268 1724 1493 1765 coelestem
1538 1721 1854 1764 beatitadinem

1026 1781 1236 1821 evocatus
1257 1785 1334 1821 est.
1371 1780 1501 1830 Cujus
1522 1791 1683 1830 corpus
1712 1777 1854 1829 sepul-

1025 1840 1120 1876 tum
1158 1840 1224 1876 est
1260 1836 1304 1875 in
1339 1835 1521 1876 basilica
1557 1834 1697 1874 sancti
1723 1833 1853 1881 Petri,

1025 1904 1166 1943 prope
1185 1891 1489 1932 Secretarium.

1078 1951 1127 1999 R.
1156 1947 1248 1988 Iste
1276 1951 1343 1988 est
1372 1946 1456 1998 qui.
1484 1945 1568 1997 [54]

1252 2022 1299 2058 In
1320 2021 1390 2058 ΙΙΙ.
1414 2020 1635 2057 Nocturno.

1027 2083 1180 2125 Lectio
1203 2083 1343 2124 sancti
1365 2082 1591 2133 Evangelii
1614 2081 1855 2123 secandum

1309 2139 1580 2180 Matthaeum.

1132 2198 1281 2238 Lectio
1303 2197 1371 2235 vii.
1541 2196 1642 2244 (lap.
1658 2195 1694 2231 ἶ).
1712 2192 1748 2231 b.

1025 2251 1102 2356 In
1119 2255 1195 2296 isso
1210 2257 1426 2308 tempore:
1444 2254 1566 2294 Dixit
1581 2254 1606 2294 J
1609 2266 1709 2295 esus
1728 2253 1854 2294 disci-

1087 2311 1202 2363 pulis
1228 2312 1331 2352 suis:
1363 2311 1459 2351 Vos
1489 2310 1592 2351 estis
1622 2309 1686 2350 sal
1712 2314 1853 2350 terrae.

1027 2366 1157 2416 Quod
1182 2367 1219 2408 si
1244 2367 1310 2408 sal
1336 2366 1577 2415 evani'ierit,
1610 2365 1653 2405 in
1678 2377 1764 2416 quo
1789 2376 1853 2404 sa-

1026 2421 1178 2464 lietur?
1206 2423 1264 2464 Et
1282 2422 1461 2473 reliqua.

1072 2495 1264 2536 Homilia
1284 2494 1426 2536 sancti
1447 2492 1651 2543 Gregorii
1670 2493 1814 2544 Papae.

1028 2558 1085 2590 Ex
1108 2554 1278 2589 Homilia
1300 2554 1347 2588 17.
1371 2554 1407 2586 in
1430 2553 1544 2585 Lucae
1569 2550 1623 2583 10.
1648 2553 1732 2582 ante
1755 2547 1849 2580 med.

1125 2606 1484 2649 onsiderandum
1520 2604 1646 2645 nobis
1684 2607 1764 2651 est,
1804 2605 1853 2641 ut

1031 2662 1138 2722 ὕψι
1162 2664 1236 2715 qui
1268 2676 1355 2703 una
1382 2661 1623 2712 eademque
1652 2658 1852 2699 exhorta-

1034 2717 1047 2727 *
1071 2719 1082 2725 *'
1103 2710 1130 2731 ‘²'
1160 2719 1292 2760 tionis
1310 2730 1421 2760 voce
1439 2729 1527 2757 non
1547 2714 1707 2756 safficit
1726 2710 1853 2753 simul
