2040 2990
775 215 816 248 In
844 215 986 258 vigilia
1011 216 1252 258 Epiphaniae.

417 321 496 362 Ad
521 321 716 363 Laudes

358 391 413 426 ‚et
447 397 545 430 per
582 387 775 422 Horas.

208 446 307 487 Ant.
341 448 369 486 1.
412 448 449 487 O
480 444 736 487 admirabile
772 446 978 486 commer-

154 501 282 543 cium:
313 502 337 527 *
371 501 553 543 Creator
586 501 759 553 generis
792 501 979 550 humani,

154 557 392 599 animatum
410 571 571 611 corpus
591 570 783 607 sumens,
807 557 863 599 de
881 558 977 599 Vir-

153 614 252 664 gine
277 615 399 656 nasci
424 614 626 666 dignatus
652 618 733 656 est:
760 618 804 656 et
827 615 977 666 proce-

155 670 263 712 dens
294 670 427 712 homo
459 671 552 713 sine
584 670 765 721 semine,
797 670 978 722 largitus

154 731 222 768 est
240 726 368 769 nobis
387 740 511 768 suam
529 727 760 769 Deitatem.

206 792 362 834 Psalm.
396 792 609 834 Deminus
638 792 846 843 regnavit.
880 807 977 835 cum

155 848 344 901 reliquis.
370 850 429 891 15.

204 917 241 957 2.
267 914 453 967 Quando
481 918 608 956 natus
635 926 681 955 es
705 914 728 939 *
753 913 978 955 ineffabili-

153 975 221 1012 ter
239 983 294 1012 ex
311 971 510 1023 Virgine,
537 975 642 1012 tunc
666 969 858 1022 impletae
878 975 979 1011 sunt

152 1027 406 1080 Scripturae:
439 1028 554 1069 sicut
584 1026 733 1080 pluvia
763 1027 806 1067 in
838 1026 977 1068 vellus

154 1083 433 1135 descendisti,
460 1089 508 1126 ut
534 1083 702 1125 salvum
721 1083 888 1124 faceres
907 1095 976 1134 ge-

152 1153 232 1182 nus
254 1139 505 1182 humanum:
532 1145 576 1182 te
603 1139 832 1181 laudamus
856 1139 977 1181 Deus

151 1200 312 1238 noster.

202 1265 239 1305 3.
268 1261 442 1304 Rubum
462 1275 591 1315 quem
611 1261 780 1303 viderat
798 1261 975 1314 Meyses

150 1318 175 1344 *
184 1318 520 1370 incombustum,
532 1321 836 1360 conservatam
847 1320 976 1367 agno-

150 1375 291 1417 vimus
318 1380 438 1417 tuam
466 1374 733 1417 laudabilem
758 1375 976 1425 virginita-

150 1436 254 1473 tem:
293 1432 378 1473 Dei
410 1431 609 1473 Genitrix
639 1430 861 1473 intercede
893 1444 975 1484 pro

150 1487 289 1530 nobis.

205 1558 242 1597 4.
273 1553 544 1595 Germinavit
562 1552 688 1595 radix
705 1553 731 1594 J
732 1565 844 1595 esse:
862 1554 886 1579 *
909 1566 975 1595 or-

149 1613 195 1651 ta
223 1614 290 1651 est
317 1609 446 1651 stella
473 1622 528 1651 ex
552 1609 704 1651 Jacob:
736 1610 874 1661 Virgo
902 1612 974 1663 pe-

150 1666 265 1719 perit
312 1665 602 1709 Salvaterem:
652 1671 696 1708 te
745 1665 974 1708 laudamus

150 1722 271 1765 Deus
293 1727 455 1765 noster.

200 1790 239 1830 5.
282 1790 399 1830 Ecce
431 1788 569 1830 Maria
602 1787 752 1840 genuit
788 1788 812 1814 *
845 1788 973 1831 nobis

149 1843 439 1895 Salvaterem,
462 1857 594 1897 quem
610 1845 635 1885 J
637 1846 802 1886 oannes
820 1844 974 1887 videns

151 1900 426 1952 exclamavit,
464 1900 627 1943 dicens:
670 1901 786 1944 Ecce
824 1902 974 1952 Agnus

149 1957 244 2008 Dei,
263 1970 365 2000 ecce
385 1958 460 2011 qui
477 1957 593 2000 tollit
611 1959 794 2011 peccata
813 1958 973 2008 mundi,

151 2013 330 2066 alleluja.

252 2090 511 2143 Capitulum.
672 2091 813 2132 Galat.
831 2092 868 2131 4.

150 2144 382 2251 Fratres:
410 2151 583 2202 Quanto
607 2153 808 2204 tempore
832 2150 973 2193 haeres

258 2207 467 2260 parvulus
508 2212 591 2257 est,
626 2207 732 2250 nihil
769 2207 913 2250 differt
949 2221 974 2249 a

151 2275 300 2313 servo,
327 2276 427 2305 cum
455 2264 512 2306 sit
539 2263 741 2306 deminus
769 2265 974 2305 emnium:

151 2319 231 2361 sed
254 2319 335 2361 sub
356 2319 575 2362 tutoribus
600 2325 643 2362 et
667 2320 888 2362 actoribus
910 2326 975 2362 est

150 2388 291 2428 usque
330 2375 387 2417 ad
428 2376 691 2429 praefinitum
736 2381 909 2429 tempus
950 2390 975 2417 a

151 2435 288 2483 patre.

456 2503 664 2554 Hymnus.

274 2565 378 2607 solis
397 2572 520 2608 ortus
540 2567 718 2609 cardine

289 2621 362 2663 Ad
376 2636 516 2675 usque
534 2628 664 2665 terrae
682 2623 875 2672 limitem,

232 2677 451 2720 Christum
469 2682 676 2721 canamus
694 2679 950 2731 Principem,

230 2734 393 2775 Natum
411 2734 549 2777 Maria
566 2736 757 2787 Virgine.

1061 313 1222 352 Beatus
1242 318 1394 354 auctor
1413 314 1562 355 saeculi

1109 367 1274 410 Servile
1295 382 1455 422 corpus
1474 370 1625 412 induit:

1109 424 1168 466 Ut
1187 438 1317 468 carne
1336 439 1512 468 carnem
1530 427 1730 478 liberans,

1108 480 1176 523 Ne
1195 482 1402 534 perderet
1422 496 1533 535 quos
1552 484 1760 526 condidit.

1061 552 1206 592 Castae
1224 551 1423 594 Parentis
1442 555 1610 594 viscera

1112 606 1313 649 Coelestis
1334 609 1467 651 intrat
1483 610 1636 661 gratia:

1110 663 1277 706 Venter
1294 665 1458 706 Puellae
1477 665 1641 718 bajulat

1109 719 1296 771 Secreta,
1317 734 1415 773 quae
1434 735 1522 763 non
1542 725 1734 764 neverat.

1058 791 1225 830 Domus
1243 790 1393 843 pudici
1412 792 1606 844 pectoris

1108 846 1342 899 Templum
1359 850 1540 901 repente
1558 848 1608 890 fit
1626 849 1722 890 Dei:

1108 902 1280 944 Intacta
1299 905 1497 946 nesciens
1515 905 1666 955 virum,

1109 958 1323 1012 Concepit
1342 960 1442 1002 alvo
1462 961 1630 1003 Filium.

1059 1028 1244 1070 Enititur
1262 1031 1491 1083 puerpera,

1108 1085 1249 1135 Quem
1269 1086 1449 1129 Gabriel
1467 1087 1743 1140 praedixerat,

1108 1142 1247 1192 Quem
1266 1148 1417 1186 ventre
1436 1144 1589 1186 Matris
1608 1145 1810 1196 gestiens,

1106 1198 1309 1251 Baptista
1327 1199 1522 1242 clausum
1540 1203 1747 1243 senserat.

1061 1268 1193 1308 Foeno
1212 1269 1353 1320 jacere
1373 1269 1566 1322 pertulit:

1106 1323 1311 1377 Praesepe
1330 1338 1416 1366 non
1436 1325 1676 1368 abherruit:

1106 1380 1163 1421 Et
1181 1380 1294 1422 lacte
1313 1382 1488 1423 medico
1507 1387 1659 1435 pastus
1681 1388 1757 1433 est,

1105 1436 1189 1478 Per
1209 1450 1339 1489 quem
1357 1451 1438 1479 nec
1457 1438 1548 1481 ales
1567 1439 1710 1481 esurit.

1057 1505 1229 1547 Gaudet
1248 1506 1409 1548 chorus
1429 1508 1683 1558 coelestium,

1104 1562 1161 1603 Et
1179 1563 1337 1614 Angeli
1357 1570 1518 1607 canunt
1535 1565 1649 1615 De03

1104 1618 1343 1672 Palamque
1361 1621 1411 1662 fit
1430 1621 1683 1674 pasteribus

1104 1675 1272 1727 Pastor,
1293 1677 1475 1719 Creator
1494 1678 1696 1720 emnium.

1055 1749 1164 1800 Jesu,
1183 1749 1262 1791 tibi
1281 1750 1337 1791 sit
1355 1750 1504 1801 gloria,

1107 1805 1191 1855 Qui
1208 1811 1336 1847 natus
1356 1819 1402 1848 es
1422 1806 1476 1849 de
1495 1807 1687 1859 Virgine,

1105 1861 1218 1902 Cum·
1232 1863 1372 1913 Patre,
1393 1867 1436 1904 et
1455 1863 1569 1905 almo
1587 1864 1762 1916 Spiritu,

1103 1918 1154 1957 In
1173 1919 1438 1970 sempiterna
1455 1919 1626 1961 saecula.

1333 1974 1486 2017 Amen.

1078 2044 1129 2095 V.
1153 2047 1350 2090 Verbum
1373 2062 1475 2091 caro
1499 2049 1661 2091 factum
1687 2054 1769 2099 est,
1791 2049 1848 2091 al-

1027 2103 1166 2156 leluia.
1218 2107 1268 2159 Rz.
1309 2105 1366 2147 Et
1396 2105 1607 2148 habitavit
1637 2106 1681 2147 in
1711 2106 1850 2155 nobis,

1027 2160 1208 2213 alleltija.

1078 2235 1150 2276 Ad
1176 2234 1338 2276 Bened.
1375 2235 1474 2275 Ant.
1515 2233 1630 2273 Dum
1657 2231 1848 2273 medium

1026 2285 1244 2327 silentium
1263 2287 1286 2312 *
1305 2289 1503 2329 tenerent
1522 2288 1677 2337 omnia,
1700 2292 1744 2329 et
1762 2299 1849 2328 nox

1025 2341 1070 2382 in
1097 2355 1177 2383 suo
1203 2355 1332 2384 cursu
1358 2343 1547 2385 medium
1566 2344 1648 2385 iter
1670 2346 1848 2396 perage-

1024 2403 1111 2448 ret,
1144 2402 1421 2452 omnipotens
1453 2412 1596 2442 sermo
1628 2405 1729 2441 tuus
1761 2400 1847 2440 De-

1023 2454 1139 2496 mine
1157 2468 1183 2496 a
1201 2455 1421 2507 regalibus
1439 2455 1616 2498 sedibus
1636 2456 1768 2506 venit,
1790 2455 1846 2496 al-

1023 2509 1161 2563 leluja.

1354 2561 1514 2601 Oratio.

1109 2625 1358 2676 mnipotens
1403 2624 1666 2676 sempiterne
1709 2624 1846 2672 Deus,

1120 2678 1259 2731 dirige
1285 2685 1409 2721 actus
1437 2686 1611 2722 nostros
1642 2681 1685 2720 in
1718 2679 1844 2720 bene-

991 2703 1190 2791 [placito
1218 2740 1310 2777 tuo:
1344 2741 1393 2777 ut
1423 2736 1467 2777 in
1498 2736 1671 2777 nemine
1698 2734 1845 2776 dilecti
