2080 2990
764 219 939 253 Officium
965 218 1251 252 Defunetorum.

203 318 300 358 Ant.
322 314 512 356 Placebo
527 313 719 354 Demino
738 313 782 353 in
799 312 979 363 regiene

147 373 358 415 vivorum.

203 430 302 471 Ant.
338 427 422 469 Hei
449 425 556 467 mihi
582 424 792 474 Domine,
824 424 848 450 *
877 424 980 475 quia

147 484 365 526 incolatus
383 495 507 524 meus
526 480 814 534 prolongatus
835 484 911 521 est.

417 539 614 579 Psalmus
636 539 714 577 119.

227 600 256 642 d
270 599 509 641 Dominum
528 610 628 639 cum
646 596 879 638 tribularer
896 595 979 636 ela-

260 656 393 697 mavi:
411 656 435 681 *
456 659 499 696 et
518 653 742 695 exaudivit
760 665 841 693 me.

201 712 390 753 Domine
415 710 552 752 libera
577 709 766 750 animam
789 720 932 748 meam
955 720 981 747 a

148 768 276 809 labiis
296 767 467 819 iniquis
490 767 514 794 *
538 770 582 807 et
603 778 629 806 a
646 765 794 815 lingua
814 762 980 804 dolosa.

202 823 318 874 Quid
343 823 471 865 detur
497 821 587 871 tibi,
613 826 688 862 aut
715 819 820 872 quid
845 832 979 872 appo-

149 882 278 922 natur
295 879 376 921 tibi
396 880 420 906 *
439 877 710 928 ad-linguam
729 875 951 917 dolosam?

201 936 382 988 Sagittae
414 934 607 988 potentis
639 936 798 981 acutae,
830 934 854 958 *
882 945 981 972 eum

150 991 414 1034 carbenibus
443 989 735 1032 desolatoriis.

200 1049 303 1090 Heu
330 1047 451 1096 mihi,
481 1046 584 1099 quia
609 1045 830 1086 incolatus
857 1056 982 1085 meus

149 1105 440 1158 prolongatus
463 1108 545 1144 est:
569 1102 766 1144 habitavi
790 1114 890 1142 cum
909 1100 982 1141 ha-

149 1161 391 1204 bitantibus
410 1158 566 1201 Cedar:
590 1161 613 1186 *
635 1158 820 1199 multum
838 1157 983 1198 incola

150 1218 231 1259 fuit
249 1218 393 1258 anima
411 1229 518 1257 mea.

203 1274 313 1315 Cum
348 1273 436 1322 his,
477 1272 552 1325 qui
589 1272 778 1313 oderunt
814 1283 981 1323 pacem,

152 1343 271 1372 eram
306 1330 538 1382 pacificus:
573 1330 597 1355 *
635 1341 734 1369 cum
767 1326 983 1379 loquebar

150 1386 246 1436 illis,
274 1385 591 1438 impugnabant
619 1396 689 1424 me
716 1383 864 1434 gratis.

202 1442 421 1494 Requiem
448 1443 667 1482 aeternam.

204 1500 305 1540 Ant.
330 1498 414 1540 Hei
438 1496 544 1538 mihi
568 1496 769 1544 Domine,
797 1494 897 1547 quia
922 1494 983 1534 in-

127 1584 132 1587 -
153 1555 324 1597 colatus
342 1566 467 1595 meus
487 1552 775 1605 prolongatus
797 1555 874 1591 est.

205 1612 304 1653 Ant.
335 1609 551 1652 Dominus
580 1606 775 1649 cust6dit
802 1611 847 1647 te
876 1606 899 1630 *
928 1604 982 1646 ab

154 1666 273 1707 omni
297 1665 430 1706 malo:
459 1664 679 1706 custodiat
707 1663 896 1703 animam
920 1665 984 1702 tu-

153 1735 225 1764 am
243 1722 469 1762 Dominus.

414 1778 613 1818 Psalmus
635 1777 726 1816 120.

155 1830 342 1935 Evavi
366 1832 519 1874 oculos
542 1843 667 1872 meos
691 1830 735 1871 in
754 1834 939 1878 montes,
962 1828 986 1853 *

248 1889 366 1931 unde
384 1889 530 1930 veniet
549 1886 758 1928 auxilium
775 1885 892 1926 mihi.

127 1962 129 1964 ¹
208 1946 432 1987 Auxilium
450 1957 597 1986 meum
616 1956 642 1984 a
655 1942 858 1990 Domino,
873 1941 896 1966 *
913 1940 987 1992 qui

156 2003 259 2044 fecit
279 2001 441 2043 eoelum
460 2005 504 2042 et
522 2005 696 2041 terram.

207 2059 311 2100 Non
345 2057 420 2099 det
455 2057 499 2097 in
537 2053 881 2096 commoti6nem
914 2063 987 2104 pe·

159 2114 259 2156 dem
285 2119 427 2155 tuum:
454 2114 478 2139 *
505 2123 648 2163 neque
677 2110 886 2151 dormitet
915 2107 989 2159 qui

158 2170 351 2212 custodit
377 2174 433 2211 te.

207 2226 325 2267 Ecce
342 2238 431 2266 non
452 2222 710 2266 dormitabit
728 2232 871 2272 neque
891 2218 988 2260 dor-

157 2282 274 2331 miet,
291 2282 316 2307 *
337 2281 411 2334 qui
430 2278 623 2322 custedit
642 2277 790 2318 Israel.

209 2338 424 2379 Deminus
456 2334 650 2377 custodit
677 2338 742 2382 te,
774 2330 990 2373 Dominus

159 2394 379 2446 protectio
398 2390 485 2442 tua,
504 2394 528 2419 *
547 2403 681 2443 super
697 2400 874 2431 manum
889 2386 990 2427 dex-

159 2454 301 2491 teram
319 2455 451 2492 tuam.

211 2506 296 2547 Per
321 2506 437 2547 diem
462 2503 529 2545 sol
554 2515 643 2544 non
667 2506 763 2542 uret
788 2505 848 2541 te:
874 2499 898 2524 *
921 2509 992 2538 ne-

163 2574 248 2613 que
275 2561 377 2602 luna
404 2573 484 2613 per
511 2563 700 2600 noctem.

213 2617 431 2658 Deminus
469 2613 662 2656 custodit
698 2618 742 2653 te
782 2610 836 2651 ab
875 2607 994 2650 omni

161 2672 299 2713 malo:
334 2673 359 2699 *
395 2670 615 2712 custodiat
652 2669 840 2708 animam
874 2670 995 2706 tuam

163 2729 390 2770 Dominus.

1083 311 1297 352 Dominus
1318 311 1537 352 custadiat
1555 311 1781 352 introitum
1797 315 1861 351 tu-

1032 381 1125 417 um,
1163 372 1206 408 et
1242 368 1407 409 exitum
1442 371 1583 408 tuum:
1623 367 1646 392 *
1688 379 1742 407 ex
1778 366 1862 407 hoe

1031 436 1157 473 nunc,
1186 428 1229 464 et
1257 436 1395 475 usque
1424 424 1467 463 in
1496 422 1716 463 saeculum.

1084 480 1302 532 Requiem
1331 481 1550 520 aeternam.

1091 539 1190 577 Ant.
1234 535 1446 576 Dominus
1487 534 1680 575 eusto'dit
1720 539 1764 576 te
1806 534 1860 575 ab

1034 592 1153 632 omni
1176 591 1310 631 malo:
1338 589 1561 631 custodiat
1587 590 1774 630 animam
1797 595 1860 631 tu-

1033 660 1104 688 am
1122 647 1350 689 Dominus.
1495 694 1501 698 ,

1091 706 1189 745 Ant.
1227 704 1270 745 Si
1306 703 1559 755 iniquitates
1598 702 1620 727 *
1658 702 1862 743 observa-

1034 760 1147 800 veris
1171 760 1377 800 D6mine:
1403 758 1592 799 Domine
1618 758 1714 810 quis
1738 759 1862 799 susti-

1033 814 1176 856 nebit?

1305 858 1501 897 I'salmus
1524 859 1607 896 125).

1124 927 1148 956 e
1171 914 1403 967 profundis
1428 913 1613 954 clamavi
1638 913 1693 954 ad
1714 918 1757 954 te
1776 913 1863 955 Do-

1137 972 1267 1012 mine:
1286 973 1310 998 *
1325 971 1514 1012 Domine
1534 969 1694 1011 exaudi
1710 982 1864 1010 vocem

1034 1040 1192 1069 meam:

1086 1084 1214 1124 Fiant
1242 1095 1369 1124 aures
1397 1087 1485 1123 tuae
1514 1081 1808 1130 intendentes,
1841 1082 1864 1108 *

1035 1141 1078 1180 in
1106 1152 1262 1181 vocem
1291 1138 1613 1191 deprecationis
1640 1150 1762 1178 meae.

1087 1196 1132 1237 Si
1160 1195 1412 1247 iniquitates
1444 1194 1749 1235 observaveris
1777 1194 1864 1233 Do·

1035 1253 1164 1294 mine:
1184 1254 1207 1279 *
1226 1251 1416 1292 Demine
1437 1251 1534 1302 quis
1555 1248 1806 1291 sustinebit?

1088 1309 1199 1358 Quia
1227 1307 1345 1360 apud
1372 1312 1416 1347 te
1443 1306 1699 1358 propitiatio
1728 1310 1813 1346 est:
1842 1306 1865 1331 *

1037 1369 1079 1406 et
1102 1369 1284 1416 propter
1307 1363 1449 1414 legem
1472 1367 1592 1403 tuam
1617 1361 1802 1402 sustinui
1821 1365 1865 1402 te

1035 1421 1236 1462 Demine.

1088 1476 1301 1518 Sustinuit
1338 1475 1482 1517 anima
1516 1485 1614 1514 mea
1650 1473 1694 1513 in
1728 1472 1865 1513 verbo

1037 1534 1144 1585 ejus:
1169 1534 1192 1559 *
1216 1531 1413 1584 speravit
1436 1530 1580 1571 anima
1598 1541 1696 1570 mea
1715 1529 1759 1569 in
1777 1529 1865 1569 Do-

1035 1589 1167 1630 mino.

1090 1645 1131 1685 A
1163 1643 1364 1686 custodia
1396 1644 1609 1683 matutina
1641 1653 1781 1693 usque
1813 1639 1869 1680 ad

1037 1706 1227 1742 noctem:
1246 1701 1269 1726 *
1289 1703 1437 1752 speret
1451 1698 1589 1739 Israel
1607 1699 1649 1738 in
1665 1696 1868 1737 Demino.

1091 1758 1203 1807 Quia
1227 1755 1346 1808 apud
1365 1755 1601 1795 Dominum
1626 1753 1868 1793 misericor-

1039 1813 1130 1855 dia:
1162 1814 1186 1838 *
1215 1817 1259 1853 et
1287 1811 1469 1863 copiosa
1497 1809 1616 1862 apud
1645 1821 1743 1850 eum
1772 1807 1867 1848 red-

1039 1869 1217 1921 emptio.

1090 1925 1147 1966 Et
1173 1925 1270 1976 ipse
1298 1922 1484 1964 redimet
1510 1920 1660 1969 Israel,
1688 1920 1711 1945 *
1743 1932 1797 1960 ex
1825 1920 1868 1959 ό-

1038 1980 1212 2021 mnibus
1239 1977 1543 2030 iniquitatibus
1573 1977 1674 2027 ejus.

1091 2036 1309 2088 Requiem
1337 2035 1558 2075 aeternam.

1095 2100 1197 2139 Ant.
1222 2095 1268 2137 Si
1286 2094 1540 2146 iniquitates
1565 2091 1870 2133 observaveris

1039 2152 1244 2193 Demine:
1265 2150 1454 2192 Domine
1475 2149 1571 2201 quis
1590 2146 1844 2190 sustinebit?

1096 2215 1195 2254 Ant.
1233 2214 1379 2263 Opera
1409 2211 1434 2237 *
1461 2211 1670 2250 manuum
1696 2210 1871 2249 tuarum

1041 2268 1229 2309 Demine
1248 2279 1303 2308 ne
1323 2265 1554 2318 despicias.

1308 2326 1506 2366 Psalmus
1526 2323 1610 2363 137.

1045 2381 1338 2487 Confitebor
1372 2379 1454 2422 tibi
1482 2378 1669 2420 Demine
1699 2377 1743 2417 in
1773 2380 1870 2417 toto

1138 2438 1273 2480 corde
1294 2449 1410 2478 meo:
1434 2437 1458 2463 *
1483 2434 1689 2486 quoniam
1712 2431 1873 2473 audisti

1042 2495 1177 2536 verba
1205 2494 1294 2535 oris
1322 2492 1418 2533 mei.

1094 2552 1146 2591 In
1183 2549 1424 2601 conspectu
1458 2544 1728 2595 Angelerum
1760 2540 1872 2594 psal-

1042 2607 1131 2648 lam
1160 2606 1259 2647 tibi:
1290 2607 1314 2631 *
1347 2601 1546 2645 adorabo
1579 2599 1635 2641 ad
1662 2597 1873 2649 templum

1045 2667 1246 2703 sanctum
1272 2665 1415 2708 tuum,
1449 2662 1492 2698 et
1525 2653 1769 2697 confitebor
1798 2653 1872 2691 no-

1045 2718 1151 2759 mini
1176 2722 1266 2758 tuo.
