2080 2990
729 219 766 252 In
793 218 1044 252 Dedicatione
1068 218 1263 251 Ecclesiae.

171 315 341 369 Scalpri
359 314 544 357 salubris
563 313 732 363 ictibus,

223 372 280 413 Et
297 372 498 413 tunsione
516 370 713 424 plurima,

225 428 357 471 Fabri
375 427 515 481 polita
531 427 691 468 malleo

223 485 351 527 Hanc
371 497 476 526 saxa
494 483 656 525 molem
675 485 942 531 construunt,

225 542 444 594 Aptisque
462 541 607 593 juncta
625 538 808 581 nexibus

224 598 447 639 Locantur
465 597 509 637 in
527 596 711 648 fastigio.

175 677 321 717 Decus
339 674 516 716 Parenti
534 673 729 716 debitum

227 732 291 773 Sit
309 733 624 784 usquequaque
643 728 881 778 Altissimo,

225 788 431 840 Natoque
449 787 591 829 Patris
610 786 750 836 unico,

226 845 284 887 Et
302 844 465 898 inclyto
484 842 713 893 Paraclito‚

229 901 308 943 Cui
325 901 431 951 laus,
449 902 658 954 potestas,
676 898 816 950 gloria

226 958 411 999 AEterna
434 957 491 999 sit
510 969 591 1010 per
610 955 781 997 saecula.
822 953 975 995 Amen.

201 1020 252 1072 V.
282 1027 393 1068 Haec
422 1031 489 1068 est
517 1025 674 1068 domus
701 1023 879 1066 Domini
905 1024 974 1064 fir-

150 1083 279 1125 miter
304 1082 531 1125 aedificata.
569 1082 620 1134 R.
647 1082 767 1123 Bene
795 1080 975 1123 fundata

151 1144 219 1182 est
237 1152 371 1193 supra
388 1139 559 1181 firmam
578 1144 761 1192 petram.

203 1210 273 1252 Ad
308 1210 480 1261 Magnif.
531 1211 629 1251 Ant.
680 1211 976 1252 Sanctificavit

150 1270 364 1312 Dominus
400 1269 424 1295 *
460 1267 794 1310 tabernaculum>
834 1280 975 1308 suum:

153 1326 253 1379 quia
270 1326 366 1368 haec
386 1330 452 1367 est
471 1325 627 1367 domus
642 1325 735 1374 Dei,
753 1325 797 1365 in
817 1337 903 1376 qua
915 1324 974 1364 in-

151 1382 381 1424 vocabitur
400 1394 560 1423 nomen
580 1382 680 1433 ejus,
700 1380 754 1422 de
771 1393 857 1433 quo
874 1380 974 1421 scri-

151 1444 275 1492 ptum
290 1443 370 1481 est:
389 1439 446 1480 Et
465 1438 547 1480 erit
564 1450 724 1480 nomen
741 1450 887 1479 meum
904 1436 975 1486 ibi,

153 1494 259 1537 dicit
275 1495 500 1537 Dominus.

205 1556 248 1590 In
278 1556 364 1600 ipso
396 1556 457 1590 die
486 1555 756 1590 Dedicationis
779 1554 975 1597 Ecclesiae,

154 1608 190 1638 et
217 1613 286 1648 per
310 1603 509 1646 Octavam,
543 1608 578 1638 ct
609 1604 764 1648 quando
788 1603 975 1637 varianda

154 1655 211 1686 est
235 1651 367 1686 Oratio
392 1653 440 1687 ob
466 1662 693 1688 concursum
711 1651 976 1686 Dedicationis

154 1700 310 1735 alterius
332 1700 529 1735 Ecclesiae.

485 1761 648 1803 Oratio.

240 1842 328 1879 eus,
345 1829 419 1881 qui
431 1827 703 1870 invisibiliter
719 1827 863 1869 omnia
878 1828 977 1868 con-

258 1886 386 1936 tines,
412 1890 456 1927 et
478 1889 624 1927 tamen
646 1896 728 1936 pro
748 1883 889 1925 salute
907 1885 976 1934 ge-

154 1942 271 1984 neris
298 1940 476 1983 humani
502 1941 625 1992 signa
652 1944 741 1981 tuae
768 1939 978 1992 potentiae

154 1998 382 2041 visibiliter
415 1996 624 2039 ostendis:
655 1995 868 2049 templum
894 1995 979 2036 hoc

154 2055 351 2108 potentia
365 2059 453 2096 tuae
463 2052 790 2095 inhabitationis
799 2051 978 2101 illustra,

156 2115 200 2153 et
219 2110 428 2162 concede;
452 2115 500 2152 ut
520 2122 686 2159 omnes,
713 2109 786 2161 qui
804 2107 889 2149 huc
908 2107 978 2149 de-

100 2183 104 2190 ·
157 2167 376 2220 precaturi
395 2166 673 2216 conveniunt,
698 2178 752 2207 ex
777 2167 978 2218 quacum-

159 2236 242 2276 que
258 2223 538 2266 tribulatione
557 2222 613 2264 ad
629 2226 672 2264 te
688 2221 979 2271 clamaverint,

157 2280 467 2322 consolationis
490 2285 578 2321 tuae
600 2278 814 2321 beneficia
832 2290 980 2319 conse-

159 2338 355 2388 quantur.
382 2337 467 2378 Per
484 2336 733 2377 Dominum.

210 2394 254 2429 In
274 2395 551 2430 Anniversario
569 2394 835 2429 Dedicationis
855 2393 981 2428 Eccle-

161 2442 230 2495 siae
255 2447 291 2479 et
312 2453 382 2487 per
401 2443 595 2479 Octavam.

487 2506 649 2547 Oratio.

158 2565 339 2673 Deus,
361 2571 435 2623 qui
454 2570 580 2613 nobis
599 2583 678 2623 per
698 2569 891 2621 singulos
910 2581 980 2609 an-

259 2640 340 2668 nos
354 2626 479 2679 hujus
493 2627 631 2668 sancti
641 2627 794 2679 templi
804 2625 868 2667 tui
883 2637 981 2666 con-

160 2683 415 2725 secrationis
433 2685 612 2736 reparas
631 2683 760 2733 diem,
785 2687 828 2724 et
847 2681 982 2723 sacris

159 2753 333 2793 semper
363 2740 579 2792 mysteriis
606 2741 895 2792 repraesentas
922 2738 982 2779 in-

313 2881 378 2905 Pars
392 2881 524 2906 Hiemalis.

1753 214 1843 260 [113]

1023 311 1231 353 columes:
1255 311 1413 354 exaudi
1429 324 1583 364 preces
1602 311 1754 364 populi
1771 311 1844 360 tui,

1024 373 1067 410 et
1098 372 1276 421 praesta3
1309 373 1357 410 ut
1389 368 1584 420 quisquis
1617 368 1702 409 hoc
1738 372 1843 408 tem-

1022 424 1144 478 plum
1173 424 1387 466 beneficia
1413 425 1629 477 petitarus
1661 422 1844 475 ingredi-

1023 486 1105 531 tur,
1126 485 1281 523 cuncta
1309 493 1356 522 se
1381 481 1638 533 impetrasse
1661 480 1845 522 laetetur.

1023 538 1108 579 Per
1122 538 1361 579 Dominum
1379 542 1587 578 nostrum.

1185 618 1273 659 Ad
1304 617 1691 658 Matutinum.

1077 677 1202 717 Invit.
1230 677 1419 717 Domum
1437 674 1520 716 Dei
1544 674 1670 716 decet
1694 674 1846 715 sancti-

1026 732 1153 774 tudo:
1184 734 1206 758 *
1243 733 1461 784 Sponsum
1504 731 1593 783 ejus
1631 730 1847 772 Christum

1027 789 1260 831 adoremus
1278 788 1323 828 in
1343 800 1403 830 ea.

1078 845 1145 884 Ps.
1181 845 1343 894 Venite,
1364 844 1640 886 exsultemus.
1658 844 1695 884 2.

1025 902 1029 905 ’
1079 902 1288 953 Hymnus.
1326 900 1527 942 Coelestis
1555 900 1682 942 Urbs.
1709 903 1754 938 ut
1784 911 1847 937 su-

1027 970 1117 1008 pra.
1139 957 1235 1010 [112]

1260 1035 1308 1074 In
1335 1034 1364 1073 Ι.
1392 1034 1613 1073 Nocturno.

1080 1100 1179 1140 Ant.
1222 1099 1373 1142 Tollite
1401 1100 1425 1126 *
1452 1104 1604 1153 portas
1632 1100 1850 1152 principes

1027 1161 1212 1255 ζὲῗὲἒειε,
1240 1161 1284 1198 et
1312 1156 1539 1198 elevamini
1562 1162 1704 1209 portae
1729 1162 1850 1198 aeter-

1300 1263 1498 1303 Psalmus
1517 1263 1580 1303 23.

1031 1327 1292 1421 11⁴]
1312 1331 1379 1368 est
1397 1330 1528 1376 terra,
1556 1330 1599 1367 et
1623 1324 1850 1378 plenitudo

1064 1387 1128 1431 <d
1145 1390 1153 1431 ,u
1177 1384 1281 1435 ejus:
1291 1383 1314 1409 *
1327 1382 1446 1424 orbis
1461 1384 1686 1431 terrarum,
1707 1386 1749 1423 et
1762 1381 1850 1422 uni-

1041 1436 1043 1449 '
1065 1438 1153 1466 *522²
1176 1439 1302 1488 versi,
1322 1439 1395 1491 qui
1412 1438 1610 1480 habitant
1628 1438 1671 1478 in
1691 1450 1754 1479 eo.

1081 1496 1190 1546 Quia
1217 1496 1313 1548 ipse
1339 1508 1470 1548 super
1493 1495 1629 1536 maria
1654 1494 1852 1536 fundavit

1029 1565 1142 1594 eum:
1160 1553 1184 1578 *
1204 1556 1247 1594 et
1275 1565 1406 1605 super
1434 1552 1611 1593 flumina
1634 1552 1852 1603 praepara-

1028 1610 1090 1651 vit
1110 1622 1219 1651 eum.

1081 1666 1187 1716 Quis
1225 1664 1434 1708 ascendet
1468 1665 1512 1706 in
1543 1670 1736 1707 montem
1765 1665 1851 1706 Do-

1029 1721 1154 1763 mini?
1174 1723 1197 1748 *
1217 1726 1292 1764 aut
1311 1722 1406 1774 quis
1426 1721 1559 1763 stabit
1576 1722 1620 1763 in
1638 1721 1738 1764 loco
1758 1734 1851 1763 san-

1030 1783 1102 1820 cto
1123 1777 1235 1830 ejus?

1080 1835 1296 1876 Innocens
1311 1834 1509 1876 manibus
1528 1838 1571 1876 et
1584 1833 1747 1875 mundo
1761 1846 1852 1875 cor-

1030 1890 1101 1940 de,
1120 1891 1144 1916 *
1165 1891 1238 1943 qui
1261 1903 1350 1933 non
1375 1892 1544 1944 accepit
1566 1891 1611 1932 in
1629 1903 1742 1932 vano
1768 1890 1852 1931 ani-

1030 1960 1146 2011 mam
1164 1960 1297 1998 suam,
1315 1960 1396 1989 nec
1409 1947 1564 1999 juravit
1578 1947 1622 1988 in
1637 1946 1740 1988 dolo
1755 1948 1853 1999 pro-

1030 2016 1148 2045 ximo
1171 2016 1263 2045 suo.

1083 2060 1168 2101 Hic
1213 2060 1396 2113 accipiet
1439 2059 1790 2102 benedictionem
1830 2073 1855 2101 a

1030 2116 1236 2158 Domino:
1252 2117 1276 2142 *
1292 2121 1334 2158 et
1351 2115 1698 2158 misericordiam
1716 2129 1741 2158 a
1756 2117 1854 2158 Deo

1023 2172 1209 2214 'salutari
1229 2185 1318 2215 suo.

1082 2229 1193 2270 Haec
1221 2234 1287 2271 est
1313 2230 1536 2281 generatio
1571 2229 1855 2282 quaerentium

1031 2298 1168 2383 Jumb
1187 2285 1211 2311 *
1252 2286 1538 2338 quaerentium
1578 2286 1733 2327 faciem
1771 2286 1855 2327 Dei

1058 2354 1137 2383 aco
1171 2374 1179 2382 .

1084 2398 1286 2440 Attollite
1331 2403 1482 2452 portas
1511 2398 1744 2451 >principes
1786 2410 1854 2439 ve-

1034 2459 1163 2505 stras,
1191 2459 1235 2497 et
1259 2455 1486 2498 elevamini
1511 2459 1652 2508 portae
1677 2457 1854 2497 aeterna-

1033 2511 1111 2553 les:
1129 2512 1153 2538 *
1172 2516 1215 2553 et
1232 2511 1428 2554 introibit
1446 2513 1543 2553 Rex
1561 2511 1723 2563 gloriae.

1086 2569 1192 2619 Quis
1219 2573 1286 2610 est
1308 2569 1390 2610 iste
1409 2569 1506 2610 Rex
1528 2567 1701 2619 gloriae?
1725 2568 1749 2594 *
1767 2568 1854 2608 Do-

1033 2625 1174 2666 minus
1206 2625 1330 2666 fortis
1362 2629 1405 2666 et
1435 2628 1606 2677 potens:
1642 2623 1854 2665 Dominus

1033 2686 1192 2734 potens
1211 2681 1255 2722 in
1273 2681 1437 2734 praelio.

1085 2737 1287 2780 Attollite
1326 2742 1478 2790 portas
1523 2736 1744 2790 principes
1784 2746 1853 2776 ve-
