2040 2990
174 185 217 219 44
716 187 821 220 Furia
850 187 1015 220 secunda
1045 186 1091 218 ad
1120 185 1354 218 matutinum.

226 280 437 330 Queniam
461 278 691 331 respexisti
712 277 996 319 humilitatem

174 350 324 380 meam,
344 337 366 359 *
386 334 562 376 salvasti
586 334 641 376 de
665 332 996 375 necessitatibus

175 393 358 434 animam
382 404 534 432 meam.

224 453 317 493 Nec
349 452 598 493 conclusisti
631 464 700 492 me
728 451 770 491 in
798 449 997 491 manibus

174 509 347 549 inimici:
366 510 389 533 *
410 509 596 550 statuisti
620 508 662 548 in
683 507 781 549 loco
801 506 996 559 spatioso

174 564 310 618 pedes
328 578 461 606 meos.

226 626 433 666 Miserere
467 626 551 666 mei
579 625 765 666 Domine
795 623 997 677 quoniam

173 681 373 723 tribulor:
401 682 424 706 *
453 681 735 723 conturbatus
765 686 831 721 est
864 681 906 720 in
935 680 997 720 ira

175 738 325 779 oculus
354 751 486 786 meus,
515 738 655 778 anima
683 750 794 785 mea,
828 742 870 778 et
898 749 997 777 ven-

175 799 242 836 ter
261 807 399 835 meus:
464 822 475 837 .

227 855 439 905 Queniam
469 854 626 896 defecit
658 855 700 895 in
729 854 882 895 dolore
910 853 998 894 vita

176 924 287 952 mea:
307 912 329 935 *
350 917 393 952 et
411 911 509 952 anni
529 912 612 952 mei
632 911 673 951 in
694 910 934 960 gemitibus.

229 972 449 1013 Infirmata
477 978 542 1013 est
568 972 609 1012 in
636 973 893 1025 paupertate
917 970 998 1011 vir-

176 1033 245 1069 tus
264 1041 376 1069 mea:
395 1030 417 1053 *
438 1034 480 1070 et
501 1041 600 1069 ossa
618 1041 715 1069 mea
741 1026 999 1069 conturbata

177 1089 286 1125 sunt.

228 1145 365 1197 Super
396 1158 545 1186 omnes
576 1146 770 1186 inimicos
795 1158 917 1185 meos
942 1144 998 1185 fa-

179 1206 272 1242 ctus
284 1215 377 1242 sum
387 1201 671 1254 oppr6brium
679 1207 722 1243 et
734 1202 884 1242 vicinis
892 1202 999 1242 meis

179 1257 319 1298 valde:
338 1259 360 1283 *
381 1264 423 1299 et
442 1258 571 1299 timor
590 1259 703 1300 notis
722 1258 840 1299 meis.

230 1318 311 1367 Qui
332 1318 536 1360 videbant
561 1332 640 1367 me,
665 1319 781 1360 foras
801 1319 1001 1369 fugerunt

179 1387 203 1414 a
226 1387 311 1415 me:
334 1375 357 1399 *
382 1374 588 1416 oblivioni
613 1375 739 1417 datus
766 1389 871 1424 sum,
895 1381 1000 1417 tam-

181 1443 308 1482 quam
327 1433 522 1472 mortuus
542 1444 566 1472 a
587 1431 730 1473 corde.

230 1491 388 1532 Factus
412 1505 506 1532 sum
525 1498 746 1544 tamquam
766 1506 841 1533 vas
860 1492 1000 1545 perdi-

179 1551 284 1587 tum:
300 1548 322 1572 *
343 1548 544 1599 quoniam
564 1548 708 1590 audivi
724 1549 1001 1601 vituperatio-

181 1615 279 1644 nem
311 1603 543 1645 multotum
572 1606 932 1647 commorantium
960 1606 1002 1646 in

182 1659 374 1701 circuitu.

232 1720 282 1760 In
322 1733 375 1761 eo
416 1720 518 1762 dum
560 1724 842 1763 convenirent
878 1722 1003 1764 simul

180 1774 409 1818 adversum
436 1790 516 1826 me,
542 1779 564 1803 *
591 1780 790 1831 accipere
818 1779 1003 1820 animam

180 1845 319 1873 meam
341 1833 553 1875 consiliati
573 1840 682 1876 sunt.

234 1893 326 1941 Ego
342 1899 485 1935 autem
501 1895 542 1935 in
558 1900 602 1936 te
617 1896 790 1947 speravi
804 1896 1004 1937 Demine:

181 1949 203 1973 *
223 1948 327 1990 dixi:
353 1950 471 1991 Deus
495 1963 617 1992 meus
644 1964 690 1992 es
715 1957 778 1993 tu:
804 1953 846 1993 in
872 1953 1003 1994 mani-

180 2004 261 2046 bus
281 2006 365 2047 tuis
385 2012 527 2048 sortes
546 2020 667 2049 meae.

234 2066 363 2118 Eripe
396 2080 465 2108 me
494 2067 548 2109 de
576 2081 706 2109 manu
734 2069 1004 2111 inimic‹'›rum

182 2124 388 2171 meorum,
403 2124 425 2148 *
442 2130 485 2165 et
504 2137 528 2165 a
546 2125 908 2177 persequentibus
923 2140 1003 2168 me.

234 2186 407 2229 Illustra
434 2189 586 2230 faciem
614 2195 733 2231 tuam
761 2203 891 2242 super
919 2205 1004 2233 ser-

183 2257 281 2284 vum
301 2250 432 2294 tuum,
452 2245 618 2286 salvum
641 2259 711 2287 me
731 2246 798 2287 fac
816 2247 858 2287 in
881 2248 1004 2289 mise-

183 2299 369 2342 ricerdia
397 2307 489 2342 tua:
517 2302 539 2326 *
568 2302 755 2344 Demine
788 2316 873 2344 non
907 2317 1004 2345 con-

184 2355 348 2405 fundar,
370 2358 572 2409 quoniam
592 2358 792 2399 invocavi
811 2365 865 2401 te.

236 2417 503 2459 Erubescant
538 2419 677 2471 impii,
714 2425 757 2461 et
791 2419 1005 2462 deducan—

182 2476 257 2568 “tiurl
272 2473 311 2513 in
332 2474 560 2515 infernum:
579 2476 602 2499 *
622 2481 740 2517 muta
765 2476 869 2518 fiant
892 2476 1005 2518 labia

216 2541 241 2569 o
262 2541 347 2570 osa.

235 2590 342 2639 Quae
362 2589 599 2642 loquantur
623 2591 831 2634 adversus
851 2594 1005 2644 justum

184 2643 473 2696 iniquitatem,
502 2648 523 2672 *
552 2647 594 2687 in
629 2648 851 2700 superbia,
889 2655 931 2691 et
965 2651 1006 2691 in

185 2699 402 2743 abusic‘me.

1102 275 1241 324 Quam
1275 286 1431 323 magna
1465 272 1700 315 multitudo
1735 273 1878 315 dulce-

1050 331 1160 372 dinis
1181 337 1268 372 tuae
1287 329 1485 378 DOmine,
1504 331 1527 354 *
1548 342 1679 382 quam
1697 329 1878 372 abscon-

1050 387 1150 429 disti
1170 385 1421 428 timentibus
1441 391 1496 427 te.

1101 443 1325 485 Perfecisti
1353 442 1430 491 eis,
1458 443 1531 494 qui
1554 448 1734 496 sperant
1757 443 1801 484 in
1823 449 1879 493 te,

1050 502 1072 525 *
1092 501 1134 541 in
1155 501 1395 552 conspectu
1414 498 1604 540 filiorum
1622 499 1856 542 hominum.

1103 555 1362 598 AbscOndes
1383 568 1459 597 eos
1478 556 1522 596 in
1541 555 1802 598 abscendito
1821 557 1880 598 fa-

1051 614 1131 655 ciei
1162 618 1249 655 tuae
1278 614 1300 638 *
1329 626 1355 654 a
1383 612 1717 655 conturbatiOne
1745 613 1880 655 hemi-

1051 684 1164 711 num.

1101 727 1312 776 Proteges
1337 738 1413 767 eos
1436 726 1480 767 in
1499 725 1784 768 tabernaculo
1803 732 1880 769 tuo

1050 785 1073 808 *
1093 796 1117 824 a
1138 782 1483 824 contradictione
1501 783 1757 834 linguarum.

1103 839 1366 881 Benedictus
1382 839 1613 881 Deminus:
1631 841 1655 865 *
1676 841 1881 893 queniam

1051 896 1297 937 mirificavit
1354 896 1700 938 misericerdiam
1758 910 1881 939 suam

1051 952 1155 993 mihi
1174 953 1217 993 in
1238 953 1413 994 civitate
1432 956 1608 995 munita.

1104 1010 1198 1059 Ego
1219 1014 1364 1051 autem
1385 1009 1475 1051 dixi
1499 1010 1543 1050 in
1563 1012 1747 1052 excessu
1765 1023 1882 1052 men-

1052 1067 1106 1108 tis
1134 1079 1261 1107 meae:
1289 1067 1312 1092 *
1340 1067 1566 1118 Projectus
1595 1080 1691 1108 sum
1719 1080 1744 1109 a
1771 1067 1882 1109 facie

1053 1122 1279 1164 oculorum
1298 1125 1484 1164 tuorum.

1104 1179 1211 1221 Ideo
1246 1179 1462 1222 exaudisti
1489 1193 1644 1222 vocem
1674 1181 1884 1222 orationis

1053 1250 1174 1285 meae,
1195 1237 1217 1261 *
1238 1236 1341 1278 dum
1362 1236 1598 1278 clamarem
1618 1237 1676 1279 ad
1693 1242 1749 1279 te.

1104 1293 1282 1344 Diligite
1306 1293 1542 1335 Deminum
1569 1307 1720 1336 omnes
1746 1295 1886 1336 sancti

1055 1350 1158 1401 ejus:
1177 1350 1200 1375 *
1222 1350 1427 1402 quoniam
1441 1351 1673 1393 veritatem
1691 1353 1886 1404 requiret

1054 1406 1282 1456 Dominus,
1309 1412 1352 1448 et
1376 1407 1589 1449 retribuet
1612 1407 1885 1450 abundanter

1054 1463 1310 1505 facientibus
1332 1463 1595 1516 superbiam.

1105 1520 1301 1562 Viriliter
1321 1521 1448 1571 agite,
1464 1526 1508 1562 et
1522 1521 1794 1563 confortetur
1809 1534 1886 1563 cor

1056 1581 1263 1626 vestrum,
1291 1578 1314 1602 *
1344 1590 1495 1619 omnes
1526 1578 1599 1630 qui
1627 1577 1815 1630 speratis
1843 1578 1887 1619 in

1055 1633 1256 1675 Domino.

1336 1692 1532 1733 Psalmus
1552 1693 1609 1732 31.

1060 1744 1227 1849 Beati
1249 1765 1435 1804 quorum
1460 1754 1655 1793 remissae
1684 1756 1785 1793 sunt
1811 1751 1887 1792 ini-

1161 1808 1367 1860 quitates:
1399 1810 1422 1835 *
1458 1814 1502 1850 et
1543 1821 1729 1862 quorum
1769 1813 1887 1850 tecta

1056 1869 1155 1906 sunt
1183 1867 1376 1916 peccata.

1110 1921 1271 1962 Beatus
1307 1922 1391 1971 vir,
1429 1922 1497 1964 cui
1533 1935 1621 1963 non
1654 1921 1887 1974 imputavit
1912 1968 1915 1972 ,

1057 1977 1268 2019 D‹'›minus
1302 1981 1549 2030 peccatum,
1577 1979 1601 2005 *
1629 1991 1710 2020 nec
1743 1983 1809 2020 est
1843 1978 1887 2018 in

1057 2034 1211 2086 spiritu
1231 2035 1320 2085 ejus
1340 2034 1478 2077 dolus.

1108 2091 1322 2140 Queniam
1358 2093 1495 2141 tacui,
1535 2093 1888 2134 inveteraverunt

1058 2159 1157 2187 ossa
1173 2160 1280 2195 mea,
1292 2148 1314 2172 *
1326 2147 1429 2189 dum
1445 2149 1680 2190 clamarem
1694 2153 1789 2191 tota
1805 2147 1887 2190 die.

1109 2203 1324 2253 Quoniam
1357 2204 1427 2246 die
1461 2218 1512 2246 ac
1543 2211 1673 2247 nocte
1705 2207 1887 2256 gravata

1058 2265 1124 2301 est
1143 2272 1274 2312 super
1297 2273 1366 2302 me
1386 2275 1539 2303 manus
1557 2268 1646 2304 tua:
1665 2263 1688 2287 *
1709 2263 1887 2303 conver-

1058 2329 1130 2357 sus
1151 2329 1247 2357 sum
1266 2317 1307 2357 in
1329 2321 1523 2360 aerumna
1542 2332 1650 2368 mea,
1666 2317 1771 2360 dum
1787 2331 1887 2360 con-

1059 2372 1205 2422 figitur
1224 2373 1360 2425 spina.

1111 2428 1328 2470 Delictum
1369 2443 1514 2472 meum
1551 2432 1774 2483 cognitum
1808 2431 1887 2474 tibi

1060 2484 1159 2525 feci:
1196 2486 1219 2510 *
1256 2490 1299 2526 et
1335 2486 1585 2537 injustitiam
1621 2501 1763 2530 meam
1799 2501 1887 2530 non

1059 2540 1280 2582 abscendi.

1111 2597 1228 2637 Dixi:
1265 2598 1518 2641 Confitebor
1551 2601 1785 2642 adversum
1817 2614 1887 2643 me

1059 2653 1309 2704 injustitiam
1335 2668 1477 2696 meam
1503 2657 1710 2700 Domino:
1729 2658 1752 2683 *
1772 2663 1816 2699 et
1840 2663 1887 2699 tu

1060 2709 1262 2751 remisisti
1282 2710 1551 2764 impietatem
1569 2714 1741 2766 peccati
1758 2714 1854 2756 mei.

1371 2812 1482 2820 -1—-2
